{"host":"pyvqvk2ltcevcwmf","time":1611029150,"event":{"mods":["BaseMod","BetterRewards","Good Game Mod","Marisa£®ÏF”Í°°ƒß¿Ì…≥£©","Minty Spire (QoL Compilation)","Rare Cards Sparkle","Shop Mod","Spicy Shops","StSLib","The Alterego","The Servant 0.9.4","Youmu£®ªÍ∆«—˝√Œ£©"],"gold_per_floor":[112,37,56,56,72,72,98,98,98,131,146,181,181,193,193,294,294,305,321,39,39,39,67,82,109,109,109,34,34,51,89,89,190,190,223,70,81,97,197,228,273,312,350,362,404,430,442,473,485,497],"floor_reached":51,"language":"ZHS","playtime":3771,"items_purged":["Strike_R"],"score":869,"play_id":"6b9802c7-56fd-4898-8708-d670b657bb20","local_time":"20210119120550","is_ascension_mode":false,"campfire_choices":[{"data":"alterego_mod:AlterEgo","floor":6.0,"key":"SMITH"},{"data":"Barricade","floor":8.0,"key":"SMITH"},{"data":"1","floor":15.0,"key":"LIFT"},{"data":"2","floor":27.0,"key":"LIFT"},{"data":"3","floor":29.0,"key":"LIFT"},{"data":"Limit Break","floor":32.0,"key":"SMITH"},{"data":"Sword Boomerang","floor":44,"key":"SMITH"},{"data":"Double Tap","floor":49,"key":"SMITH"}],"circlet_count":0,"master_deck":["Strike_R","Strike_R","Strike_R","Strike_R","Defend_R","Defend_R","Defend_R","Defend_R","Bash","alterego_mod:AlterEgo+1","Twin Strike","Flame Barrier","Bash","Metallicize","Barricade+1","Rampage","Iron Wave","Spot Weakness","Heavy Blade","Limit Break+1","Perfected Strike","Sword Boomerang+1","Inflame","Sword Boomerang+1","Armaments+1","Cleave","HandOfGreed","Disarm","Clothesline","Limit Break+1","Searing Blow+1","Perfected Strike","Reaper","Twin Strike+1","Heavy Blade+1","Perfected Strike+1","Double Tap+1"],"relics":["Black Blood","REME:ComplimentaryCards","NeowsBlessing","Shovel","Gremlin Horn","Girya","Bag of Marbles","Snecko Eye","Bag of Preparation","MutagenicStrength","Ancient Tea Set","Potion Belt","Orichalcum","Bronze Scales","MerchantsRug","MawBank","Happy Flower","Strawberry"],"acts_visited":["Exordium","TheCity","TheBeyond"],"potions_floor_usage":[38,40],"damage_taken":[{"damage":0.0,"enemies":"Jaw Worm","floor":1.0,"turns":1.0},{"damage":0.0,"enemies":"Cultist","floor":3.0,"turns":1.0},{"damage":0.0,"enemies":"2 Louse","floor":5.0,"turns":2.0},{"damage":29.0,"enemies":"Gremlin Nob","floor":7.0,"turns":6.0},{"damage":0.0,"enemies":"Lagavulin","floor":10.0,"turns":13.0},{"damage":8.0,"enemies":"Exordium Wildlife","floor":11.0,"turns":7.0},{"damage":53.0,"enemies":"Gremlin Nob","floor":12.0,"turns":7.0},{"damage":5.0,"enemies":"Gremlin Gang","floor":14.0,"turns":2.0},{"damage":18.0,"enemies":"Slime Boss","floor":16.0,"turns":10.0},{"damage":2.0,"enemies":"3 Byrds","floor":18.0,"turns":4.0},{"damage":14.0,"enemies":"Spheric Guardian","floor":19.0,"turns":4.0},{"damage":0.0,"enemies":"Book of Stabbing","floor":23.0,"turns":2.0},{"damage":0.0,"enemies":"3 Cultists","floor":24.0,"turns":2.0},{"damage":0.0,"enemies":"Gremlin Leader","floor":25.0,"turns":2.0},{"damage":0.0,"enemies":"Centurion and Healer","floor":30.0,"turns":1.0},{"damage":0.0,"enemies":"Snake Plant","floor":31.0,"turns":1.0},{"damage":18.0,"enemies":"Champ","floor":33.0,"turns":3.0},{"damage":8.0,"enemies":"3 Shapes","floor":35.0,"turns":2.0},{"damage":5,"enemies":"Orb Walker","floor":37,"turns":2},{"damage":0,"enemies":"3 Darklings","floor":38,"turns":1},{"damage":7,"enemies":"Nemesis","floor":40,"turns":4},{"damage":0,"enemies":"Sphere and 2 Shapes","floor":41,"turns":1},{"damage":0,"enemies":"Giant Head","floor":42,"turns":5},{"damage":0,"enemies":"Jaw Worm Horde","floor":45,"turns":2},{"damage":15,"enemies":"Spire Growth","floor":46,"turns":3},{"damage":0,"enemies":"Writhing Mass","floor":48,"turns":1},{"damage":19,"enemies":"Time Eater","floor":50,"turns":4}],"seed_played":"9118494476897986320","potions_obtained":[{"floor":1.0,"key":"Explosive Potion"},{"floor":3.0,"key":"SpeedPotion"},{"floor":10.0,"key":"BloodPotion"},{"floor":12.0,"key":"Weak Potion"},{"floor":14.0,"key":"LiquidMemories"},{"floor":18.0,"key":"SneckoOil"},{"floor":19.0,"key":"Regen Potion"},{"floor":25.0,"key":"LiquidBronze"},{"floor":31.0,"key":"BlessingOfTheForge"},{"floor":33.0,"key":"PowerPotion"},{"floor":35.0,"key":"SneckoOil"},{"floor":37,"key":"LiquidMemories"},{"floor":41,"key":"FearPotion"},{"floor":42,"key":"AttackPotion"}],"is_trial":false,"path_per_floor":["M","$","M","?","M","R","E","R","T","E","M","E","?","M","R","B",null,"M","M","$","?","?","E","M","E","T","R","$","R","M","M","R","B",null,"M","$","M","M","?","E","M","E","T","R","M","M","?","M","R","B",null],"character_chosen":"IRONCLAD","items_purchased":["Inflame","Bag of Preparation","Sword Boomerang","HandOfGreed","Disarm","MerchantsRug"],"campfire_rested":0,"item_purchase_floors":[20,20,20,28,28,36],"current_hp_per_floor":[80,80,80,80,80,80,57,57,57,63,61,30,56,57,57,45,80,80,72,72,72,72,78,80,80,80,80,80,80,80,80,80,68,80,80,80,80,80,80,80,80,80,87,87,87,84,84,87,87,80],"gold":509,"neow_bonus":"THREE_ENEMY_KILL","is_daily":false,"chose_seed":false,"campfire_upgraded":5,"win_rate":0.0,"timestamp":1611029150,"path_taken":["M","$","M","?","?","R","E","R","T","E","M","E","?","M","R","BOSS","M","M","$","?","?","E","M","E","T","R","?","R","M","M","R","BOSS","M","$","?","M","?","E","M","E","T","R","M","?","?","M","R","BOSS"],"items_purchased_type":["Card","Relic","Card","Card","Card","Relic"],"build_version":"2020-12-22","purchased_purges":1,"victory":true,"max_hp_per_floor":[80,80,80,80,80,80,80,80,80,80,80,80,80,80,80,80,80,80,80,80,80,80,80,80,80,80,80,80,80,80,80,80,80,80,80,80,80,80,80,80,80,80,87,87,87,87,87,87,87,87],"card_choices":[{"not_picked":["Bloodletting","Battle Trance"],"picked":"Twin Strike","floor":1.0},{"not_picked":["Reckless Charge","Headbutt"],"picked":"Flame Barrier","floor":3.0},{"not_picked":["Perfected Strike","Armaments"],"picked":"Metallicize","floor":5.0},{"not_picked":["True Grit","Power Through"],"picked":"Barricade","floor":7.0},{"not_picked":["Clothesline","Searing Blow"],"picked":"Rampage","floor":10.0},{"not_picked":["Wild Strike","Body Slam"],"picked":"Iron Wave","floor":11.0},{"not_picked":["Exhume","Power Through"],"picked":"Spot Weakness","floor":12.0},{"not_picked":["Pummel","Intimidate"],"picked":"Heavy Blade","floor":14.0},{"not_picked":["Fiend Fire","Exhume"],"picked":"Limit Break","floor":16.0},{"not_picked":["Iron Wave","Hemokinesis"],"picked":"Perfected Strike","floor":18.0},{"not_picked":["Intimidate","Burning Pact"],"picked":"Sword Boomerang+1","floor":19.0},{"not_picked":["Intimidate","Warcry"],"picked":"Armaments+1","floor":23.0},{"not_picked":["Evolve","Anger+1"],"picked":"Cleave","floor":24.0},{"not_picked":["Fire Breathing","Intimidate","Fiend Fire"],"picked":"SKIP","floor":25.0},{"not_picked":["Intimidate","Body Slam"],"picked":"Clothesline","floor":30.0},{"not_picked":["Dark Embrace","Warcry","Shrug It Off"],"picked":"SKIP","floor":31.0},{"not_picked":["Offering","Berserk"],"picked":"Limit Break","floor":33.0},{"not_picked":["Feel No Pain","Dark Embrace+1","Clash"],"picked":"SKIP","floor":35.0},{"not_picked":["Thunderclap","Clothesline+1"],"picked":"Searing Blow+1","floor":37},{"not_picked":["Warcry+1","Blood for Blood+1"],"picked":"Perfected Strike","floor":38},{"not_picked":["Havoc","Clash+1"],"picked":"Reaper","floor":40},{"not_picked":["Clash+1","Feel No Pain","Warcry+1"],"picked":"SKIP","floor":41},{"not_picked":["Carnage+1","Feel No Pain+1"],"picked":"Twin Strike+1","floor":42},{"not_picked":["Dark Embrace","Rampage+1"],"picked":"Heavy Blade+1","floor":45},{"not_picked":["Havoc","Body Slam+1"],"picked":"Perfected Strike+1","floor":46},{"not_picked":["Anger+1","Intimidate"],"picked":"Double Tap","floor":48}],"player_experience":205003,"relics_obtained":[{"floor":7.0,"key":"Shovel"},{"floor":9.0,"key":"Gremlin Horn"},{"floor":10.0,"key":"Girya"},{"floor":12.0,"key":"Bag of Marbles"},{"floor":23.0,"key":"Potion Belt"},{"floor":25.0,"key":"Orichalcum"},{"floor":26.0,"key":"Bronze Scales"},{"floor":40,"key":"MawBank"},{"floor":42,"key":"Happy Flower"},{"floor":43,"key":"Strawberry"}],"event_choices":[{"damage_healed":0.0,"max_hp_gain":0.0,"max_hp_loss":0.0,"gold_gain":0.0,"event_name":"Match and Keep!","player_choice":"1 cards matched","floor":4.0,"gold_loss":0.0,"damage_taken":0.0,"cards_obtained":["Bash"]},{"damage_healed":26.0,"max_hp_gain":0.0,"max_hp_loss":0.0,"gold_gain":0.0,"event_name":"Big Fish","player_choice":"Banana","floor":13.0,"gold_loss":0.0,"damage_taken":0.0},{"damage_healed":0.0,"max_hp_gain":0.0,"max_hp_loss":0.0,"gold_gain":0.0,"event_name":"Drug Dealer","player_choice":"Inject Mutagens","floor":21.0,"gold_loss":0.0,"damage_taken":0.0,"relics_obtained":["MutagenicStrength"]},{"damage_healed":0.0,"max_hp_gain":0.0,"max_hp_loss":0.0,"gold_gain":0.0,"event_name":"The Mausoleum","player_choice":"Opened","floor":22.0,"gold_loss":0.0,"damage_taken":0.0,"relics_obtained":["Ancient Tea Set"]},{"damage_healed":0,"gold_gain":100,"player_choice":"Pray","damage_taken":0,"max_hp_gain":0,"max_hp_loss":0,"event_name":"Golden Shrine","floor":39,"gold_loss":0},{"damage_healed":0,"gold_gain":0,"player_choice":"Upgraded","damage_taken":0,"max_hp_gain":0,"max_hp_loss":0,"event_name":"Upgrade Shrine","floor":47,"gold_loss":0,"cards_upgraded":["Limit Break"]}],"is_beta":false,"boss_relics":[{"not_picked":["Ectoplasm","Busted Crown"],"picked":"Snecko Eye"},{"not_picked":["Runic Dome","Tiny House"],"picked":"Black Blood"}],"items_purged_floors":[2],"is_endless":false,"potions_floor_spawned":[1,3,10,11,12,14,18,19,25,31,33,35,37,41,42,46],"ascension_level":0}}