{"host":"8by3m8mve9y2rhh4","time":1611064061,"event":{"mods":["BaseMod","Minty Spire (QoL Compilation)","Quick Restart"],"gold_per_floor":[113,129,129,141,91,125,145,145,145],"floor_reached":8,"language":"ENG","playtime":396,"items_purged":[],"score":61,"play_id":"627fd3e9-bf4f-4252-9b42-caff98907bda","local_time":"20210119134741","is_ascension_mode":true,"campfire_choices":[],"circlet_count":0,"master_deck":["Strike_G","Strike_G","Strike_G","Strike_G","Defend_G","Defend_G","Defend_G","Defend_G","Defend_G","Survivor","Neutralize","Poisoned Stab","Dodge and Roll","Escape Plan","Backflip"],"relics":["Snecko Eye","Tough Bandages"],"acts_visited":["Exordium"],"potions_floor_usage":[6],"damage_taken":[{"damage":2,"enemies":"Small Slimes","floor":1,"turns":4},{"damage":1,"enemies":"2 Louse","floor":2,"turns":5},{"damage":3,"enemies":"Jaw Worm","floor":4,"turns":4},{"damage":48,"enemies":"Lagavulin","floor":6,"turns":12},{"damage":0,"enemies":"Blue Slaver","floor":7,"turns":6},{"damage":37,"enemies":"Gremlin Nob","floor":8,"turns":4}],"seed_played":"4922295845253821501","potions_obtained":[{"floor":2,"key":"Swift Potion"}],"is_trial":false,"path_per_floor":["M","M","?","M","?","E","M","E"],"character_chosen":"THE_SILENT","items_purchased":[],"campfire_rested":0,"item_purchase_floors":[],"current_hp_per_floor":[68,67,72,69,69,21,21,0,0],"gold":145,"neow_bonus":"BOSS_RELIC","is_daily":false,"chose_seed":false,"campfire_upgraded":0,"win_rate":0.0,"timestamp":1611064061,"path_taken":["M","M","?","M","?","E","M","E"],"items_purchased_type":[],"build_version":"2020-12-22","purchased_purges":0,"victory":false,"max_hp_per_floor":[70,70,75,75,75,75,75,75,75],"card_choices":[{"not_picked":["Deadly Poison","Endless Agony"],"picked":"Poisoned Stab","floor":1},{"not_picked":["Sucker Punch","Skewer"],"picked":"Dodge and Roll","floor":2},{"not_picked":["Backflip","Caltrops"],"picked":"Escape Plan","floor":4},{"not_picked":["PiercingWail","Sucker Punch"],"picked":"Backflip","floor":6},{"not_picked":["PiercingWail","Flying Knee","Calculated Gamble"],"picked":"SKIP","floor":7}],"player_experience":712641,"relics_obtained":[{"floor":6,"key":"Tough Bandages"}],"event_choices":[{"damage_healed":0,"gold_gain":0,"player_choice":"Donut","damage_taken":0,"max_hp_gain":5,"max_hp_loss":0,"event_name":"Big Fish","floor":3,"gold_loss":0},{"cards_removed":["Strike_G"],"damage_healed":0,"gold_gain":0,"player_choice":"Card Removal","damage_taken":0,"max_hp_gain":0,"max_hp_loss":0,"event_name":"The Cleric","floor":5,"gold_loss":50}],"is_beta":false,"boss_relics":[],"items_purged_floors":[],"is_endless":false,"potions_floor_spawned":[2],"killed_by":"Gremlin Nob","ascension_level":1}}