{"host":"9nt1zhl3k8mtcf72","time":1611097232,"event":{"mods":["Aspiration","BaseMod","BetterRewards","Conjunction","Conspire","Downfall","Energized Spire","Friendly Minions","GifTheSpireLib","Halation","Hubris","Infinite Spire","JesterMod","Mimic Mod","Minty Spire (QoL Compilation)","RatMod","Spikes Relics","StSLib","Stuff the Spire","Trackpad","Useless Jewels Mod","Wandering Minibosses","vexMod"],"gold_per_floor":[99,115,100,117,117,137,177,16,42,70,70,95,95,545,558,657,657,457,477,490,510,510,510,560,560,578,35,52,52,63,63,63,63],"floor_reached":31,"language":"ENG","playtime":1414,"items_purged":["downfall:Icky"],"score":245,"play_id":"2268b479-cca3-48f6-816c-ff5d0a897cb0","local_time":"20210119180032","is_ascension_mode":false,"campfire_choices":[{"floor":1.0,"key":"RECALL"},{"floor":11.0,"key":"REST"},{"floor":13.0,"key":"REST"},{"data":"bronze:Replicate","floor":18.0,"key":"SMITH"}],"circlet_count":0,"master_deck":["bronze:Strike","bronze:Strike","bronze:Strike","bronze:Defend","bronze:Defend","bronze:Defend","bronze:Defend","bronze:Replicate+1","bronze:Goto","bronze:ForLoop","bronze:CloningBeam","bronze:Flail","bronze:WhirlingStrike","bronze:DelayedGuard","bronze:ChosenStrike","bronze:Overload","downfall:Icky","bronze:Repair","bronze:HardenedForm","bronze:CloningBeam","bronze:ForceShield+1","bronze:CutThrough","StuffTheSpire:CuriosityCurse","bronze:DelayedSlice","bronze:Backtrace","bronze:FineTuning"],"relics":["bronze:BronzeCore","Bronze Scales","Guardian:PocketSentry","Odd Mushroom","StuffTheSpire:Rhapsscallions","aspiration:TomeofQuesting","vexMod:MysteryBossChallenge","trackpad:DemonHeart","downfall:HeartBlessingRed","downfall:HeartBlessingGreen","halation:MonkeysPaw","Kunai","aspiration:SeaSaltIceCream","aspiration:Nostalgia","Slimebound:AbsorbEndCombat","hubris:MobiusCoin","CrustySpines"],"acts_visited":["Exordium","TheCity"],"potions_floor_usage":[20,27,30,31],"damage_taken":[{"damage":0.0,"enemies":"Small Slimes","floor":2.0,"turns":4.0},{"damage":0.0,"enemies":"downfall:FleeingMerchant","floor":3.0,"turns":4.0},{"damage":4.0,"enemies":"Cultist","floor":4.0,"turns":4.0},{"damage":6.0,"enemies":"Jaw Worm","floor":6.0,"turns":4.0},{"damage":8.0,"enemies":"2 Fungi Beasts","floor":7.0,"turns":5.0},{"damage":8.0,"enemies":"downfall:FleeingMerchant","floor":8.0,"turns":4.0},{"damage":17.0,"enemies":"The Mushroom Lair","floor":9.0,"turns":4.0},{"damage":4.0,"enemies":"3 Sentries","floor":10.0,"turns":2.0},{"damage":6.0,"enemies":"Lagavulin","floor":12.0,"turns":5.0},{"damage":2.0,"enemies":"2 Fungi Beasts","floor":15.0,"turns":2.0},{"damage":30.0,"enemies":"SI_SHIV_ARCHETYPE","floor":16.0,"turns":7.0},{"damage":15,"enemies":"3 Byrds","floor":19,"turns":3},{"damage":12,"enemies":"Shell Parasite","floor":20,"turns":3},{"damage":25,"enemies":"Shelled Parasite and Fungi","floor":21,"turns":7},{"damage":12,"enemies":"3 Cultists","floor":26,"turns":3},{"damage":3,"enemies":"downfall:FleeingMerchant","floor":27,"turns":4},{"damage":17,"enemies":"Sentry and Sphere","floor":28,"turns":4},{"damage":6,"enemies":"Cultist and Chosen","floor":30,"turns":3},{"damage":7,"enemies":"Nightmare","floor":31,"turns":2}],"seed_played":"7728272224384655039","potions_obtained":[{"floor":6.0,"key":"Block Potion"},{"floor":9.0,"key":"DuplicationPotion"},{"floor":12.0,"key":"DuplicationPotion"},{"floor":19,"key":"Block Potion"},{"floor":26,"key":"sneckomod:MuddlingPotion"},{"floor":28,"key":"SteroidPotion"},{"floor":30,"key":"AttackPotion"}],"is_trial":false,"path_per_floor":["R","M","$","M","?","M","MIM","$","?","E","R","E","R","?","M","B",null,"R","M","M","M","AVR","?","T","?","M","$","M","?","M","NM"],"character_chosen":"THE_AUTOMATON","items_purchased":["Guardian:PocketSentry","hubris:MobiusCoin","CrustySpines"],"campfire_rested":2,"item_purchase_floors":[8,27,27],"current_hp_per_floor":[77,77,77,73,73,67,59,51,34,34,58,52,76,76,74,44,81,81,66,54,36,36,36,36,36,24,24,7,7,4,0,0,0],"gold":63,"neow_bonus":"TEN_PERCENT_HP_BONUS","is_daily":false,"chose_seed":false,"campfire_upgraded":1,"win_rate":0.0,"timestamp":1611097232,"path_taken":["R","M","$","M","?","?","MIM","$","?","E","R","E","R","?","M","BOSS","R","M","M","M","AVR","?","T","?","M","?","M","?","?","NM"],"items_purchased_type":["Relic","Relic","Relic"],"build_version":"2020-12-22","purchased_purges":1,"victory":false,"max_hp_per_floor":[77,77,77,77,77,77,77,77,77,81,81,81,81,81,81,81,81,81,81,81,81,81,81,81,81,81,81,81,81,81,81,81,81],"card_choices":[{"not_picked":["bronze:Philosophize","bronze:WildBeam"],"picked":"bronze:ForLoop","floor":2.0},{"not_picked":["bronze:Mutator","bronze:Turbo"],"picked":"bronze:CloningBeam","floor":3.0},{"not_picked":["bronze:Iterate","bronze:Optimize"],"picked":"bronze:Flail","floor":4.0},{"not_picked":["bronze:Overheat","bronze:Overload"],"picked":"bronze:WhirlingStrike","floor":6.0},{"not_picked":["bronze:MaxOutput","bronze:BronzeArmor"],"picked":"bronze:DelayedGuard","floor":7.0},{"not_picked":["bronze:Overheat","bronze:Philosophize","bronze:DelayedGuard"],"picked":"SKIP","floor":8.0},{"not_picked":["bronze:Invalidate","bronze:CutThrough"],"picked":"bronze:ChosenStrike","floor":9.0},{"not_picked":["bronze:ItsAFeature","bronze:Shield","bronze:BurnOut"],"picked":"SKIP","floor":10.0},{"not_picked":["bronze:BronzeArmor","bronze:OilSpill"],"picked":"bronze:Overload","floor":12.0},{"not_picked":["bronze:Shield","bronze:BuggyMess"],"picked":"bronze:Repair","floor":15.0},{"not_picked":["bronze:Mutator","bronze:Assembly"],"picked":"bronze:HardenedForm","floor":16.0},{"not_picked":["bronze:FineTuning","bronze:Shield"],"picked":"bronze:CloningBeam","floor":19},{"not_picked":["bronze:Shield","bronze:Deprecate"],"picked":"bronze:ForceShield+1","floor":20},{"not_picked":["bronze:Deprecate+1","bronze:FindAndReplace"],"picked":"bronze:CutThrough","floor":21},{"not_picked":["bronze:Turbo","bronze:Overload"],"picked":"bronze:DelayedSlice","floor":26},{"not_picked":["bronze:FollowUp","bronze:Turbo"],"picked":"bronze:Backtrace","floor":27},{"not_picked":["bronze:DarkDash","bronze:MaxOutput","bronze:ItsAFeature+1"],"picked":"SKIP","floor":28},{"not_picked":["bronze:WildBeam","bronze:OilSpill"],"picked":"bronze:FineTuning","floor":30}],"player_experience":490425,"relics_obtained":[{"floor":7.0,"key":"Bronze Scales"},{"floor":9.0,"key":"Odd Mushroom"},{"floor":10.0,"key":"StuffTheSpire:Rhapsscallions"},{"floor":12.0,"key":"aspiration:TomeofQuesting"}],"event_choices":[{"damage_healed":0.0,"max_hp_gain":0.0,"max_hp_loss":0.0,"gold_gain":0.0,"event_name":"NoteForYourself","player_choice":"Ignored","floor":5.0,"gold_loss":0.0,"damage_taken":0.0},{"damage_healed":0.0,"max_hp_gain":0.0,"max_hp_loss":0.0,"gold_gain":0.0,"event_name":"Mushrooms","player_choice":"Fought Mushrooms","floor":9.0,"gold_loss":0.0,"damage_taken":0.0},{"damage_healed":0,"gold_gain":0,"player_choice":"Ignored","damage_taken":0,"max_hp_gain":0,"max_hp_loss":0,"event_name":"Ghosts","floor":23,"gold_loss":0}],"is_beta":false,"boss_relics":[{"not_picked":["hubris:ScarierMask","vexMod:DeviousBotling"],"picked":"vexMod:MysteryBossChallenge"}],"items_purged_floors":[22],"is_endless":false,"potions_floor_spawned":[6,9,12,19,26,28,30],"killed_by":"Nightmare","ascension_level":0}}