{"host":"atu1skz5iq69e5lr","time":1611091651,"event":{"mods":["AchievementEnabler","Aspiration","BaseMod","Better Third Choice","Colored Map","Friendly Minions","Highlight Path","Infinite Spire","Keyboard Shortcuts","Lobotomy","Minty Spire (QoL Compilation)","Replay The Spire","Shop Mod","StSLib"],"gold_per_floor":[119,119,133,133,98,98,111,146,146,160,160,160,201,216,216,341,341,274,286,19,19,37,37,78,97,97,97,116,116,197,117,117,248,248,272,285,618,370,381,381,412,430,477,494,13,33,44,74,74,74],"floor_reached":51,"language":"ENG","playtime":2522,"items_purged":["Overencumbered","Strike_R"],"score":864,"play_id":"56fda5da-27fa-462d-bea3-0b33da9a8ea6","local_time":"20210119222731","is_ascension_mode":false,"campfire_choices":[{"data":"Inflame","floor":6,"key":"SMITH"},{"data":"Inflame","floor":11,"key":"SMITH"},{"floor":15,"key":"REST"},{"floor":23,"key":"REST"},{"floor":27,"key":"REST"},{"floor":29,"key":"REST"},{"floor":32,"key":"REST"},{"floor":40,"key":"REST"},{"floor":49,"key":"REST"}],"circlet_count":0,"master_deck":["Strike_R","Strike_R+1","Strike_R+1","Strike_R","Defend_R","Defend_R","Defend_R","Defend_R","Bash+1","Inflame+1","Inflame+1","Sword Boomerang","Thunderclap","Massacre+1","Inflame","Feed","Inflame+1","infinitespire:TheBestDefense","infinitespire:Collect+1","infinitespire:FutureSight+1","infinitespire:SevenWalls","ReplayTheSpireMod:Limb From Limb+1","Flex","Rage","Disarm"],"relics":["Letter Opener","Champion Belt","Shuriken","Darkstone Periapt","infinitespire:CursedDice","Gremlin Food","ReplayTheSpireMod:Ninjato","aspiration:RitualDagger","Vajra","Pet Ghost","Replay:Bottled Steam","Busted Crown","Pen Nib","Toy Ornithopter","Bronze Scales","MerchantsRug","Oddly Smooth Stone","aspiration:KaomsHeart"],"acts_visited":["Exordium","TheCity","TheBeyond"],"potions_floor_usage":[8,8,16,22,24,25,33,41,47,50,50,50],"damage_taken":[{"damage":5,"enemies":"Small Slimes","floor":1,"turns":4},{"damage":13,"enemies":"Jaw Worm","floor":3,"turns":3},{"damage":6,"enemies":"Cultist","floor":7,"turns":3},{"damage":24,"enemies":"3 Sentries","floor":8,"turns":7},{"damage":21,"enemies":"Exordium Wildlife","floor":10,"turns":3},{"damage":10,"enemies":"Gremlin Nob","floor":13,"turns":3},{"damage":6,"enemies":"Lots of Slimes","floor":14,"turns":2},{"damage":31,"enemies":"The Guardian","floor":16,"turns":9},{"damage":15,"enemies":"Chosen","floor":18,"turns":6},{"damage":19,"enemies":"2 Thieves","floor":22,"turns":4},{"damage":57,"enemies":"Book of Stabbing","floor":24,"turns":5},{"damage":27,"enemies":"Chosen and Byrds","floor":25,"turns":4},{"damage":45,"enemies":"Snake Plant","floor":28,"turns":5},{"damage":40,"enemies":"Snecko","floor":31,"turns":6},{"damage":111,"enemies":"Champ","floor":33,"turns":8},{"damage":10,"enemies":"Orb Walker","floor":35,"turns":3},{"damage":17,"enemies":"3 Shapes","floor":36,"turns":3},{"damage":37,"enemies":"Sphere and 2 Shapes","floor":39,"turns":5},{"damage":68,"enemies":"Nightmare","floor":41,"turns":6},{"damage":26,"enemies":"Jaw Worm Horde","floor":42,"turns":4},{"damage":23,"enemies":"Transient","floor":44,"turns":5},{"damage":9,"enemies":"Writhing Mass","floor":46,"turns":3},{"damage":19,"enemies":"4 Shapes","floor":47,"turns":2},{"damage":21,"enemies":"Nemesis","floor":48,"turns":3},{"damage":110,"enemies":"Awakened One","floor":50,"turns":6},{"damage":56,"enemies":"Malkuth","floor":51,"turns":5},{"damage":120,"enemies":"Netzach","floor":51,"turns":7}],"seed_played":"464068963018171608","potions_obtained":[{"floor":1,"key":"Elixir"},{"floor":3,"key":"Cursed Concoction"},{"floor":14,"key":"Milkshake"},{"floor":22,"key":"SkillPotion"},{"floor":24,"key":"Swift Potion"},{"floor":28,"key":"Adrenaline Potion"},{"floor":35,"key":"SkillPotion"},{"floor":42,"key":"Venom Potion"},{"floor":47,"key":"Ancient Potion"},{"floor":48,"key":"EssenceOfSteel"}],"is_trial":false,"path_per_floor":["M","?","M","$","?","R","M","E","T","M","R","T","E","M","R_BF","B",null,"M","?","$","AVR","M","R","E","M","T","R","M","R","T","M","R","B",null,"M","M","?","$","M","R","NM","M","T","M","$","M","M","E","R","B",null],"character_chosen":"IRONCLAD","items_purchased":["Gremlin Food","Explosive Potion","Pen Nib","MerchantsRug","Oddly Smooth Stone","aspiration:KaomsHeart","Swift Potion"],"campfire_rested":7,"item_purchase_floors":[20,20,38,45,45,45,45],"current_hp_per_floor":[80,60,53,53,73,73,73,55,55,40,40,40,36,36,60,35,98,92,92,92,92,83,105,54,37,37,69,30,62,62,28,60,91,109,109,109,109,109,93,109,80,74,74,113,213,216,205,201,219,180],"gold":74,"neow_bonus":"","is_daily":false,"chose_seed":false,"campfire_upgraded":2,"win_rate":0.0,"timestamp":1611091651,"path_taken":["M","?","M","$","?","R","M","E","T","M","R","?","E","M","R_BF","BOSS","M","?","?","AVR","M","R","E","M","T","R","M","R","?","?","R","BOSS","M","?","?","?","M","R","NM","M","T","M","$","M","?","E","R","BOSS"],"items_purchased_type":["Relic","Potion","Relic","Relic","Relic","Relic","Potion"],"build_version":"2020-12-22","purchased_purges":2,"victory":true,"max_hp_per_floor":[80,80,80,80,80,80,80,80,80,80,80,80,80,80,80,80,98,101,101,101,101,105,105,105,109,109,109,109,109,109,109,109,109,109,109,109,109,109,109,109,113,116,116,116,216,216,219,219,219,219],"card_choices":[{"not_picked":["Pummel","Iron Wave","Defy Death"],"picked":"SKIP","floor":1},{"not_picked":["Warcry","Pommel Strike"],"picked":"Inflame","floor":3},{"not_picked":["Pommel Strike","Anger"],"picked":"Inflame","floor":7},{"not_picked":["Seeing Red","Replay:Undeath\u0027s Touch"],"picked":"Sword Boomerang","floor":8},{"not_picked":["Hemokinesis","Sword Boomerang"],"picked":"Thunderclap","floor":10},{"not_picked":["Dual Wield","Pummel"],"picked":"Massacre","floor":13},{"not_picked":["Twin Strike","Metallicize"],"picked":"Inflame","floor":14},{"not_picked":["Double Tap","Juggernaut"],"picked":"Feed","floor":16},{"not_picked":["Sickly","Doubt"],"picked":"ReplayTheSpireMod:IOU","floor":17},{"not_picked":["ReplayTheSpireMod:Faulty Equipment","Regret"],"picked":"Overencumbered","floor":17},{"not_picked":["Sickly","Voices"],"picked":"ReplayTheSpireMod:IOU","floor":17},{"not_picked":["Thunderclap","ReplayReversal+1","Clothesline+1"],"picked":"SKIP","floor":18},{"not_picked":["Massacre","Bloodletting"],"picked":"ReplayTheSpireMod:Limb From Limb+1","floor":22},{"not_picked":["Flex","Sword Boomerang","Fire Breathing"],"picked":"SKIP","floor":24},{"not_picked":["Sword Boomerang","Fire Breathing"],"picked":"Flex","floor":24},{"not_picked":["Entrench","Seeing Red"],"picked":"Rage","floor":25},{"not_picked":["Flame Barrier","ReplayTheSpireMod:Stacked","Thunderclap"],"picked":"SKIP","floor":28},{"not_picked":["Massacre","Thunderclap+1","Replay:Undeath\u0027s Touch"],"picked":"SKIP","floor":31},{"not_picked":["Thunderclap+1"],"picked":"SKIP","floor":35},{"not_picked":["Cleave"],"picked":"SKIP","floor":36},{"not_picked":["Sword Boomerang+1"],"picked":"SKIP","floor":39},{"not_picked":["Pummel+1"],"picked":"SKIP","floor":41},{"not_picked":["Pommel Strike"],"picked":"SKIP","floor":42},{"not_picked":["Flex+1"],"picked":"SKIP","floor":44},{"not_picked":["Twin Strike"],"picked":"SKIP","floor":46},{"not_picked":[],"picked":"Disarm","floor":47},{"not_picked":["Defy Death+1"],"picked":"SKIP","floor":48}],"player_experience":1090,"relics_obtained":[{"floor":8,"key":"Letter Opener"},{"floor":9,"key":"Champion Belt"},{"floor":12,"key":"infinitespire:Eraser"},{"floor":13,"key":"Shuriken"},{"floor":24,"key":"Vajra"},{"floor":26,"key":"Pet Ghost"},{"floor":30,"key":"Replay:Bottled Steam"},{"floor":41,"key":"Toy Ornithopter"},{"floor":43,"key":"Bronze Scales"},{"floor":48,"key":"aspiration:KMNothing"}],"event_choices":[{"damage_healed":0,"gold_gain":0,"player_choice":"Take Damage","damage_taken":20,"relics_obtained":["Golden Idol"],"max_hp_gain":0,"max_hp_loss":0,"event_name":"Golden Idol","floor":2,"gold_loss":0},{"damage_healed":20,"gold_gain":0,"player_choice":"Healed","damage_taken":0,"max_hp_gain":0,"max_hp_loss":0,"event_name":"The Cleric","floor":5,"gold_loss":35},{"damage_healed":0,"gold_gain":0,"player_choice":"Copied","damage_taken":0,"max_hp_gain":0,"max_hp_loss":0,"event_name":"Duplicator","floor":19,"gold_loss":0,"cards_obtained":["Inflame"]},{"damage_healed":0,"gold_gain":333,"player_choice":"Gave Idol","damage_taken":0,"max_hp_gain":0,"max_hp_loss":0,"event_name":"The Moai Head","floor":37,"relics_lost":["Golden Idol"],"gold_loss":0}],"is_beta":false,"boss_relics":[{"not_picked":["Mark of Pain","Empty Cage"],"picked":"Replay:Ancient Bell"},{"not_picked":["infinitespire:Beetle Shell","Grinning Jar"],"picked":"MawBank"},{"not_picked":["Mirror","Replay:Ringing Soul"],"picked":"Darkstone Periapt"},{"not_picked":["Incense Burner","infinitespire:Joker Card"],"picked":"infinitespire:CursedDice"},{"not_picked":["Velvet Choker","Tiny House"],"picked":"Busted Crown"}],"items_purged_floors":[20,38],"is_endless":false,"potions_floor_spawned":[1,3,14,22,24,28,35,42,47,48],"ascension_level":0}}