{"host":"bxd97rc2ofc6op20","time":1611046283,"event":{"mods":["BaseMod","Googly Eyes","Minty Spire (QoL Compilation)"],"gold_per_floor":[117,127,145,157,169,203,215,243,296,296,308,336,336,355,355,453,453,471,483,497,515,515,547,547,134,134,134,49,49,77,77,77,173,173,189,0,20,20,40,74,74,74,74],"floor_reached":42,"language":"ENG","playtime":5523,"items_purged":["Strike_G"],"score":592,"play_id":"48b6254b-4f2a-440a-a26a-ede31460dd45","local_time":"20210119005123","is_ascension_mode":true,"campfire_choices":[{"data":"Venomology","floor":10,"key":"SMITH"},{"data":"Crippling Poison","floor":13,"key":"SMITH"},{"data":"Night Terror","floor":15,"key":"SMITH"},{"data":"Deadly Poison","floor":24,"key":"SMITH"},{"data":"Setup","floor":27,"key":"SMITH"},{"data":"Survivor","floor":29,"key":"SMITH"},{"data":"Neutralize","floor":32,"key":"SMITH"},{"data":"A Thousand Cuts","floor":41,"key":"SMITH"}],"circlet_count":0,"master_deck":["Strike_G","Strike_G","Strike_G","Strike_G","Defend_G","Defend_G","Defend_G","Defend_G","Defend_G","Survivor+1","Neutralize+1","Venomology+1","Crippling Poison+1","Setup+1","Caltrops","Poisoned Stab","Riddle With Holes","Deadly Poison+1","Backflip","Predator","Night Terror+1","Storm of Steel","PiercingWail+1","Outmaneuver+1","J.A.X.","A Thousand Cuts+1","Well Laid Plans","Phantasmal Killer","Envenom","PiercingWail+1"],"relics":["Ring of the Snake","Toy Ornithopter","Ornamental Fan","Omamori","Kunai","SacredBark","Pear","Ninja Scroll","Bag of Marbles","Boot","Singing Bowl","SlaversCollar","Red Mask","Nunchaku"],"acts_visited":["Exordium","TheCity","TheBeyond"],"potions_floor_usage":[4,5,5,6,6,7,8,8,8,12,12,14,16,16,16,18,19,20,20,20,21,21,21,21,23,23,23,23,30,33,33,33,33,35,35,37,39,39,40,40,42,42],"damage_taken":[{"damage":1,"enemies":"Cultist","floor":1,"turns":5},{"damage":1,"enemies":"2 Louse","floor":2,"turns":3},{"damage":1,"enemies":"Small Slimes","floor":3,"turns":5},{"damage":3,"enemies":"Looter","floor":4,"turns":4},{"damage":0,"enemies":"Lots of Slimes","floor":5,"turns":4},{"damage":15,"enemies":"Lagavulin","floor":6,"turns":9},{"damage":0,"enemies":"3 Louse","floor":7,"turns":2},{"damage":25,"enemies":"Gremlin Nob","floor":8,"turns":4},{"damage":6,"enemies":"2 Fungi Beasts","floor":11,"turns":3},{"damage":28,"enemies":"Lagavulin","floor":12,"turns":9},{"damage":0,"enemies":"Red Slaver","floor":14,"turns":4},{"damage":25,"enemies":"Slime Boss","floor":16,"turns":10},{"damage":10,"enemies":"3 Byrds","floor":18,"turns":5},{"damage":17,"enemies":"2 Thieves","floor":19,"turns":5},{"damage":5,"enemies":"Chosen and Byrds","floor":20,"turns":6},{"damage":0,"enemies":"Snake Plant","floor":21,"turns":3},{"damage":3,"enemies":"Gremlin Leader","floor":23,"turns":5},{"damage":5,"enemies":"Book of Stabbing","floor":30,"turns":4},{"damage":10,"enemies":"Collector","floor":33,"turns":8},{"damage":55,"enemies":"3 Darklings","floor":35,"turns":6},{"damage":24,"enemies":"Orb Walker","floor":37,"turns":5},{"damage":10,"enemies":"Sphere and 2 Shapes","floor":39,"turns":7},{"damage":26,"enemies":"Reptomancer","floor":40,"turns":7},{"damage":66,"enemies":"Giant Head","floor":42,"turns":7}],"seed_played":"2489146857547901062","potions_obtained":[{"floor":1,"key":"SkillPotion"},{"floor":4,"key":"CunningPotion"},{"floor":5,"key":"FearPotion"},{"floor":6,"key":"AttackPotion"},{"floor":12,"key":"ColorlessPotion"},{"floor":16,"key":"FearPotion"},{"floor":18,"key":"Dexterity Potion"},{"floor":21,"key":"EntropicBrew"},{"floor":33,"key":"Strength Potion"},{"floor":35,"key":"ColorlessPotion"},{"floor":37,"key":"CunningPotion"},{"floor":39,"key":"LiquidBronze"}],"is_trial":false,"path_per_floor":["M","M","M","M","M","E","M","E","T","R","M","E","R","M","R","B",null,"M","M","M","M","?","E","R","$","T","R","?","R","E","?","R","B",null,"M","?","M","?","M","E","R","E"],"character_chosen":"THE_SILENT","items_purchased":["Ninja Scroll","Well Laid Plans"],"campfire_rested":0,"item_purchase_floors":[25,25],"current_hp_per_floor":[69,68,67,64,64,49,54,53,53,53,47,29,29,34,34,24,70,62,50,60,70,70,77,77,77,77,77,77,77,75,75,75,73,80,32,32,15,73,68,54,54,0,0],"gold":74,"neow_bonus":"ONE_RANDOM_RARE_CARD","is_daily":false,"chose_seed":false,"campfire_upgraded":8,"win_rate":0.0,"timestamp":1611046283,"path_taken":["M","M","M","M","M","E","M","E","T","R","M","E","R","?","R","BOSS","M","M","M","M","?","E","R","$","T","R","?","R","E","?","R","BOSS","M","?","M","?","M","E","R","E"],"items_purchased_type":["Relic","Card"],"build_version":"2020-12-22","purchased_purges":1,"victory":false,"max_hp_per_floor":[70,70,70,70,70,70,70,70,70,70,70,70,70,70,70,70,70,70,70,70,70,70,80,80,80,80,80,80,80,80,80,80,80,80,82,82,84,73,73,75,75,75,75],"card_choices":[{"not_picked":["Dagger Throw","Reflex"],"picked":"Crippling Poison","floor":1},{"not_picked":["Sucker Punch","Dagger Spray"],"picked":"Setup","floor":2},{"not_picked":["Underhanded Strike","PiercingWail"],"picked":"Caltrops","floor":3},{"not_picked":["Outmaneuver","Prepared"],"picked":"Poisoned Stab","floor":4},{"not_picked":["Bane","Infinite Blades"],"picked":"Riddle With Holes","floor":5},{"not_picked":["Outmaneuver","All Out Attack"],"picked":"Deadly Poison","floor":6},{"not_picked":["Masterful Stab","Quick Slash"],"picked":"Backflip","floor":7},{"not_picked":["Wraith Form v2","Prepared","Deflect"],"picked":"SKIP","floor":8},{"not_picked":["Poisoned Stab","Flechettes"],"picked":"Predator","floor":11},{"not_picked":["Quick Slash","All Out Attack"],"picked":"Night Terror","floor":12},{"not_picked":["Dagger Spray","Skewer","Reflex"],"picked":"SKIP","floor":14},{"not_picked":["A Thousand Cuts","Doppelganger"],"picked":"Storm of Steel","floor":16},{"not_picked":["Prepared","Bane+1"],"picked":"PiercingWail+1","floor":18},{"not_picked":["Prepared","Dagger Throw","Deadly Poison"],"picked":"SKIP","floor":19},{"not_picked":["Quick Slash","Prepared","Sucker Punch"],"picked":"SKIP","floor":20},{"not_picked":["Skewer","Deadly Poison"],"picked":"Outmaneuver+1","floor":21},{"not_picked":["Flying Knee","Eviscerate"],"picked":"A Thousand Cuts","floor":23},{"not_picked":["Leg Sweep","Backflip"],"picked":"Phantasmal Killer","floor":30},{"not_picked":["Doppelganger","Venomology"],"picked":"Envenom","floor":33},{"not_picked":["Sucker Punch","Tactician+1","Finisher"],"picked":"Singing Bowl","floor":35},{"not_picked":["Escape Plan+1","Terror+1","Predator+1"],"picked":"Singing Bowl","floor":37},{"not_picked":["Cloak And Dagger","Crippling Poison+1"],"picked":"PiercingWail+1","floor":39},{"not_picked":["Dagger Spray+1","Sucker Punch+1","Slice+1"],"picked":"Singing Bowl","floor":40}],"player_experience":324760,"relics_obtained":[{"floor":6,"key":"Toy Ornithopter"},{"floor":8,"key":"Ornamental Fan"},{"floor":9,"key":"Omamori"},{"floor":12,"key":"Kunai"},{"floor":23,"key":"Pear"},{"floor":30,"key":"Boot"},{"floor":40,"key":"Nunchaku"}],"event_choices":[{"damage_healed":0,"gold_gain":0,"player_choice":"Obtain J.A.X.","damage_taken":0,"max_hp_gain":0,"max_hp_loss":0,"event_name":"Drug Dealer","floor":22,"gold_loss":0,"cards_obtained":["J.A.X."]},{"damage_healed":0,"gold_gain":0,"player_choice":"Obtained Relic","damage_taken":0,"relics_obtained":["Bag of Marbles"],"max_hp_gain":0,"max_hp_loss":0,"event_name":"Addict","floor":28,"gold_loss":85},{"damage_healed":0,"gold_gain":0,"player_choice":"Opened","damage_taken":0,"relics_obtained":["Singing Bowl"],"max_hp_gain":0,"max_hp_loss":0,"event_name":"The Mausoleum","floor":31,"gold_loss":0,"cards_obtained":["Writhe"]},{"damage_healed":0,"gold_gain":0,"player_choice":"Paid","damage_taken":0,"relics_obtained":["Red Mask"],"max_hp_gain":0,"max_hp_loss":0,"event_name":"Tomb of Lord Red Mask","floor":36,"gold_loss":189},{"damage_healed":73,"gold_gain":0,"player_choice":"Heal","damage_taken":0,"max_hp_gain":0,"max_hp_loss":11,"event_name":"The Moai Head","floor":38,"gold_loss":0}],"is_beta":false,"boss_relics":[{"not_picked":["Runic Dome","HoveringKite"],"picked":"SacredBark"},{"not_picked":["Astrolabe","Tiny House"],"picked":"SlaversCollar"}],"items_purged_floors":[25],"is_endless":false,"potions_floor_spawned":[1,4,5,6,12,16,18,21,30,33,35,37,39],"killed_by":"Giant Head","ascension_level":3}}