{"host":"sdjng9zhqonqi3uc","time":1611053662,"event":{"mods":["2.2 Compatiblity","AchievementEnabler","BaseMod","Better Third Choice","BetterRewards","Colored Powertips","Hero for Fun","Minty Spire (QoL Compilation)","Quick Restart","Shop Mod","Spicy Shops","StSLib","Td1madao Mod","The Animator","The Cursed","The Servant 0.9.4"],"gold_per_floor":[127,147,147,147,42,68,90,90,90,100,100,120,138,185,185,185,185],"floor_reached":16,"language":"ENG","playtime":1108,"items_purged":[],"score":146,"play_id":"5b4bdbd0-d926-44cb-a26a-572fac586456","local_time":"20210119115422","is_ascension_mode":true,"campfire_choices":[{"floor":8,"key":"REST"},{"data":"animator:Illya","floor":15,"key":"SMITH"}],"circlet_count":0,"master_deck":["animator:Strike_Fate","animator:Defend_Fate","animator:Strike","animator:Strike","animator:Strike","animator:Defend","animator:Defend","animator:Alexander","animator:Rider","animator:Rider","animator:Illya+1","animator:Berserker","animator:EmiyaShirou","animator:EmiyaShirou","animator:Lancer","animator:Azekura"],"relics":["animator:LivingPicture","animator:TheMissingPiece","animator:PurgingStone","Cauldron","animator:ShionDessert","Paper Frog","Charon\u0027s Ashes","MerchantsRug","Singing Bowl","TwistedFunnel","Eternal Feather","Lantern","Darkstone Periapt"],"acts_visited":["Exordium"],"potions_floor_usage":[2,6,6,14,16],"damage_taken":[{"damage":0,"enemies":"Cultist","floor":1,"turns":3},{"damage":2,"enemies":"Jaw Worm","floor":2,"turns":4},{"damage":13,"enemies":"Lagavulin","floor":6,"turns":5},{"damage":0,"enemies":"Small Slimes","floor":7,"turns":2},{"damage":6,"enemies":"Exordium Wildlife","floor":10,"turns":3},{"damage":0,"enemies":"Exordium Thugs","floor":12,"turns":2},{"damage":0,"enemies":"2 Fungi Beasts","floor":13,"turns":2},{"damage":4,"enemies":"3 Sentries","floor":14,"turns":4},{"damage":36,"enemies":"Slime Boss","floor":16,"turns":9}],"seed_played":"425203587411261743","potions_obtained":[{"floor":0,"key":"PowerPotion"},{"floor":0,"key":"Regen Potion"},{"floor":0,"key":"Strength Potion"},{"floor":6,"key":"Ancient Potion"},{"floor":7,"key":"SneckoOil"},{"floor":13,"key":"Strength Potion"},{"floor":14,"key":"CultistPotion"}],"is_trial":false,"path_per_floor":["M","M","?","?","$","E","M","R","T","M","?","M","M","E","R","B"],"character_chosen":"THE_ANIMATOR","items_purchased":["animator:Rider","Cauldron","animator:ShionDessert","Paper Frog","MerchantsRug","TwistedFunnel"],"campfire_rested":1,"item_purchase_floors":[0,0,0,0,0,5],"current_hp_per_floor":[28,37,19,19,19,7,7,33,33,27,27,28,30,26,35,0,0],"gold":185,"neow_bonus":"","is_daily":false,"chose_seed":false,"campfire_upgraded":1,"win_rate":0.0,"timestamp":1611053662,"path_taken":["M","?","?","?","?","E","M","R","T","?","?","?","M","E","R","BOSS"],"items_purchased_type":["Card","Relic","Relic","Relic","Relic","Relic"],"build_version":"2020-12-22","purchased_purges":0,"victory":false,"max_hp_per_floor":[66,68,68,68,68,69,69,69,69,69,69,70,72,72,72,72,72],"card_choices":[{"not_picked":["animator:Hitei","animator:YaoHaDucy"],"picked":"animator:Illya","floor":1},{"not_picked":["animator:Illya","animator:LeleiLaLalena","animator:Tyuule"],"picked":"Singing Bowl","floor":2},{"not_picked":["animator:Shichika","animator:Assassin"],"picked":"animator:Berserker","floor":6},{"not_picked":["animator:Illya","animator:RinTohsaka"],"picked":"animator:EmiyaShirou","floor":7},{"not_picked":["animator:Mikaela","animator:Scar"],"picked":"animator:EmiyaShirou","floor":10},{"not_picked":["animator:NagisaMomoe","animator:Assassin"],"picked":"animator:Lancer","floor":12},{"not_picked":["animator:MaesHughes","animator:Tet","animator:Shigure"],"picked":"Singing Bowl","floor":13},{"not_picked":["animator:Hitei","animator:Emonzaemon"],"picked":"animator:Azekura","floor":14}],"player_experience":326661,"relics_obtained":[{"floor":6,"key":"Eternal Feather"},{"floor":11,"key":"Lantern"},{"floor":14,"key":"Darkstone Periapt"}],"event_choices":[{"damage_healed":0,"gold_gain":0,"player_choice":"Relic ","damage_taken":18,"max_hp_gain":0,"max_hp_loss":0,"event_name":"betterThird:BetterScrap","floor":3,"gold_loss":0,"cards_obtained":["SandsOfTime"]},{"cards_removed":["animator:Defend"],"damage_healed":0,"gold_gain":0,"player_choice":"Forget","damage_taken":0,"max_hp_gain":0,"max_hp_loss":0,"event_name":"Living Wall","floor":4,"gold_loss":0},{"damage_healed":0,"gold_gain":0,"player_choice":"Relic","damage_taken":0,"max_hp_gain":0,"max_hp_loss":0,"event_name":"Wheel of Change","floor":11,"gold_loss":0}],"is_beta":false,"boss_relics":[],"items_purged_floors":[],"is_endless":false,"potions_floor_spawned":[6,7,13,14],"killed_by":"Slime Boss","ascension_level":6}}