{"host":"m78cb9j8mt6kw0f2","time":1611089033,"event":{"mods":["Act Like it!","BaseMod","BetterRewards","Colored Powertips","Highlight Path","Infinite Spire","Marisa£®ÏF”Í°°ƒß¿Ì…≥£©","Minty Spire (QoL Compilation)","Quick Restart","Reimu£®≤©¿ˆ¡È√Œ£©","Remilia£®¿Ÿ√◊¿Ú—«£©","Replay The Spire","StSLib","Youmu£®ªÍ∆«—˝√Œ£©"],"gold_per_floor":[119,19,19,19,19,54,54,75,102,57,57,76,76,100,100,220,220,244,264,224,59,59,93,111,111,138,163,163,183,218,68,68,194,194,212,236,254,269,94,94,117,142,142,142,142,165,181,0,0,120,120,126,135,149,158,175,175,175,175,175,175,175,206,219,228,228,332,332,344,443,450,101,103,122,122,128,197,207,212,230,230,329,329,413,413,404,414,414,414,419,419,427,184,184,186,181,181,181,184,184,256,256,269,179,195,210,222,205,205],"floor_reached":108,"language":"ZHS","playtime":3774,"items_purged":["Defend_RM","Defend_RM","Strike_RM","Strike_RM","Defend_RM","Strike_RM","ScarletDream+1"],"score":2235,"play_id":"6b85ee02-1528-43ad-8588-89561d67e1af","local_time":"20210120044353","is_ascension_mode":false,"campfire_choices":[{"data":"Apotheosis","floor":7,"key":"SMITH"},{"data":"ScarletImprint","floor":13,"key":"SMITH"},{"data":"BlasphemousPunishment","floor":15,"key":"SMITH"},{"data":"EternalNight","floor":25,"key":"SMITH"},{"data":"EquivalentExchange","floor":28,"key":"SMITH"},{"data":"SuperhumanBloodyKnife","floor":32,"key":"SMITH"},{"data":"QueenOfMidnight","floor":40,"key":"SMITH"},{"data":"DevilSight","floor":44,"key":"SMITH"},{"data":"ScarletShoot","floor":49,"key":"SMITH"},{"data":"TricksterDevil","floor":57,"key":"SMITH"},{"data":"UltimateOffering","floor":59,"key":"SMITH"},{"data":"BloodHunter","floor":61,"key":"SMITH"},{"data":"infinitespire:Punishment","floor":66,"key":"SMITH"},{"data":"EquivalentExchange","floor":83,"key":"PURGE"},{"data":"CurseOfVladTepes","floor":91,"key":"SMITH"},{"data":"infinitespire:Menacing","floor":97,"key":"SMITH"}],"circlet_count":0,"master_deck":["ScarletShoot+1","Apotheosis+1","RedRainbow+1","BloodHunter+1","RedRainbow","UltimateOffering+1","HeartBreak","DevilSight+1","BlasphemousPunishment+1","LeisurelyOfLord","EquivalentExchange+1","SuperhumanBloodyKnife+1","EternalNight+1","Spreading Infection","QueenOfMidnight+1","RedMagic+1","NightLord+1","Doubt","ForecastOfChange","TricksterDevil+1","VampireSweep+1","infinitespire:Punishment+1","BatForm","infinitespire:Menacing+1","Septette","Shame","UnderTheZenith+1","CurseOfVladTepes+1","FitfulNightmare+1","EmergencyRegeneration+1","Shame","Wraith","Pain","TransientEternity","BloodyCatastrophe"],"relics":["ScarletHat","Thread and Needle","Golden Idol","RedBat","Cursed Key","ZunR:ReiMu","Potion Belt","RuthlessExorcism:ReiMu","infinitespire:Broken Mirror","Philosopher\u0027s Stone","infinitespire:ShieldingShard","Red Mask","ChewingGum","Mercury Hourglass","Regal Pillow","Tea:ReiMu","Pen Nib","PreservedInsect","Blue Candle","Peace Pipe","Bag of Marbles","Turnip","infinitespire:CheckeredPen","Astrolabe","Lee\u0027s Waffle","Kunai","Molten Egg 2","Darkstone Periapt","Coffee Dripper","Replay:Baseball"],"acts_visited":["Exordium","TheCity","TheBeyond","Exordium","TheCity","TheBeyond","Exordium"],"potions_floor_usage":[50,96],"damage_taken":[{"damage":0,"enemies":"Cultist","floor":1,"turns":3},{"damage":10,"enemies":"Replay:BlueRogue","floor":6,"turns":4},{"damage":3,"enemies":"Jaw Worm","floor":8,"turns":2},{"damage":0,"enemies":"Small Slimes","floor":12,"turns":2},{"damage":0,"enemies":"3 Louse","floor":14,"turns":1},{"damage":31,"enemies":"The Guardian","floor":16,"turns":4},{"damage":35,"enemies":"Shell Parasite","floor":18,"turns":1},{"damage":3,"enemies":"Spheric Guardian","floor":19,"turns":3},{"damage":42,"enemies":"Nightmare","floor":23,"turns":4},{"damage":16,"enemies":"Cultist and Chosen","floor":24,"turns":2},{"damage":10,"enemies":"3 Cultists","floor":27,"turns":3},{"damage":10,"enemies":"Centurion and Healer","floor":29,"turns":1},{"damage":0,"enemies":"Gremlin Leader","floor":30,"turns":1},{"damage":47,"enemies":"Champ","floor":33,"turns":3},{"damage":35,"enemies":"Orb Walker","floor":35,"turns":1},{"damage":9,"enemies":"3 Shapes","floor":36,"turns":2},{"damage":23,"enemies":"Spire Growth","floor":37,"turns":2},{"damage":10,"enemies":"Maw","floor":38,"turns":3},{"damage":37,"enemies":"4 Shapes","floor":41,"turns":2},{"damage":0,"enemies":"3 Darklings","floor":42,"turns":2},{"damage":0,"enemies":"Jaw Worm Horde","floor":46,"turns":2},{"damage":8,"enemies":"Sphere and 2 Shapes","floor":47,"turns":2},{"damage":24,"enemies":"Replay:Hell Engine","floor":50,"turns":5},{"damage":13,"enemies":"Jaw Worm","floor":52,"turns":2},{"damage":4,"enemies":"2 Louse","floor":53,"turns":1},{"damage":0,"enemies":"Small Slimes","floor":54,"turns":1},{"damage":38,"enemies":"Looter","floor":55,"turns":1},{"damage":0,"enemies":"2 Fungi Beasts","floor":56,"turns":2},{"damage":28,"enemies":"3 Sentries","floor":63,"turns":1},{"damage":4,"enemies":"Large Slime","floor":64,"turns":2},{"damage":98,"enemies":"Nightmare","floor":65,"turns":5},{"damage":26,"enemies":"The Guardian","floor":67,"turns":2},{"damage":26,"enemies":"3 Byrds","floor":69,"turns":1},{"damage":26,"enemies":"Chosen","floor":71,"turns":2},{"damage":35,"enemies":"Snecko","floor":73,"turns":2},{"damage":45,"enemies":"Gremlin Leader","floor":74,"turns":2},{"damage":32,"enemies":"Shelled Parasite and Fungi","floor":76,"turns":2},{"damage":18,"enemies":"Snake Plant","floor":78,"turns":3},{"damage":2,"enemies":"Snecko","floor":79,"turns":2},{"damage":34,"enemies":"Replay:Snechameleon","floor":80,"turns":2},{"damage":22,"enemies":"Colosseum Slavers","floor":82,"turns":3},{"damage":0,"enemies":"Colosseum Nobs","floor":82,"turns":2},{"damage":11,"enemies":"Champ","floor":84,"turns":4},{"damage":76,"enemies":"3 Darklings","floor":86,"turns":3},{"damage":17,"enemies":"Orb Walker","floor":87,"turns":2},{"damage":26,"enemies":"3 Darklings","floor":90,"turns":2},{"damage":44,"enemies":"Nightmare","floor":92,"turns":4},{"damage":18,"enemies":"Jaw Worm Horde","floor":95,"turns":2},{"damage":48,"enemies":"Maw","floor":96,"turns":3},{"damage":47,"enemies":"4 Shapes","floor":98,"turns":2},{"damage":6,"enemies":"Sphere and 2 Shapes","floor":99,"turns":2},{"damage":93,"enemies":"Awakened One","floor":101,"turns":5},{"damage":9,"enemies":"Small Slimes","floor":103,"turns":2},{"damage":14,"enemies":"2 Louse","floor":105,"turns":1},{"damage":29,"enemies":"Jaw Worm","floor":106,"turns":2},{"damage":16,"enemies":"2 Fungi Beasts","floor":107,"turns":2},{"damage":126,"enemies":"Nightmare_Alpha","floor":108,"turns":2}],"seed_played":"-1091595058318374395","potions_obtained":[{"floor":12,"key":"Energy Potion"},{"floor":14,"key":"ZuzhouPotion:ReiMu"},{"floor":16,"key":"Adrenaline Potion"},{"floor":24,"key":"Milkshake"},{"floor":41,"key":"Toxic Potion"},{"floor":69,"key":"Elixir"},{"floor":95,"key":"LifebloodPotion"},{"floor":98,"key":"infinitespire:BlackPotion"}],"is_trial":false,"path_per_floor":["M","$","?","?","?","E","R","M","T","$","?","M","R","M","R","B",null,"M","M","?","$","$","NM","M","R","T","M","R","M","E","$","R","B",null,"M","M","M","M","$","R","M","M","T","R","?","M","M","?","R","B",null,"M","M","M","M","M","R","?","R","T","R","$","E","M","NM","R","B",null,"M","?","M","$","M","E","$","M","T","M","M","E","?","?","R","B",null,"M","M","AVR","?","M","R","NM","$","T","M","M","R","M","M","R","B",null,"M","?","M","M","M","NM"],"character_chosen":"REMILIA","items_purchased":["Apotheosis","RedRainbow","BloodHunter","BlasphemousPunishment","SuperhumanBloodyKnife","Pen Nib","Molten Egg 2"],"campfire_rested":0,"item_purchase_floors":[0,0,0,10,21,72,93],"current_hp_per_floor":[45,45,38,38,38,28,28,27,27,27,27,28,28,31,31,29,69,37,34,34,34,34,24,21,21,21,19,19,16,30,30,30,42,69,34,25,9,49,49,49,28,29,29,29,29,29,21,21,21,33,69,68,68,68,68,68,68,68,68,68,68,68,68,69,44,44,69,69,69,69,69,69,69,66,66,65,65,58,58,46,46,29,29,69,69,69,52,76,76,54,54,28,28,28,19,76,76,47,47,76,76,76,67,67,67,67,67,0,0],"gold":205,"neow_bonus":"","is_daily":false,"chose_seed":false,"campfire_upgraded":15,"win_rate":0.0,"timestamp":1611089033,"path_taken":["M","?","?","?","?","E","R","M","T","$","?","M","R","M","R","BOSS","M","M","?","?","$","NM","M","R","T","M","R","?","E","$","R","BOSS","M","M","M","M","$","R","M","M","T","R","?","M","M","?","R","BOSS","M","M","M","M","M","R","?","R","T","R","$","E","M","NM","R","BOSS","M","?","M","$","M","E","$","M","T","M","M","E","?","?","R","BOSS","M","M","AVR","?","M","R","NM","$","T","M","M","R","M","M","R","BOSS","M","?","?","M","M","NM"],"items_purchased_type":["Card","Card","Card","Card","Card","Relic","Relic"],"build_version":"2020-12-22","purchased_purges":7,"victory":false,"max_hp_per_floor":[75,75,75,75,69,69,69,69,69,69,69,69,69,69,69,69,69,69,69,69,69,69,69,69,69,69,69,69,69,69,69,69,69,69,69,69,69,69,69,69,69,69,69,69,69,69,69,69,69,69,69,69,69,69,69,69,69,69,69,69,69,69,69,69,69,69,69,69,69,69,69,69,69,69,69,69,69,69,69,69,69,69,69,69,69,69,69,76,76,76,76,76,76,76,76,76,76,76,76,76,76,76,76,76,76,76,76,76,76],"card_choices":[{"not_picked":["NightLord","MastersStateliness"],"picked":"UltimateOffering","floor":1},{"not_picked":["FavorOfDestiny","NightDance"],"picked":"HeartBreak","floor":6},{"not_picked":["UnstableMagic","DiffusionOfMisfortune"],"picked":"DevilSight","floor":8},{"not_picked":["TwelveNightmare","Septette"],"picked":"LeisurelyOfLord","floor":12},{"not_picked":["FavorOfDestiny","EndlessAdversity","VampireKiss"],"picked":"SKIP","floor":14},{"not_picked":["ScarletMeister","DemonKingCradle"],"picked":"EquivalentExchange","floor":16},{"not_picked":["ScarletDevil","BlasphemousPunishment","ScarletSymphony"],"picked":"SKIP","floor":18},{"not_picked":["ScarletImprint","VampireKiss+1"],"picked":"ScarletDream+1","floor":19},{"not_picked":["CharismaGuard","Maim"],"picked":"EternalNight","floor":23},{"not_picked":["UnstableMagic","FavorOfDestiny","VampireKiss+1"],"picked":"SKIP","floor":24},{"not_picked":["VampireKiss","UnderTheZenith","MastersStateliness+1"],"picked":"SKIP","floor":27},{"not_picked":["StarOfDavid","BloodyTrap","MiserableFate"],"picked":"SKIP","floor":29},{"not_picked":["UnderTheZenith","StarOfDavid","EndlessAdversity"],"picked":"SKIP","floor":30},{"not_picked":["UnstableMagic+1","EndlessAdversity","NightDance+1"],"picked":"SKIP","floor":35},{"not_picked":["EndlessAdversity+1","Maim","ReincarnationDial"],"picked":"SKIP","floor":36},{"not_picked":["RedRainbow+1","UnstableMagic"],"picked":"QueenOfMidnight","floor":37},{"not_picked":["BloodyTrap+1","VampireFantasy"],"picked":"RedMagic+1","floor":38},{"not_picked":["VampireClaw+1","UnderTheZenith"],"picked":"NightLord+1","floor":41},{"not_picked":["UnstableMagic","TwelveNightmare","BlasphemousPunishment+1"],"picked":"SKIP","floor":42},{"not_picked":["Stigmanizer+1","ScarletImprint+1"],"picked":"ForecastOfChange","floor":46},{"not_picked":["BloodHunter+1","MiserableFate+1","VampireKiss+1"],"picked":"SKIP","floor":47},{"not_picked":["BatForm","CurseOfVladTepes"],"picked":"TricksterDevil","floor":50},{"not_picked":["VampireSweep","Stigmanizer","RedRainbow"],"picked":"SKIP","floor":52},{"not_picked":["Stigmanizer","RedRainbow"],"picked":"VampireSweep","floor":52},{"not_picked":["FavorOfDestiny","RedRainbow","BloodySeventeenLaser"],"picked":"SKIP","floor":53},{"not_picked":["UnderTheZenith","ScarletImprint","ChainGang"],"picked":"SKIP","floor":54},{"not_picked":["MastersStateliness","EndlessAdversity","CharismaGuard"],"picked":"SKIP","floor":55},{"not_picked":["DiffusionOfMisfortune","NightDance","EndlessAdversity"],"picked":"SKIP","floor":56},{"not_picked":["KillingBlow","ScarletDream","HellCatastrophe"],"picked":"SKIP","floor":63},{"not_picked":["BloodHunter","FavorOfDestiny","EndlessAdversity"],"picked":"SKIP","floor":64},{"not_picked":["infinitespire:SealOfDarkness+","infinitespire:TheBestDefense"],"picked":"infinitespire:Punishment","floor":65},{"not_picked":["StarOfDavid","LeisurelyOfLord","NightDance"],"picked":"SKIP","floor":65},{"not_picked":["KillingBlow","DemonKingCradle"],"picked":"BatForm","floor":67},{"not_picked":["infinitespire:Punishment","infinitespire:FutureSight"],"picked":"infinitespire:Menacing","floor":68},{"not_picked":["ScarletImprint","Ultimatum+1"],"picked":"Septette","floor":69},{"not_picked":["UnstableMagic","DevilSight","BloodyTrap"],"picked":"SKIP","floor":71},{"not_picked":["RedRainbow","ScarletDevil","MastersStateliness"],"picked":"SKIP","floor":73},{"not_picked":["EndlessAdversity","EquivalentExchange","VampireKiss+1"],"picked":"SKIP","floor":74},{"not_picked":["EndlessAdversity","VampireKiss+1"],"picked":"EquivalentExchange","floor":74},{"not_picked":["TwelveNightmare","ScarletDream+1","DiffusionOfMisfortune"],"picked":"SKIP","floor":76},{"not_picked":["NightDance+1","StarOfDavid","DiffusionOfMisfortune+1"],"picked":"SKIP","floor":78},{"not_picked":["BloodHunter","BadLadyScramble","MiserableFate"],"picked":"SKIP","floor":79},{"not_picked":["ScarletCoffin","BloodySeventeenLaser"],"picked":"UnderTheZenith+1","floor":80},{"not_picked":["BloodySeventeenLaser","HeartBreak"],"picked":"CurseOfVladTepes","floor":84},{"not_picked":["ScarletDevil+1","VampirishNight+1","UnderTheZenith+1"],"picked":"SKIP","floor":86},{"not_picked":["VampireSweep","StarOfDavid","ScarletDevil"],"picked":"SKIP","floor":87},{"not_picked":["SuperhumanBloodyKnife","LeisurelyOfLord","BloodHunter+1"],"picked":"SKIP","floor":90},{"not_picked":["DiffusionOfMisfortune+1","SuperhumanBloodyKnife","MastersStateliness"],"picked":"SKIP","floor":92},{"not_picked":["BloodHunter+1","DiffusionOfMisfortune+1","UltimateOffering+1"],"picked":"SKIP","floor":95},{"not_picked":["BombardNight+1","TricksterDevil","BadLadyScramble+1"],"picked":"SKIP","floor":96},{"not_picked":["RedRainbow+1","FavorOfDestiny+1","BloodHunter"],"picked":"SKIP","floor":98},{"not_picked":["StarOfDavid+1","BlasphemousPunishment+1","UnstableMagic"],"picked":"SKIP","floor":99},{"not_picked":["ForecastOfChange+1","BloodyCatastrophe"],"picked":"TransientEternity","floor":101},{"not_picked":["MastersStateliness","DiffusionOfMisfortune+1","RedRainbow+1"],"picked":"SKIP","floor":103},{"not_picked":["CharismaGuard","BombardNight+1","SuperhumanBloodyKnife+1"],"picked":"SKIP","floor":105},{"not_picked":["ScarletGensokyo","MastersStateliness"],"picked":"BloodyCatastrophe","floor":106},{"not_picked":["FavorOfDestiny","AfternoonTea","BombardNight+1"],"picked":"SKIP","floor":107}],"player_experience":224630,"relics_obtained":[{"floor":6,"key":"RedBat"},{"floor":23,"key":"Potion Belt"},{"floor":26,"key":"RuthlessExorcism:ReiMu"},{"floor":30,"key":"infinitespire:Broken Mirror"},{"floor":43,"key":"infinitespire:ShieldingShard"},{"floor":60,"key":"Mercury Hourglass"},{"floor":63,"key":"Regal Pillow"},{"floor":65,"key":"Tea:ReiMu"},{"floor":74,"key":"PreservedInsect"},{"floor":77,"key":"Blue Candle"},{"floor":80,"key":"Peace Pipe"},{"floor":82,"key":"Turnip"},{"floor":82,"key":"infinitespire:CheckeredPen"},{"floor":92,"key":"Kunai"},{"floor":94,"key":"Darkstone Periapt"}],"event_choices":[{"cards_removed":["Defend_RM"],"damage_healed":0,"gold_gain":0,"player_choice":"Card Removal","damage_taken":7,"max_hp_gain":0,"max_hp_loss":0,"event_name":"Golden Wing","floor":3,"gold_loss":0},{"damage_healed":0,"gold_gain":0,"player_choice":"Lose Max HP","damage_taken":0,"relics_obtained":["Golden Idol"],"max_hp_gain":0,"max_hp_loss":6,"event_name":"Golden Idol","floor":5,"gold_loss":0},{"damage_healed":0,"gold_gain":0,"player_choice":"π∫¬Ú…Òæ∆","damage_taken":0,"relics_obtained":["ZunR:ReiMu"],"max_hp_gain":0,"max_hp_loss":0,"event_name":"ZunEvent","floor":20,"gold_loss":40},{"damage_healed":0,"gold_gain":0,"player_choice":"Ignored","damage_taken":0,"max_hp_gain":0,"max_hp_loss":0,"event_name":"The Moai Head","floor":45,"gold_loss":0},{"damage_healed":0,"gold_gain":0,"player_choice":"Paid","damage_taken":0,"relics_obtained":["Red Mask"],"max_hp_gain":0,"max_hp_loss":0,"event_name":"Tomb of Lord Red Mask","floor":48,"gold_loss":181},{"damage_healed":0,"gold_gain":99,"player_choice":"Stole From Cult","damage_taken":0,"max_hp_gain":0,"max_hp_loss":0,"event_name":"Nest","floor":70,"gold_loss":0},{"damage_healed":0,"gold_gain":0,"player_choice":"Fight","damage_taken":0,"max_hp_gain":0,"max_hp_loss":0,"event_name":"Colosseum","floor":82,"gold_loss":0},{"damage_healed":0,"gold_gain":0,"player_choice":"Fought Nobs","damage_taken":0,"max_hp_gain":0,"max_hp_loss":0,"event_name":"Colosseum","floor":82,"gold_loss":0},{"damage_healed":0,"gold_gain":0,"player_choice":"Ignored","damage_taken":0,"max_hp_gain":0,"max_hp_loss":0,"event_name":"OrinTheCat","floor":89,"gold_loss":0},{"damage_healed":0,"gold_gain":0,"player_choice":"Paid Gold","damage_taken":0,"relics_obtained":["Replay:Baseball"],"max_hp_gain":0,"max_hp_loss":0,"event_name":"WeMeetAgain","floor":104,"gold_loss":90}],"is_beta":false,"boss_relics":[{"not_picked":["Replay:Drink Me","Astrolabe"],"picked":"Cursed Key"},{"not_picked":["APieceOfRedMist","Replay:Wanted Poster"],"picked":"Philosopher\u0027s Stone"},{"not_picked":["infinitespire:Cupcake","ReplayTheSpireMod:SealedPack"],"picked":"ChewingGum"},{"not_picked":["SacredBark","Runic Pyramid","ReplayTheSpireMod:DimensionalGlitch"]},{"not_picked":["Runic Dome","Snecko Eye"],"picked":"Astrolabe"},{"not_picked":["Velvet Choker","Calling Bell"],"picked":"Coffee Dripper"}],"items_purged_floors":[0,2,21,31,39,72,88],"is_endless":true,"potions_floor_spawned":[12,14,16,19,24,29,38,41,42,47,52,54,56,69,76,78,80,84,92,95,98,99,103,107],"killed_by":"Nightmare_Alpha","ascension_level":0}}