{"host":"cvgulky4xr711dtb","time":1611095071,"event":{"mods":["AchievementEnabler","BaseMod","BetterRewards","Highlight Path","Minty Spire (QoL Compilation)"],"gold_per_floor":[112,112,112,84,49,49,62,72,98,98,98,173,173,183,183,279,279,293,293,311,311,231,231,247,247,247,247,347,371,389,407,407,407,407],"floor_reached":33,"language":"ENG","playtime":2367,"items_purged":["Decay","Defend_P"],"score":258,"play_id":"84ae0f17-f591-45d7-b315-e6dbdd4c3469","local_time":"20210119222431","is_ascension_mode":false,"campfire_choices":[{"floor":6,"key":"REST"},{"floor":10,"key":"REST"},{"data":"Eruption","floor":13,"key":"SMITH"},{"data":"Tantrum","floor":15,"key":"SMITH"},{"data":"CutThroughFate","floor":23,"key":"SMITH"},{"data":"MentalFortress","floor":25,"key":"SMITH"},{"floor":32,"key":"REST"}],"circlet_count":0,"master_deck":["Strike_P","Strike_P","Strike_P","Strike_P+1","Defend_P","Defend_P+1","Defend_P","Eruption+1","Vigilance","Pray","EmptyFist","MentalFortress+1","Tantrum+1","Consecrate","Conclude","Brilliance","CutThroughFate+1","BowlingBash+1","ThirdEye","Pray","ClearTheMind","TalkToTheHand+1","DeceiveReality+1"],"relics":["PureWater","Ice Cream","The Courier","Sozu","Mummified Hand","Mango","Blue Candle","PreservedInsect"],"acts_visited":["TheCity"],"potions_floor_usage":[8,14,16],"damage_taken":[{"damage":15,"enemies":"Small Slimes","floor":1,"turns":2},{"damage":1,"enemies":"2 Louse","floor":7,"turns":2},{"damage":0,"enemies":"Jaw Worm","floor":8,"turns":3},{"damage":0,"enemies":"Exordium Thugs","floor":14,"turns":2},{"damage":22,"enemies":"Slime Boss","floor":16,"turns":7},{"damage":4,"enemies":"2 Thieves","floor":18,"turns":2},{"damage":0,"enemies":"3 Byrds","floor":20,"turns":4},{"damage":11,"enemies":"Snecko","floor":24,"turns":4},{"damage":24,"enemies":"Colosseum Slavers","floor":28,"turns":4},{"damage":14,"enemies":"Colosseum Nobs","floor":28,"turns":3},{"damage":3,"enemies":"3 Cultists","floor":30,"turns":5},{"damage":10,"enemies":"Shelled Parasite and Fungi","floor":31,"turns":4},{"damage":62,"enemies":"Collector","floor":33,"turns":8}],"seed_played":"-5556297000303288599","potions_obtained":[{"floor":1,"key":"BlessingOfTheForge"},{"floor":8,"key":"DistilledChaos"},{"floor":14,"key":"PowerPotion"}],"is_trial":false,"path_per_floor":["M","?","?","$","?","R","M","M","T","R","?","?","R","M","R","B",null,"M","?","M","?","$","R","M","R","T","?","?","T","M","M","R","B"],"character_chosen":"WATCHER","items_purchased":["MentalFortress"],"campfire_rested":3,"item_purchase_floors":[4],"current_hp_per_floor":[50,36,18,18,36,57,56,56,56,72,72,61,61,61,61,39,72,68,55,55,55,55,55,44,44,44,44,20,20,17,7,34,0,0],"gold":407,"neow_bonus":"","is_daily":false,"chose_seed":false,"campfire_upgraded":4,"win_rate":0.0,"timestamp":1611095071,"path_taken":["M","?","?","$","?","R","M","M","T","R","?","?","R","M","R","BOSS","M","?","M","?","$","R","M","R","T","?","?","?","?","M","R","BOSS"],"items_purchased_type":["Card"],"build_version":"2020-12-22","purchased_purges":2,"victory":false,"max_hp_per_floor":[72,72,72,72,72,72,72,72,72,72,72,72,72,72,72,72,72,72,77,77,77,77,77,77,77,77,77,91,91,91,91,91,91,91],"card_choices":[{"not_picked":["PathToVictory","Worship"],"picked":"EmptyFist","floor":1},{"not_picked":["ForeignInfluence","Pray"],"picked":"Tantrum","floor":7},{"not_picked":["JustLucky","PathToVictory"],"picked":"Consecrate","floor":8},{"not_picked":["WheelKick","PathToVictory"],"picked":"Conclude","floor":14},{"not_picked":["Vault","Blasphemy"],"picked":"Brilliance","floor":16},{"not_picked":["CrushJoints","ThirdEye"],"picked":"CutThroughFate","floor":18},{"not_picked":["Crescendo","CrushJoints"],"picked":"BowlingBash+1","floor":20},{"not_picked":["Tantrum","Crescendo"],"picked":"Pray","floor":24},{"not_picked":["Crescendo","MentalFortress+1"],"picked":"ClearTheMind","floor":28},{"not_picked":["MentalFortress+1","Halt"],"picked":"TalkToTheHand+1","floor":30},{"not_picked":["Protect","Study+1"],"picked":"DeceiveReality+1","floor":31}],"player_experience":205691,"relics_obtained":[{"floor":26,"key":"Mummified Hand"},{"floor":28,"key":"Mango"},{"floor":28,"key":"Blue Candle"},{"floor":29,"key":"PreservedInsect"}],"event_choices":[{"damage_healed":0,"gold_gain":0,"player_choice":"Entered Light","damage_taken":14,"max_hp_gain":0,"max_hp_loss":0,"event_name":"Shining Light","floor":2,"gold_loss":0,"cards_upgraded":["Strike_P","Defend_P"]},{"damage_healed":0,"gold_gain":0,"player_choice":"Success","damage_taken":18,"relics_obtained":["The Courier"],"max_hp_gain":0,"max_hp_loss":0,"event_name":"Scrap Ooze","floor":3,"gold_loss":0},{"damage_healed":18,"gold_gain":0,"player_choice":"Healed","damage_taken":0,"max_hp_gain":0,"max_hp_loss":0,"event_name":"The Cleric","floor":5,"gold_loss":35},{"damage_healed":0,"gold_gain":0,"player_choice":"Ignored","damage_taken":0,"max_hp_gain":0,"max_hp_loss":0,"event_name":"Golden Idol","floor":11,"gold_loss":0},{"damage_healed":0,"gold_gain":75,"player_choice":"Gather Gold","damage_taken":11,"max_hp_gain":0,"max_hp_loss":0,"event_name":"World of Goop","floor":12,"gold_loss":0},{"damage_healed":0,"gold_gain":0,"player_choice":"Shed Blood","damage_taken":18,"max_hp_gain":5,"max_hp_loss":0,"event_name":"Forgotten Altar","floor":19,"gold_loss":0},{"damage_healed":0,"gold_gain":0,"player_choice":"Read","damage_taken":0,"max_hp_gain":0,"max_hp_loss":0,"event_name":"The Library","floor":21,"gold_loss":0,"cards_obtained":["ThirdEye"]},{"damage_healed":0,"gold_gain":0,"player_choice":"Ignored","damage_taken":0,"max_hp_gain":0,"max_hp_loss":0,"event_name":"Ghosts","floor":27,"gold_loss":0},{"damage_healed":0,"gold_gain":0,"player_choice":"Fight","damage_taken":0,"max_hp_gain":0,"max_hp_loss":0,"event_name":"Colosseum","floor":28,"gold_loss":0},{"damage_healed":0,"gold_gain":0,"player_choice":"Fought Nobs","damage_taken":0,"max_hp_gain":0,"max_hp_loss":0,"event_name":"Colosseum","floor":28,"gold_loss":0}],"is_beta":false,"boss_relics":[{"not_picked":["Velvet Choker","Fusion Hammer"],"picked":"Sozu"}],"items_purged_floors":[0,22],"is_endless":false,"potions_floor_spawned":[1,8,14,18,20,24,28,31],"killed_by":"Collector","ascension_level":0}}