{"host":"l7l2v2zs4hqku4vk","time":1611056765,"event":{"mods":["Act Like it!","BaseMod","Colored Powertips","Highlight Path","Minty Spire (QoL Compilation)","Replay The Spire","RumiaBox-露米娅的神秘盒子","StSLib","TestMod","The Servant 0.9.4","篝火指南"],"gold_per_floor":[119,119,119,129,129,129,157,200,200,42,53,53,72,107,107,181,181,199,214,227,152,163,191,37,37,37,37,37,52,52,67,67,145,145,162,187,34,34,434,464,464,490,515,527,261,276,305,321,98,98,98],"floor_reached":50,"language":"ZHS","playtime":2068,"items_purged":["Strike_R","Pain","Sword Boomerang+1"],"score":1291,"play_id":"fa600de4-bc46-49b6-ba6c-40c5199454e5","local_time":"20210119194605","is_ascension_mode":true,"campfire_choices":[{"data":"Sword Boomerang","floor":6,"key":"SMITH"},{"floor":12,"key":"REST"},{"data":"Carnage","floor":15,"key":"SMITH"},{"floor":25,"key":"REST"},{"data":"Body Slam","floor":28,"key":"SMITH"},{"data":"Metallicize","floor":32,"key":"SMITH"},{"floor":41,"key":"RECALL"}],"circlet_count":0,"master_deck":["AscendersBane","Strike_R","Strike_R","Strike_R+1","Strike_R","Defend_R+2","Defend_R+1","Defend_R","Defend_R+1","Bash","Pommel Strike+1","Seeing Red+1","Rage+1","Flame Barrier+1","Carnage+1","Metallicize+1","Juggernaut+1","Shrug It Off+1","Shrug It Off+1","Body Slam+1","Reaper+1","True Grit+1","Immolate+1","Evolve","Entrench+1","Madness+1","Madness+1","Spot Weakness+1","Berserk+1","Armaments+1","testmod-ConditionedReflex"],"relics":["Burning Blood","testmod-TestBox","NeowsBlessing","Toxic Egg 2","Ring of Searing","ReplayTheSpireMod:Ring of Exchange","ReplayTheSpireMod:TigerMarble","Ancient Tea Set","Golden Egg","Potion Belt","Boot","testmod-Prudence","testmod-IncinerationGenerator","ReplayTheSpireMod:Lightbulb","King of Hearts","testmod-TestBox","Replay:Grab Bag","Medical Kit","Cursed Key","Sozu","Snecko Eye","Ginger","Replay:Bottled Flurry","War Paint","Simple Rune","Red Skull"],"acts_visited":["Exordium","TheCity","TheBeyond"],"potions_floor_usage":[16,16,16,23,23],"damage_taken":[{"damage":0,"enemies":"2 Louse","floor":1,"turns":1},{"damage":0,"enemies":"Small Slimes","floor":4,"turns":1},{"damage":15,"enemies":"3 Sentries","floor":7,"turns":3},{"damage":13,"enemies":"Jaw Worm","floor":11,"turns":2},{"damage":0,"enemies":"2 Fungi Beasts","floor":13,"turns":1},{"damage":3,"enemies":"Gremlin Nob","floor":14,"turns":3},{"damage":44,"enemies":"Hexaghost","floor":16,"turns":4},{"damage":16,"enemies":"2 Thieves","floor":18,"turns":2},{"damage":29,"enemies":"Shell Parasite","floor":19,"turns":4},{"damage":34,"enemies":"Sentry and Sphere","floor":20,"turns":4},{"damage":3,"enemies":"Centurion and Healer","floor":22,"turns":3},{"damage":12,"enemies":"Replay:Snechameleon","floor":23,"turns":5},{"damage":0,"enemies":"Snecko","floor":29,"turns":2},{"damage":4,"enemies":"Chosen and Byrds","floor":31,"turns":4},{"damage":33,"enemies":"Automaton","floor":33,"turns":6},{"damage":17,"enemies":"Orb Walker","floor":35,"turns":2},{"damage":10,"enemies":"Mind Bloom Boss Battle","floor":36,"turns":3},{"damage":22,"enemies":"Nemesis","floor":40,"turns":5},{"damage":39,"enemies":"Reptomancer","floor":42,"turns":5},{"damage":8,"enemies":"3 Shapes","floor":44,"turns":4},{"damage":6,"enemies":"3 Darklings","floor":46,"turns":3},{"damage":38,"enemies":"R_Hoarder","floor":47,"turns":7},{"damage":18,"enemies":"Writhing Mass","floor":48,"turns":4},{"damage":88,"enemies":"Awakened One","floor":50,"turns":7}],"seed_played":"-7937570453591955926","potions_obtained":[{"floor":8,"key":"SpeedPotion"},{"floor":8,"key":"Elixir"},{"floor":11,"key":"BloodPotion"},{"floor":14,"key":"Fire Potion"},{"floor":16,"key":"SpeedPotion"},{"floor":19,"key":"SkillPotion"},{"floor":20,"key":"HeartOfIron"}],"is_trial":false,"path_per_floor":["M","?","?","M","?","R","E","?","T","$","M","R","M","E","R","B",null,"M","M","M","?","M","E","$","R","T","$","R","M","?","M","R","B",null,"M","?","$","?","?","E","R","E","T","M","$","M","E","M","R","B"],"character_chosen":"IRONCLAD","items_purchased":["Potion Belt","Reaper","Entrench+1","Simple Rune","testmod-ConditionedReflex"],"campfire_rested":2,"item_purchase_floors":[10,24,37,45,49],"current_hp_per_floor":[122,117,129,135,94,94,85,41,41,41,34,74,80,83,83,72,119,109,86,58,58,61,55,55,95,95,95,95,101,101,103,103,113,130,119,119,119,95,95,79,79,64,64,93,93,93,70,58,58,0,0],"gold":98,"neow_bonus":"THREE_ENEMY_KILL","is_daily":false,"chose_seed":false,"campfire_upgraded":4,"win_rate":0.0,"timestamp":1611056765,"path_taken":["M","?","?","M","?","R","E","?","T","$","M","R","?","E","R","BOSS","M","M","M","?","M","E","$","R","T","$","R","M","?","M","R","BOSS","M","?","$","?","?","E","R","E","T","M","?","M","E","M","R","BOSS"],"items_purchased_type":["Relic","Card","Card","Relic","Card"],"build_version":"2020-12-22","purchased_purges":3,"victory":false,"max_hp_per_floor":[123,123,135,135,135,135,135,135,135,135,135,135,135,135,135,135,135,135,135,135,135,135,135,135,135,135,135,135,135,135,135,135,135,135,135,135,135,135,135,135,135,135,135,135,135,135,135,135,135,135,135],"card_choices":[{"not_picked":["ReplayTheSpireMod:Strike From Hell","Anger"],"picked":"Sword Boomerang","floor":1},{"not_picked":["Hemokinesis","Defy Death+1"],"picked":"Pommel Strike","floor":4},{"not_picked":["Cleave","Battle Trance+1"],"picked":"Seeing Red+1","floor":7},{"not_picked":["Shockwave+1","Body Slam"],"picked":"Rage+1","floor":8},{"not_picked":["Havoc+1","Massacre"],"picked":"Flame Barrier+1","floor":11},{"not_picked":["Replay:Undeath\u0027s Touch","Sword Boomerang"],"picked":"Carnage","floor":13},{"not_picked":["ReplayTheSpireMod:LeadingStrike","Demon Form"],"picked":"Metallicize","floor":14},{"not_picked":["Exhume+1","Eclipse+1"],"picked":"Juggernaut","floor":16},{"not_picked":["ReplayTheSpireMod:Limb From Limb","Dark Embrace"],"picked":"Shrug It Off+1","floor":18},{"not_picked":["Headbutt","Perfected Strike+1","Clothesline"],"picked":"SKIP","floor":19},{"not_picked":["Twin Strike","Pommel Strike","Hemokinesis+1"],"picked":"SKIP","floor":20},{"not_picked":["ReplayTheSpireMod:Stacked+1","Run Through"],"picked":"Shrug It Off+1","floor":22},{"not_picked":["ReplayTheSpireMod:Muscle Training+1","Evolve"],"picked":"Body Slam","floor":23},{"not_picked":["Sword Boomerang","Iron Wave","Combust"],"picked":"SKIP","floor":29},{"not_picked":["Eclipse+1","Blood for Blood"],"picked":"True Grit+1","floor":31},{"not_picked":["Hemogenesis","Feed"],"picked":"Immolate","floor":33},{"not_picked":["Rage+1","Havoc+1"],"picked":"Evolve","floor":35},{"not_picked":["Shockwave+1","Cleave+1"],"picked":"Spot Weakness+1","floor":40},{"not_picked":["Searing Blow","Shrug It Off+1","Sentinel+1"],"picked":"SKIP","floor":42},{"not_picked":["Life Link+1","Uppercut","Blood for Blood+1"],"picked":"SKIP","floor":44},{"not_picked":["True Grit+1","Iron Wave+1"],"picked":"Berserk","floor":46},{"not_picked":["Blood for Blood","Iron Wave+1"],"picked":"Armaments+1","floor":47},{"not_picked":["Havoc+1","Evolve","Warcry+1"],"picked":"SKIP","floor":48}],"player_experience":1713713,"relics_obtained":[{"floor":3,"key":"Ring of Searing"},{"floor":3,"key":"ReplayTheSpireMod:Ring of Exchange"},{"floor":7,"key":"ReplayTheSpireMod:TigerMarble"},{"floor":8,"key":"Ancient Tea Set"},{"floor":9,"key":"Golden Egg"},{"floor":14,"key":"Boot"},{"floor":23,"key":"ReplayTheSpireMod:Lightbulb"},{"floor":26,"key":"King of Hearts"},{"floor":36,"key":"Ginger"},{"floor":40,"key":"Replay:Bottled Flurry"},{"floor":42,"key":"War Paint"},{"floor":47,"key":"Red Skull"}],"event_choices":[{"damage_healed":0,"gold_gain":0,"player_choice":"Success","damage_taken":5,"relics_obtained":["Toxic Egg 2"],"max_hp_gain":0,"max_hp_loss":0,"event_name":"Scrap Ooze","floor":2,"gold_loss":0},{"damage_healed":0,"gold_gain":0,"player_choice":"Entered Light","damage_taken":41,"max_hp_gain":0,"max_hp_loss":0,"event_name":"Shining Light","floor":5,"gold_loss":0,"cards_upgraded":["Pommel Strike","Defend_R"]},{"cards_removed":["Languid"],"damage_healed":0,"gold_gain":0,"player_choice":"Gave Gold","damage_taken":0,"max_hp_gain":0,"max_hp_loss":0,"event_name":"Beggar","floor":21,"gold_loss":75},{"damage_healed":0,"gold_gain":0,"player_choice":"Swap Relic","damage_taken":0,"relics_obtained":["testmod-TestBox"],"max_hp_gain":0,"max_hp_loss":0,"event_name":"给自己的盒子","floor":30,"relics_lost":["Blue Candle"],"gold_loss":0},{"damage_healed":0,"gold_gain":0,"player_choice":"Fight","damage_taken":0,"max_hp_gain":0,"max_hp_loss":0,"event_name":"MindBloom","floor":36,"gold_loss":0},{"damage_healed":0,"gold_gain":0,"player_choice":"Embrace Madness","damage_taken":24,"max_hp_gain":0,"max_hp_loss":0,"event_name":"Winding Halls","floor":38,"gold_loss":0,"cards_obtained":["Madness","Madness"]},{"damage_healed":0,"gold_gain":400,"player_choice":"Sell","damage_taken":0,"max_hp_gain":0,"max_hp_loss":0,"event_name":"恩洛斯的盘子","floor":39,"relics_lost":["testmod-SevenDeadlySins"],"gold_loss":0}],"is_beta":false,"boss_relics":[{"not_picked":["Honey Jar","Strange Spoon"],"picked":"testmod-IncinerationGenerator"},{"not_picked":["testmod-StringDisintegrator","ReplayTheSpireMod:DimensionalGlitch"],"picked":"Medical Kit"},{"not_picked":["SlaversCollar","Coffee Dripper"],"picked":"Cursed Key"},{"not_picked":["Circlet","Circlet"],"picked":"Sozu"},{"not_picked":["Calling Bell","EasyGame_NEW"],"picked":"Snecko Eye"}],"items_purged_floors":[37,45,49],"is_endless":false,"potions_floor_spawned":[11,14,16,19,20,22,36,42,44,46,48],"killed_by":"Awakened One","ascension_level":20}}