{"host":"7sni158j623xchr2","time":1611027100,"event":{"mods":["BaseMod","Colored Map","Highlight Path","Minty Spire (QoL Compilation)","Permanent Neow","Potion Indicator Mod","Rare Cards Sparkle","Relic Sorter","Relic Stats","StSLib","everything is the same but u backflip on backflip"],"gold_per_floor":[118,193,193,0,0,0,28,28,28,55,55,83,99,126,126,225,225,235,235,91,16,16,48,79,79,106,135,147,167,167,19,19,120,120,138,154,180,29,1028,1028,1008,1022,1049,1094,1106,1118,1147,1159,1171,1183,1195,1207,59,88,88,88],"floor_reached":55,"language":"ENG","playtime":1817,"items_purged":["Strike_G","Defend_G","Strike_G+1"],"score":1095,"play_id":"267d010c-78eb-4e3d-b2d6-c36334f21d62","local_time":"20210118213140","is_ascension_mode":true,"campfire_choices":[{"data":"Dash","floor":6,"key":"SMITH"},{"data":"Masterful Stab","floor":8,"key":"SMITH"},{"data":"Terror","floor":15,"key":"SMITH"},{"data":"Phantasmal Killer","floor":25,"key":"SMITH"},{"data":"Glass Knife","floor":30,"key":"SMITH"},{"data":"Footwork","floor":32,"key":"SMITH"},{"data":"Die Die Die","floor":40,"key":"SMITH"},{"floor":49,"key":"RECALL"},{"data":"Well Laid Plans","floor":52,"key":"SMITH"}],"circlet_count":0,"master_deck":["Defend_G","Defend_G+1","Defend_G","Survivor+1","Neutralize","Flying Knee","Masterful Stab+1","Blur","Footwork+1","Escape Plan","Terror+1","Phantasmal Killer+1","Heel Hook+1","Wraith Form v2+1","Malaise+1","Well Laid Plans+1","PiercingWail","Glass Knife+1","Backflip+1","PiercingWail","Die Die Die+1","Normality","Master of Strategy","Deep Breath","Caltrops","Flash of Steel","Expertise+1"],"relics":["Ring of the Snake","NeowsBlessing","Pear","Gambling Chip","FossilizedHelix","WingedGreaves","Meat on the Bone","Ninja Scroll","Astrolabe","Bag of Preparation","Lantern","Pen Nib","PreservedInsect","Omamori","Calling Bell","Juzu Bracelet","Matryoshka","Lizard Tail","Shuriken","Sling","Darkstone Periapt","MawBank","Dream Catcher","Anchor","Mango","Frozen Eye","War Paint"],"acts_visited":["Exordium","TheCity","TheBeyond","TheEnding"],"potions_floor_usage":[12,36,50,50,54,55,55],"damage_taken":[{"damage":0,"enemies":"2 Louse","floor":1,"turns":1},{"damage":0,"enemies":"3 Sentries","floor":7,"turns":1},{"damage":0,"enemies":"Lagavulin","floor":10,"turns":1},{"damage":0,"enemies":"3 Sentries","floor":12,"turns":8},{"damage":0,"enemies":"Small Slimes","floor":13,"turns":2},{"damage":0,"enemies":"Lagavulin","floor":14,"turns":6},{"damage":0,"enemies":"The Guardian","floor":16,"turns":9},{"damage":0,"enemies":"Spheric Guardian","floor":18,"turns":4},{"damage":10,"enemies":"Slavers","floor":23,"turns":8},{"damage":0,"enemies":"Gremlin Leader","floor":24,"turns":7},{"damage":0,"enemies":"Book of Stabbing","floor":27,"turns":4},{"damage":0,"enemies":"2 Thieves","floor":28,"turns":3},{"damage":0,"enemies":"3 Cultists","floor":29,"turns":5},{"damage":12,"enemies":"Champ","floor":33,"turns":12},{"damage":0,"enemies":"3 Shapes","floor":35,"turns":6},{"damage":32,"enemies":"3 Darklings","floor":36,"turns":5},{"damage":0,"enemies":"Spire Growth","floor":42,"turns":5},{"damage":0,"enemies":"Nemesis","floor":44,"turns":5},{"damage":0,"enemies":"Maw","floor":47,"turns":9},{"damage":118,"enemies":"Donu and Deca","floor":50,"turns":14},{"damage":26,"enemies":"Shield and Spear","floor":54,"turns":9},{"damage":80,"enemies":"The Heart","floor":55,"turns":14}],"seed_played":"-2451016406299762884","potions_obtained":[{"floor":7,"key":"Strength Potion"},{"floor":10,"key":"ColorlessPotion"},{"floor":16,"key":"FairyPotion"},{"floor":18,"key":"LiquidMemories"},{"floor":33,"key":"DistilledChaos"},{"floor":41,"key":"CultistPotion"}],"is_trial":false,"path_per_floor":["M","?","?","$","?","R","E","R","T","E","?","E","M","E","R","B",null,"M","?","$","?","?","E","E","R","T","E","M","M","R","$","R","B",null,"M","M","T","$","?","R","?","M","T","E","?","?","M","?","R","B",null,"R","$","E","B"],"character_chosen":"THE_SILENT","items_purchased":["Dash","Masterful Stab","Bag of Preparation","PiercingWail","Sling","Anchor","Mango","Frozen Eye","Caltrops","LiquidMemories","FearPotion","Fire Potion","Flash of Steel","Expertise"],"campfire_rested":0,"item_purchase_floors":[4,4,20,31,38,53,53,53,53,53,53,53,53,53],"current_hp_per_floor":[70,59,45,45,50,50,60,60,60,60,42,42,54,54,54,54,85,85,85,85,85,85,75,75,75,75,75,75,75,75,75,75,63,85,85,53,53,53,53,53,53,53,53,53,53,43,43,43,43,16,85,85,99,73,0,0],"gold":88,"neow_bonus":"THREE_ENEMY_KILL","is_daily":false,"chose_seed":false,"campfire_upgraded":8,"win_rate":0.0,"timestamp":1611027100,"path_taken":["M","?","?","$","?","R","E","R","T","E","?","E","M","E","R","BOSS","M","?","$","?","?","E","E","R","T","E","?","M","R","$","R","BOSS","M","M","?","$","?","R","?","M","T","E","?","?","M","?","R","BOSS","R","$","E","BOSS"],"items_purchased_type":["Card","Card","Relic","Card","Relic","Relic","Relic","Relic","Card","Potion","Potion","Potion","Card","Card"],"build_version":"2020-12-22","purchased_purges":3,"victory":false,"max_hp_per_floor":[70,70,70,70,75,75,85,85,85,85,85,85,85,85,85,85,85,85,85,85,85,85,85,85,85,85,85,85,85,85,85,85,85,85,85,85,85,85,85,85,85,85,85,85,85,85,85,85,85,85,85,85,99,99,99,99],"relic_stats":{"Darkstone Periapt":0,"counters":[22,138],"Astrolabe":["Heel Hook","Wraith Form v2","Malaise"],"Pen Nib":[17],"PreservedInsect":155,"Bag of Preparation":[0],"Juzu Bracelet":2,"War Paint":["Expertise","Survivor"],"MawBank":120,"Lizard Tail":42,"Dream Catcher":0,"Shuriken":[14],"Gambling Chip":[23],"obtain_stats":[{"Darkstone Periapt":43,"Lantern":23,"Mango":53,"Bag of Preparation":20,"Juzu Bracelet":34,"Sling":38,"Frozen Eye":53,"Lizard Tail":34,"Dream Catcher":44,"Matryoshka":34,"Ninja Scroll":14,"Gambling Chip":9,"WingedGreaves":11,"Ring of the Snake":0,"Pear":7,"NeowsBlessing":0,"Astrolabe":17,"Pen Nib":24,"PreservedInsect":26,"Omamori":27,"War Paint":54,"MawBank":43,"Calling Bell":34,"Anchor":53,"Shuriken":37,"FossilizedHelix":10,"Meat on the Bone":12},{"Darkstone Periapt":17,"Lantern":9,"Mango":20,"Bag of Preparation":8,"Juzu Bracelet":14,"Sling":16,"Frozen Eye":20,"Lizard Tail":14,"Dream Catcher":18,"Matryoshka":14,"Ninja Scroll":6,"Gambling Chip":2,"WingedGreaves":3,"Ring of the Snake":0,"Pear":2,"NeowsBlessing":0,"Astrolabe":7,"Pen Nib":10,"PreservedInsect":10,"Omamori":11,"War Paint":21,"MawBank":17,"Calling Bell":14,"Anchor":20,"Shuriken":16,"FossilizedHelix":3,"Meat on the Bone":4},{"Darkstone Periapt":87,"Lantern":40,"Mango":115,"Bag of Preparation":32,"Juzu Bracelet":71,"Sling":82,"Frozen Eye":115,"Lizard Tail":71,"Dream Catcher":92,"Matryoshka":71,"Ninja Scroll":19,"Gambling Chip":2,"WingedGreaves":3,"Ring of the Snake":0,"Pear":2,"NeowsBlessing":0,"Astrolabe":28,"Pen Nib":47,"PreservedInsect":47,"Omamori":51,"War Paint":124,"MawBank":87,"Calling Bell":71,"Anchor":115,"Shuriken":82,"FossilizedHelix":3,"Meat on the Bone":11}],"Ring of the Snake":[44],"Meat on the Bone":24},"card_choices":[{"not_picked":["Deflect","Dagger Throw"],"picked":"Flying Knee","floor":1},{"not_picked":["Dodge and Roll","Leg Sweep"],"picked":"Blur","floor":7},{"not_picked":["Distraction","Setup"],"picked":"Footwork","floor":10},{"not_picked":["Dagger Throw","Masterful Stab"],"picked":"Escape Plan","floor":12},{"not_picked":["Expertise","Tactician"],"picked":"Terror","floor":13},{"not_picked":["Venomology","Tactician","Dagger Spray"],"picked":"SKIP","floor":14},{"not_picked":["Bullet Time","Night Terror"],"picked":"Phantasmal Killer","floor":16},{"not_picked":["Tactician","Choke+1"],"picked":"Well Laid Plans","floor":18},{"not_picked":["Sucker Punch","Riddle With Holes"],"picked":"PiercingWail","floor":23},{"not_picked":["Bane","Prepared","Slice+1"],"picked":"SKIP","floor":24},{"not_picked":["Leg Sweep","Slice"],"picked":"Glass Knife","floor":27},{"not_picked":["Heel Hook+1","Escape Plan"],"picked":"Backflip+1","floor":28},{"not_picked":["Backflip","Slice","Outmaneuver"],"picked":"SKIP","floor":29},{"not_picked":["Corpse Explosion","Unload"],"picked":"Die Die Die","floor":33},{"not_picked":["Bane+1","Outmaneuver+1","Blade Dance+1"],"picked":"SKIP","floor":35},{"not_picked":["Skewer+1","Prepared","Acrobatics"],"picked":"SKIP","floor":36},{"not_picked":["Predator+1","Tactician","Riddle With Holes"],"picked":"SKIP","floor":42},{"not_picked":["All Out Attack","Slice+1","Flying Knee+1"],"picked":"SKIP","floor":44},{"not_picked":["Panache","Trip"],"picked":"Master of Strategy","floor":46},{"not_picked":["Secret Weapon","Violence"],"picked":"Deep Breath","floor":46},{"not_picked":["Noxious Fumes","Reflex+1","Backflip"],"picked":"SKIP","floor":47},{"not_picked":["Poisoned Stab","Tactician+1","Heel Hook"],"picked":"SKIP","floor":54}],"player_experience":1644692,"relics_obtained":[{"floor":7,"key":"Pear"},{"floor":9,"key":"Gambling Chip"},{"floor":10,"key":"FossilizedHelix"},{"floor":12,"key":"Meat on the Bone"},{"floor":14,"key":"Ninja Scroll"},{"floor":23,"key":"Lantern"},{"floor":24,"key":"Pen Nib"},{"floor":26,"key":"PreservedInsect"},{"floor":27,"key":"Omamori"},{"floor":34,"key":"Juzu Bracelet"},{"floor":34,"key":"Matryoshka"},{"floor":34,"key":"Lizard Tail"},{"floor":37,"key":"Shuriken"},{"floor":43,"key":"Darkstone Periapt"},{"floor":43,"key":"MawBank"},{"floor":44,"key":"Dream Catcher"},{"floor":54,"key":"War Paint"}],"event_choices":[{"damage_healed":0,"gold_gain":75,"player_choice":"Gather Gold","damage_taken":11,"max_hp_gain":0,"max_hp_loss":0,"event_name":"World of Goop","floor":2,"gold_loss":0},{"damage_healed":0,"gold_gain":0,"player_choice":"Entered Light","damage_taken":14,"max_hp_gain":0,"max_hp_loss":0,"event_name":"Shining Light","floor":3,"gold_loss":0,"cards_upgraded":["Defend_G","Strike_G"]},{"damage_healed":0,"gold_gain":0,"player_choice":"Donut","damage_taken":0,"max_hp_gain":5,"max_hp_loss":0,"event_name":"Big Fish","floor":5,"gold_loss":0},{"damage_healed":0,"gold_gain":0,"player_choice":"Success","damage_taken":18,"relics_obtained":["WingedGreaves"],"max_hp_gain":0,"max_hp_loss":0,"event_name":"Scrap Ooze","floor":11,"gold_loss":0},{"damage_healed":0,"gold_gain":0,"player_choice":"Ignored","damage_taken":0,"max_hp_gain":0,"max_hp_loss":0,"event_name":"Vampires","floor":19,"gold_loss":0},{"cards_removed":["Defend_G"],"damage_healed":0,"gold_gain":0,"player_choice":"Gave Gold","damage_taken":0,"max_hp_gain":0,"max_hp_loss":0,"event_name":"Beggar","floor":21,"gold_loss":75},{"damage_healed":0,"gold_gain":0,"player_choice":"0 cards matched","damage_taken":0,"max_hp_gain":0,"max_hp_loss":0,"event_name":"Match and Keep!","floor":22,"gold_loss":0,"cards_obtained":[]},{"damage_healed":0,"gold_gain":999,"player_choice":"Gold","damage_taken":0,"max_hp_gain":0,"max_hp_loss":0,"event_name":"MindBloom","floor":39,"gold_loss":0,"cards_obtained":["Normality","Normality"]},{"damage_healed":0,"gold_gain":0,"player_choice":"Bought 1 Potion","damage_taken":0,"max_hp_gain":0,"max_hp_loss":0,"event_name":"The Woman in Blue","floor":41,"gold_loss":0},{"cards_removed":["Dash"],"damage_healed":0,"gold_gain":0,"player_choice":"Removed Attack","damage_taken":0,"max_hp_gain":0,"max_hp_loss":0,"event_name":"Falling","floor":45,"gold_loss":0},{"damage_healed":0,"gold_gain":0,"player_choice":"Memory 3","damage_taken":10,"max_hp_gain":0,"max_hp_loss":0,"event_name":"SensoryStone","floor":46,"gold_loss":0},{"damage_healed":0,"gold_gain":0,"player_choice":"Ignored","damage_taken":0,"max_hp_gain":0,"max_hp_loss":0,"event_name":"Mysterious Sphere","floor":48,"gold_loss":0}],"is_beta":false,"boss_relics":[{"not_picked":["Cursed Key","Empty Cage"],"picked":"Astrolabe"},{"not_picked":["WristBlade","Ring of the Serpent"],"picked":"Calling Bell"}],"items_purged_floors":[4,31,53],"is_endless":false,"potions_floor_spawned":[7,10,16,18,24,28,33,42],"killed_by":"The Heart","ascension_level":1}}