{"host":"wutzay93uet9pf9y","time":1611065756,"event":{"mods":["BaseMod","Colored Map","Downfall","Minty Spire (QoL Compilation)","StSLib"],"gold_per_floor":[360,106,106,120,140,140,65,78,127,158,158,158,158,83,83,176,176,195,209,6,6,6,6,31,46,99,113,41,52,52,81,81,159,159,171,35,51,76,76,111,111,141,193,208,208,225,225,18,18,18,18],"floor_reached":50,"language":"ENG","playtime":1214,"items_purged":["Strike_R","Defend_R","Parasite"],"score":938,"play_id":"d79d7b57-756b-4ecb-92d3-6af4cb4a2181","local_time":"20210119091556","is_ascension_mode":true,"campfire_choices":[{"data":"Dramatic Entrance","floor":6.0,"key":"SMITH"},{"data":"Hemokinesis","floor":11.0,"key":"SMITH"},{"floor":15.0,"key":"REST"},{"data":"Berserk","floor":23.0,"key":"SMITH"},{"data":"Shockwave","floor":32.0,"key":"SMITH"},{"floor":41,"key":"REST"},{"data":"Madness","floor":49,"key":"SMITH"}],"circlet_count":0,"master_deck":["AscendersBane","Bash+1","Spot Weakness","Dramatic Entrance+1","Thunderclap","Rupture","Inflame","Pommel Strike+1","Hemokinesis+1","Berserk+1","Shrug It Off","Slimebound:Tackle+1","Slimebound:Tackle+1","Slimebound:Tackle+1","Limit Break","Flame Barrier","Shockwave+1","Berserk+1","Shrug It Off+1","Feed","Armaments","Shrug It Off","Headbutt","Ghostly Armor","Finesse","Blood for Blood+1","Cleave+1","Sword Boomerang+1","Uppercut+1","Madness+1","Madness","Heavy Blade+1"],"relics":["Burning Blood","ClockworkSouvenir","Bag of Marbles","Omamori","Bloody Idol","Calling Bell","Bronze Scales","Mercury Hourglass","FossilizedHelix","Membership Card","Bottled Tornado","Whetstone","DollysMirror","Paper Frog","Mark of Pain","Shuriken","Gambling Chip","Molten Egg 2","Strawberry","Art of War","Pantograph"],"acts_visited":["Exordium","TheCity","TheBeyond"],"potions_floor_usage":[40,40,42,44,50,50],"damage_taken":[{"damage":0.0,"enemies":"2 Louse","floor":1.0,"turns":2.0},{"damage":1.0,"enemies":"Cultist","floor":4.0,"turns":3.0},{"damage":0.0,"enemies":"Small Slimes","floor":5.0,"turns":2.0},{"damage":17.0,"enemies":"Exordium Wildlife","floor":8.0,"turns":3.0},{"damage":20.0,"enemies":"3 Sentries","floor":10.0,"turns":5.0},{"damage":58.0,"enemies":"Hexaghost","floor":16.0,"turns":7.0},{"damage":9.0,"enemies":"Shell Parasite","floor":18.0,"turns":2.0},{"damage":8.0,"enemies":"Chosen","floor":19.0,"turns":3.0},{"damage":14.0,"enemies":"Gremlin Leader","floor":24.0,"turns":3.0},{"damage":6.0,"enemies":"Snecko","floor":25.0,"turns":3.0},{"damage":11.0,"enemies":"Snake Plant","floor":27.0,"turns":1.0},{"damage":17.0,"enemies":"Centurion and Healer","floor":29.0,"turns":3.0},{"damage":25.0,"enemies":"Slavers","floor":31.0,"turns":4.0},{"damage":37.0,"enemies":"Champ","floor":33.0,"turns":6.0},{"damage":28.0,"enemies":"3 Shapes","floor":35.0,"turns":2.0},{"damage":9.0,"enemies":"Orb Walker","floor":37.0,"turns":3.0},{"damage":3,"enemies":"Mind Bloom Boss Battle","floor":38,"turns":5},{"damage":40,"enemies":"Reptomancer","floor":40,"turns":5},{"damage":10,"enemies":"Nemesis","floor":42,"turns":5},{"damage":19,"enemies":"Writhing Mass","floor":44,"turns":4},{"damage":8,"enemies":"4 Shapes","floor":46,"turns":3},{"damage":81,"enemies":"Time Eater","floor":50,"turns":7}],"seed_played":"2905161712976478077","potions_obtained":[{"floor":1.0,"key":"SteroidPotion"},{"floor":8.0,"key":"champ:CounterPotion"},{"floor":10.0,"key":"Regen Potion"},{"floor":19.0,"key":"Regen Potion"},{"floor":24.0,"key":"BlessingOfTheForge"},{"floor":33.0,"key":"Regen Potion"},{"floor":37.0,"key":"sneckomod:MuddlingPotion"},{"floor":40,"key":"Guardian:BlockOnCardUsePotion"},{"floor":42,"key":"bronze:BurnAndBuffPotion"},{"floor":44,"key":"hexamod:SoulburnPotion"},{"floor":46,"key":"AttackPotion"}],"is_trial":false,"path_per_floor":["M","$","?","M","M","R","$","M","T","E","R","?","?","$","R","B",null,"M","M","$","?","?","R","E","M","T","M","$","M","?","E","R","B",null,"M","$","M","?","?","E","R","E","T","M","?","M","?","$","R","B"],"character_chosen":"IRONCLAD","items_purchased":["ClockworkSouvenir","Dramatic Entrance","Inflame","Membership Card","DollysMirror","Shrug It Off","Shuriken","Heavy Blade+1","Pantograph"],"campfire_rested":2,"item_purchase_floors":[2,2,7,20,28,36,36,48,48],"current_hp_per_floor":[56,56,56,61,67,67,67,56,56,42,42,42,42,42,64,27,63,60,58,58,58,58,58,64,69,74,74,74,68,68,54,54,28,63,46,46,48,56,56,41,63,71,76,68,68,71,56,56,56,0,0],"gold":18,"neow_bonus":"TWO_FIFTY_GOLD","is_daily":false,"chose_seed":false,"campfire_upgraded":5,"win_rate":0.0,"timestamp":1611065756,"path_taken":["M","$","?","M","?","R","$","M","T","E","R","?","?","?","R","BOSS","M","M","$","?","?","R","E","M","T","M","$","?","?","E","R","BOSS","M","$","M","?","?","E","R","E","T","M","?","M","?","?","R","BOSS"],"items_purchased_type":["Relic","Card","Card","Relic","Relic","Card","Relic","Card","Relic"],"build_version":"2020-12-22","purchased_purges":3,"victory":false,"max_hp_per_floor":[75,75,75,75,75,75,75,75,75,75,75,75,75,75,75,75,75,75,75,75,75,75,75,75,75,75,75,75,75,75,75,75,75,75,75,75,75,75,75,75,75,82,82,82,82,82,82,79,79,79,79],"card_choices":[{"not_picked":["Reckless Charge","Armaments"],"picked":"Spot Weakness","floor":1.0},{"not_picked":["Disarm","True Grit"],"picked":"Thunderclap","floor":4.0},{"not_picked":["Shrug It Off","Disarm"],"picked":"Rupture","floor":5.0},{"not_picked":["Warcry","Rupture"],"picked":"Pommel Strike","floor":8.0},{"not_picked":["Armaments","Havoc"],"picked":"Hemokinesis","floor":10.0},{"not_picked":["Exhume","Feed"],"picked":"Berserk","floor":16.0},{"not_picked":["Second Wind","Clothesline","Spot Weakness+1"],"picked":"SKIP","floor":18.0},{"not_picked":["Clash","Offering"],"picked":"Shrug It Off","floor":19.0},{"not_picked":["Heavy Blade","Infernal Blade"],"picked":"Limit Break","floor":24.0},{"not_picked":["Headbutt","Anger"],"picked":"Flame Barrier","floor":25.0},{"not_picked":["Flex","Dropkick"],"picked":"Shockwave","floor":27.0},{"not_picked":["Headbutt","Clothesline+1"],"picked":"Shrug It Off+1","floor":29.0},{"not_picked":["Cleave","Bludgeon"],"picked":"Feed","floor":31.0},{"not_picked":["Dark Embrace","Burning Pact+1"],"picked":"Armaments","floor":35.0},{"not_picked":["Hemokinesis","Clothesline"],"picked":"Headbutt","floor":37.0},{"not_picked":["Cleave","Armaments"],"picked":"Ghostly Armor","floor":38},{"not_picked":["Transmutation","Swift Strike"],"picked":"Finesse","floor":39},{"not_picked":["Flex","True Grit"],"picked":"Blood for Blood+1","floor":40},{"not_picked":["Shrug It Off","Clash+1"],"picked":"Cleave+1","floor":42},{"not_picked":["Fire Breathing","Iron Wave+1"],"picked":"Sword Boomerang+1","floor":44},{"not_picked":["Sentinel+1","Flex"],"picked":"Uppercut+1","floor":46}],"player_experience":310951,"relics_obtained":[{"floor":9.0,"key":"Bag of Marbles"},{"floor":10.0,"key":"Omamori"},{"floor":17.0,"key":"Bronze Scales"},{"floor":17.0,"key":"Mercury Hourglass"},{"floor":17.0,"key":"FossilizedHelix"},{"floor":24.0,"key":"Bottled Tornado"},{"floor":26.0,"key":"Whetstone"},{"floor":31.0,"key":"Paper Frog"},{"floor":38,"key":"Gambling Chip"},{"floor":40,"key":"Molten Egg 2"},{"floor":42,"key":"Strawberry"},{"floor":43,"key":"Art of War"}],"event_choices":[{"cards_removed":["Defend_R"],"damage_healed":0.0,"max_hp_gain":0.0,"max_hp_loss":0.0,"gold_gain":0.0,"event_name":"Bonfire Elementals","player_choice":"Offered Basic","floor":3.0,"gold_loss":0.0,"damage_taken":0.0},{"damage_healed":0.0,"max_hp_gain":0.0,"max_hp_loss":0.0,"gold_gain":0.0,"event_name":"Golden Idol","player_choice":"Take Wound","floor":12.0,"gold_loss":0.0,"damage_taken":0.0,"relics_obtained":["Golden Idol"],"cards_obtained":["Injury"]},{"damage_healed":0.0,"max_hp_gain":0.0,"max_hp_loss":0.0,"gold_gain":0.0,"event_name":"Liars Game","player_choice":"Ignored","floor":13.0,"gold_loss":0.0,"damage_taken":0.0},{"damage_healed":0.0,"max_hp_gain":0.0,"max_hp_loss":0.0,"gold_gain":0.0,"event_name":"Forgotten Altar","player_choice":"Gave Idol","floor":22.0,"relics_lost":["Golden Idol"],"gold_loss":0.0,"damage_taken":0.0,"relics_obtained":["Bloody Idol"]},{"cards_removed":["Defend_R"],"damage_healed":0.0,"max_hp_gain":0.0,"max_hp_loss":0.0,"gold_gain":0.0,"event_name":"Purifier","player_choice":"Purged","floor":30.0,"gold_loss":0.0,"damage_taken":0.0},{"damage_healed":0,"gold_gain":0,"player_choice":"Fight","damage_taken":0,"max_hp_gain":0,"max_hp_loss":0,"event_name":"MindBloom","floor":38,"gold_loss":0},{"damage_healed":0,"gold_gain":0,"player_choice":"Memory 1","damage_taken":0,"max_hp_gain":0,"max_hp_loss":0,"event_name":"SensoryStone","floor":39,"gold_loss":0},{"cards_removed":["Defend_R"],"damage_healed":0,"gold_gain":0,"player_choice":"Removed Skill","damage_taken":0,"max_hp_gain":0,"max_hp_loss":0,"event_name":"Falling","floor":45,"gold_loss":0},{"damage_healed":0,"gold_gain":0,"player_choice":"Embrace Madness","damage_taken":15,"max_hp_gain":0,"max_hp_loss":0,"event_name":"Winding Halls","floor":47,"gold_loss":0,"cards_obtained":["Madness","Madness"]}],"is_beta":false,"boss_relics":[{"not_picked":["Runic Cube","Runic Pyramid"],"picked":"Calling Bell"},{"not_picked":["Sozu","Runic Dome"],"picked":"Mark of Pain"}],"items_purged_floors":[14,20,48],"is_endless":false,"potions_floor_spawned":[1,8,10,19,24,33,37,40,42,44,46],"killed_by":"Time Eater","ascension_level":15}}