{"host":"lnt5dzsuhru0aonl","time":1611060343,"event":{"mods":["2.2 Compatiblity","BaseMod","Colored Map","Colored Powertips","DeckTracker","Keyboard Shortcuts","Minty Spire (QoL Compilation)","Permanent Neow","StSLib","SuperFastMode","everything is the same but u backflip on backflip"],"gold_per_floor":[114,125,125,143,162,162,189,189,189,189,114,126,140,155,155,155,155],"floor_reached":16,"language":"KOR","playtime":365,"items_purged":["Strike_B"],"score":208,"play_id":"8ab2c600-9a2a-4809-a86e-a36efd88413e","local_time":"20210119214543","is_ascension_mode":true,"campfire_choices":[{"data":"Dualcast","floor":6,"key":"SMITH"},{"data":"Biased Cognition","floor":15,"key":"SMITH"}],"circlet_count":0,"master_deck":["AscendersBane","Strike_B","Strike_B+1","Defend_B","Defend_B","Defend_B","Defend_B","Zap+1","Dualcast+1","Biased Cognition+1","Ball Lightning","Glacier","Conserve Battery","Cold Snap","Compile Driver","Capacitor"],"relics":["Cracked Core","Toy Ornithopter","Singing Bowl","Bottled Tornado"],"acts_visited":["Exordium"],"potions_floor_usage":[5],"damage_taken":[{"damage":9,"enemies":"Small Slimes","floor":1,"turns":3},{"damage":0,"enemies":"Cultist","floor":2,"turns":2},{"damage":1,"enemies":"Jaw Worm","floor":4,"turns":3},{"damage":1,"enemies":"Exordium Thugs","floor":5,"turns":5},{"damage":22,"enemies":"Gremlin Nob","floor":7,"turns":4},{"damage":9,"enemies":"3 Louse","floor":12,"turns":4},{"damage":4,"enemies":"Lots of Slimes","floor":13,"turns":4},{"damage":0,"enemies":"2 Fungi Beasts","floor":14,"turns":2},{"damage":15,"enemies":"Hexaghost","floor":16,"turns":11}],"seed_played":"8102212226490903127","potions_obtained":[{"floor":1,"key":"SkillPotion"},{"floor":2,"key":"FairyPotion"},{"floor":5,"key":"PotionOfCapacity"},{"floor":14,"key":"FearPotion"}],"is_trial":false,"path_per_floor":["M","M","?","M","M","R","E","T","T","?","$","M","M","M","R","B"],"character_chosen":"DEFECT","items_purchased":[],"campfire_rested":0,"item_purchase_floors":[],"current_hp_per_floor":[37,37,37,36,35,35,13,13,13,21,21,14,10,12,12,0,0],"gold":155,"neow_bonus":"THREE_RARE_CARDS","is_daily":false,"chose_seed":false,"campfire_upgraded":2,"win_rate":0.0,"timestamp":1611060343,"path_taken":["M","M","?","?","M","R","E","?","T","?","?","M","M","M","R","BOSS"],"items_purchased_type":[],"build_version":"2020-12-22","purchased_purges":1,"victory":false,"max_hp_per_floor":[71,71,71,71,71,71,71,71,71,71,71,73,73,75,75,75,75],"card_choices":[{"not_picked":["Seek","Amplify"],"picked":"Biased Cognition","floor":0},{"not_picked":["Genetic Algorithm","Cold Snap"],"picked":"Ball Lightning","floor":1},{"not_picked":["Hologram","Compile Driver"],"picked":"Glacier","floor":2},{"not_picked":["Streamline","Tempest"],"picked":"Conserve Battery","floor":4},{"not_picked":["Barrage","White Noise"],"picked":"Cold Snap","floor":5},{"not_picked":["White Noise","Turbo"],"picked":"Compile Driver","floor":7},{"not_picked":["Redo","Chill","Go for the Eyes"],"picked":"Singing Bowl","floor":12},{"not_picked":["Stack","Chill"],"picked":"Capacitor","floor":13},{"not_picked":["Ball Lightning","Auto Shields","Static Discharge"],"picked":"Singing Bowl","floor":14}],"player_experience":703363,"relics_obtained":[{"floor":7,"key":"Toy Ornithopter"},{"floor":8,"key":"Singing Bowl"},{"floor":9,"key":"Bottled Tornado"}],"event_choices":[{"cards_removed":["Strike_B"],"damage_healed":0,"gold_gain":0,"player_choice":"Purged","damage_taken":0,"max_hp_gain":0,"max_hp_loss":0,"event_name":"Purifier","floor":3,"gold_loss":0},{"damage_healed":0,"gold_gain":0,"player_choice":"Entered Light","damage_taken":21,"max_hp_gain":0,"max_hp_loss":0,"event_name":"Shining Light","floor":10,"gold_loss":0,"cards_upgraded":["Strike_B","Zap"]}],"is_beta":false,"boss_relics":[],"items_purged_floors":[11],"is_endless":false,"potions_floor_spawned":[1,2,5,14],"killed_by":"Hexaghost","ascension_level":20}}