{"host":"5unvcuco0qq3uuek","time":1611019286,"event":{"mods":["BaseMod","Downfall","Minty Spire (QoL Compilation)","StSLib"],"gold_per_floor":[99,99,99,22,22,33,85,45,63,96,106,6,23,36,50,50,50],"floor_reached":16,"language":"ENG","playtime":752,"items_purged":[],"score":102,"play_id":"9712c84b-96e7-4d20-923c-9cd5565137e2","local_time":"20210118202126","is_ascension_mode":false,"campfire_choices":[{"data":"bronze:Replicate","floor":1,"key":"SMITH"},{"floor":12,"key":"REST"}],"circlet_count":0,"master_deck":["bronze:Strike","bronze:Strike","bronze:Strike","bronze:Defend","bronze:Defend","bronze:Defend","bronze:Defend","bronze:Replicate+1","bronze:Goto","bronze:ChosenStrike","bronze:Invalidate","bronze:OilSpill","bronze:Repulsor","bronze:DigitalCarnage","bronze:Repulsor","bronze:GetLatest","bronze:BugBarrage","bronze:OilSpill","bronze:Repair","bronze:WildBeam"],"relics":["bronze:BronzeCore","downfall:HeartsMalice","hexamod:BolsterEngine","downfall:HeartBlessingGreen"],"acts_visited":["Exordium"],"potions_floor_usage":[8,10,11],"damage_taken":[{"damage":0,"enemies":"Cultist","floor":2,"turns":1},{"damage":0,"enemies":"Jaw Worm","floor":3,"turns":1},{"damage":0,"enemies":"downfall:FleeingMerchant","floor":4,"turns":1},{"damage":4,"enemies":"2 Louse","floor":6,"turns":3},{"damage":10,"enemies":"downfall:FleeingMerchant","floor":8,"turns":4},{"damage":18,"enemies":"Exordium Thugs","floor":9,"turns":2},{"damage":12,"enemies":"3 Sentries","floor":10,"turns":4},{"damage":0,"enemies":"2 Fungi Beasts","floor":11,"turns":2},{"damage":1,"enemies":"3 Louse","floor":13,"turns":3},{"damage":0,"enemies":"Red Slaver","floor":14,"turns":1},{"damage":13,"enemies":"Lots of Slimes","floor":15,"turns":4},{"damage":50,"enemies":"WA_ARCHETYPE_RETAIN","floor":16,"turns":4}],"seed_played":"1563214048088022589","potions_obtained":[{"floor":6,"key":"Energy Potion"},{"floor":9,"key":"Fire Potion"},{"floor":10,"key":"DistilledChaos"},{"floor":13,"key":"BlessingOfTheForge"},{"floor":14,"key":"Weak Potion"}],"is_trial":false,"path_per_floor":["R","M","M","$","?","M","T","$","M","E","M","R","M","M","M","B"],"character_chosen":"THE_AUTOMATON","items_purchased":["bronze:Repulsor","bronze:BugBarrage"],"campfire_rested":1,"item_purchase_floors":[4,8],"current_hp_per_floor":[70,70,70,70,70,66,66,56,38,26,26,47,46,46,33,0,0],"gold":50,"neow_bonus":"THREE_ENEMY_KILL","is_daily":false,"chose_seed":false,"campfire_upgraded":1,"win_rate":0.0,"timestamp":1611019286,"path_taken":["R","M","M","?","?","M","T","$","M","E","M","R","?","M","M","BOSS"],"items_purchased_type":["Card","Card"],"build_version":"2020-12-22","purchased_purges":0,"victory":false,"max_hp_per_floor":[70,70,70,70,70,70,70,70,70,70,70,70,70,70,70,70,70],"card_choices":[{"not_picked":["bronze:Turbo","bronze:GetLatest"],"picked":"bronze:ChosenStrike","floor":2},{"not_picked":["bronze:Separator","bronze:Frontload"],"picked":"bronze:Invalidate","floor":3},{"not_picked":["bronze:BronzeArmor","bronze:CleanCode"],"picked":"bronze:OilSpill","floor":4},{"not_picked":["bronze:FineTuning","bronze:Separator"],"picked":"bronze:Repulsor","floor":6},{"not_picked":["bronze:Overheat","bronze:CloningBeam"],"picked":"bronze:GetLatest","floor":8},{"not_picked":["bronze:Flail","bronze:DelayedGuard"],"picked":"bronze:OilSpill","floor":9},{"not_picked":["bronze:Overheat","bronze:Branch","bronze:Invalidate"],"picked":"SKIP","floor":10},{"not_picked":["bronze:ChildClass","bronze:Return"],"picked":"bronze:Repair","floor":11},{"not_picked":["bronze:Constructor","bronze:Frontload","bronze:ChildClass"],"picked":"SKIP","floor":13},{"not_picked":["bronze:OilSpill","bronze:Optimize"],"picked":"bronze:WildBeam","floor":14},{"not_picked":["bronze:ChildClass","bronze:DelayedGuard","bronze:Terminator"],"picked":"SKIP","floor":15}],"player_experience":494658,"relics_obtained":[{"floor":10,"key":"hexamod:BolsterEngine"}],"event_choices":[{"damage_healed":0,"gold_gain":0,"cards_transformed":["bronze:Strike"],"player_choice":"Change","damage_taken":0,"max_hp_gain":0,"max_hp_loss":0,"event_name":"Living Wall","floor":5,"gold_loss":0,"cards_obtained":["bronze:DigitalCarnage"]}],"is_beta":false,"boss_relics":[],"items_purged_floors":[],"is_endless":false,"potions_floor_spawned":[6,9,10,13,14],"killed_by":"WA_ARCHETYPE_RETAIN","ascension_level":0}}