{"host":"1zjc08c6hob33401","time":1611091252,"event":{"mods":["AchievementEnabler","Act Like it!","Aspiration","BaseMod","Downfall","Energized Spire","Evolution","Friendly Minions","Gensokyo","GifTheSpireLib","Hubris","Infinite Spire","Jedi Mod","Minty Spire (QoL Compilation)","Pale of the Ancients","Quick Restart","Retaliation","Shop Mod","Spire Arcade","StS++","StSLib","Stuff the Spire","The Blue Laboratory","Wandering Minibosses","vexMod","??????REMEMod"],"gold_per_floor":[115,135,150,163,3,3,17,17,17,30,30,30,42,56,56,160,160,175,175,175,195,215,215,243,243,243,272,284,303,335,352,352,452,452,469,138,48,64,79,79,98,109,155,182,231,231,231,241,241,241,257,257,257,282,282,282,282,282],"floor_reached":56,"language":"RUS","playtime":9673,"items_purged":["bronze:Defend"],"score":894,"play_id":"5e7d4c91-bd97-498b-840c-c628c386596a","local_time":"20210119232052","is_ascension_mode":false,"campfire_choices":[{"data":"DeusExMachina","floor":6.0,"key":"SMITH"},{"data":"bronze:CleanCode","floor":11.0,"key":"SMITH"},{"data":"bronze:Boost","floor":15.0,"key":"SMITH"},{"data":"infinitespire:Starlight","floor":23.0,"key":"SMITH"},{"data":"bronze:HyperBeam","floor":25.0,"key":"SMITH"},{"data":"bronze:Break","floor":32.0,"key":"SMITH"},{"data":"bronze:HyperBeam","floor":40.0,"key":"SMITH"},{"data":"Gensokyo:GreaterSplit","floor":49.0,"key":"SMITH"},{"data":"bronze:Repair","floor":55,"key":"SMITH"}],"circlet_count":0,"master_deck":["bronze:WildBeam","bronze:WildBeam","bronze:WildBeam","bronze:Strike","bronze:Defend","bronze:Defend","bronze:Defend","bronze:Replicate","bronze:Goto","DeusExMachina+1","StSpp:MindBarrier","bronze:FineTuning","bronze:Return","bronze:Flail","bronze:FindAndReplace","bronze:CloningBeam","bronze:CleanCode+1","bronze:Fortify","bronze:Boost+1","bronze:Break+1","CurseOfTheBell","bronze:HyperBeam+1","bronze:Fortify+1","infinitespire:Starlight+1","bronze:Return+1","bronze:Boost","bronze:FindAndReplace","bronze:BurnOut","bronze:Break","bronze:BronzeArmor","bronze:Shield+1","bronze:Iterate+1","bronze:DelayedSlice+1","bronze:Branch+1","bronze:FollowUp","bronze:WildBeam","bronze:HyperBeam+1","bronze:Overheat+1","bronze:Repair+1","Gensokyo:CustomPotion","bronze:FineTuning+1","bronze:Optimize+1","bronze:ChosenStrike+1","bronze:OilSpill+1","bronze:SpaghettiCode","bronze:Backtrace+1","bronze:FollowUp","bronze:AlphaBuild+1","bronze:ClassDefault+1","bronze:FineTuning+1","bronze:Frontload+1","Gensokyo:GreaterSplit+1","Doubt","Gensokyo:RainbowDanmaku+1","bronze:Boost+1","bronze:Shell+1","bronze:DelayedSlice+1","bronze:Fortify+1"],"relics":["bronze:BronzeCore","EVO:Axolotl","REME_ComplimentaryCards","Gensokyo:BookOfSpecters","StuffTheSpire:Wildfire","Calling Bell","Prayer Wheel","Ornamental Fan","vexMod:FocusSash","jedi:battlestandard","aspiration:Lifesprig","StuffTheSpire:EmeraldSignet","aspiration:HummingbirdHeart","infinitespire:Beetle Shell","vexMod:MysteryBossChallenge","energizedSpire:MagnifyingGlass","infinitespire:Bottled Soul","Bronze Scales","Bag of Marbles","paleoftheancients:Timepiece","paleoftheancients:KeyRelic","paleoftheancients:SoulOfTheIroncluck","REME_PuzzleBoxRelic"],"acts_visited":["Gensokyo:Gensokyo","Gensokyo:Gensokyoer","Gensokyo:Gensokyoest","paleoftheancients:PaleOfTheAncients"],"potions_floor_usage":[51],"damage_taken":[{"damage":0.0,"enemies":"Gensokyo:Python","floor":1.0,"turns":2.0},{"damage":2.0,"enemies":"Gensokyo:3_Fairies","floor":2.0,"turns":5.0},{"damage":0.0,"enemies":"Gensokyo:2_Kodama","floor":3.0,"turns":4.0},{"damage":0.0,"enemies":"Gensokyo:5_Fairies","floor":4.0,"turns":4.0},{"damage":0.0,"enemies":"Gensokyo:Kitsune","floor":7.0,"turns":1.0},{"damage":0.0,"enemies":"Gensokyo:Python_and_Kodama","floor":10.0,"turns":2.0},{"damage":0.0,"enemies":"Gensokyo:5_Fairies","floor":13.0,"turns":3.0},{"damage":2.0,"enemies":"Gensokyo:3_Kodama","floor":14.0,"turns":2.0},{"damage":24.0,"enemies":"Gensokyo:Yukari","floor":16.0,"turns":5.0},{"damage":21.0,"enemies":"Gensokyo:3_Dogs","floor":18.0,"turns":4.0},{"damage":13.0,"enemies":"Gensokyo:Chomper","floor":21.0,"turns":4.0},{"damage":5.0,"enemies":"Gensokyo:3_Gloops","floor":22.0,"turns":4.0},{"damage":19.0,"enemies":"Gensokyo:Reisen","floor":24.0,"turns":5.0},{"damage":21.0,"enemies":"Gensokyo:Koishi","floor":27.0,"turns":5.0},{"damage":4.0,"enemies":"Gensokyo:Chomper_and_Gloop","floor":28.0,"turns":5.0},{"damage":0.0,"enemies":"Gensokyo:Monolith_and_Dog","floor":29.0,"turns":4.0},{"damage":0.0,"enemies":"Gensokyo:Reisen","floor":30.0,"turns":3.0},{"damage":0.0,"enemies":"Gensokyo:Slime_Group","floor":31.0,"turns":2.0},{"damage":15.0,"enemies":"Gensokyo:Kaguya","floor":33.0,"turns":7.0},{"damage":0.0,"enemies":"Gensokyo:3_Bats","floor":35.0,"turns":2.0},{"damage":4.0,"enemies":"Gensokyo:AncientGuardian","floor":38.0,"turns":4.0},{"damage":0.0,"enemies":"Gensokyo:4_Bats","floor":39.0,"turns":3.0},{"damage":10.0,"enemies":"Gensokyo:Sharpion","floor":41.0,"turns":4.0},{"damage":8.0,"enemies":"Gensokyo:3_Boulders","floor":42.0,"turns":4.0},{"damage":20.0,"enemies":"Nightmare","floor":44.0,"turns":8.0},{"damage":8.0,"enemies":"Gensokyo:Dusk_and_Dawn","floor":45.0,"turns":5.0},{"damage":0.0,"enemies":"Gensokyo:Dusk_and_Dawn","floor":47.0,"turns":8.0},{"damage":22.0,"enemies":"Gensokyo:SeedOfUnknown","floor":48.0,"turns":4.0},{"damage":44.0,"enemies":"Gensokyo:Scarlet_Devils","floor":50.0,"turns":11.0},{"damage":21,"enemies":"Gensokyo:Scarlet_Devils","floor":51,"turns":12},{"damage":80,"enemies":"Gensokyo:Scarlet_Devils","floor":52,"turns":6},{"damage":77,"enemies":"Gensokyo:Scarlet_Devils","floor":56,"turns":12}],"seed_played":"-7658947524560123024","potions_obtained":[{"floor":2.0,"key":"Dexterity Potion"},{"floor":7.0,"key":"blueLaboratory:NullPotion"},{"floor":13.0,"key":"Energy Potion"},{"floor":16.0,"key":"Strength Potion"},{"floor":18.0,"key":"Explosive Potion"},{"floor":22.0,"key":"StSpp:ScatteredPotion"},{"floor":29.0,"key":"Block Potion"},{"floor":30.0,"key":"blueLaboratory:PyrophylliteBrew"},{"floor":38.0,"key":"bronze:FreeFunctionsPotion"},{"floor":39.0,"key":"SpeedPotion"},{"floor":41.0,"key":"REME_GoldPotion"},{"floor":42.0,"key":"REME_GoldPotion"},{"floor":45.0,"key":"SteroidPotion"}],"is_trial":false,"path_per_floor":["M","M","M","M","?","R","M","$","T","M","R","$","M","M","R","B",null,"M","?","AVR","M","M","R","E","R","T","E","M","M","E","M","R","B",null,"M","$","?","M","M","R","M","M","T","NM","M","?","?","M","R","B","M","M","?","T","R","M"],"character_chosen":"THE_AUTOMATON","items_purchased":["infinitespire:Bottled Soul"],"campfire_rested":0,"item_purchase_floors":[36],"current_hp_per_floor":[70,68,68,68,68,68,68,68,68,68,68,68,68,66,66,42,70,49,49,49,46,51,51,47,47,47,41,54,70,70,70,70,70,70,70,70,70,66,66,66,68,62,62,64,62,62,62,42,42,70,54,70,70,70,70,0,0,0],"gold":282,"neow_bonus":"RANDOM_COLORLESS","is_daily":false,"chose_seed":false,"campfire_upgraded":9,"win_rate":0.0,"timestamp":1611091252,"path_taken":["M","M","M","M","?","R","M","?","T","M","R","$","M","M","R","BOSS","M","?","AVR","M","M","R","E","R","T","E","M","M","E","M","R","BOSS","M","$","?","M","M","R","M","M","T","NM","M","?","?","M","R","BOSS","M","M","?","T","R","M"],"items_purchased_type":["Relic"],"build_version":"2020-12-22","purchased_purges":1,"victory":false,"max_hp_per_floor":[70,70,70,70,70,70,70,70,70,70,70,70,70,70,70,70,70,70,70,70,70,70,70,70,70,70,70,70,70,70,70,70,70,70,70,70,70,70,70,70,70,70,70,70,70,70,70,70,70,70,70,70,70,70,70,70,70,70],"card_choices":[{"not_picked":["StSpp:Panic","StSpp:Resilience"],"picked":"StSpp:MindBarrier","floor":0.0},{"not_picked":["bronze:Iterate","bronze:Frontload"],"picked":"bronze:FineTuning","floor":1.0},{"not_picked":["bronze:Terminator","bronze:BugBarrage"],"picked":"bronze:Return","floor":2.0},{"not_picked":["bronze:DelayedGuard","bronze:Separator"],"picked":"bronze:Flail","floor":3.0},{"not_picked":["bronze:DigitalCarnage","bronze:BuggyMess"],"picked":"bronze:FindAndReplace","floor":4.0},{"not_picked":["bronze:Flail","bronze:DelayedSlice"],"picked":"bronze:CloningBeam","floor":7.0},{"not_picked":["bronze:CloningBeam","bronze:Invalidate"],"picked":"bronze:CleanCode","floor":10.0},{"not_picked":["bronze:ForceShield","bronze:CutThrough"],"picked":"bronze:Fortify","floor":13.0},{"not_picked":["bronze:OilSpill","bronze:DelayedSlice"],"picked":"bronze:Boost","floor":14.0},{"not_picked":["bronze:HardenedForm","bronze:BurnOut"],"picked":"bronze:Break","floor":16.0},{"not_picked":["bronze:WhirlingStrike","bronze:Iterate"],"picked":"bronze:HyperBeam","floor":18.0},{"not_picked":["bronze:Deprecate+1","bronze:Turbo"],"picked":"bronze:Fortify+1","floor":18.0},{"not_picked":["bronze:Deprecate","bronze:Repulsor+1"],"picked":"bronze:Return+1","floor":21.0},{"not_picked":["bronze:BitShift+1","bronze:Iterate"],"picked":"bronze:Boost","floor":21.0},{"not_picked":["bronze:Separator+1","bronze:Safeguard+1"],"picked":"bronze:FindAndReplace","floor":22.0},{"not_picked":["bronze:Invalidate","bronze:BitShift","bronze:BugBarrage"],"picked":"SKIP","floor":22.0},{"not_picked":["bronze:Flail","bronze:Branch"],"picked":"bronze:BurnOut","floor":24.0},{"not_picked":["bronze:Allocate","bronze:Deprecate"],"picked":"bronze:Break","floor":27.0},{"not_picked":["bronze:Invalidate","bronze:Separator"],"picked":"bronze:BronzeArmor","floor":28.0},{"not_picked":["bronze:DelayedSlice","bronze:BitShift"],"picked":"bronze:Shield+1","floor":28.0},{"not_picked":["bronze:Shield","bronze:NullPointer"],"picked":"bronze:Iterate+1","floor":29.0},{"not_picked":["bronze:WhirlingStrike","bronze:Fortify"],"picked":"bronze:DelayedSlice+1","floor":29.0},{"not_picked":["bronze:WildBeam","bronze:DelayedGuard"],"picked":"bronze:Branch+1","floor":30.0},{"not_picked":["bronze:Safeguard","bronze:Invalidate"],"picked":"bronze:FollowUp","floor":31.0},{"not_picked":["bronze:Branch","bronze:BugBarrage"],"picked":"bronze:WildBeam","floor":31.0},{"not_picked":["bronze:BurnOut","bronze:FindAndReplace"],"picked":"bronze:HyperBeam","floor":33.0},{"not_picked":["bronze:WildBeam","bronze:BronzeArmor"],"picked":"bronze:Overheat+1","floor":35.0},{"not_picked":["bronze:WhirlingStrike","bronze:CutThrough"],"picked":"bronze:Repair","floor":35.0},{"not_picked":["bronze:DelayedGuard","bronze:Frontload+1"],"picked":"bronze:FineTuning+1","floor":38.0},{"not_picked":["bronze:Deprecate+1","bronze:Branch+1"],"picked":"bronze:Optimize+1","floor":38.0},{"not_picked":["bronze:DigitalCarnage+1","bronze:BuggyMess+1"],"picked":"bronze:ChosenStrike+1","floor":39.0},{"not_picked":["bronze:Deprecate","bronze:ChildClass+1"],"picked":"bronze:OilSpill+1","floor":39.0},{"not_picked":["bronze:ClassDefault+1","bronze:FineTuning+1"],"picked":"bronze:SpaghettiCode","floor":41.0},{"not_picked":["bronze:BugBarrage+1","bronze:WildBeam+1"],"picked":"bronze:Backtrace+1","floor":41.0},{"not_picked":["bronze:Shield","bronze:WildBeam"],"picked":"bronze:FollowUp","floor":42.0},{"not_picked":["bronze:BronzeOrb+1","bronze:DelayedGuard"],"picked":"bronze:AlphaBuild","floor":42.0},{"not_picked":["bronze:ChildClass","bronze:Overheat"],"picked":"bronze:ClassDefault+1","floor":44.0},{"not_picked":["bronze:BitShift","bronze:Deprecate"],"picked":"bronze:FineTuning+1","floor":45.0},{"not_picked":["bronze:Turbo","bronze:Invalidate"],"picked":"bronze:Frontload+1","floor":45.0},{"not_picked":["Gensokyo:DreamlikeParadise+1","Gensokyo:MorningStar+1"],"picked":"Gensokyo:RainbowDanmaku+1","floor":47.0},{"not_picked":["bronze:CutThrough","bronze:ForLoop"],"picked":"bronze:Boost+1","floor":48.0},{"not_picked":["bronze:DelayedGuard+1","bronze:WildBeam"],"picked":"bronze:Shell+1","floor":48.0},{"not_picked":["bronze:Boost","bronze:ClassDefault"],"picked":"bronze:DelayedSlice+1","floor":51},{"not_picked":["bronze:DelayedGuard","bronze:Overheat"],"picked":"bronze:Fortify+1","floor":51}],"player_experience":624387,"relics_obtained":[{"floor":9.0,"key":"StuffTheSpire:Wildfire"},{"floor":17.0,"key":"Prayer Wheel"},{"floor":17.0,"key":"Ornamental Fan"},{"floor":17.0,"key":"vexMod:FocusSash"},{"floor":24.0,"key":"aspiration:Lifesprig"},{"floor":26.0,"key":"StuffTheSpire:EmeraldSignet"},{"floor":27.0,"key":"aspiration:HummingbirdHeart"},{"floor":30.0,"key":"infinitespire:Beetle Shell"},{"floor":43.0,"key":"Bronze Scales"},{"floor":44.0,"key":"Bag of Marbles"},{"floor":51,"key":"paleoftheancients:SoulOfTheIroncluck"},{"floor":54,"key":"REME_PuzzleBoxRelic"}],"event_choices":[{"damage_healed":0,"gold_gain":0,"player_choice":"Upgraded","damage_taken":0,"max_hp_gain":0,"max_hp_loss":0,"event_name":"Upgrade Shrine","floor":53,"gold_loss":0,"cards_upgraded":["bronze:AlphaBuild"]}],"is_beta":false,"boss_relics":[{"not_picked":["infinitespire:Cupcake","StSpp:Magatama"],"picked":"Calling Bell"},{"not_picked":["hubris:HollowSoul","jedi:hotpepper"],"picked":"vexMod:MysteryBossChallenge"}],"items_purged_floors":[36],"is_endless":false,"potions_floor_spawned":[2,7,13,16,18,22,29,30,38,39,41,42,45],"killed_by":"Gensokyo:Scarlet_Devils","ascension_level":0}}