{"host":"leop","time":1611021907,"event":{"mods":["ATMod(∞¢Ë™Mod)","Act Like it!","BaseMod","Conspire","GifTheSpireLib","HumanHunterMod(π÷ŒÔ…±»Àmod)","Minty Spire (QoL Compilation)","MostiFishMod","Shop Mod","Spicy Shops","StSLib","TestMod","The Alterego","[IsaacMod]“‘»ˆº‚À˛","°æ“≈ŒÔø®≈∆°øREMEMod"],"gold_per_floor":[111,186,200,200,229,229,292,318,342,342,353,424,447,450,450,559,559,577,577,577,641,676,676,676,676,676,720,737,1003,1003,1003,1003,1097,1097,1127,1143,1171,1201,1233,1278,1306,1450,1450,1477,1493,1521,1557,1608,1608,1632,1632,1632],"floor_reached":51,"language":"ZHS","playtime":2601,"items_purged":["alterego_mod:RocketPunch","alterego_mod:RocketPunch","Parasite","Regret","alterego_mod:PerceptionDisorder","Normality"],"score":2283,"play_id":"38bf78ae-853c-4a53-975d-b59d5d949c29","local_time":"20210119100507","is_ascension_mode":true,"campfire_choices":[{"data":"alterego_mod:Vow","floor":6.0,"key":"SMITH"},{"floor":15.0,"key":"RECALL"},{"data":"1","floor":23.0,"key":"LIFT"},{"data":"2","floor":25.0,"key":"LIFT"},{"data":"3","floor":30.0,"key":"LIFT"},{"data":"alterego_mod:Birthday","floor":32.0,"key":"SMITH"},{"data":"alterego_mod:TrashNCrash","floor":49,"key":"SMITH"}],"circlet_count":0,"master_deck":["alterego_mod:SakuraFive+1","alterego_mod:PainIsPleasure","alterego_mod:Birthday+1","alterego_mod:Vow+1","alterego_mod:BeGentle+1","alterego_mod:Weigh+1","alterego_mod:Pet","alterego_mod:BrynhildrRomantia+1","alterego_mod:1TonWallop","alterego_mod:BrynhildrRomantia+1","AT_EmpoweredMortalDraw+1","alterego_mod:TrashNCrash+1"],"relics":["alterego_mod:MasochisticConstitution","testmod-TestBox","DaveBox","REME_ComplimentaryCards","AT_ATBox","HushsDoor","NeowsBlessing","Chaos","DiscerningMonocle","testmod-Fanaticism","SynthV:TestCard","REME_ArchaeologicalTools","RhineFirstAidKit","testmod-EnergyCheck","AT_DeathDance","testmod-ObsoleteBoomerang","ImprovedEquipment","ThornShield","Girya","Enchiridion","MutagenicStrength","WarpedTongs","testmod-BouquetWithThorns","MerchantsRug","Prayer Wheel","Ice Cream","testmod-CyclicPeriapt","Pocketwatch","ChampionBelt","Lantern","PillsDrop","REME_HandOfSuture","AT_TrinityForce","Mercury Hourglass","BrkXgEgg","REME_DuelDisc","testmod-BatchProcessingSystem","MegaBlast","BookofShadows","Calling Bell","JellyFishMachine","AT_Manta","testmod-Charity","PatriotShield","YumHeart","Art of War","testmod-Register","Frozen Eye","REME_ChargedStone","Vajra","Potion Belt","testmod-LifeArmor","ForgetMeNow","JudasShadow","FossilizedHelix","Unceasing Top","Gambling Chip","Omamori","conspire:BottledYoYo","AT_MortalBlade","PreservedInsect","AT_MibuBalloonWealth","DoctorsRemote"],"acts_visited":["Exordium","TheCity","TheBeyond"],"potions_floor_usage":[48],"damage_taken":[{"damage":0.0,"enemies":"2 Louse","floor":1.0,"turns":2.0},{"damage":0.0,"enemies":"Cultist","floor":3.0,"turns":1.0},{"damage":0.0,"enemies":"Small Slimes","floor":5.0,"turns":1.0},{"damage":32.0,"enemies":"Gremlin Nob","floor":7.0,"turns":4.0},{"damage":28.0,"enemies":"Blue Slaver","floor":8.0,"turns":2.0},{"damage":0.0,"enemies":"Looter","floor":11.0,"turns":1.0},{"damage":4.0,"enemies":"3 Sentries","floor":12.0,"turns":5.0},{"damage":7.0,"enemies":"Exordium Thugs","floor":13.0,"turns":3.0},{"damage":0.0,"enemies":"Blue Slaver","floor":14.0,"turns":1.0},{"damage":51.0,"enemies":"The Guardian","floor":16.0,"turns":4.0},{"damage":14.0,"enemies":"2 Thieves","floor":18.0,"turns":2.0},{"damage":57.0,"enemies":"conspire:FuzzyDice","floor":21.0,"turns":4.0},{"damage":78.0,"enemies":"conspire:HollyBat","floor":22.0,"turns":5.0},{"damage":14.0,"enemies":"Gremlin Leader","floor":27.0,"turns":3.0},{"damage":40.0,"enemies":"Snecko","floor":28.0,"turns":4.0},{"damage":256.0,"enemies":"Collector","floor":33.0,"turns":6.0},{"damage":0.0,"enemies":"Reptomancer","floor":35.0,"turns":1.0},{"damage":0.0,"enemies":"Mind Bloom Boss Battle","floor":37.0,"turns":1.0},{"damage":0.0,"enemies":"Giant Head","floor":38.0,"turns":2.0},{"damage":0.0,"enemies":"Reptomancer","floor":39.0,"turns":1.0},{"damage":0.0,"enemies":"Nemesis","floor":40.0,"turns":5.0},{"damage":0.0,"enemies":"3 Shapes","floor":41.0,"turns":4.0},{"damage":0.0,"enemies":"Giant Head","floor":44.0,"turns":2.0},{"damage":0,"enemies":"Nemesis","floor":46,"turns":6},{"damage":0,"enemies":"Giant Head","floor":47,"turns":1},{"damage":0,"enemies":"Hiden Room Battle","floor":48,"turns":1},{"damage":0,"enemies":"Time Eater","floor":50,"turns":2},{"damage":0,"enemies":"Donu and Deca","floor":51,"turns":1}],"seed_played":"-7737362406086147963","potions_obtained":[{"floor":3.0,"key":"SkillPotion"},{"floor":5.0,"key":"LiquidMemories"},{"floor":7.0,"key":"AttackPotion"},{"floor":12.0,"key":"SkillPotion"},{"floor":18.0,"key":"REME_GoldPotion"},{"floor":27.0,"key":"DuplicationPotion"},{"floor":35.0,"key":"BlessingOfTheForge"},{"floor":38.0,"key":"testmod-SpacePotion"},{"floor":39.0,"key":"SpeedPotion"},{"floor":48,"key":"REME_GoldPotion"}],"is_trial":false,"path_per_floor":["M","?","M","$","M","R","E","M","T","$","M","E","M","M","R","B",null,"M","?","?","M","M","R","?","R","T","E","M","$","R","$","R","B",null,"M","$","?","M","M","E","M","$","T","E","$","M","E","?","R","B","B"],"character_chosen":"The_Alterego","items_purchased":["DistilledChaos","FixedStarFall","REME_ArchaeologicalTools","RhineFirstAidKit","PunchingBag","conspire:TimeTravelPotion","SkillPotion","testmod-KeyOfTheVoid","DuplicationPotion","AT_DeathDance","testmod-ObsoleteBoomerang","ImprovedEquipment","alterego_mod:BiFurious","alterego_mod:Maid","testmod-SpacePotion","ColorlessPotion","LiquidMemories","MerchantsRug","Prayer Wheel","Ice Cream","testmod-CyclicPeriapt","Pocketwatch","ChampionBelt","alterego_mod:PainIsPleasure","alterego_mod:Birthday","Lantern","Energy Potion","testmod-TimePotion","PillsDrop","REME_HandOfSuture","AT_TrinityForce","Mercury Hourglass","BrkXgEgg","REME_DuelDisc","alterego_mod:PerceptionDisorder","MegaBlast","BookofShadows","Calling Bell","testmod-Charity","PatriotShield","YumHeart","REME_GoldPotion","LiquidMemories","ColorlessPotion","REME_ChargedStone","alterego_mod:BrynhildrRomantia+1","Vajra","Potion Belt","SteroidPotion","AttackPotion","testmod-LifeArmor","ForgetMeNow","FossilizedHelix","Unceasing Top","Gambling Chip","Omamori","Swift Potion","conspire:BottledYoYo"],"campfire_rested":0,"item_purchase_floors":[4,4,4,4,4,4,4,10,10,10,10,10,10,10,10,10,10,29,29,29,29,29,29,29,29,29,29,29,31,31,31,31,31,31,31,36,36,36,36,36,36,36,36,36,42,42,42,42,42,42,42,42,45,45,45,45,45,45],"current_hp_per_floor":[70,63,63,63,63,63,44,41,41,41,41,60,77,76,76,80,80,83,67,67,76,80,80,80,80,80,79,53,53,53,53,53,85,85,85,86,89,91,93,100,117,119,119,124,125,126,128,138,138,143,0,0],"gold":1632,"neow_bonus":"THREE_ENEMY_KILL","is_daily":false,"chose_seed":false,"campfire_upgraded":3,"win_rate":0.0,"timestamp":1611021907,"path_taken":["M","?","M","$","M","R","E","M","T","$","M","E","M","M","R","BOSS","M","?","?","M","M","R","?","R","T","E","M","$","R","$","R","BOSS","M","$","?","M","M","E","M","?","T","E","$","?","E","?","R","BOSS","BOSS"],"items_purchased_type":["Potion","Relic","Relic","Relic","Relic","Potion","Potion","Relic","Potion","Relic","Relic","Relic","Card","Card","Potion","Potion","Potion","Relic","Relic","Relic","Relic","Relic","Relic","Card","Card","Relic","Potion","Potion","Relic","Relic","Relic","Relic","Relic","Relic","Card","Relic","Relic","Relic","Relic","Relic","Relic","Potion","Potion","Potion","Relic","Card","Relic","Relic","Potion","Potion","Relic","Relic","Relic","Relic","Relic","Relic","Potion","Relic"],"build_version":"2020-12-18","purchased_purges":6,"victory":false,"max_hp_per_floor":[70,70,70,70,70,70,71,72,72,72,72,73,77,76,76,80,80,83,83,83,84,85,85,85,85,85,86,87,84,84,84,84,85,85,85,86,89,91,93,100,117,119,119,124,125,126,128,138,138,143,143,143],"card_choices":[{"not_picked":[],"picked":"Bomb","floor":0.0},{"not_picked":["alterego_mod:RocketPunch","alterego_mod:HighServant","alterego_mod:Bunnysuit"],"picked":"SKIP","floor":1.0},{"not_picked":["alterego_mod:GoddessCore","alterego_mod:Clap","alterego_mod:Jiggle","alterego_mod:DiscoLights"],"picked":"alterego_mod:DestructionOfProperty","floor":3.0},{"not_picked":["alterego_mod:Punishment","alterego_mod:Cooking","alterego_mod:Support","alterego_mod:DeftHands"],"picked":"alterego_mod:Vow","floor":5.0},{"not_picked":["alterego_mod:1TonWallop","alterego_mod:HighServant","alterego_mod:GachaTicket","alterego_mod:Rip"],"picked":"alterego_mod:TrashNCrash","floor":7.0},{"not_picked":["alterego_mod:Schoolgirl","alterego_mod:Skirt","alterego_mod:PresenceConcealment","alterego_mod:GIGAMILK","alterego_mod:Mirror"],"picked":"SKIP","floor":8.0},{"not_picked":["alterego_mod:DestructionOfProperty","alterego_mod:Mirror","alterego_mod:Clap","alterego_mod:1TonWallop"],"picked":"alterego_mod:SakuraFive","floor":11.0},{"not_picked":["alterego_mod:Birthday","alterego_mod:Rip","alterego_mod:TrashNCrash","alterego_mod:Bounce"],"picked":"alterego_mod:BrynhildrRomantia","floor":12.0},{"not_picked":["alterego_mod:Bounce","alterego_mod:Support","alterego_mod:MagicResistance","alterego_mod:BiFurious"],"picked":"alterego_mod:Swimsuit","floor":13.0},{"not_picked":["alterego_mod:Lingerie","alterego_mod:Nekomimi","alterego_mod:Mirror","alterego_mod:Skirt"],"picked":"alterego_mod:GoddessCore","floor":14.0},{"not_picked":["alterego_mod:ClassAdvantage","alterego_mod:GIGAMILK","alterego_mod:Alter","alterego_mod:STier"],"picked":"alterego_mod:BrynhildrRomantia","floor":16.0},{"not_picked":["alterego_mod:Bloomers","alterego_mod:Schoolgirl","alterego_mod:MagicResistance","alterego_mod:Bunnysuit"],"picked":"alterego_mod:RocketPunch","floor":18.0},{"not_picked":["alterego_mod:Jiggle","alterego_mod:Skirt","alterego_mod:Cooking","alterego_mod:DeftHands"],"picked":"alterego_mod:1TonWallop","floor":21.0},{"not_picked":["alterego_mod:Cooking","alterego_mod:RingBreak","alterego_mod:TrashNCrash+1","alterego_mod:BoobPocket+1"],"picked":"alterego_mod:Smother","floor":22.0},{"not_picked":["alterego_mod:ChallengeComplete+1","alterego_mod:Skirt+1","alterego_mod:Undulate","alterego_mod:TrashNCrash"],"picked":"alterego_mod:Venus","floor":27.0},{"not_picked":["alterego_mod:GoddessCore+1","alterego_mod:Jiggle","alterego_mod:Exercise","alterego_mod:Clap"],"picked":"alterego_mod:SakuraFive+1","floor":28.0},{"not_picked":["alterego_mod:Antipathy+1","alterego_mod:Weigh+1","alterego_mod:Rake+1","alterego_mod:Lift+1"],"picked":"alterego_mod:Vow+1","floor":33.0},{"not_picked":["alterego_mod:BiFurious","alterego_mod:MagicResistance","alterego_mod:Clones","alterego_mod:DeftHands+1"],"picked":"alterego_mod:BeGentle+1","floor":35.0},{"not_picked":["alterego_mod:BusterCard+1","alterego_mod:Maid","alterego_mod:Mirror","alterego_mod:Table+1"],"picked":"alterego_mod:Weigh+1","floor":37.0},{"not_picked":["alterego_mod:Jiggle+1","alterego_mod:BustOut+1","alterego_mod:BreastValley","alterego_mod:Birthday"],"picked":"alterego_mod:Pet","floor":38.0},{"not_picked":["alterego_mod:Maid","alterego_mod:DeftHands","alterego_mod:Skirt+1","alterego_mod:SakuraLabyrinth","alterego_mod:HighServant"],"picked":"SKIP","floor":39.0},{"not_picked":["alterego_mod:BustOut","alterego_mod:Lingerie+1","alterego_mod:Cycle+1","alterego_mod:BoobPocket"],"picked":"alterego_mod:BrynhildrRomantia+1","floor":40.0},{"not_picked":["alterego_mod:Pet+1","alterego_mod:BusterCard","alterego_mod:DustData","alterego_mod:Smother+1"],"picked":"alterego_mod:1TonWallop","floor":41.0},{"not_picked":["alterego_mod:SuperDuperMasochism","alterego_mod:HighServant","alterego_mod:BiFurious","alterego_mod:Table","alterego_mod:Pet"],"picked":"SKIP","floor":41.0},{"not_picked":["alterego_mod:Schoolgirl","alterego_mod:GoddessCore","alterego_mod:BusterCard","alterego_mod:RocketPunch","alterego_mod:Bounce"],"picked":"SKIP","floor":44.0},{"not_picked":["alterego_mod:Birthday","alterego_mod:Schoolgirl","alterego_mod:HighServant","alterego_mod:Cycle","alterego_mod:DeftHands"],"picked":"SKIP","floor":46},{"not_picked":["alterego_mod:Cycle","alterego_mod:Schoolgirl","alterego_mod:Bounce","alterego_mod:Maid","alterego_mod:BiFurious"],"picked":"SKIP","floor":47},{"not_picked":["alterego_mod:Stockings","alterego_mod:HighServant+1","alterego_mod:DeftHands","alterego_mod:Clones"],"picked":"alterego_mod:TrashNCrash","floor":48}],"player_experience":1120280,"relics_obtained":[{"floor":1.0,"key":"SynthV:TestCard"},{"floor":7.0,"key":"ArrowTower"},{"floor":9.0,"key":"testmod-EnergyCheck"},{"floor":12.0,"key":"ThornShield"},{"floor":19.0,"key":"Enchiridion"},{"floor":26.0,"key":"testmod-BouquetWithThorns"},{"floor":36.0,"key":"JellyFishMachine"},{"floor":36.0,"key":"AT_Manta"},{"floor":37.0,"key":"Art of War"},{"floor":38.0,"key":"testmod-Register"},{"floor":39.0,"key":"Frozen Eye"},{"floor":44.0,"key":"JudasShadow"},{"floor":46,"key":"AT_MortalBlade"},{"floor":47,"key":"PreservedInsect"},{"floor":48,"key":"AT_MibuBalloonWealth"},{"floor":48,"key":"DoctorsRemote"}],"event_choices":[{"damage_healed":0.0,"max_hp_gain":0.0,"max_hp_loss":0.0,"gold_gain":75.0,"event_name":"FaceTrader","player_choice":"Touch","floor":2.0,"gold_loss":0.0,"damage_taken":7.0},{"damage_healed":0.0,"max_hp_gain":0.0,"max_hp_loss":0.0,"gold_gain":0.0,"event_name":"Cursed Tome","player_choice":"Obtained Book","floor":19.0,"gold_loss":0.0,"damage_taken":16.0},{"damage_healed":0.0,"max_hp_gain":0.0,"max_hp_loss":0.0,"gold_gain":0.0,"event_name":"Drug Dealer","player_choice":"Inject Mutagens","floor":20.0,"gold_loss":0.0,"damage_taken":0.0,"relics_obtained":["MutagenicStrength"]},{"damage_healed":0.0,"max_hp_gain":0.0,"max_hp_loss":0.0,"gold_gain":0.0,"event_name":"Accursed Blacksmith","player_choice":"Rummage","floor":24.0,"gold_loss":0.0,"damage_taken":0.0,"relics_obtained":["WarpedTongs"],"cards_obtained":["Pain"]},{"damage_healed":0.0,"max_hp_gain":0.0,"max_hp_loss":0.0,"gold_gain":0.0,"event_name":"MindBloom","player_choice":"Fight","floor":37.0,"gold_loss":0.0,"damage_taken":0.0},{"damage_healed":0,"gold_gain":0,"player_choice":"Fight","damage_taken":0,"max_hp_gain":0,"max_hp_loss":0,"event_name":"HidenRoomEvent","floor":48,"gold_loss":0}],"is_beta":true,"boss_relics":[{"not_picked":["Bottled Flame","Cursed Key"],"picked":"Girya"},{"not_picked":[]},{"not_picked":["Whetstone","Fusion Hammer"],"picked":"testmod-BatchProcessingSystem"},{"not_picked":[]}],"items_purged_floors":[4,10,29,36,42,45],"is_endless":false,"potions_floor_spawned":[3,5,7,12,18,27,35,38,39,47,48],"killed_by":"Donu and Deca","ascension_level":20}}