{"host":"od5czx9kemjopzpf","time":1611059573,"event":{"mods":["Aspiration","BaseMod","Defuse TimeMaze Blight","Downfall","Minty Spire (QoL Compilation)","Spicy Shops","StSLib"],"gold_per_floor":[99,117,132,132,149,165,165,165,185,185,203,203,203,203],"floor_reached":12,"language":"ZHS","playtime":351,"items_purged":[],"score":72,"play_id":"f4614fa0-4dee-40a7-b434-72a505446dcb","local_time":"20210119203253","is_ascension_mode":false,"campfire_choices":[{"floor":1,"key":"RECALL"}],"circlet_count":0,"master_deck":["Slimebound:Strike_Slimebound","Slimebound:Tackle","Slimebound:Defend_Slimebound","Slimebound:Defend_Slimebound","Slimebound:Defend_Slimebound","Slimebound:Defend_Slimebound","Slimebound:Split","Slimebound:CorrosiveSpit","Slimebound:GoopTackle","Slimebound:LeechEnergy","Slimebound:FinishingTackle","Slimebound:BestDefense","Slimebound:Grow","Slimebound:RollThrough","Slimebound:SamplingLick"],"relics":["Slimebound:AbsorbEndCombat","Oddly Smooth Stone"],"acts_visited":["Exordium"],"potions_floor_usage":[],"damage_taken":[{"damage":5,"enemies":"Cultist","floor":2,"turns":4},{"damage":4,"enemies":"2 Louse","floor":3,"turns":2},{"damage":7,"enemies":"Small Slimes","floor":5,"turns":3},{"damage":19,"enemies":"Exordium Thugs","floor":6,"turns":4},{"damage":30,"enemies":"Blue Slaver","floor":9,"turns":5},{"damage":9,"enemies":"2 Fungi Beasts","floor":11,"turns":4},{"damage":1,"enemies":"3 Sentries","floor":12,"turns":2}],"seed_played":"-7186237192627411935","potions_obtained":[{"floor":5,"key":"DuplicationPotion"},{"floor":6,"key":"SteroidPotion"},{"floor":11,"key":"PowerPotion"}],"is_trial":false,"path_per_floor":["R","M","M","?","M","M","T","?","M","?","M","E"],"character_chosen":"SLIMEBOUND","items_purchased":[],"campfire_rested":0,"item_purchase_floors":[],"current_hp_per_floor":[71,68,66,54,49,32,32,32,8,8,1,2,2,2],"gold":203,"neow_bonus":"TEN_PERCENT_HP_BONUS","is_daily":false,"chose_seed":false,"campfire_upgraded":0,"win_rate":0.0,"timestamp":1611059573,"path_taken":["R","M","M","?","M","M","T","?","?","?","M","E"],"items_purchased_type":[],"build_version":"2020-12-22","purchased_purges":0,"victory":false,"max_hp_per_floor":[71,71,71,71,71,71,71,71,71,71,71,71,71,71],"card_choices":[{"not_picked":["Slimebound:LeechEnergy","Slimebound:Prepare"],"picked":"Slimebound:GoopTackle","floor":2},{"not_picked":["Slimebound:Repurpose","Slimebound:GoopSpray"],"picked":"Slimebound:LeechEnergy","floor":3},{"not_picked":["Slimebound:Nibble","Slimebound:SplitAcid"],"picked":"Slimebound:FinishingTackle","floor":5},{"not_picked":["Slimebound:RallyTheTroops","Slimebound:SamplingLick"],"picked":"Slimebound:BestDefense","floor":6},{"not_picked":["Slimebound:GrowthPunch","Slimebound:Schlurp"],"picked":"Slimebound:RollThrough","floor":9},{"not_picked":["Slimebound:FlameTackle","Slimebound:Dissolve"],"picked":"Slimebound:SamplingLick","floor":11}],"player_experience":45426,"relics_obtained":[],"event_choices":[{"damage_healed":0,"gold_gain":0,"player_choice":"Success","damage_taken":12,"relics_obtained":["Oddly Smooth Stone"],"max_hp_gain":0,"max_hp_loss":0,"event_name":"Scrap Ooze","floor":4,"gold_loss":0}],"is_beta":false,"boss_relics":[],"items_purged_floors":[],"is_endless":false,"potions_floor_spawned":[5,6,11],"killed_by":"3 Sentries","ascension_level":0}}