{"host":"tyeg9214rgutn7tb","time":1611083659,"event":{"mods":["BaseMod","Colored Map","Custom Start","Downfall","Minty Spire (QoL Compilation)","StSLib"],"gold_per_floor":[99,111,111,126,136,136,182,214,114,128,160,60,60,74,92,169,169,69,88,98,98,116,116,116,141,157,142,165,183,183,197,208,280,280,280,294,1293,1293,1311,1311,1311,737,750,763,552,578,578,588,603,603,603,635,66,66,66,66,66,66],"floor_reached":56,"language":"ENG","playtime":2775,"items_purged":["Normality","Normality","bronze:ClassDefault"],"score":1601,"play_id":"989a2394-dccb-4e35-a5ba-26fe4979cc8f","local_time":"20210119201419","daily_mods":["SealedDeck"],"is_ascension_mode":true,"campfire_choices":[{"data":"bronze:FineTuning","floor":1.0,"key":"SMITH"},{"data":"bronze:Terminator","floor":9.0,"key":"SMITH"},{"floor":12.0,"key":"RECALL"},{"data":"bronze:Optimize","floor":18.0,"key":"SMITH"},{"data":"bronze:TinkerersToolbox","floor":30.0,"key":"SMITH"},{"data":"bronze:Hardcode","floor":35.0,"key":"SMITH"},{"data":"bronze:Constructor","floor":40,"key":"SMITH"},{"floor":47,"key":"REST"},{"data":"Secret Weapon","floor":54,"key":"SMITH"}],"circlet_count":0,"master_deck":["AscendersBane","bronze:FineTuning+1","bronze:Philosophize+1","bronze:Terminator+1","bronze:Constructor+1","bronze:Constructor","bronze:Constructor","bronze:Iterate+1","bronze:Iterate","bronze:Iterate","bronze:Optimize+1","bronze:ForceShield+1","bronze:ChosenStrike","bronze:TinkerersToolbox+1","bronze:Repair","bronze:Terminator+1","bronze:FineTuning+1","bronze:FunctionCard","Secret Weapon+1"],"relics":["bronze:BronzeCore","Akabeko","downfall:HeartBlessingBlue","Bag of Marbles","downfall:HeartBlessingGreen","bronze:ElectromagneticCoil","downfall:HeartBlessingRed","Molten Egg 2","Blood Vial","Strawberry","Philosopher\u0027s Stone","bronze:Mallet","Bottled Lightning","Sling","Bronze Scales","Lantern","Orichalcum","Guardian:PocketSentry","Toolbox"],"acts_visited":["Exordium","TheCity","TheBeyond","TheEnding"],"potions_floor_usage":[42,43,43,46],"damage_taken":[{"damage":9.0,"enemies":"Small Slimes","floor":2.0,"turns":3.0},{"damage":1.0,"enemies":"Cultist","floor":4.0,"turns":4.0},{"damage":8.0,"enemies":"Jaw Worm","floor":5.0,"turns":3.0},{"damage":5.0,"enemies":"3 Sentries","floor":8.0,"turns":5.0},{"damage":8.0,"enemies":"Blue Slaver","floor":10.0,"turns":2.0},{"damage":0.0,"enemies":"Gremlin Nob","floor":11.0,"turns":3.0},{"damage":0.0,"enemies":"Exordium Thugs","floor":14.0,"turns":2.0},{"damage":2.0,"enemies":"Lots of Slimes","floor":15.0,"turns":3.0},{"damage":10.0,"enemies":"SI_SHIV_ARCHETYPE","floor":16.0,"turns":7.0},{"damage":19.0,"enemies":"Spheric Guardian","floor":19.0,"turns":4.0},{"damage":9.0,"enemies":"Shell Parasite","floor":20.0,"turns":3.0},{"damage":3.0,"enemies":"Snake Plant","floor":22.0,"turns":2.0},{"damage":18.0,"enemies":"Slavers","floor":25.0,"turns":5.0},{"damage":0.0,"enemies":"Centurion and Healer","floor":26.0,"turns":4.0},{"damage":0.0,"enemies":"downfall:FleeingMerchant","floor":27.0,"turns":4.0},{"damage":0.0,"enemies":"Snecko","floor":29.0,"turns":4.0},{"damage":13.0,"enemies":"Shelled Parasite and Fungi","floor":31.0,"turns":4.0},{"damage":0.0,"enemies":"3 Cultists","floor":32.0,"turns":3.0},{"damage":0.0,"enemies":"WA_ARCHETYPE_CALM","floor":33.0,"turns":7.0},{"damage":0.0,"enemies":"Orb Walker","floor":36.0,"turns":1.0},{"damage":23,"enemies":"3 Darklings","floor":39,"turns":7},{"damage":8,"enemies":"downfall:FleeingMerchant","floor":42,"turns":4},{"damage":54,"enemies":"Jaw Worm Horde","floor":43,"turns":6},{"damage":0,"enemies":"Writhing Mass","floor":44,"turns":1},{"damage":0,"enemies":"downfall:FleeingMerchant","floor":45,"turns":1},{"damage":19,"enemies":"Nemesis","floor":46,"turns":3},{"damage":0,"enemies":"Maw","floor":48,"turns":4},{"damage":0,"enemies":"3 Darklings","floor":49,"turns":2},{"damage":5,"enemies":"DF_ARCHETYPE_ORBS","floor":50,"turns":4},{"damage":0,"enemies":"downfall:CharBossMerchant","floor":52,"turns":3},{"damage":0,"enemies":"downfall:NeowBoss","floor":55,"turns":5},{"damage":100,"enemies":"downfall:NeowBossFinal","floor":56,"turns":5}],"seed_played":"-928859416649462482","potions_obtained":[{"floor":4.0,"key":"SteroidPotion"},{"floor":5.0,"key":"Strength Potion"},{"floor":8.0,"key":"Block Potion"},{"floor":15.0,"key":"EssenceOfSteel"},{"floor":25.0,"key":"Block Potion"},{"floor":26.0,"key":"bronze:CleanCodePotion"},{"floor":39,"key":"AttackPotion"},{"floor":43,"key":"bronze:CleanCodePotion"},{"floor":46,"key":"bronze:BurnAndBuffPotion"}],"is_trial":true,"path_per_floor":["R","M","?","M","M","?","T","E","R","M","E","R","?","M","M","B",null,"R","M","M","?","M","?","T","E","M","$","T","M","R","M","M","B",null,"R","M","?","?","M","R","T","$","M","M","$","E","R","M","M","B",null,"E","$","R","B","B"],"character_chosen":"THE_AUTOMATON","items_purchased":["Bottled Lightning","Sling","PowerPotion","Bronze Scales","Secret Weapon","Regen Potion","Guardian:PocketSentry","bronze:BuildAFunctionPotion","Toolbox"],"campfire_rested":1,"item_purchase_floors":[42,42,42,45,45,45,53,53,53],"current_hp_per_floor":[57,48,63,62,54,54,54,49,59,51,51,51,51,51,49,39,65,65,46,37,37,34,34,34,23,32,44,51,63,63,59,72,80,80,80,80,80,80,62,62,62,66,24,26,28,26,50,62,64,69,77,79,79,79,80,0,0,0],"gold":66,"neow_bonus":"","is_daily":false,"chose_seed":false,"campfire_upgraded":7,"win_rate":0.0,"timestamp":1611083659,"path_taken":["R","M","?","M","?","?","T","E","R","M","E","R","?","M","M","BOSS","R","M","M","?","?","?","T","E","M","$","?","M","R","M","M","BOSS","R","M","?","?","?","R","T","$","M","M","?","E","R","M","M","BOSS","E","$","R","BOSS","BOSS"],"items_purchased_type":["Relic","Relic","Potion","Relic","Card","Potion","Relic","Potion","Relic"],"build_version":"2020-12-22","purchased_purges":3,"victory":false,"max_hp_per_floor":[63,63,63,63,63,63,63,63,73,73,73,73,73,73,73,73,73,73,73,73,73,73,73,73,73,73,73,80,80,80,80,80,80,80,80,80,80,80,80,80,80,80,80,80,80,80,80,80,80,80,80,80,80,80,80,80,80,80],"card_choices":[{"not_picked":["bronze:Invalidate","bronze:Overheat"],"picked":"bronze:Optimize","floor":2.0},{"not_picked":["bronze:Overload","bronze:Branch"],"picked":"bronze:ClassDefault","floor":4.0},{"not_picked":["bronze:Flail","bronze:Shell","bronze:NullPointer"],"picked":"SKIP","floor":5.0},{"not_picked":["bronze:BuggyMess","bronze:BitShift"],"picked":"bronze:ForceShield","floor":8.0},{"not_picked":["bronze:Frontload","bronze:Iterate","bronze:DigitalCarnage"],"picked":"SKIP","floor":10.0},{"not_picked":["bronze:ForLoop","bronze:CleanCode","bronze:DelayedSlice"],"picked":"SKIP","floor":11.0},{"not_picked":["bronze:Turbo","bronze:Overload","bronze:DelayedSlice"],"picked":"SKIP","floor":14.0},{"not_picked":["bronze:Philosophize","bronze:WhirlingStrike"],"picked":"bronze:ChosenStrike","floor":15.0},{"not_picked":["bronze:FindAndReplace","bronze:SpaghettiCode"],"picked":"bronze:TinkerersToolbox","floor":16.0},{"not_picked":["bronze:BitShift+1","bronze:ForceShield","bronze:Separator"],"picked":"SKIP","floor":19.0},{"not_picked":["bronze:Invalidate","bronze:DelayedGuard","bronze:Refactor"],"picked":"SKIP","floor":20.0},{"not_picked":["bronze:BitShift","bronze:Shield"],"picked":"bronze:Repair","floor":22.0},{"not_picked":["bronze:BugBarrage+1","bronze:Iterate+1","bronze:DarkDash+1"],"picked":"SKIP","floor":25.0},{"not_picked":["bronze:ClassDefault+1","bronze:DelayedGuard+1","bronze:Overload+1"],"picked":"SKIP","floor":26.0},{"not_picked":["bronze:FineTuning","bronze:Frontload","bronze:BitShift"],"picked":"SKIP","floor":27.0},{"not_picked":["bronze:Invalidate","bronze:Turbo","bronze:BugBarrage+1"],"picked":"SKIP","floor":29.0},{"not_picked":["bronze:Repulsor","bronze:Overheat+1"],"picked":"bronze:Terminator","floor":31.0},{"not_picked":["bronze:BugBarrage+1","bronze:BuggyMess","bronze:Separator+1"],"picked":"SKIP","floor":32.0},{"not_picked":["bronze:HyperBeam+1","bronze:FindAndReplace"],"picked":"bronze:Hardcode","floor":33.0},{"not_picked":["bronze:DelayedSlice+1","bronze:CutThrough+1","bronze:Deprecate"],"picked":"SKIP","floor":36.0},{"not_picked":["bronze:Constructor","bronze:Philosophize","bronze:Refactor+1"],"picked":"SKIP","floor":39},{"not_picked":["bronze:Flail+1","bronze:RecursiveStrike+1"],"picked":"bronze:FineTuning+1","floor":42},{"not_picked":["bronze:Branch+1","bronze:Invalidate","bronze:Philosophize"],"picked":"SKIP","floor":43},{"not_picked":["bronze:Flail+1","bronze:NullPointer+1","bronze:Iterate+1"],"picked":"SKIP","floor":44},{"not_picked":["bronze:Safeguard+1","bronze:Overload+1","bronze:NullPointer+1"],"picked":"SKIP","floor":45},{"not_picked":["bronze:Deprecate","bronze:Shield","bronze:Overheat+1"],"picked":"SKIP","floor":46},{"not_picked":["bronze:MaxOutput","bronze:Allocate+1","bronze:Repulsor+1"],"picked":"SKIP","floor":48},{"not_picked":["bronze:DarkDash+1","bronze:FollowUp+1","bronze:OilSpill+1"],"picked":"SKIP","floor":49},{"not_picked":["bronze:Turbo","bronze:Iterate+1","bronze:Repair"],"picked":"SKIP","floor":52}],"player_experience":697440,"relics_obtained":[{"floor":8.0,"key":"Akabeko"},{"floor":11.0,"key":"Bag of Marbles"},{"floor":24.0,"key":"Molten Egg 2"},{"floor":25.0,"key":"Blood Vial"},{"floor":28.0,"key":"Strawberry"},{"floor":41,"key":"bronze:Mallet"},{"floor":46,"key":"Lantern"},{"floor":52,"key":"Orichalcum"}],"event_choices":[{"cards_removed":["bronze:MaxOutput"],"damage_healed":15.0,"max_hp_gain":0.0,"max_hp_loss":0.0,"gold_gain":0.0,"event_name":"Bonfire Elementals","player_choice":"Offered Uncommon","floor":3.0,"gold_loss":0.0,"damage_taken":0.0}],"is_beta":false,"boss_relics":[{"not_picked":["SlaversCollar","Snecko Eye"],"picked":"bronze:ElectromagneticCoil"},{"not_picked":["Black Star","Empty Cage"],"picked":"Philosopher\u0027s Stone"}],"items_purged_floors":[42,45,53],"is_endless":false,"potions_floor_spawned":[4,5,8,15,19,25,26,31,33,36,39,43,46],"killed_by":"downfall:NeowBossFinal","ascension_level":20}}