{"host":"465m78bh87h7wxsp","time":1611075745,"event":{"mods":["ATMod(阿瑾Mod)","Act Like it!","Alarm Clock","BaseMod","Better Debug","CapriCore","Decade(王小明)","Gensokyo","GungeonMod","Hallownest","Hermit","HololiveMod","Infinite Spire","Jorbs\u0027s Wanderer Trilogy","KinomotoSakuraMod(木之本樱)","Koishi","KomeijiMod","Lobotomy","LobotomyExtend","Marisa（F雨　魔理沙）","Minty Spire (QoL Compilation)","MostiFishMod","Red Circlet Mod","Reimu（博丽灵梦）","Replay The Spire","RumiaBox-露米娅的神秘盒子","Ryuuou龙王","SOS（斯巴达之子）","Shop Mod","Spicy Shops","StSLib","TestMod","The Administrix","The Animator","The Bug Knight","The Cursed","The Hierophant","The Immortal","The Servant 0.9.4","Uncapped","Waifu the Spire","WarShipGirlsR/战舰少女R mod","Yakumo Yukari mod","Youmu（魂魄妖梦）","Yuyuko","[IsaacMod]以撒尖塔","noobMod","vexMod","【功能Mod】混沌之环修复补丁","【功能Mod】聪明的最终Boss","【遗物卡牌】REMEMod"],"gold_per_floor":[110,64,64,95,95,95,142,91,172,203,229,229,629,639,639,736,736,766,766,766,766,766,766,798,798,798,798,814,831,842,860,894,894,998,998,1026,1037,1051,1051,1051,1076,1076,1086,1086,1102,1118,1151,1168,1265,1265,1265,1265],"floor_reached":51,"language":"ZHS","playtime":2767,"items_purged":[],"score":1111,"play_id":"a52ab971-8c20-4b22-b159-b71e156435b8","local_time":"20210120010225","is_ascension_mode":false,"campfire_choices":[{"floor":6,"key":"RECALL"},{"data":"Envenom","floor":12,"key":"SMITH"},{"data":"Blade Dance","floor":23,"key":"SMITH"},{"data":"AT_FamilyPortrait","floor":25,"key":"SMITH"},{"data":"AT_FocusSwordFire","floor":27,"key":"SMITH"},{"data":"Sucker Punch","floor":33,"key":"SMITH"},{"data":"infinitespire:Collect","floor":42,"key":"SMITH"},{"data":"Delirium","floor":50,"key":"PURGE"}],"circlet_count":0,"master_deck":["Strike_G","Strike_G","Strike_G","Strike_G","Defend_G","Defend_G","Defend_G","Defend_G","Defend_G","BettingIsNotGood","AT_FamilyPortrait+1","OSAHOGD","Backflip","Pride","AT_FocusSwordFire+1","Leap","Beam Cell","Terror+1","Poisoned Stab","Wellcheers","PiercingWail","Envenom+1","Dagger Throw","Bouncing Flask","Malaise","Blade Dance+1","AT_EmpoweredMortalDraw+1","Parasite","Parasite","Parasite","Parasite","Parasite","Underhanded Strike+1","AT_WindFlip","BlackArmy","Hidden Blade","Calculated Gamble+1","Escape Plan","Sucker Punch+1","DespairKnight","infinitespire:Collect+1","Poisoned Stab","Poisoned Stab","Calculated Gamble","MostiFishMod:PerfectParry+1","Gensokyo:Dawn+1","Flying Knee+1","BlueStar","Expertise","CENSORED","Acrobatics","Bouncing Flask+1","Poisoned Stab","Calculated Gamble+1"],"relics":["Ring of the Snake","ice","HushsDoor","testmod-TestBox","AT_ATBox","REME_ComplimentaryCards","MoneyPower","testmod-CrystalShield","DianPoetry","CogitoBucket","SynthV:TestCard","LetterFromLob","infinitespire:WardingShard","Ancient Tea Set","Coffee Dripper","Succubus","AT_MortalBlade","HonorFeather","Heaven_r","Moonlight_r","Gaze_r","ShedSkin_r","ReplayTheSpireMod:Ring of Exchange","Ring of Hypnosis","Mastiff:ReiMu","DemoMod:RatBoots","DemoMod:PartiallyEatenCheese","DemoMod:ResourcefulSack","testmod-IncinerationGenerator","AtMidnight","Peace Pipe"],"acts_visited":["Exordium","TheCity","DemoMod:Maze","Gensokyo:Gensokyoest"],"potions_floor_usage":[20,20,47],"damage_taken":[{"damage":1,"enemies":"Jaw Worm","floor":1,"turns":2},{"damage":0,"enemies":"Cultist","floor":4,"turns":5},{"damage":21,"enemies":"Gremlin Nob","floor":7,"turns":3},{"damage":0,"enemies":"Lagavulin","floor":10,"turns":4},{"damage":2,"enemies":"Small Slimes","floor":11,"turns":3},{"damage":11,"enemies":"Exordium Thugs","floor":14,"turns":3},{"damage":14,"enemies":"Fading Forest","floor":16,"turns":11},{"damage":0,"enemies":"3 Byrds","floor":18,"turns":3},{"damage":55,"enemies":"Shell Parasite","floor":20,"turns":3},{"damage":25,"enemies":"Shell Parasite","floor":20,"turns":2},{"damage":0,"enemies":"Shell Parasite","floor":20,"turns":1},{"damage":0,"enemies":"Gremlin Leader","floor":24,"turns":2},{"damage":0,"enemies":"DemoMod:Veteran_shot_gun_kin_and_bullet_kin","floor":28,"turns":2},{"damage":13,"enemies":"DemoMod:Red_and_blue_shotgun_kin","floor":29,"turns":2},{"damage":4,"enemies":"DemoMod:Veteran_shot_gun_kin_and_blue_shotgun_kin_with_gunsinger","floor":30,"turns":1},{"damage":2,"enemies":"DemoMod:Red_and_blue_shotgun_kin_with_gunsinger","floor":31,"turns":1},{"damage":2,"enemies":"DemoMod:2_Mousers","floor":32,"turns":2},{"damage":123,"enemies":"LordOfAnnihilation","floor":34,"turns":14},{"damage":0,"enemies":"Gensokyo:3_Bats","floor":36,"turns":3},{"damage":0,"enemies":"Gensokyo:3_Boulders","floor":37,"turns":1},{"damage":0,"enemies":"Gensokyo:Dusk_and_Dawn","floor":38,"turns":2},{"damage":0,"enemies":"Gensokyo:Dusk_and_Dawn","floor":40,"turns":4},{"damage":0,"enemies":"Gensokyo:Doremy","floor":41,"turns":4},{"damage":0,"enemies":"Gensokyo:SeedOfUnknown","floor":43,"turns":1},{"damage":0,"enemies":"Gensokyo:AtlasGolem","floor":45,"turns":1},{"damage":6,"enemies":"Gensokyo:Dusk_and_Dawn","floor":46,"turns":2},{"damage":0,"enemies":"Gensokyo:3_Boulders","floor":47,"turns":2},{"damage":0,"enemies":"Gensokyo:SeedOfUnknown","floor":48,"turns":1},{"damage":4,"enemies":"Gensokyo:Shinki","floor":51,"turns":6}],"seed_played":"-2597258588681559473","potions_obtained":[{"floor":7,"key":"BlessingOfTheForge"},{"floor":14,"key":"Dexterity Potion"},{"floor":24,"key":"SteroidPotion"},{"floor":28,"key":"Elixir"},{"floor":30,"key":"FairyPotion"},{"floor":47,"key":"REME_GoldPotion"},{"floor":48,"key":"DuplicationPotion"}],"is_trial":false,"path_per_floor":["M","$","?","M","?","R","E","$","T","E","M","R","?","M","R","B",null,"M","AVR","M","?","?","R","E","R","T","R","M","M","M","M","M","R","B",null,"M","M","M","?","?","E","R","M","T","M","M","M","M","?","R","B"],"character_chosen":"THE_SILENT","items_purchased":["DemoMod:GnawedKey","Poisoned Stab","Succubus"],"campfire_rested":0,"item_purchase_floors":[2,8,17],"current_hp_per_floor":[69,69,80,80,80,80,59,59,59,59,57,57,57,46,46,37,65,65,65,5,5,5,90,90,91,91,91,91,78,74,72,70,97,62,101,101,101,101,86,86,88,103,103,103,103,99,100,100,85,104,101,101],"gold":1265,"neow_bonus":"","is_daily":false,"chose_seed":false,"campfire_upgraded":6,"win_rate":0.0,"timestamp":1611075745,"path_taken":["M","$","?","M","?","R","E","?","T","E","M","R","?","?","R","BOSS","M","AVR","?","?","?","R","E","R","T","R","M","M","M","M","M","R","BOSS","M","?","M","?","?","E","R","?","T","M","M","M","M","?","R","BOSS"],"items_purchased_type":["Relic","Card","Relic"],"build_version":"2020-12-22","purchased_purges":0,"victory":false,"max_hp_per_floor":[70,70,80,80,80,80,80,80,80,80,80,80,80,80,80,80,65,65,65,90,90,90,90,91,91,91,91,91,93,94,95,97,97,101,101,101,101,102,102,102,103,103,103,103,103,104,104,104,104,104,104,104],"card_choices":[{"not_picked":[],"picked":"BettingIsNotGood","floor":0},{"not_picked":["Scorched","CrumblingArmor","Mercenary"],"picked":"Singing Bowl","floor":1},{"not_picked":["SpiderBud","CrumblingArmor"],"picked":"OSAHOGD","floor":1},{"not_picked":["Prepared","Underhanded Strike"],"picked":"Backflip","floor":1},{"not_picked":["Murderer","CherryBlossoms","BeautyBeast"],"picked":"Singing Bowl","floor":4},{"not_picked":["REME_GreenPollution","Masterful Stab","ReplayTheSpireMod:Speed Training","PiercingWail"],"picked":"AT_FocusSwordFire","floor":4},{"not_picked":["OldLady","MHz","FairyFestival"],"picked":"Singing Bowl","floor":7},{"not_picked":["MostiFishMod:ThornCasing","Deflect","Escape Plan","Bomb"],"picked":"Terror","floor":7},{"not_picked":["UniverseFragment","CherryBlossoms","BeautyBeast"],"picked":"Singing Bowl","floor":10},{"not_picked":["VoidDream","Murderer"],"picked":"Wellcheers","floor":10},{"not_picked":["ReplayTheSpireMod:Exploit Weakness","MostiFishMod:Wind","Dagger Spray","Underhanded Strike"],"picked":"PiercingWail","floor":10},{"not_picked":["Scorched","ShyLook","PunishingBird"],"picked":"Singing Bowl","floor":11},{"not_picked":["Hidden Blade","Poisoned Stab","Masterful Stab","Underhanded Strike"],"picked":"Envenom","floor":11},{"not_picked":["OldLady","Scarecrow","Rudolta"],"picked":"Singing Bowl","floor":14},{"not_picked":["Caltrops","Bomb","Expertise","Backflip"],"picked":"Dagger Throw","floor":14},{"not_picked":["Scorched","UniverseFragment","CrumblingArmor"],"picked":"Singing Bowl","floor":16},{"not_picked":["MostiFishMod:ShivMaster","AT_KingSlayer","MostiFishMod:LethalBlade","REME_LeechingPoison"],"picked":"Malaise","floor":16},{"not_picked":["BeautyBeast","PunishingBird","MeatLantern"],"picked":"Singing Bowl","floor":18},{"not_picked":["Footwork","AT_ThistleTea+1","Underhanded Strike","Endless Agony"],"picked":"Blade Dance","floor":18},{"not_picked":["OldLady","FieryBird","RedShoes"],"picked":"Singing Bowl","floor":24},{"not_picked":["Deadly Poison","AT_Desolate","Backflip","Hidden Blade"],"picked":"Underhanded Strike+1","floor":24},{"not_picked":["Freischutz","QueenOfHatred","LittleHelper"],"picked":"Singing Bowl","floor":28},{"not_picked":["Blade Dance+1","Deadly Poison","Dagger Throw+1","Underhanded Strike+1"],"picked":"AT_WindFlip","floor":28},{"not_picked":["Porccubus","WallGazer","OldLady"],"picked":"Singing Bowl","floor":29},{"not_picked":["BeautyBeast","RedShoes"],"picked":"BlackArmy","floor":29},{"not_picked":["MostiFishMod:PerfectParry","AT_ThistleTea","Blade Dance+1","Acrobatics"],"picked":"Hidden Blade","floor":29},{"not_picked":["MeatLantern","SpiderBud","BlackSwan"],"picked":"Singing Bowl","floor":30},{"not_picked":["Bouncing Flask+1","AT_TinkerSharpsword","Deflect+1","Hidden Blade"],"picked":"Calculated Gamble+1","floor":30},{"not_picked":["DespairKnight","Mercenary","Variant"],"picked":"Singing Bowl","floor":31},{"not_picked":["Dagger Spray","PiercingWail+1","ReplayTheSpireMod:Speed Training","Dodge and Roll+1"],"picked":"Escape Plan","floor":31},{"not_picked":["BlackSwan","ShyLook","GreedKing"],"picked":"Singing Bowl","floor":32},{"not_picked":["MostiFishMod:PerfectParry","Prepared+1","Unload","Replay:Poison Smokescreen+1"],"picked":"Sucker Punch","floor":32},{"not_picked":["Bloodbath","HappyTeddy","PunishingBird"],"picked":"Singing Bowl","floor":34},{"not_picked":["CrumblingArmor","Freischutz"],"picked":"DespairKnight","floor":34},{"not_picked":["infinitespire:UltimateForm","infinitespire:Execution"],"picked":"infinitespire:Collect","floor":34},{"not_picked":["Dodge and Roll+1","Eviscerate+1","Blade Dance+1","Dagger Throw"],"picked":"Poisoned Stab","floor":35},{"not_picked":["Woodsman","BeautyBeast","BigBadWolf"],"picked":"Singing Bowl","floor":36},{"not_picked":["AT_WindRun","Bullet Time","Hidden Blade","Distraction"],"picked":"Poisoned Stab","floor":36},{"not_picked":["VoidDream","Laetitia","LaLuna"],"picked":"Singing Bowl","floor":37},{"not_picked":["Draining Mist","Deadly Poison","Sucker Punch+1","Hidden Blade+1"],"picked":"Calculated Gamble","floor":37},{"not_picked":["BeautyBeast","Woodsman","LaLuna"],"picked":"Singing Bowl","floor":38},{"not_picked":["Backflip","Crippling Poison+1","Prepared+1","Blade Dance"],"picked":"MostiFishMod:PerfectParry+1","floor":38},{"not_picked":["Gensokyo:RainbowDanmaku+1","Gensokyo:RisingWorld+1"],"picked":"Gensokyo:Dawn+1","floor":40},{"not_picked":["SpiderBud","BigBadWolf","BeautyBeast"],"picked":"Singing Bowl","floor":41},{"not_picked":["Flechettes+1","Sucker Punch+1","Dagger Spray+1","REME_CopyPotion"],"picked":"Flying Knee+1","floor":41},{"not_picked":["HeroicMonk","Scarecrow"],"picked":"BlueStar","floor":43},{"not_picked":["Deadly Poison+1","infinitespire:Neurotoxin","Sucker Punch","ReplayTheSpireMod:The Works"],"picked":"Expertise","floor":43},{"not_picked":["NakedNest","ShyLook"],"picked":"CENSORED","floor":45},{"not_picked":["Quick Slash","Dodge and Roll","Deadly Poison+1","Deflect+1"],"picked":"Acrobatics","floor":45},{"not_picked":["Funeral","GalaxyChild","SpiderBud"],"picked":"Singing Bowl","floor":46},{"not_picked":["Prepared","ReplayTheSpireMod:Speed Training+1","Sucker Punch+1","Caltrops"],"picked":"Bouncing Flask+1","floor":46},{"not_picked":["RedShoes","BlackSwan","LongBird"],"picked":"Singing Bowl","floor":47},{"not_picked":["Dagger Throw+1","Dodge and Roll","Replay:Poison Smokescreen+1","Quick Slash+1"],"picked":"Poisoned Stab","floor":47},{"not_picked":["MHz","BeautyBeast","WhitesApple"],"picked":"Singing Bowl","floor":48},{"not_picked":["Backflip+1","Flying Knee","Riddle With Holes+1","AT_WindFlip+1"],"picked":"Calculated Gamble+1","floor":48}],"player_experience":18388,"relics_obtained":[{"floor":1,"key":"SynthV:TestCard"},{"floor":1,"key":"LetterFromLob"},{"floor":7,"key":"infinitespire:WardingShard"},{"floor":10,"key":"Ancient Tea Set"},{"floor":21,"key":"ReplayTheSpireMod:Ring of Exchange"},{"floor":21,"key":"Ring of Hypnosis"},{"floor":24,"key":"Mastiff:ReiMu"},{"floor":35,"key":"DemoMod:RatBoots"},{"floor":35,"key":"DemoMod:PartiallyEatenCheese"},{"floor":35,"key":"DemoMod:ResourcefulSack"},{"floor":35,"key":"testmod-IncinerationGenerator"},{"floor":36,"key":"AtMidnight"},{"floor":44,"key":"Peace Pipe"}],"event_choices":[{"cards_removed":["MunenMusou"],"damage_healed":1,"gold_gain":0,"player_choice":"Offered Rare","damage_taken":0,"max_hp_gain":10,"max_hp_loss":0,"event_name":"Bonfire Elementals","floor":3,"gold_loss":0},{"damage_healed":0,"gold_gain":400,"player_choice":"Sell","damage_taken":0,"max_hp_gain":0,"max_hp_loss":0,"event_name":"恩洛斯的盘子","floor":13,"relics_lost":["DaveBox"],"gold_loss":0},{"damage_healed":0,"gold_gain":0,"player_choice":"1 cards matched","damage_taken":0,"max_hp_gain":0,"max_hp_loss":0,"event_name":"Match and Keep!","floor":15,"gold_loss":0,"cards_obtained":["Bouncing Flask"]}],"is_beta":false,"boss_relics":[{"not_picked":["Runic Dome","ChewingGum"],"picked":"Coffee Dripper"},{"not_picked":[]},{"not_picked":[]}],"items_purged_floors":[],"is_endless":false,"potions_floor_spawned":[7,14,20,20,24,28,30,31,34,38,45,47,48],"killed_by":"Gensokyo:Shinki","ascension_level":0}}