{"host":"c44ey07ufggfw2m8","time":1611064305,"event":{"mods":["2.2 Compatiblity","BaseMod","Colored Map","DeckTracker","Highlight Path","Keyboard Shortcuts","Minty Spire (QoL Compilation)","Permanent Neow","Quick Restart","StSLib","SuperFastMode","UnlockEverythingMod"],"gold_per_floor":[111,126,144,158,6,6,41,41,41,52,64,82,82,114,114,210,210,220,236,236,236,255,255,270,297,322,322,322],"floor_reached":27,"language":"KOR","playtime":1467,"items_purged":[],"score":359,"play_id":"4a8a32b6-c4a7-451d-92d4-b0c137de59b9","local_time":"20210119225145","is_ascension_mode":true,"campfire_choices":[{"data":"Carnage","floor":6.0,"key":"SMITH"},{"data":"Feed","floor":8.0,"key":"SMITH"},{"data":"True Grit","floor":13.0,"key":"SMITH"},{"data":"Shrug It Off","floor":15.0,"key":"SMITH"},{"data":"Fiend Fire","floor":23.0,"key":"SMITH"}],"circlet_count":0,"master_deck":["Strike_R","Strike_R","Strike_R","Strike_R","Defend_R","Defend_R","Defend_R","Defend_R","Bash","Heavy Blade","Shrug It Off+1","Carnage+1","Sentinel","Feed+1","Power Through","True Grit+1","Immolate","Fiend Fire+1","Wild Strike","Exhume"],"relics":["Burning Blood","Bag of Preparation","Shuriken","Eternal Feather","Singing Bowl","Black Star","Letter Opener","Smiling Mask","CeramicFish"],"acts_visited":["Exordium","TheCity"],"potions_floor_usage":[25,27],"damage_taken":[{"damage":6.0,"enemies":"Cultist","floor":1.0,"turns":3.0},{"damage":14.0,"enemies":"Jaw Worm","floor":2.0,"turns":3.0},{"damage":0.0,"enemies":"Small Slimes","floor":3.0,"turns":3.0},{"damage":16.0,"enemies":"3 Louse","floor":4.0,"turns":4.0},{"damage":60.0,"enemies":"Lagavulin","floor":7.0,"turns":9.0},{"damage":8.0,"enemies":"Looter","floor":10.0,"turns":5.0},{"damage":6.0,"enemies":"Exordium Wildlife","floor":11.0,"turns":3.0},{"damage":7.0,"enemies":"Blue Slaver","floor":12.0,"turns":5.0},{"damage":13.0,"enemies":"3 Sentries","floor":14.0,"turns":8.0},{"damage":36.0,"enemies":"The Guardian","floor":16.0,"turns":16.0},{"damage":4.0,"enemies":"Chosen","floor":18.0,"turns":4.0},{"damage":1.0,"enemies":"3 Byrds","floor":19.0,"turns":2.0},{"damage":55.0,"enemies":"Centurion and Healer","floor":22.0,"turns":14.0},{"damage":20.0,"enemies":"Snake Plant","floor":24.0,"turns":5.0},{"damage":30,"enemies":"Gremlin Leader","floor":25,"turns":4},{"damage":22,"enemies":"Book of Stabbing","floor":27,"turns":4}],"seed_played":"1711771813443409057","potions_obtained":[{"floor":7.0,"key":"BloodPotion"},{"floor":10.0,"key":"Regen Potion"},{"floor":11.0,"key":"Strength Potion"},{"floor":12.0,"key":"BlessingOfTheForge"},{"floor":18.0,"key":"LiquidBronze"},{"floor":24.0,"key":"Block Potion"}],"is_trial":false,"path_per_floor":["M","M","M","M","$","R","E","R","T","M","M","M","R","E","R","B",null,"M","M","?","?","M","R","M","E","T","E"],"character_chosen":"IRONCLAD","items_purchased":["Bag of Preparation"],"campfire_rested":0,"item_purchase_floors":[5],"current_hp_per_floor":[80,72,78,68,68,68,14,14,14,16,20,41,50,49,58,47,88,92,99,99,99,54,63,53,29,29,7,7],"gold":322,"neow_bonus":"REMOVE_CARD","is_daily":false,"chose_seed":false,"campfire_upgraded":5,"win_rate":0.0,"timestamp":1611064305,"path_taken":["M","M","M","M","$","R","E","R","T","M","M","M","R","E","R","BOSS","M","?","?","?","M","R","M","E","T","E"],"items_purchased_type":["Relic"],"build_version":"2020-12-22","purchased_purges":0,"victory":false,"max_hp_per_floor":[80,80,80,80,80,80,80,80,80,84,88,92,92,98,98,102,102,104,106,106,106,110,110,114,114,114,114,114],"card_choices":[{"not_picked":["Sword Boomerang","Warcry"],"picked":"Heavy Blade","floor":1.0},{"not_picked":["Armaments","Wild Strike"],"picked":"Shrug It Off","floor":2.0},{"not_picked":["Dark Embrace","Dual Wield"],"picked":"Carnage","floor":3.0},{"not_picked":["Blood for Blood","Shockwave"],"picked":"Sentinel","floor":4.0},{"not_picked":["Clothesline","Thunderclap"],"picked":"Feed","floor":7.0},{"not_picked":["Cleave","Thunderclap"],"picked":"Power Through","floor":10.0},{"not_picked":["Metallicize","Twin Strike"],"picked":"True Grit","floor":11.0},{"not_picked":["Body Slam","Twin Strike","Whirlwind"],"picked":"SKIP","floor":12.0},{"not_picked":["Wild Strike","Clash","Cleave"],"picked":"Singing Bowl","floor":14.0},{"not_picked":["Impervious","Exhume"],"picked":"Immolate","floor":16.0},{"not_picked":["Pummel","Shockwave","Perfected Strike"],"picked":"Singing Bowl","floor":18.0},{"not_picked":["Entrench","Flex","Shrug It Off"],"picked":"Singing Bowl","floor":19.0},{"not_picked":["Twin Strike","Shrug It Off"],"picked":"Fiend Fire","floor":22.0},{"not_picked":["Iron Wave","Twin Strike"],"picked":"Wild Strike","floor":24.0},{"not_picked":["Hemokinesis","Armaments"],"picked":"Exhume","floor":25}],"player_experience":39695,"relics_obtained":[{"floor":7.0,"key":"Shuriken"},{"floor":9.0,"key":"Eternal Feather"},{"floor":14.0,"key":"Singing Bowl"},{"floor":25,"key":"Letter Opener"},{"floor":25,"key":"Smiling Mask"},{"floor":26,"key":"CeramicFish"}],"event_choices":[{"damage_healed":0.0,"max_hp_gain":0.0,"max_hp_loss":0.0,"gold_gain":0.0,"event_name":"Ghosts","player_choice":"Ignored","floor":20.0,"gold_loss":0.0,"damage_taken":0.0},{"damage_healed":0.0,"max_hp_gain":0.0,"max_hp_loss":0.0,"gold_gain":0.0,"event_name":"Vampires","player_choice":"Ignored","floor":21.0,"gold_loss":0.0,"damage_taken":0.0}],"is_beta":false,"boss_relics":[{"not_picked":["Black Blood","Snecko Eye"],"picked":"Black Star"}],"items_purged_floors":[],"is_endless":false,"potions_floor_spawned":[7,10,11,12,14,18,24],"killed_by":"Book of Stabbing","ascension_level":5}}