{"host":"a1eatafr7pisesky","time":1611070915,"event":{"mods":["AchievementEnabler","BaseMod","Colored Map","Keyboard Shortcuts","Minty Spire (QoL Compilation)","Replay The Spire","Say the Spire","StSLib","SuperFastMode","everything is the same but u backflip on backflip"],"gold_per_floor":[119,44,58,58,68,96,96,127,173,173,173,193,211,241,241,241,241],"floor_reached":16,"language":"KOR","playtime":453,"items_purged":["Strike_R"],"score":198,"play_id":"370ee57c-d519-4be0-bdec-9515109ab753","local_time":"20210120004155","is_ascension_mode":true,"campfire_choices":[{"data":"Blood for Blood","floor":7.0,"key":"SMITH"},{"data":"Shrug It Off","floor":11.0,"key":"SMITH"},{"floor":15.0,"key":"REST"}],"circlet_count":0,"master_deck":["AscendersBane","Strike_R","Strike_R","Defend_R","Defend_R","Defend_R","Bash","Headbutt","Wild Strike","Blood for Blood+1","Shrug It Off+1","Impervious","Warcry","Shrug It Off","Dark Embrace","ReplayTheSpireMod:LeadingStrike"],"relics":["Burning Blood","White Beast Statue","Blue Doll","Juzu Bracelet","Dream Catcher"],"acts_visited":["Exordium"],"potions_floor_usage":[16,16],"damage_taken":[{"damage":16.0,"enemies":"2 Louse","floor":1.0,"turns":3.0},{"damage":1.0,"enemies":"Cultist","floor":3.0,"turns":3.0},{"damage":4.0,"enemies":"Small Slimes","floor":5.0,"turns":4.0},{"damage":30.0,"enemies":"Gremlin Nob","floor":6.0,"turns":4.0},{"damage":25.0,"enemies":"3 Sentries","floor":8.0,"turns":8.0},{"damage":14.0,"enemies":"Blue Slaver","floor":12.0,"turns":4.0},{"damage":25.0,"enemies":"Lots of Slimes","floor":13.0,"turns":6.0},{"damage":30.0,"enemies":"Lagavulin","floor":14.0,"turns":6.0},{"damage":51,"enemies":"Slime Boss","floor":16,"turns":5}],"seed_played":"5727054531359710457","potions_obtained":[{"floor":3.0,"key":"PowerPotion"},{"floor":6.0,"key":"PowerPotion"},{"floor":8.0,"key":"Block Potion"},{"floor":12.0,"key":"Toxic Potion"},{"floor":13.0,"key":"Swift Potion"},{"floor":14.0,"key":"Swift Potion"}],"is_trial":false,"path_per_floor":["M","$","M","?","M","E","R","E","T","?","R","M","M","E","R","B"],"character_chosen":"IRONCLAD","items_purchased":[],"campfire_rested":1,"item_purchase_floors":[],"current_hp_per_floor":[62,62,67,67,69,45,45,26,26,72,72,64,45,21,42,0,0],"gold":241,"neow_bonus":"TRANSFORM_TWO_CARDS","is_daily":false,"chose_seed":false,"campfire_upgraded":2,"win_rate":0.0,"timestamp":1611070915,"path_taken":["M","$","M","?","?","E","R","E","T","?","R","M","M","E","R","BOSS"],"items_purchased_type":[],"build_version":"2020-12-22","purchased_purges":1,"victory":false,"max_hp_per_floor":[72,72,72,72,72,72,72,72,72,72,72,72,72,72,72,72,72],"card_choices":[{"not_picked":["Perfected Strike","Replay:Undeath\u0027s Touch"],"picked":"Wild Strike","floor":1.0},{"not_picked":["Replay:Undeath\u0027s Touch","Anger","ReplayTheSpireMod:Strike From Hell"],"picked":"SKIP","floor":3.0},{"not_picked":["Twin Strike","Infernal Blade"],"picked":"Blood for Blood","floor":5.0},{"not_picked":["Blood for Blood","Wild Strike"],"picked":"Shrug It Off","floor":6.0},{"not_picked":["True Grit","Armaments"],"picked":"Impervious","floor":8.0},{"not_picked":["Headbutt","Defy Death"],"picked":"Warcry","floor":12.0},{"not_picked":["ReplayTheSpireMod:Strike From Hell","Clash"],"picked":"Shrug It Off","floor":13.0},{"not_picked":["ReplayTheSpireMod:Strike From Hell","Spot Weakness"],"picked":"Dark Embrace","floor":14.0},{"not_picked":["Pummel","Rampage"],"picked":"ReplayTheSpireMod:LeadingStrike","floor":15.0}],"player_experience":326829,"relics_obtained":[{"floor":6.0,"key":"White Beast Statue"},{"floor":8.0,"key":"Blue Doll"},{"floor":9.0,"key":"Juzu Bracelet"},{"floor":14.0,"key":"Dream Catcher"}],"event_choices":[{"cards_removed":["Strike_R"],"damage_healed":0.0,"max_hp_gain":0.0,"max_hp_loss":0.0,"gold_gain":0.0,"event_name":"Purifier","player_choice":"Purged","floor":4.0,"gold_loss":0.0,"damage_taken":0.0},{"cards_removed":["Life Link"],"damage_healed":46.0,"max_hp_gain":0.0,"max_hp_loss":0.0,"gold_gain":0.0,"event_name":"Bonfire Elementals","player_choice":"Offered Uncommon","floor":10.0,"gold_loss":0.0,"damage_taken":0.0}],"is_beta":false,"boss_relics":[],"items_purged_floors":[2],"is_endless":false,"potions_floor_spawned":[3,6,8,12,13,14],"killed_by":"Slime Boss","ascension_level":13}}