{"host":"ibckqdmmf9y74ymf","time":1611074677,"event":{"mods":["2.2 Compatiblity","Ascension Unlocker","BaseMod","Colored Map","Curses Come First","Highlight Path","Minty Spire (QoL Compilation)","Quick Restart","Rare Cards Sparkle","Relic Stats","StSLib"],"gold_per_floor":[110,122,142,142,67,67,100,113,113,29,29,29,55,71,71,145,145,156,156,24,44,55,89,105,139,139,151,183,183,21,39,39,118,118,138,138,138,180,180,214,274,299,299,368,409,425,506,575,575,575,600,600,600,62,99,99,99],"floor_reached":56,"language":"ENG","playtime":2913,"items_purged":["Strike_P","Defend_P"],"score":2603,"play_id":"aeb4f71d-76fa-47b0-b6c7-3b15c33ccfd4","local_time":"20210119174437","is_ascension_mode":true,"campfire_choices":[{"data":"Vigilance","floor":6.0,"key":"SMITH"},{"data":"TalkToTheHand","floor":12.0,"key":"SMITH"},{"data":"WheelKick","floor":15.0,"key":"SMITH"},{"data":"WheelKick","floor":29.0,"key":"SMITH"},{"data":"ReachHeaven","floor":32.0,"key":"SMITH"},{"floor":49.0,"key":"RECALL"},{"data":"Wish","floor":53.0,"key":"SMITH"}],"circlet_count":0,"master_deck":["AscendersBane","Strike_P","Strike_P","Strike_P","Defend_P","Defend_P","Eruption","Vigilance+1","Wallop+1","FlyingSleeves","WheelKick+1","TalkToTheHand+1","Protect","Omniscience","Conclude","Vengeance+1","ReachHeaven+1","Vault","WheelKick+1","Wallop+1","Omniscience","Wish+1","Swivel+1","SpiritShield","Worship","SandsOfTime+1","Omniscience+1","Dark Shackles+1","ClearTheMind+1","Alpha+1"],"relics":["Snecko Eye","MealTicket","Lantern","Mercury Hourglass","VioletLotus","TungstenRod","Tiny Chest","Question Card","Letter Opener","DollysMirror","Coffee Dripper","TeardropLocket","Darkstone Periapt","Toxic Egg 2","CeramicFish","Orichalcum","Medical Kit","Bag of Marbles","Pear"],"acts_visited":["Exordium","TheCity","TheBeyond","TheEnding"],"potions_floor_usage":[56],"damage_taken":[{"damage":4.0,"enemies":"Small Slimes","floor":1.0,"turns":3.0},{"damage":0.0,"enemies":"2 Louse","floor":2.0,"turns":2.0},{"damage":0.0,"enemies":"Cultist","floor":3.0,"turns":3.0},{"damage":0.0,"enemies":"Gremlin Nob","floor":7.0,"turns":3.0},{"damage":13.0,"enemies":"Lots of Slimes","floor":8.0,"turns":4.0},{"damage":0.0,"enemies":"3 Sentries","floor":13.0,"turns":4.0},{"damage":1.0,"enemies":"Exordium Thugs","floor":14.0,"turns":3.0},{"damage":2.0,"enemies":"The Guardian","floor":16.0,"turns":11.0},{"damage":2.0,"enemies":"3 Byrds","floor":18.0,"turns":3.0},{"damage":0.0,"enemies":"2 Thieves","floor":21.0,"turns":3.0},{"damage":3.0,"enemies":"Snake Plant","floor":22.0,"turns":3.0},{"damage":12.0,"enemies":"Slavers","floor":23.0,"turns":5.0},{"damage":0.0,"enemies":"Sentry and Sphere","floor":24.0,"turns":2.0},{"damage":0.0,"enemies":"Gremlin Leader","floor":25.0,"turns":3.0},{"damage":0.0,"enemies":"Snecko","floor":27.0,"turns":3.0},{"damage":0.0,"enemies":"Slavers","floor":28.0,"turns":2.0},{"damage":1.0,"enemies":"Centurion and Healer","floor":31.0,"turns":3.0},{"damage":2.0,"enemies":"Automaton","floor":33.0,"turns":5.0},{"damage":0.0,"enemies":"3 Darklings","floor":35.0,"turns":3.0},{"damage":0.0,"enemies":"3 Shapes","floor":38.0,"turns":4.0},{"damage":0.0,"enemies":"Giant Head","floor":40.0,"turns":4.0},{"damage":0.0,"enemies":"3 Darklings","floor":41.0,"turns":3.0},{"damage":0.0,"enemies":"Reptomancer","floor":42.0,"turns":2.0},{"damage":0.0,"enemies":"4 Shapes","floor":44.0,"turns":2.0},{"damage":0.0,"enemies":"Giant Head","floor":45.0,"turns":2.0},{"damage":0.0,"enemies":"Sphere and 2 Shapes","floor":46.0,"turns":1.0},{"damage":0.0,"enemies":"Reptomancer","floor":47.0,"turns":2.0},{"damage":0.0,"enemies":"3 Darklings","floor":48.0,"turns":1.0},{"damage":6.0,"enemies":"Awakened One","floor":50.0,"turns":5.0},{"damage":0.0,"enemies":"Donu and Deca","floor":51.0,"turns":3.0},{"damage":33.0,"enemies":"Shield and Spear","floor":55.0,"turns":5.0},{"damage":43,"enemies":"The Heart","floor":56,"turns":4}],"seed_played":"-4803831110337466837","potions_obtained":[{"floor":1.0,"key":"LiquidBronze"},{"floor":3.0,"key":"Swift Potion"},{"floor":14.0,"key":"EssenceOfSteel"},{"floor":23.0,"key":"Explosive Potion"},{"floor":31.0,"key":"Weak Potion"},{"floor":38.0,"key":"BlessingOfTheForge"},{"floor":41.0,"key":"SteroidPotion"},{"floor":44.0,"key":"CultistPotion"},{"floor":46.0,"key":"PowerPotion"}],"is_trial":false,"path_per_floor":["M","M","M","?","$","R","E","M","T","$","?","R","E","M","R","B",null,"M","?","$","M","M","E","M","E","T","M","E","R","$","M","R","B",null,"M","?","?","M","T","E","M","E","T","M","E","M","E","M","R","B","B",null,"R","$","E","B"],"character_chosen":"WATCHER","items_purchased":["TalkToTheHand","Conclude","FearPotion","DollysMirror","Medical Kit","Bag of Marbles","Dark Shackles+1","ClearTheMind+1"],"campfire_rested":0,"item_purchase_floors":[10,20,20,30,54,54,54,54],"current_hp_per_floor":[57,57,57,57,57,57,57,44,44,59,52,52,52,51,51,49,63,61,61,68,68,65,53,53,53,53,53,53,53,68,67,67,65,67,67,67,65,65,65,65,65,65,65,65,65,65,65,65,65,59,59,64,64,65,42,0,0],"gold":99,"neow_bonus":"BOSS_RELIC","is_daily":false,"chose_seed":false,"campfire_upgraded":6,"win_rate":0.0,"timestamp":1611074677,"path_taken":["M","M","M","?","$","R","E","M","T","$","?","R","E","M","R","BOSS","M","?","?","M","M","E","M","E","T","?","E","R","$","M","R","BOSS","M","?","?","M","?","E","M","E","T","M","E","M","E","M","R","BOSS","BOSS","R","$","E","BOSS"],"items_purchased_type":["Card","Card","Potion","Relic","Relic","Relic","Card","Card"],"build_version":"2020-12-22","purchased_purges":2,"victory":false,"max_hp_per_floor":[68,68,68,68,68,68,68,68,68,68,68,68,68,68,68,68,68,68,68,68,68,68,68,68,68,68,68,68,68,68,68,68,68,68,68,68,65,65,65,65,65,65,65,65,65,65,65,65,65,65,65,65,65,65,75,75,75],"relic_stats":{"Darkstone Periapt":0,"counters":[32,105],"CeramicFish":36,"Letter Opener":[289],"Orichalcum":[6],"Question Card":15,"Medical Kit":[4],"Mercury Hourglass":[424],"Snecko Eye":[206,195,201,184],"MealTicket":38,"Tiny Chest":1,"VioletLotus":[22],"obtain_stats":[{"Darkstone Periapt":40,"Lantern":9,"Pear":55,"CeramicFish":45,"Letter Opener":28,"TeardropLocket":39,"Orichalcum":47,"Question Card":26,"Medical Kit":54,"Mercury Hourglass":13,"DollysMirror":30,"Snecko Eye":0,"MealTicket":7,"Tiny Chest":25,"VioletLotus":17,"Coffee Dripper":34,"Bag of Marbles":54,"PureWater":0,"Toxic Egg 2":42,"TungstenRod":23},{"Darkstone Periapt":21,"Lantern":5,"Pear":31,"CeramicFish":25,"Letter Opener":16,"TeardropLocket":20,"Orichalcum":27,"Question Card":14,"Medical Kit":30,"Mercury Hourglass":6,"DollysMirror":16,"Snecko Eye":0,"MealTicket":4,"Tiny Chest":14,"VioletLotus":8,"Coffee Dripper":18,"Bag of Marbles":30,"PureWater":0,"Toxic Egg 2":23,"TungstenRod":12},{"Darkstone Periapt":75,"Lantern":15,"Pear":101,"CeramicFish":84,"Letter Opener":56,"TeardropLocket":71,"Orichalcum":87,"Question Card":51,"Medical Kit":96,"Mercury Hourglass":19,"DollysMirror":56,"Snecko Eye":0,"MealTicket":11,"Tiny Chest":51,"VioletLotus":33,"Coffee Dripper":64,"Bag of Marbles":96,"PureWater":0,"Toxic Egg 2":80,"TungstenRod":47}],"TungstenRod":12},"card_choices":[{"not_picked":["LikeWater","ForeignInfluence"],"picked":"Wallop","floor":1.0},{"not_picked":["ClearTheMind","Perseverance"],"picked":"FlyingSleeves","floor":2.0},{"not_picked":["Study","Crescendo","Weave"],"picked":"SKIP","floor":3.0},{"not_picked":["CrushJoints","FollowUp","ConjureBlade"],"picked":"SKIP","floor":7.0},{"not_picked":["InnerPeace","FlurryOfBlows"],"picked":"WheelKick","floor":8.0},{"not_picked":["EmptyBody","Establishment"],"picked":"Protect","floor":13.0},{"not_picked":["DeceiveReality","WreathOfFlame"],"picked":"Swivel","floor":14.0},{"not_picked":["Judgement","Ragnarok"],"picked":"Omniscience","floor":16.0},{"not_picked":["Consecrate","CrushJoints","EmptyFist"],"picked":"SKIP","floor":18.0},{"not_picked":["EmptyFist","JustLucky","Consecrate"],"picked":"SKIP","floor":21.0},{"not_picked":["PathToVictory","CutThroughFate"],"picked":"Vengeance+1","floor":22.0},{"not_picked":["PathToVictory","Consecrate"],"picked":"ReachHeaven","floor":23.0},{"not_picked":["JustLucky","WindmillStrike","Vengeance"],"picked":"SKIP","floor":24.0},{"not_picked":["CarveReality+1","ForeignInfluence"],"picked":"Vault","floor":25.0},{"not_picked":["Evaluate","Tantrum","Protect"],"picked":"WheelKick","floor":27.0},{"not_picked":["FlyingSleeves+1","LikeWater","BowlingBash","EmptyBody"],"picked":"SKIP","floor":28.0},{"not_picked":["FearNoEvil","WaveOfTheHand","EmptyBody+1"],"picked":"Omniscience","floor":31.0},{"not_picked":["Brilliance","Omniscience","DeusExMachina"],"picked":"Wish","floor":33.0},{"not_picked":["CutThroughFate","Vengeance","Crescendo","Weave+1"],"picked":"SKIP","floor":35.0},{"not_picked":["JustLucky+1","BowlingBash","FollowUp+1"],"picked":"Swivel+1","floor":38.0},{"not_picked":["Wireheading","EmptyMind","ReachHeaven+1"],"picked":"SpiritShield","floor":40.0},{"not_picked":["JustLucky","Conclude","FlyingSleeves"],"picked":"Worship","floor":41.0},{"not_picked":["Fasting2+1","FlyingSleeves","FlurryOfBlows"],"picked":"SandsOfTime+1","floor":42.0},{"not_picked":["SandsOfTime","SashWhip","ThirdEye+1","EmptyMind+1"],"picked":"SKIP","floor":44.0},{"not_picked":["Protect+1","Evaluate+1","CutThroughFate"],"picked":"Omniscience+1","floor":45.0},{"not_picked":["FlyingSleeves","CutThroughFate","BowlingBash","DeceiveReality+1"],"picked":"SKIP","floor":46.0},{"not_picked":["Protect+1","BowlingBash+1","CutThroughFate","DeceiveReality+1"],"picked":"SKIP","floor":47.0},{"not_picked":["EmptyFist","Pray+1","ThirdEye+1","JustLucky"],"picked":"SKIP","floor":48.0},{"not_picked":["Consecrate+1","FlurryOfBlows","Vengeance+1"],"picked":"Alpha+1","floor":55.0}],"player_experience":638785,"relics_obtained":[{"floor":7.0,"key":"MealTicket"},{"floor":9.0,"key":"Lantern"},{"floor":13.0,"key":"Mercury Hourglass"},{"floor":23.0,"key":"TungstenRod"},{"floor":25.0,"key":"Tiny Chest"},{"floor":26.0,"key":"Question Card"},{"floor":28.0,"key":"Letter Opener"},{"floor":39.0,"key":"TeardropLocket"},{"floor":40.0,"key":"Darkstone Periapt"},{"floor":42.0,"key":"Toxic Egg 2"},{"floor":45.0,"key":"CeramicFish"},{"floor":47.0,"key":"Orichalcum"},{"floor":55.0,"key":"Pear"}],"event_choices":[{"damage_healed":0.0,"max_hp_gain":0.0,"max_hp_loss":0.0,"gold_gain":0.0,"event_name":"Living Wall","player_choice":"Grow","floor":4.0,"gold_loss":0.0,"damage_taken":0.0,"cards_upgraded":["Wallop"]},{"cards_removed":["Defend_P"],"damage_healed":0.0,"max_hp_gain":0.0,"max_hp_loss":0.0,"gold_gain":0.0,"event_name":"Golden Wing","player_choice":"Card Removal","floor":11.0,"gold_loss":0.0,"damage_taken":7.0},{"damage_healed":0.0,"max_hp_gain":0.0,"max_hp_loss":0.0,"gold_gain":0.0,"event_name":"Upgrade Shrine","player_choice":"Upgraded","floor":19.0,"gold_loss":0.0,"damage_taken":0.0,"cards_upgraded":["Swivel"]},{"cards_removed":["Swivel"],"damage_healed":0.0,"max_hp_gain":0.0,"max_hp_loss":0.0,"gold_gain":0.0,"event_name":"Falling","player_choice":"Removed Skill","floor":36.0,"gold_loss":0.0,"damage_taken":0.0},{"damage_healed":0.0,"max_hp_gain":0.0,"max_hp_loss":3.0,"gold_gain":0.0,"event_name":"Winding Halls","player_choice":"Max HP","floor":37.0,"gold_loss":0.0,"damage_taken":0.0}],"is_beta":false,"boss_relics":[{"not_picked":["Busted Crown","Runic Pyramid"],"picked":"VioletLotus"},{"not_picked":["Tiny House","SlaversCollar"],"picked":"Coffee Dripper"}],"items_purged_floors":[5,54],"is_endless":false,"potions_floor_spawned":[1,3,14,22,23,24,31,38,41,44,46],"killed_by":"The Heart","ascension_level":20}}