{"host":"7k7fhzlbqzyu5ijh","time":1611037357,"event":{"mods":["AchievementEnabler","BaseMod","Bestiary","Colored Powertips","Filter the Spire","Highlight Path","Minty Spire (QoL Compilation)","Potion Indicator Mod","RNG Fix","Random Character Button","Relic Stats"],"gold_per_floor":[114,128,203,214,229,255,255,281,281,319,319,355,376,395,395,499,589,616,635,635,662,761,798,822,822,822,822,850,304,304,344,344,449,449,470,91,116,140,165,197,217,217,517,554,572,600,600,617,617,617,617,617,112,139,139],"floor_reached":56,"language":"ENG","playtime":4377,"items_purged":[],"score":1767,"play_id":"9b6c1ccd-e90d-4955-89f5-05d21a4c0970","local_time":"20210119012237","is_ascension_mode":true,"campfire_choices":[{"data":"Blade Dance","floor":7.0,"key":"SMITH"},{"floor":11.0,"key":"REST"},{"data":"Malaise","floor":15.0,"key":"SMITH"},{"data":"Venomology","floor":27.0,"key":"SMITH"},{"data":"Burst","floor":30.0,"key":"SMITH"},{"floor":32.0,"key":"REST"},{"data":"Adrenaline","floor":42,"key":"SMITH"},{"floor":47,"key":"RECALL"},{"data":"Thinking Ahead","floor":49,"key":"SMITH"},{"floor":52,"key":"REST"}],"circlet_count":0,"master_deck":["Survivor","Neutralize","Flying Knee","Accuracy","Blade Dance+1","Malaise+1","Cloak And Dagger","After Image+1","Finisher","Noxious Fumes+1","Deflect","Burst+1","Escape Plan","Venomology+1","Choke","Skewer","Backflip","Leg Sweep","Wraith Form v2+1","Tools of the Trade+1","Envenom+1","Bane","PiercingWail+1","Blade Dance","Heel Hook","Cloak And Dagger","Cloak And Dagger","Catalyst+1","Adrenaline+1","Backstab+1","Slice+1","Thinking Ahead+1","Prepared","Terror+1","Deadly Poison+1","Blade Dance","Bouncing Flask+1","Acrobatics+1","Dark Shackles","Flash of Steel+1","Accuracy+1","Apotheosis","Mind Blast+1"],"relics":["WristBlade","CeramicFish","Frozen Egg 2","Juzu Bracelet","Pandora\u0027s Box","White Beast Statue","Sundial","InkBottle","Ninja Scroll","TwistedFunnel","Pen Nib","Molten Egg 2","Black Star","Medical Kit","Omamori","Blue Candle","Old Coin","Smiling Mask","Oddly Smooth Stone","Membership Card","Paper Crane","Strawberry","Centennial Puzzle","Mercury Hourglass"],"acts_visited":["Exordium","TheCity","TheBeyond","TheEnding"],"potions_floor_usage":[37,37,39,40,41,44,46,48,50,50,50,55,55,55,55],"damage_taken":[{"damage":4.0,"enemies":"Small Slimes","floor":1.0,"turns":4.0},{"damage":1.0,"enemies":"Cultist","floor":2.0,"turns":4.0},{"damage":2.0,"enemies":"2 Louse","floor":4.0,"turns":3.0},{"damage":4.0,"enemies":"2 Fungi Beasts","floor":5.0,"turns":3.0},{"damage":11.0,"enemies":"Lagavulin","floor":6.0,"turns":8.0},{"damage":0.0,"enemies":"3 Louse","floor":8.0,"turns":3.0},{"damage":2.0,"enemies":"3 Sentries","floor":10.0,"turns":5.0},{"damage":0.0,"enemies":"Lagavulin","floor":12.0,"turns":7.0},{"damage":2.0,"enemies":"Exordium Thugs","floor":13.0,"turns":3.0},{"damage":11.0,"enemies":"Large Slime","floor":14.0,"turns":6.0},{"damage":2.0,"enemies":"The Guardian","floor":16.0,"turns":12.0},{"damage":1.0,"enemies":"Shell Parasite","floor":18.0,"turns":4.0},{"damage":0.0,"enemies":"3 Byrds","floor":19.0,"turns":7.0},{"damage":4.0,"enemies":"Snake Plant","floor":21.0,"turns":6.0},{"damage":24.0,"enemies":"Gremlin Leader","floor":23.0,"turns":8.0},{"damage":2.0,"enemies":"Shelled Parasite and Fungi","floor":24.0,"turns":5.0},{"damage":2.0,"enemies":"Centurion and Healer","floor":28.0,"turns":3.0},{"damage":0.0,"enemies":"Slavers","floor":31.0,"turns":3.0},{"damage":20.0,"enemies":"Automaton","floor":33.0,"turns":8.0},{"damage":8,"enemies":"3 Shapes","floor":35,"turns":4},{"damage":0,"enemies":"3 Darklings","floor":37,"turns":5},{"damage":0,"enemies":"Sphere and 2 Shapes","floor":38,"turns":4},{"damage":3,"enemies":"Spire Growth","floor":39,"turns":3},{"damage":1,"enemies":"Giant Head","floor":40,"turns":5},{"damage":4,"enemies":"4 Shapes","floor":41,"turns":4},{"damage":0,"enemies":"Nemesis","floor":44,"turns":1},{"damage":0,"enemies":"Sphere and 2 Shapes","floor":46,"turns":2},{"damage":1,"enemies":"Spire Growth","floor":48,"turns":2},{"damage":24,"enemies":"Donu and Deca","floor":50,"turns":7},{"damage":0,"enemies":"Shield and Spear","floor":54,"turns":5},{"damage":57,"enemies":"The Heart","floor":55,"turns":8}],"seed_played":"-4527824594353607164","potions_obtained":[{"floor":2.0,"key":"Block Potion"},{"floor":5.0,"key":"LiquidBronze"},{"floor":8.0,"key":"Strength Potion"},{"floor":13.0,"key":"Swift Potion"},{"floor":16.0,"key":"Energy Potion"},{"floor":18.0,"key":"Energy Potion"},{"floor":21.0,"key":"Dexterity Potion"},{"floor":23.0,"key":"LiquidMemories"},{"floor":24.0,"key":"LiquidBronze"},{"floor":31.0,"key":"Strength Potion"},{"floor":33.0,"key":"DuplicationPotion"},{"floor":35,"key":"Ancient Potion"},{"floor":37,"key":"Dexterity Potion"},{"floor":38,"key":"Weak Potion"},{"floor":40,"key":"SneckoOil"},{"floor":44,"key":"LiquidBronze"},{"floor":46,"key":"CunningPotion"},{"floor":48,"key":"Poison Potion"},{"floor":54,"key":"LiquidMemories"}],"is_trial":false,"path_per_floor":["M","M","?","M","M","E","R","M","T","E","R","E","M","M","R","B",null,"M","M","?","M","?","E","M","?","T","R","M","$","R","E","R","B",null,"M","$","M","M","M","E","M","R","T","E","?","M","R","M","R","B",null,"R","$","E","B",null],"character_chosen":"THE_SILENT","items_purchased":["Ninja Scroll","TwistedFunnel","Pen Nib","Medical Kit","Slice+1","Thinking Ahead","Prepared","Membership Card","Paper Crane","Strawberry","Apotheosis","SkillPotion","Mind Blast+1"],"campfire_rested":3,"item_purchase_floors":[29,29,29,36,36,36,36,53,53,53,53,53,53],"current_hp_per_floor":[59,58,47,45,41,30,30,30,30,28,49,49,47,36,36,34,61,60,60,60,56,56,32,30,53,53,53,51,51,51,51,70,65,69,61,61,61,61,70,69,65,65,65,65,55,55,55,54,54,30,60,70,77,77,20],"gold":139,"neow_bonus":"BOSS_RELIC","is_daily":false,"chose_seed":false,"campfire_upgraded":6,"win_rate":0.0,"timestamp":1611037357,"path_taken":["M","M","?","M","M","E","R","M","T","E","R","E","M","M","R","BOSS","M","M","?","M","?","E","M","?","T","R","M","$","R","E","R","BOSS","M","$","M","M","M","E","M","R","T","E","?","M","R","M","R","BOSS","R","$","E","BOSS"],"items_purchased_type":["Relic","Relic","Relic","Relic","Card","Card","Card","Relic","Relic","Relic","Card","Potion","Card"],"build_version":"2020-12-22","purchased_purges":0,"victory":true,"max_hp_per_floor":[70,70,70,70,70,70,70,70,70,70,70,70,70,70,70,70,70,70,70,70,70,70,70,70,70,70,70,70,70,70,70,70,70,70,70,70,70,70,70,70,70,70,70,70,70,70,70,70,70,70,70,70,77,77,77],"relic_stats":{"counters":[31,152],"CeramicFish":333,"Blue Candle":[0],"Pen Nib":[25],"Juzu Bracelet":1,"Medical Kit":[5],"Smiling Mask":0,"Mercury Hourglass":[24],"Centennial Puzzle":[3],"Sundial":[4],"Pandora\u0027s Box":["Escape Plan","Venomology","Choke","Skewer","Backflip","Leg Sweep","Wraith Form v2","Tools of the Trade","Envenom","Bane"],"Black Star":3,"obtain_stats":[{"TwistedFunnel":29,"CeramicFish":6,"Juzu Bracelet":12,"Smiling Mask":44,"Old Coin":43,"Centennial Puzzle":54,"WristBlade":0,"Sundial":23,"Ninja Scroll":29,"Strawberry":53,"InkBottle":26,"Ring of the Snake":0,"Blue Candle":40,"Oddly Smooth Stone":44,"Pen Nib":29,"Omamori":40,"Frozen Egg 2":10,"Paper Crane":53,"Medical Kit":36,"White Beast Statue":20,"Mercury Hourglass":54,"Pandora\u0027s Box":17,"Molten Egg 2":31,"Black Star":34,"Membership Card":53},{"TwistedFunnel":17,"CeramicFish":5,"Juzu Bracelet":8,"Smiling Mask":26,"Old Coin":25,"Centennial Puzzle":30,"WristBlade":0,"Sundial":15,"Ninja Scroll":17,"Strawberry":29,"InkBottle":16,"Ring of the Snake":0,"Blue Candle":24,"Oddly Smooth Stone":26,"Pen Nib":17,"Omamori":24,"Frozen Egg 2":7,"Paper Crane":29,"Medical Kit":20,"White Beast Statue":13,"Mercury Hourglass":30,"Pandora\u0027s Box":11,"Molten Egg 2":18,"Black Star":19,"Membership Card":29},{"TwistedFunnel":91,"CeramicFish":22,"Juzu Bracelet":37,"Smiling Mask":128,"Old Coin":127,"Centennial Puzzle":144,"WristBlade":0,"Sundial":83,"Ninja Scroll":91,"Strawberry":139,"InkBottle":88,"Ring of the Snake":0,"Blue Candle":123,"Oddly Smooth Stone":128,"Pen Nib":91,"Omamori":123,"Frozen Egg 2":30,"Paper Crane":139,"Medical Kit":106,"White Beast Statue":69,"Mercury Hourglass":144,"Pandora\u0027s Box":58,"Molten Egg 2":94,"Black Star":102,"Membership Card":139}],"InkBottle":[49]},"card_choices":[{"not_picked":["Quick Slash","Backflip"],"picked":"Flying Knee","floor":1.0},{"not_picked":["Dagger Throw","Acrobatics"],"picked":"Accuracy","floor":2.0},{"not_picked":["Riddle With Holes","Predator"],"picked":"Blade Dance","floor":4.0},{"not_picked":["Prepared","Dodge and Roll"],"picked":"Malaise","floor":5.0},{"not_picked":["Sucker Punch","Outmaneuver","Reflex"],"picked":"SKIP","floor":6.0},{"not_picked":["Deadly Poison","Deflect"],"picked":"Cloak And Dagger","floor":8.0},{"not_picked":["Slice","Dagger Throw"],"picked":"After Image+1","floor":10.0},{"not_picked":["Flying Knee","Predator"],"picked":"Finisher","floor":12.0},{"not_picked":["Dagger Throw","Infinite Blades+1"],"picked":"Noxious Fumes+1","floor":13.0},{"not_picked":["Dagger Throw","Tactician"],"picked":"Deflect","floor":14.0},{"not_picked":["Bullet Time","Die Die Die"],"picked":"Burst","floor":16.0},{"not_picked":["Choke+1","Quick Slash"],"picked":"PiercingWail+1","floor":18.0},{"not_picked":["Infinite Blades+1","PiercingWail+1","Flying Knee+1"],"picked":"SKIP","floor":19.0},{"not_picked":["Eviscerate+1","Slice"],"picked":"Blade Dance","floor":21.0},{"not_picked":["Deflect","Infinite Blades+1"],"picked":"Heel Hook","floor":23.0},{"not_picked":["Predator","PiercingWail"],"picked":"Cloak And Dagger","floor":24.0},{"not_picked":["Escape Plan","Finisher+1"],"picked":"Cloak And Dagger","floor":28.0},{"not_picked":["Storm of Steel","Dodge and Roll+1"],"picked":"Catalyst+1","floor":31.0},{"not_picked":["Burst","Grand Finale+1"],"picked":"Adrenaline","floor":33.0},{"not_picked":["Dagger Spray+1","Backflip+1"],"picked":"Backstab+1","floor":35},{"not_picked":["Choke+1","Dodge and Roll"],"picked":"Terror+1","floor":37},{"not_picked":["Terror+1","Deflect+1"],"picked":"Deadly Poison+1","floor":38},{"not_picked":["Riddle With Holes+1","Bane+1"],"picked":"Blade Dance","floor":39},{"not_picked":["Crippling Poison+1","Finisher+1","Dagger Spray+1"],"picked":"SKIP","floor":40},{"not_picked":["Blade Dance+1","Dagger Throw+1"],"picked":"Bouncing Flask+1","floor":41},{"not_picked":["Cloak And Dagger","Poisoned Stab+1"],"picked":"Acrobatics+1","floor":44},{"not_picked":["Good Instincts","Blind"],"picked":"Dark Shackles","floor":45},{"not_picked":["Forethought","Impatience"],"picked":"Flash of Steel+1","floor":45},{"not_picked":["Infinite Blades+1","Accuracy+1","Noxious Fumes+1"],"picked":"SKIP","floor":46},{"not_picked":["Infinite Blades+1","Noxious Fumes+1"],"picked":"Accuracy+1","floor":46},{"not_picked":["Noxious Fumes+1","Deadly Poison+1","Flying Knee+1"],"picked":"SKIP","floor":48},{"not_picked":["Backflip","Dagger Spray+1","Blade Dance+1"],"picked":"SKIP","floor":54}],"player_experience":472487,"relics_obtained":[{"floor":6.0,"key":"CeramicFish"},{"floor":10.0,"key":"Frozen Egg 2"},{"floor":12.0,"key":"Juzu Bracelet"},{"floor":23.0,"key":"Sundial"},{"floor":26.0,"key":"InkBottle"},{"floor":31.0,"key":"Molten Egg 2"},{"floor":40,"key":"Omamori"},{"floor":40,"key":"Blue Candle"},{"floor":43,"key":"Old Coin"},{"floor":44,"key":"Smiling Mask"},{"floor":44,"key":"Oddly Smooth Stone"},{"floor":54,"key":"Centennial Puzzle"},{"floor":54,"key":"Mercury Hourglass"}],"event_choices":[{"damage_healed":0.0,"max_hp_gain":0.0,"max_hp_loss":0.0,"gold_gain":75.0,"event_name":"World of Goop","player_choice":"Gather Gold","floor":3.0,"gold_loss":0.0,"damage_taken":11.0},{"damage_healed":0.0,"max_hp_gain":0.0,"max_hp_loss":0.0,"gold_gain":0.0,"event_name":"The Mausoleum","player_choice":"Opened","floor":20.0,"gold_loss":0.0,"damage_taken":0.0,"relics_obtained":["White Beast Statue"]},{"damage_healed":0.0,"max_hp_gain":0.0,"max_hp_loss":0.0,"gold_gain":99.0,"event_name":"Nest","player_choice":"Stole From Cult","floor":22.0,"gold_loss":0.0,"damage_taken":0.0},{"damage_healed":23.0,"max_hp_gain":0.0,"max_hp_loss":0.0,"gold_gain":0.0,"event_name":"The Library","player_choice":"Heal","floor":25.0,"gold_loss":0.0,"damage_taken":0.0},{"damage_healed":0,"gold_gain":0,"player_choice":"Memory 3","damage_taken":10,"max_hp_gain":0,"max_hp_loss":0,"event_name":"SensoryStone","floor":45,"gold_loss":0}],"is_beta":false,"boss_relics":[{"not_picked":["Velvet Choker","Empty Cage"],"picked":"Pandora\u0027s Box"},{"not_picked":["Calling Bell","Runic Pyramid"],"picked":"Black Star"}],"items_purged_floors":[],"is_endless":false,"potions_floor_spawned":[2,5,8,13,16,18,21,23,24,28,31,33,35,37,38,39,40,41,44,46,48,54],"ascension_level":8}}