{"host":"obplhmlw33xb91v8","time":1611089622,"event":{"mods":["BaseMod","Block Reminder","Curses Come First","Evolution","Minty Spire (QoL Compilation)","Quick Restart","Relic Stats","Spicy Shops","StSLib","Uncapped","Waifu the Spire","slay the spire mod where everything is the same but ironclad has a cowboy hat"],"gold_per_floor":[116,116,130,140,49,76,76,87,87,47,47,58,8,42,42,137,137,153,168,187,49,64,64,64,64,64,80,110,127,127,127,127,232,232,251,21,40,40,60,60,60,60],"floor_reached":41,"language":"ENG","playtime":2234,"items_purged":[],"score":423,"play_id":"a38f6f64-92b0-4686-8a84-9992838328dc","local_time":"20210119155342","is_ascension_mode":false,"campfire_choices":[{"data":"Scrawl","floor":7.0,"key":"SMITH"},{"floor":11.0,"key":"REST"},{"floor":15,"key":"REST"},{"floor":23,"key":"REST"},{"data":"Judgement","floor":25,"key":"SMITH"},{"floor":30,"key":"REST"},{"data":"DevaForm","floor":32,"key":"SMITH"},{"floor":40,"key":"REST"}],"circlet_count":0,"master_deck":["Eruption+1","Vigilance","SashWhip","Scrawl","EmptyBody","Decay","Scrawl+1","WindmillStrike","FlyingSleeves","Weave+1","Wallop","BattleHymn","DeusExMachina","Judgement+1","Conclude","ThirdEye+1","FearNoEvil+1","Vault","DevaForm+1","Judgement","ReachHeaven","Consecrate+1","SandsOfTime","Weave","ReachHeaven","Omniscience","Sanctity","Crescendo","Protect","Nirvana","Study","Tantrum+1","PathToVictory+1"],"relics":["PureWater","EVO:Axolotl","NeowsBlessing","CultistMask","DollysMirror","Toy Ornithopter","Whetstone","HornCleat","VioletLotus","Kunai","Bottled Tornado","InkBottle","Pandora\u0027s Box","Blood Vial","Pen Nib","Question Card"],"acts_visited":["Exordium","TheCity","TheBeyond"],"potions_floor_usage":[14,39,39,39],"damage_taken":[{"damage":0.0,"enemies":"Small Slimes","floor":1.0,"turns":1.0},{"damage":0.0,"enemies":"Cultist","floor":3.0,"turns":1.0},{"damage":0.0,"enemies":"Jaw Worm","floor":4.0,"turns":1.0},{"damage":28.0,"enemies":"Lagavulin","floor":6.0,"turns":6.0},{"damage":20.0,"enemies":"Looter","floor":8.0,"turns":3.0},{"damage":15.0,"enemies":"Red Slaver","floor":12.0,"turns":3.0},{"damage":28,"enemies":"Gremlin Nob","floor":14,"turns":3},{"damage":20,"enemies":"Slime Boss","floor":16,"turns":9},{"damage":0,"enemies":"3 Byrds","floor":18,"turns":4},{"damage":2,"enemies":"Chosen","floor":19,"turns":4},{"damage":8,"enemies":"Centurion and Healer","floor":20,"turns":4},{"damage":39,"enemies":"3 Cultists","floor":22,"turns":7},{"damage":4,"enemies":"Snake Plant","floor":27,"turns":3},{"damage":25,"enemies":"Gremlin Leader","floor":28,"turns":5},{"damage":18,"enemies":"Snecko","floor":29,"turns":6},{"damage":9,"enemies":"Champ","floor":33,"turns":8},{"damage":25,"enemies":"3 Darklings","floor":35,"turns":5},{"damage":35,"enemies":"3 Shapes","floor":37,"turns":5},{"damage":0,"enemies":"Transient","floor":39,"turns":6},{"damage":66,"enemies":"Giant Head","floor":41,"turns":6}],"seed_played":"-7058485300108772715","potions_obtained":[{"floor":1.0,"key":"FearPotion"},{"floor":3.0,"key":"EssenceOfSteel"},{"floor":14,"key":"EssenceOfSteel"},{"floor":18,"key":"FairyPotion"},{"floor":22,"key":"Energy Potion"},{"floor":35,"key":"Dexterity Potion"}],"is_trial":false,"path_per_floor":["M","?","M","M","$","E","R","M","T","$","R","M","$","E","R","B",null,"M","M","M","$","M","R","?","R","T","M","E","M","R","T","R","B",null,"M","$","M","T","M","R","E"],"character_chosen":"WATCHER","items_purchased":["DollysMirror","WindmillStrike","Wallop","Explosive Potion","Vault","Blood Vial","Pen Nib"],"campfire_rested":5,"item_purchase_floors":[5,5,10,13,21,36,36],"current_hp_per_floor":[72,72,72,72,72,44,44,24,24,24,45,30,30,7,28,8,72,72,70,62,62,23,44,44,44,44,40,15,21,42,42,42,33,72,47,47,14,14,31,52,0,0],"gold":60,"neow_bonus":"THREE_ENEMY_KILL","is_daily":false,"chose_seed":false,"campfire_upgraded":3,"win_rate":0.0,"timestamp":1611089622,"path_taken":["M","?","M","?","$","E","R","M","T","$","R","M","?","E","R","BOSS","M","M","M","$","M","R","?","R","T","M","E","?","R","?","R","BOSS","M","$","M","?","M","R","E"],"items_purchased_type":["Relic","Card","Card","Potion","Card","Relic","Relic"],"build_version":"2020-12-22","purchased_purges":0,"victory":false,"max_hp_per_floor":[72,72,72,72,72,72,72,72,72,72,72,72,72,72,72,72,72,72,72,72,72,72,72,72,72,72,72,72,72,72,72,72,72,72,72,72,72,72,72,72,72,72],"relic_stats":{"Blood Vial":6,"counters":[20,90],"Pandora\u0027s Box":["Weave","ReachHeaven","Omniscience","Sanctity","Crescendo","Protect","Nirvana","Study"],"VioletLotus":[8],"Pen Nib":[4],"Whetstone":["Eruption","Weave"],"Kunai":[22],"Question Card":1,"obtain_stats":[{"NeowsBlessing":0,"Pen Nib":36,"EVO:Axolotl":0,"Whetstone":9,"Bottled Tornado":28,"Question Card":38,"Blood Vial":36,"HornCleat":14,"DollysMirror":5,"Pandora\u0027s Box":34,"CultistMask":2,"VioletLotus":17,"Kunai":26,"PureWater":0,"Toy Ornithopter":6,"InkBottle":31},{"NeowsBlessing":0,"Pen Nib":17,"EVO:Axolotl":0,"Whetstone":5,"Bottled Tornado":14,"Question Card":18,"Blood Vial":17,"HornCleat":7,"DollysMirror":3,"Pandora\u0027s Box":16,"CultistMask":1,"VioletLotus":8,"Kunai":12,"PureWater":0,"Toy Ornithopter":4,"InkBottle":15},{"NeowsBlessing":0,"Pen Nib":73,"EVO:Axolotl":0,"Whetstone":12,"Bottled Tornado":54,"Question Card":78,"Blood Vial":73,"HornCleat":18,"DollysMirror":3,"Pandora\u0027s Box":68,"CultistMask":1,"VioletLotus":27,"Kunai":46,"PureWater":0,"Toy Ornithopter":9,"InkBottle":60}],"Toy Ornithopter":20,"InkBottle":[14]},"card_choices":[{"not_picked":["WindmillStrike","JustLucky"],"picked":"SashWhip","floor":1.0},{"not_picked":["Meditate","Halt"],"picked":"Scrawl","floor":3.0},{"not_picked":["SashWhip","BowlingBash"],"picked":"EmptyBody","floor":4.0},{"not_picked":["ThirdEye","Meditate"],"picked":"FlyingSleeves","floor":6.0},{"not_picked":["FollowUp","EmptyFist"],"picked":"Weave","floor":8.0},{"not_picked":["BowlingBash","FlurryOfBlows"],"picked":"BattleHymn","floor":12.0},{"not_picked":["Perseverance","Meditate"],"picked":"DeusExMachina","floor":14},{"not_picked":["LessonLearned","Brilliance"],"picked":"Judgement","floor":16},{"not_picked":["DeceiveReality+1","CrushJoints"],"picked":"Conclude","floor":18},{"not_picked":["FollowUp","FlurryOfBlows"],"picked":"ThirdEye+1","floor":19},{"not_picked":["FlurryOfBlows","Sanctity"],"picked":"FearNoEvil+1","floor":20},{"not_picked":["EmptyMind","Halt"],"picked":"DevaForm","floor":22},{"not_picked":["WheelKick","InnerPeace+1"],"picked":"ReachHeaven","floor":27},{"not_picked":["Vengeance","Worship"],"picked":"Consecrate+1","floor":28},{"not_picked":["Halt","PathToVictory"],"picked":"SandsOfTime","floor":29},{"not_picked":["DeceiveReality+1","CutThroughFate"],"picked":"Tantrum+1","floor":35},{"not_picked":["FlyingSleeves+1","WindmillStrike","CrushJoints"],"picked":"SKIP","floor":37},{"not_picked":["LikeWater+1","Crescendo","Conclude"],"picked":"PathToVictory+1","floor":39}],"player_experience":213268,"relics_obtained":[{"floor":6.0,"key":"Toy Ornithopter"},{"floor":9.0,"key":"Whetstone"},{"floor":14,"key":"HornCleat"},{"floor":26,"key":"Kunai"},{"floor":28,"key":"Bottled Tornado"},{"floor":31,"key":"InkBottle"},{"floor":38,"key":"Question Card"}],"event_choices":[{"damage_healed":0.0,"max_hp_gain":0.0,"max_hp_loss":0.0,"gold_gain":0.0,"event_name":"FaceTrader","player_choice":"Trade","floor":2.0,"gold_loss":0.0,"damage_taken":0.0,"relics_obtained":["CultistMask"]},{"damage_healed":0,"gold_gain":0,"player_choice":"Copied","damage_taken":0,"max_hp_gain":0,"max_hp_loss":0,"event_name":"Duplicator","floor":24,"gold_loss":0,"cards_obtained":["Judgement"]}],"is_beta":false,"boss_relics":[{"not_picked":["Calling Bell","Busted Crown"],"picked":"VioletLotus"},{"not_picked":["Tiny House","Black Star"],"picked":"Pandora\u0027s Box"}],"items_purged_floors":[],"is_endless":false,"potions_floor_spawned":[1,3,14,18,19,22,28,35],"killed_by":"Giant Head","ascension_level":0}}