{"host":"4cz9gr89nglr7k8k","time":1611079218,"event":{"mods":["BaseMod","Minty Spire (QoL Compilation)","Relic Stats","Slay-I"],"gold_per_floor":[111,8,20,86,86,86,100,100,181,198,226,226,32,59,59,131,131,131,25,25,25,25,25,25,25,25,25,25,25,25,25,25,25,25],"floor_reached":33,"language":"DEU","playtime":977,"items_purged":[],"score":613,"play_id":"b98afa18-57b4-4de3-ba5c-0014d1668ff8","local_time":"20210119190018","is_ascension_mode":true,"campfire_choices":[{"floor":6,"key":"REST"},{"data":"Reaper","floor":8,"key":"SMITH"},{"floor":15,"key":"REST"},{"floor":23,"key":"REST"},{"floor":25,"key":"REST"},{"data":"Demon Form","floor":28,"key":"SMITH"},{"floor":30,"key":"REST"},{"data":"Metallicize","floor":32,"key":"SMITH"}],"circlet_count":0,"master_deck":["AscendersBane","Strike_R","Strike_R","Strike_R","Strike_R","Strike_R","Defend_R","Defend_R","Defend_R","Defend_R","Bash","Reaper+1","Clothesline","Flex","Wild Strike","Hemokinesis","Anger","Shrug It Off","Clash","Cleave","Combust","Clash","Flex","Demon Form+1","Metallicize+1","Anger","Sever Soul","Thunderclap","Heavy Blade+1","Iron Wave","Rampage"],"relics":["Burning Blood","Sundial","Bottled Flame","FossilizedHelix","Strawberry","Ectoplasm","MutagenicStrength","Bottled Lightning","CaptainsWheel","Pear","Self Forming Clay"],"acts_visited":["Exordium","TheCity"],"potions_floor_usage":[16,33,33],"damage_taken":[{"damage":6,"enemies":"Cultist","floor":1,"turns":3},{"damage":11,"enemies":"Jaw Worm","floor":3,"turns":4},{"damage":7,"enemies":"Small Slimes","floor":7,"turns":4},{"damage":17,"enemies":"Exordium Wildlife","floor":10,"turns":3},{"damage":54,"enemies":"3 Sentries","floor":11,"turns":9},{"damage":2,"enemies":"Gremlin Nob","floor":14,"turns":3},{"damage":60,"enemies":"The Guardian","floor":16,"turns":8},{"damage":54,"enemies":"3 Byrds","floor":18,"turns":6},{"damage":2,"enemies":"Spheric Guardian","floor":24,"turns":3},{"damage":4,"enemies":"Colosseum Slavers","floor":27,"turns":3},{"damage":26,"enemies":"Colosseum Nobs","floor":27,"turns":4},{"damage":7,"enemies":"Gremlin Leader","floor":29,"turns":4},{"damage":0,"enemies":"Chosen and Byrds","floor":31,"turns":5},{"damage":142,"enemies":"Collector","floor":33,"turns":11}],"seed_played":"5898081415533152274","potions_obtained":[{"floor":11,"key":"ElixirPotion"},{"floor":14,"key":"FearPotion"},{"floor":27,"key":"Block Potion"},{"floor":31,"key":"Energy Potion"}],"is_trial":false,"path_per_floor":["M","$","M","?","?","R","M","R","T","M","E","?","$","E","R","B",null,"M","$","?","?","?","R","M","R","T","?","R","E","R","M","R","B"],"character_chosen":"IRONCLAD","items_purchased":["Flex","Wild Strike","Cleave","Combust","Clash","Anger","Sever Soul"],"campfire_rested":5,"item_purchase_floors":[2,2,13,13,13,19,19],"current_hp_per_floor":[68,68,69,69,58,75,75,75,75,74,36,41,41,52,78,33,74,29,29,29,29,29,55,59,85,85,77,77,76,97,97,97,0,0],"gold":25,"neow_bonus":"ONE_RANDOM_RARE_CARD","is_daily":false,"chose_seed":false,"campfire_upgraded":3,"win_rate":0.0,"timestamp":1611079218,"path_taken":["M","?","M","?","?","R","?","R","T","M","E","?","$","E","R","BOSS","M","$","?","?","?","R","M","R","T","?","R","E","R","?","R","BOSS"],"items_purchased_type":["Card","Card","Card","Card","Card","Card","Card"],"build_version":"2020-12-22","purchased_purges":0,"victory":false,"max_hp_per_floor":[75,75,75,75,75,75,75,75,75,75,75,80,80,87,87,87,87,87,87,87,87,87,87,87,87,87,97,97,97,97,97,97,97,97],"relic_stats":{"counters":[14,70],"Sundial":[2],"Self Forming Clay":[39],"Ectoplasm":226,"obtain_stats":[{"Bottled Flame":9,"CaptainsWheel":27,"Pear":27,"Sundial":5,"Self Forming Clay":29,"Strawberry":14,"MutagenicStrength":20,"Ectoplasm":17,"Bottled Lightning":26,"Burning Blood":0,"FossilizedHelix":11},{"Bottled Flame":3,"CaptainsWheel":11,"Pear":11,"Sundial":2,"Self Forming Clay":12,"Strawberry":6,"MutagenicStrength":8,"Ectoplasm":7,"Bottled Lightning":9,"Burning Blood":0,"FossilizedHelix":5},{"Bottled Flame":11,"CaptainsWheel":50,"Pear":50,"Sundial":7,"Self Forming Clay":54,"Strawberry":26,"MutagenicStrength":40,"Ectoplasm":34,"Bottled Lightning":43,"Burning Blood":0,"FossilizedHelix":23}],"Burning Blood":62},"card_choices":[{"not_picked":["Havoc","Sever Soul"],"picked":"Clothesline","floor":1},{"not_picked":["Pommel Strike","Body Slam"],"picked":"Hemokinesis","floor":3},{"not_picked":["Shrug It Off","Body Slam"],"picked":"Anger","floor":7},{"not_picked":["Evolve","Iron Wave"],"picked":"Shrug It Off","floor":10},{"not_picked":["Ghostly Armor","Shrug It Off"],"picked":"Clash","floor":11},{"not_picked":["Havoc","Iron Wave"],"picked":"Flex","floor":14},{"not_picked":["Corruption","Brutality"],"picked":"Demon Form","floor":16},{"not_picked":["Twin Strike","Clash"],"picked":"Metallicize","floor":18},{"not_picked":["Flex","True Grit"],"picked":"Thunderclap","floor":24},{"not_picked":["Armaments","Thunderclap"],"picked":"Heavy Blade+1","floor":27},{"not_picked":["Corruption","Sword Boomerang"],"picked":"Iron Wave","floor":29},{"not_picked":["Pommel Strike","Iron Wave"],"picked":"Rampage","floor":31}],"player_experience":1509130,"relics_obtained":[{"floor":9,"key":"Bottled Flame"},{"floor":11,"key":"FossilizedHelix"},{"floor":14,"key":"Strawberry"},{"floor":26,"key":"Bottled Lightning"},{"floor":27,"key":"CaptainsWheel"},{"floor":27,"key":"Pear"},{"floor":29,"key":"Self Forming Clay"}],"event_choices":[{"damage_healed":0,"gold_gain":66,"player_choice":"Gained Gold","damage_taken":0,"max_hp_gain":0,"max_hp_loss":0,"event_name":"Golden Wing","floor":4,"gold_loss":0},{"damage_healed":0,"gold_gain":0,"player_choice":"Success","damage_taken":11,"relics_obtained":["Sundial"],"max_hp_gain":0,"max_hp_loss":0,"event_name":"Scrap Ooze","floor":5,"gold_loss":0},{"damage_healed":0,"gold_gain":0,"player_choice":"Donut","damage_taken":0,"max_hp_gain":5,"max_hp_loss":0,"event_name":"Big Fish","floor":12,"gold_loss":0},{"damage_healed":0,"gold_gain":0,"player_choice":"Inject Mutagens","damage_taken":0,"relics_obtained":["MutagenicStrength"],"max_hp_gain":0,"max_hp_loss":0,"event_name":"Drug Dealer","floor":20,"gold_loss":0},{"damage_healed":0,"gold_gain":50,"player_choice":"Stole From Cult","damage_taken":0,"max_hp_gain":0,"max_hp_loss":0,"event_name":"Nest","floor":21,"gold_loss":0},{"damage_healed":0,"gold_gain":0,"player_choice":"Ignored","damage_taken":0,"max_hp_gain":0,"max_hp_loss":0,"event_name":"Cursed Tome","floor":22,"gold_loss":0},{"damage_healed":0,"gold_gain":0,"player_choice":"Fight","damage_taken":0,"max_hp_gain":0,"max_hp_loss":0,"event_name":"Colosseum","floor":27,"gold_loss":0},{"damage_healed":0,"gold_gain":0,"player_choice":"Fought Nobs","damage_taken":0,"max_hp_gain":0,"max_hp_loss":0,"event_name":"Colosseum","floor":27,"gold_loss":0}],"is_beta":false,"boss_relics":[{"not_picked":["Astrolabe","Snecko Eye"],"picked":"Ectoplasm"}],"items_purged_floors":[],"is_endless":false,"potions_floor_spawned":[11,14,27,31],"killed_by":"Collector","ascension_level":20}}