{"host":"8pjvbxl6xo882v42","time":1611098079,"event":{"mods":["AchievementEnabler","BaseMod","Minty Spire (QoL Compilation)","Replay The Spire","StSLib","The Cursed"],"gold_per_floor":[118,189,214,164,186,186,230,310,310,310,349,349,377,401,401,506,587,606,631,68,108,8,8,17,17,17,45,64,64,76,99,99,213,213,228,228,74,123,123,142,158,173,173,173,199,226,226,248,248,248],"floor_reached":51,"language":"FRA","playtime":4882,"items_purged":["ReplayTheSpireMod:Shiv Toss","ReplayTheSpireMod:The Works"],"score":1082,"play_id":"5b4f1550-93e9-4060-bc95-281408491436","local_time":"20210120001439","is_ascension_mode":true,"campfire_choices":[{"data":"Poison Darts","floor":6,"key":"SMITH"},{"data":"Toxin Wave","floor":10,"key":"SMITH"},{"data":"ReplayTheSpireMod:Tripwire","floor":12,"key":"SMITH"},{"floor":15,"key":"REST"},{"data":"Wraith Form v2","floor":23,"key":"SMITH"},{"data":"Wraith Form v2","floor":25,"key":"SMITH"},{"floor":32,"key":"DIG"},{"data":"Wraith Form v2","floor":44,"key":"SMITH"},{"floor":47,"key":"REST"},{"floor":49,"key":"DIG"}],"circlet_count":0,"master_deck":["AscendersBane","Survivor","Neutralize","Hidden Blade","Toxin Wave+1","Poison Darts+1","Dagger Spray","Backstab","ReplayTheSpireMod:Tripwire+1","Escape Plan","Wraith Form v2+1","Die Die Die","Slice","Bullet Time","Toxin Wave","Glass Knife","Catalyst","Atom Bomb","Flechettes","Backflip+1","Acrobatics","PiercingWail","Wraith Form v2+1","Backflip+1","Leg Sweep","Wraith Form v2+1","Bullet Time","Blur+1","Outmaneuver+1"],"relics":["Replay:Bronze Core","CeramicFish","ReplayTheSpireMod:TigerMarble","Question Card","Replay:Bottled Flurry","Gambling Chip","Pandora\u0027s Box","Orichalcum","Mango","Red Mask","Snake Skull","Torii","Replay:Wax Seal","Busted Crown","Calipers","Replay:Bottled Steam","MealTicket","CaptainsWheel"],"acts_visited":["Exordium","TheCity","TheBeyond"],"potions_floor_usage":[7,27,33,50],"damage_taken":[{"damage":0,"enemies":"2 Louse","floor":1,"turns":4},{"damage":0,"enemies":"Small Slimes","floor":3,"turns":4},{"damage":0,"enemies":"Jaw Worm","floor":5,"turns":3},{"damage":24,"enemies":"3 Sentries","floor":7,"turns":9},{"damage":15,"enemies":"Gremlin Nob","floor":11,"turns":3},{"damage":0,"enemies":"Exordium Wildlife","floor":13,"turns":2},{"damage":4,"enemies":"Lots of Slimes","floor":14,"turns":3},{"damage":14,"enemies":"Hexaghost","floor":16,"turns":11},{"damage":2,"enemies":"2 Thieves","floor":18,"turns":2},{"damage":0,"enemies":"3 Byrds","floor":19,"turns":1},{"damage":4,"enemies":"Masked Bandits","floor":21,"turns":2},{"damage":19,"enemies":"Book of Stabbing","floor":27,"turns":6},{"damage":0,"enemies":"Sentry and Sphere","floor":28,"turns":2},{"damage":10,"enemies":"Shelled Parasite and Fungi","floor":30,"turns":4},{"damage":0,"enemies":"Cultist and Chosen","floor":31,"turns":3},{"damage":18,"enemies":"Automaton","floor":33,"turns":9},{"damage":0,"enemies":"3 Shapes","floor":35,"turns":3},{"damage":6,"enemies":"2 Orb Walkers","floor":38,"turns":4},{"damage":0,"enemies":"Orb Walker","floor":40,"turns":1},{"damage":3,"enemies":"Maw","floor":41,"turns":5},{"damage":1,"enemies":"4 Shapes","floor":42,"turns":4},{"damage":10,"enemies":"R_Hoarder","floor":45,"turns":5},{"damage":2,"enemies":"Jaw Worm Horde","floor":46,"turns":4},{"damage":1,"enemies":"Sphere and 2 Shapes","floor":48,"turns":2},{"damage":49,"enemies":"Awakened One","floor":50,"turns":18}],"seed_played":"-8878810205954379031","potions_obtained":[{"floor":2,"key":"Venom Potion"},{"floor":2,"key":"LiquidMemories"},{"floor":7,"key":"FairyPotion"},{"floor":16,"key":"Milkshake"},{"floor":18,"key":"Adrenaline Potion"},{"floor":21,"key":"Block Potion"},{"floor":28,"key":"Explosive Potion"},{"floor":30,"key":"Swift Potion"},{"floor":38,"key":"GamblersBrew"}],"is_trial":false,"path_per_floor":["M","?","M","?","M","R","E","T","T","R","E","R","M","M","R","B",null,"M","M","$","?","$","R","?","R","T","E","M","$","M","M","R","B",null,"M","?","$","?","$","M","M","M","T","R","E","M","R","M","R","B",null],"character_chosen":"THE_SILENT","items_purchased":["Orichalcum","Mango","Acrobatics","Bullet Time"],"campfire_rested":2,"item_purchase_floors":[20,20,20,37],"current_hp_per_floor":[63,63,63,63,63,63,39,39,39,39,24,24,24,20,41,27,59,57,57,71,67,67,67,67,67,67,48,48,48,38,38,38,20,68,68,68,68,62,62,62,59,58,58,58,48,46,70,69,69,20],"gold":248,"neow_bonus":"BOSS_RELIC","is_daily":false,"chose_seed":false,"campfire_upgraded":6,"win_rate":0.0,"timestamp":1611098079,"path_taken":["M","?","M","?","M","R","E","?","T","R","E","R","M","?","R","BOSS","M","M","?","?","$","R","?","R","T","E","M","?","M","M","R","BOSS","M","?","$","?","?","M","M","M","T","R","E","?","R","M","R","BOSS"],"items_purchased_type":["Relic","Relic","Card","Card"],"build_version":"2020-12-22","purchased_purges":2,"victory":true,"max_hp_per_floor":[70,70,70,70,70,70,70,70,70,70,70,70,70,70,70,70,70,70,70,84,84,84,84,84,84,84,84,84,84,84,84,84,84,84,84,80,80,80,80,80,80,80,80,80,80,80,80,80,80,80],"card_choices":[{"not_picked":["Acrobatics","PiercingWail"],"picked":"Hidden Blade","floor":1},{"not_picked":["Bane","Backflip"],"picked":"Toxin Wave","floor":2},{"not_picked":["Accuracy","Cloak And Dagger"],"picked":"Poison Darts","floor":3},{"not_picked":["Blade Dance","Dagger Throw"],"picked":"Dagger Spray","floor":5},{"not_picked":["Prepared","Distraction"],"picked":"Backstab","floor":7},{"not_picked":["ReplayTheSpireMod:Scrap Shanks","Deadly Poison","PiercingWail"],"picked":"ReplayTheSpireMod:Tripwire","floor":11},{"not_picked":["Underhanded Strike","Deadly Poison","Poisoned Stab"],"picked":"Escape Plan","floor":13},{"not_picked":["Dodge and Roll","Sucker Punch","Skewer"],"picked":"Wraith Form v2","floor":14},{"not_picked":["After Image","Adrenaline","Replay:Bag of Tricks"],"picked":"Die Die Die","floor":16},{"not_picked":["Bane","Underhanded Strike","Dagger Throw+1","Accuracy"],"picked":"SKIP","floor":18},{"not_picked":["ReplayTheSpireMod:Tripwire","Underhanded Strike","Acrobatics"],"picked":"Backflip+1","floor":19},{"not_picked":["Riddle With Holes","Dagger Spray+1","Poisoned Stab"],"picked":"PiercingWail","floor":21},{"not_picked":["Flying Knee","Choke","ReplayTheSpireMod:Scrap Shanks","Bane+1"],"picked":"SKIP","floor":27},{"not_picked":["Flechettes","Accuracy+1","Acrobatics+1"],"picked":"Backflip+1","floor":28},{"not_picked":["Flying Knee+1","Expertise","Backstab+1","Slice"],"picked":"SKIP","floor":30},{"not_picked":["Flying Knee","ReplayTheSpireMod:Necrosis","Deflect"],"picked":"Leg Sweep","floor":31},{"not_picked":["Atom Bomb","After Image","Unload"],"picked":"Wraith Form v2","floor":33},{"not_picked":["Acrobatics","Hidden Blade"],"picked":"SKIP","floor":35},{"not_picked":["Hidden Blade+1","Deflect+1"],"picked":"SKIP","floor":40},{"not_picked":["Quick Slash+1","Backflip"],"picked":"SKIP","floor":41},{"not_picked":["Underhanded Strike+1","Quick Slash"],"picked":"SKIP","floor":42},{"not_picked":["Bane+1","Blade Dance"],"picked":"SKIP","floor":45},{"not_picked":["Deflect"],"picked":"Blur+1","floor":46},{"not_picked":["Dagger Throw+1"],"picked":"Outmaneuver+1","floor":48}],"player_experience":347614,"relics_obtained":[{"floor":2,"key":"CeramicFish"},{"floor":7,"key":"ReplayTheSpireMod:TigerMarble"},{"floor":8,"key":"Question Card"},{"floor":9,"key":"Replay:Bottled Flurry"},{"floor":11,"key":"Gambling Chip"},{"floor":21,"key":"Red Mask"},{"floor":26,"key":"Snake Skull"},{"floor":27,"key":"Torii"},{"floor":32,"key":"Replay:Wax Seal"},{"floor":38,"key":"Calipers"},{"floor":43,"key":"Replay:Bottled Steam"},{"floor":45,"key":"MealTicket"},{"floor":49,"key":"CaptainsWheel"}],"event_choices":[{"cards_removed":["Strike_G"],"damage_healed":0,"gold_gain":0,"player_choice":"Card Removal","damage_taken":0,"max_hp_gain":0,"max_hp_loss":0,"event_name":"The Cleric","floor":4,"gold_loss":50},{"damage_healed":0,"gold_gain":0,"player_choice":"Fought Bandits","damage_taken":0,"max_hp_gain":0,"max_hp_loss":0,"event_name":"Masked Bandits","floor":21,"gold_loss":0},{"damage_healed":0,"gold_gain":0,"player_choice":"Read","damage_taken":0,"max_hp_gain":0,"max_hp_loss":0,"event_name":"The Library","floor":24,"gold_loss":0,"cards_obtained":["Wraith Form v2"]},{"damage_healed":0,"gold_gain":0,"player_choice":"Max HP","damage_taken":0,"max_hp_gain":0,"max_hp_loss":4,"event_name":"Winding Halls","floor":36,"gold_loss":0},{"damage_healed":0,"gold_gain":0,"player_choice":"Fight","damage_taken":0,"max_hp_gain":0,"max_hp_loss":0,"event_name":"Mysterious Sphere","floor":38,"gold_loss":0}],"is_beta":false,"boss_relics":[{"not_picked":["Tiny House","ReplayTheSpireMod:DimensionalGlitch"],"picked":"Pandora\u0027s Box"},{"not_picked":["Cursed Key","Empty Cage"],"picked":"Busted Crown"}],"items_purged_floors":[20,22],"is_endless":false,"potions_floor_spawned":[7,13,16,18,21,28,30,38,45,46],"ascension_level":11}}