{"host":"4bbalj7r5kimsnho","time":1611082366,"event":{"mods":["AchievementEnabler","BaseMod","Colored Powertips","Hermit","Minty Spire (QoL Compilation)","StSLib"],"gold_per_floor":[116,116,136,114,45,45,68,103,154,154,154,172,97,120,120,120,120],"floor_reached":16,"language":"ENG","playtime":546,"items_purged":["Injury"],"score":110,"play_id":"c3be28ec-dcfc-45c1-b4aa-02952ec92ab7","local_time":"20210119185246","is_ascension_mode":true,"campfire_choices":[{"data":"Dualcast","floor":6,"key":"SMITH"},{"data":"Coolheaded","floor":10,"key":"SMITH"},{"data":"Machine Learning","floor":15,"key":"SMITH"}],"circlet_count":0,"master_deck":["Strike_B+1","Strike_B+1","Strike_B","Strike_B","Defend_B","Defend_B","Defend_B","Defend_B","Zap","Dualcast+1","Core Surge","Auto Shields","Defragment","Loop","Ball Lightning","Coolheaded+1","Machine Learning+1","Doom and Gloom","Lockon"],"relics":["Cracked Core","Golden Idol","Whetstone","Orichalcum"],"acts_visited":["Exordium"],"potions_floor_usage":[16,16],"damage_taken":[{"damage":0,"enemies":"2 Louse","floor":1,"turns":2},{"damage":0,"enemies":"Small Slimes","floor":3,"turns":2},{"damage":4,"enemies":"Jaw Worm","floor":7,"turns":3},{"damage":19,"enemies":"Gremlin Nob","floor":8,"turns":4},{"damage":1,"enemies":"3 Louse","floor":12,"turns":4},{"damage":4,"enemies":"Red Slaver","floor":14,"turns":3},{"damage":27,"enemies":"Slime Boss","floor":16,"turns":7}],"seed_played":"5607844738573358650","potions_obtained":[{"floor":1,"key":"LiquidMemories"},{"floor":14,"key":"Ancient Potion"}],"is_trial":false,"path_per_floor":["M","?","M","?","$","R","M","E","T","R","?","M","$","M","R","B"],"character_chosen":"DEFECT","items_purchased":["Loop"],"campfire_rested":0,"item_purchase_floors":[5],"current_hp_per_floor":[54,54,54,54,54,54,50,31,31,31,31,30,30,26,26,0,0],"gold":120,"neow_bonus":"THREE_RARE_CARDS","is_daily":false,"chose_seed":false,"campfire_upgraded":3,"win_rate":0.0,"timestamp":1611082366,"path_taken":["M","?","M","?","?","R","M","E","T","R","?","M","$","M","R","BOSS"],"items_purchased_type":["Card"],"build_version":"2020-12-22","purchased_purges":1,"victory":false,"max_hp_per_floor":[75,75,75,75,75,75,75,75,75,75,75,75,75,75,75,75,75],"card_choices":[{"not_picked":["Reboot","Seek"],"picked":"Core Surge","floor":0},{"not_picked":["Glacier","Compile Driver"],"picked":"Auto Shields","floor":1},{"not_picked":["Consume","FTL"],"picked":"Defragment","floor":3},{"not_picked":["Rebound","Conserve Battery"],"picked":"Ball Lightning","floor":7},{"not_picked":["Static Discharge","Steam"],"picked":"Coolheaded","floor":8},{"not_picked":["Turbo","Gash"],"picked":"Doom and Gloom","floor":12},{"not_picked":["Compile Driver","Cold Snap"],"picked":"Lockon","floor":14}],"player_experience":99433,"relics_obtained":[{"floor":8,"key":"Whetstone"},{"floor":9,"key":"Orichalcum"}],"event_choices":[{"damage_healed":0,"gold_gain":0,"player_choice":"Take Wound","damage_taken":0,"relics_obtained":["Golden Idol"],"max_hp_gain":0,"max_hp_loss":0,"event_name":"Golden Idol","floor":2,"gold_loss":0,"cards_obtained":["Injury"]},{"damage_healed":0,"gold_gain":0,"player_choice":"Left Gold","damage_taken":0,"max_hp_gain":0,"max_hp_loss":0,"event_name":"World of Goop","floor":4,"gold_loss":22},{"damage_healed":0,"gold_gain":0,"player_choice":"1 cards matched","damage_taken":0,"max_hp_gain":0,"max_hp_loss":0,"event_name":"Match and Keep!","floor":11,"gold_loss":0,"cards_obtained":["Machine Learning"]}],"is_beta":false,"boss_relics":[],"items_purged_floors":[13],"is_endless":false,"potions_floor_spawned":[1,14],"killed_by":"Slime Boss","ascension_level":2}}