{"host":"kpyoctgc7jne3jiy","time":1611049867,"event":{"mods":["AchievementEnabler","BaseMod","Minty Spire (QoL Compilation)","Relic Stats"],"gold_per_floor":[116,133,147,160,170,205,205,223,269,269,344,344,364,395,395,490,490,504,518,538,538,538,140,159,193,218,218,253,253,253,283,283,283,283],"floor_reached":33,"language":"ENG","playtime":1534,"items_purged":["Defend_P"],"score":367,"play_id":"eaf334af-500b-4d1a-ab4e-e607d981f7c1","local_time":"20210119105107","is_ascension_mode":false,"campfire_choices":[{"data":"Wallop","floor":7.0,"key":"SMITH"},{"data":"BowlingBash","floor":10.0,"key":"SMITH"},{"data":"Adaptation","floor":12.0,"key":"SMITH"},{"data":"EmptyBody","floor":15.0,"key":"SMITH"},{"data":"Vault","floor":27.0,"key":"SMITH"},{"floor":29.0,"key":"RECALL"},{"floor":32.0,"key":"REST"}],"circlet_count":0,"master_deck":["Defend_P","Defend_P","Defend_P","Eruption","Vigilance","SashWhip","Halt","Protect","Wallop+1","BowlingBash+1","TalkToTheHand+1","Adaptation+1","Tantrum","EmptyBody+1","Vault+1","TalkToTheHand","FearNoEvil","InnerPeace","Vengeance","Consecrate","Bite","Bite","Bite","Bite","Bite","Master of Strategy","Halt+1","Swivel+1","Wallop+1","MentalFortress","RitualDagger","EmptyMind+1"],"relics":["SlaversCollar","Peace Pipe","Whetstone","Prayer Wheel","Black Star","Nunchaku","Darkstone Periapt","Tiny Chest","Strawberry","PreservedInsect","Mercury Hourglass","Bag of Preparation","Pear"],"acts_visited":["Exordium","TheCity"],"potions_floor_usage":[33],"damage_taken":[{"damage":0.0,"enemies":"2 Louse","floor":1.0,"turns":2.0},{"damage":0.0,"enemies":"Cultist","floor":2.0,"turns":4.0},{"damage":5.0,"enemies":"Small Slimes","floor":3.0,"turns":3.0},{"damage":6.0,"enemies":"2 Fungi Beasts","floor":4.0,"turns":4.0},{"damage":0.0,"enemies":"Blue Slaver","floor":5.0,"turns":5.0},{"damage":0.0,"enemies":"Gremlin Nob","floor":6.0,"turns":2.0},{"damage":1.0,"enemies":"Exordium Wildlife","floor":8.0,"turns":4.0},{"damage":0.0,"enemies":"Red Slaver","floor":13.0,"turns":5.0},{"damage":1.0,"enemies":"3 Sentries","floor":14.0,"turns":4.0},{"damage":7.0,"enemies":"The Guardian","floor":16.0,"turns":13.0},{"damage":0.0,"enemies":"Chosen","floor":18.0,"turns":5.0},{"damage":12.0,"enemies":"Spheric Guardian","floor":19.0,"turns":5.0},{"damage":5.0,"enemies":"Centurion and Healer","floor":20.0,"turns":9.0},{"damage":14.0,"enemies":"Shelled Parasite and Fungi","floor":24.0,"turns":6.0},{"damage":5.0,"enemies":"Book of Stabbing","floor":25.0,"turns":6.0},{"damage":13.0,"enemies":"Gremlin Leader","floor":28.0,"turns":5.0},{"damage":12.0,"enemies":"Slavers","floor":31.0,"turns":2.0},{"damage":77,"enemies":"Automaton","floor":33,"turns":11}],"seed_played":"-4570699125774366790","potions_obtained":[{"floor":3.0,"key":"FearPotion"},{"floor":8.0,"key":"Explosive Potion"},{"floor":13.0,"key":"EntropicBrew"},{"floor":14.0,"key":"ColorlessPotion"},{"floor":18.0,"key":"DuplicationPotion"},{"floor":24.0,"key":"SteroidPotion"}],"is_trial":false,"path_per_floor":["M","M","M","M","M","E","R","M","T","R","?","R","M","E","R","B",null,"M","M","M","?","?","$","M","E","T","R","E","R","?","E","R","B"],"character_chosen":"WATCHER","items_purchased":["Nunchaku","Master of Strategy"],"campfire_rested":1,"item_purchase_floors":[23,23],"current_hp_per_floor":[72,72,67,61,61,61,61,60,60,60,53,53,53,52,52,45,72,72,60,55,42,42,42,30,41,48,48,43,43,37,39,60,0,0],"gold":283,"neow_bonus":"BOSS_RELIC","is_daily":false,"chose_seed":false,"campfire_upgraded":5,"win_rate":0.0,"timestamp":1611049867,"path_taken":["M","M","M","M","M","E","R","M","T","R","?","R","?","E","R","BOSS","M","M","M","?","?","$","M","E","T","R","E","R","?","E","R","BOSS"],"items_purchased_type":["Relic","Card"],"build_version":"2020-12-22","purchased_purges":1,"victory":false,"max_hp_per_floor":[72,72,72,72,72,72,72,72,72,72,72,72,72,72,72,72,72,72,72,72,77,53,53,53,53,60,60,60,60,60,70,70,70,70],"relic_stats":{"Peace Pipe":0,"Darkstone Periapt":0,"Nunchaku":[7],"counters":[18,95],"Prayer Wheel":4,"Tiny Chest":0,"PreservedInsect":40,"Black Star":3,"Bag of Preparation":[2],"Whetstone":["Strike_P","TalkToTheHand"],"obtain_stats":[{"Darkstone Periapt":25,"Pear":31,"PreservedInsect":28,"Bag of Preparation":31,"Whetstone":9,"Mercury Hourglass":28,"Peace Pipe":6,"SlaversCollar":0,"Nunchaku":23,"Strawberry":26,"Prayer Wheel":14,"Tiny Chest":25,"Black Star":17,"PureWater":0},{"Darkstone Periapt":15,"Pear":17,"PreservedInsect":16,"Bag of Preparation":17,"Whetstone":7,"Mercury Hourglass":16,"Peace Pipe":6,"SlaversCollar":0,"Nunchaku":13,"Strawberry":15,"Prayer Wheel":9,"Tiny Chest":15,"Black Star":10,"PureWater":0},{"Darkstone Periapt":77,"Pear":84,"PreservedInsect":82,"Bag of Preparation":84,"Whetstone":24,"Mercury Hourglass":82,"Peace Pipe":20,"SlaversCollar":0,"Nunchaku":65,"Strawberry":77,"Prayer Wheel":33,"Tiny Chest":77,"Black Star":46,"PureWater":0}],"Mercury Hourglass":[60]},"card_choices":[{"not_picked":["ClearTheMind","EmptyBody"],"picked":"SashWhip","floor":1.0},{"not_picked":["FollowUp","Fasting2"],"picked":"Halt","floor":2.0},{"not_picked":["ForeignInfluence","FlyingSleeves"],"picked":"Protect","floor":3.0},{"not_picked":["Worship","SashWhip"],"picked":"Wallop","floor":4.0},{"not_picked":["ClearTheMind","ThirdEye"],"picked":"BowlingBash","floor":5.0},{"not_picked":["Consecrate","Vengeance"],"picked":"TalkToTheHand","floor":6.0},{"not_picked":["Fasting2","JustLucky"],"picked":"Adaptation","floor":8.0},{"not_picked":["Judgement","ClearTheMind"],"picked":"Tantrum","floor":13.0},{"not_picked":["SignatureMove","FollowUp"],"picked":"EmptyBody","floor":14.0},{"not_picked":["Alpha","DevaForm"],"picked":"Vault","floor":16.0},{"not_picked":["Evaluate","Crescendo"],"picked":"TalkToTheHand","floor":18.0},{"not_picked":["BowlingBash","Crescendo"],"picked":"FearNoEvil","floor":18.0},{"not_picked":["FlyingSleeves","Conclude"],"picked":"InnerPeace","floor":19.0},{"not_picked":["ClearTheMind","Collect"],"picked":"Vengeance","floor":19.0},{"not_picked":["ConjureBlade","InnerPeace"],"picked":"Consecrate","floor":20.0},{"not_picked":["Collect","CrushJoints","ForeignInfluence"],"picked":"SKIP","floor":20.0},{"not_picked":["FollowUp+1","CrushJoints"],"picked":"Halt+1","floor":24.0},{"not_picked":["Protect","Vengeance"],"picked":"Swivel+1","floor":24.0},{"not_picked":["Conclude","Crescendo"],"picked":"Wallop+1","floor":25.0},{"not_picked":["FollowUp","Nirvana"],"picked":"MentalFortress","floor":28.0},{"not_picked":["CutThroughFate","FollowUp"],"picked":"EmptyMind+1","floor":31.0}],"player_experience":296256,"relics_obtained":[{"floor":6.0,"key":"Peace Pipe"},{"floor":9.0,"key":"Whetstone"},{"floor":14.0,"key":"Prayer Wheel"},{"floor":25.0,"key":"Darkstone Periapt"},{"floor":25.0,"key":"Tiny Chest"},{"floor":26.0,"key":"Strawberry"},{"floor":28.0,"key":"PreservedInsect"},{"floor":28.0,"key":"Mercury Hourglass"},{"floor":31.0,"key":"Bag of Preparation"},{"floor":31.0,"key":"Pear"}],"event_choices":[{"damage_healed":0.0,"max_hp_gain":0.0,"max_hp_loss":0.0,"gold_gain":75.0,"event_name":"FaceTrader","player_choice":"Touch","floor":11.0,"gold_loss":0.0,"damage_taken":7.0},{"damage_healed":0.0,"max_hp_gain":5.0,"max_hp_loss":0.0,"gold_gain":0.0,"event_name":"Forgotten Altar","player_choice":"Shed Blood","floor":21.0,"gold_loss":0.0,"damage_taken":18.0},{"damage_healed":0.0,"max_hp_gain":0.0,"max_hp_loss":24.0,"gold_gain":0.0,"event_name":"Vampires","player_choice":"Became a vampire","floor":22.0,"gold_loss":0.0,"damage_taken":0.0,"cards_obtained":["Bite","Bite","Bite","Bite","Bite"]},{"damage_healed":0.0,"max_hp_gain":0.0,"max_hp_loss":0.0,"gold_gain":0.0,"event_name":"Nest","player_choice":"Joined the Cult","floor":30.0,"gold_loss":0.0,"damage_taken":6.0,"cards_obtained":["RitualDagger"]}],"is_beta":false,"boss_relics":[{"not_picked":["Cursed Key","Runic Dome"],"picked":"Black Star"}],"items_purged_floors":[23],"is_endless":false,"potions_floor_spawned":[3,8,13,14,18,24],"killed_by":"Automaton","ascension_level":0}}