{"host":"jrmqsbok61y7b34d","time":1611085574,"event":{"mods":["BaseMod","Better Skull","Challenge The Spire","Colored Map","Colored Powertips","Emptier Cage","Minty Spire (QoL Compilation)","Permanent Neow","Quick Restart","Relic Stats","StSLib","Unceasing Turn Reminder"],"gold_per_floor":[109,121,131,147,162,195,195,235,289,317,340,340,340,340,340,423,423,404,443,47,73,100,100,140,140,220,220,220],"floor_reached":27,"language":"ENG","playtime":2854,"items_purged":["Strike_P"],"score":575,"play_id":"6b6d905d-739a-4b18-bf67-8aa5d3ce914f","local_time":"20210119194614","is_ascension_mode":true,"campfire_choices":[{"floor":7.0,"key":"REST"},{"data":"BowlingBash","floor":15.0,"key":"SMITH"},{"floor":23.0,"key":"REST"},{"floor":25.0,"key":"REST"}],"circlet_count":0,"master_deck":["AscendersBane","Strike_P","Defend_P","Defend_P","Defend_P","Defend_P","Eruption","Vigilance","WreathOfFlame","EmptyFist","FlyingSleeves","Consecrate","CutThroughFate","Adaptation","Evaluate","Perseverance","FlyingSleeves","BowlingBash+1","DevaForm","CutThroughFate","Halt","Wallop","EmptyBody","MentalFortress+1","Halt","ThirdEye"],"relics":["HolyWater","Damaru","CeramicFish","MealTicket","Kunai","Red Mask","Art of War","Lantern","Frozen Egg 2"],"acts_visited":["Exordium","TheCity"],"potions_floor_usage":[],"damage_taken":[{"damage":9.0,"enemies":"2 Louse","floor":1.0,"turns":3.0},{"damage":2.0,"enemies":"Small Slimes","floor":2.0,"turns":4.0},{"damage":7.0,"enemies":"Jaw Worm","floor":3.0,"turns":2.0},{"damage":11.0,"enemies":"Blue Slaver","floor":4.0,"turns":6.0},{"damage":6.0,"enemies":"2 Fungi Beasts","floor":5.0,"turns":4.0},{"damage":24.0,"enemies":"3 Sentries","floor":6.0,"turns":9.0},{"damage":16.0,"enemies":"Gremlin Nob","floor":8.0,"turns":3.0},{"damage":0.0,"enemies":"Looter","floor":10.0,"turns":3.0},{"damage":0.0,"enemies":"3 Louse","floor":11.0,"turns":3.0},{"damage":0.0,"enemies":"Slime Boss","floor":16.0,"turns":4.0},{"damage":9.0,"enemies":"2 Thieves","floor":18.0,"turns":4.0},{"damage":39.0,"enemies":"Masked Bandits","floor":19.0,"turns":6.0},{"damage":7.0,"enemies":"Shell Parasite","floor":21.0,"turns":7.0},{"damage":9.0,"enemies":"Chosen and Byrds","floor":22.0,"turns":6.0},{"damage":9.0,"enemies":"Gremlin Leader","floor":24.0,"turns":7.0},{"damage":66,"enemies":"Cultist and Chosen","floor":27,"turns":9}],"seed_played":"-3441703910569321560","potions_obtained":[{"floor":2.0,"key":"Explosive Potion"},{"floor":4.0,"key":"Energy Potion"},{"floor":5.0,"key":"Regen Potion"},{"floor":10.0,"key":"FearPotion"},{"floor":21.0,"key":"CultistPotion"}],"is_trial":false,"path_per_floor":["M","M","M","M","M","E","R","E","T","M","M","?","?","?","R","B",null,"M","?","$","M","M","R","E","R","T","M"],"character_chosen":"WATCHER","items_purchased":["Art of War","Wallop","EmptyBody","Block Potion"],"campfire_rested":3,"item_purchase_floors":[20,20,20,20],"current_hp_per_floor":[52,50,43,32,26,17,37,21,21,21,21,26,26,15,15,15,59,50,11,26,19,10,31,22,43,43,0,0],"gold":220,"neow_bonus":"TRANSFORM_CARD","is_daily":false,"chose_seed":false,"campfire_upgraded":1,"win_rate":0.0,"timestamp":1611085574,"path_taken":["M","M","M","M","M","E","R","E","T","M","M","?","?","?","R","BOSS","M","?","$","M","M","R","E","R","T","M"],"items_purchased_type":["Relic","Card","Card","Potion"],"build_version":"2020-12-22","purchased_purges":1,"victory":false,"max_hp_per_floor":[68,68,68,68,68,68,68,68,68,68,68,73,73,73,73,73,73,73,73,73,73,73,73,73,73,73,73,73],"relic_stats":{"counters":[16,80],"CeramicFish":99,"MealTicket":15,"Art of War":[5],"Kunai":[18],"obtain_stats":[{"Lantern":24,"CeramicFish":8,"Damaru":6,"HolyWater":17,"MealTicket":9,"Red Mask":19,"Art of War":20,"Kunai":14,"PureWater":0,"Frozen Egg 2":26},{"Lantern":15,"CeramicFish":7,"Damaru":6,"HolyWater":10,"MealTicket":7,"Red Mask":12,"Art of War":12,"Kunai":9,"PureWater":0,"Frozen Egg 2":15},{"Lantern":71,"CeramicFish":31,"Damaru":28,"HolyWater":41,"MealTicket":31,"Red Mask":51,"Art of War":51,"Kunai":37,"PureWater":0,"Frozen Egg 2":71}]},"card_choices":[{"not_picked":["BowlingBash","Vengeance"],"picked":"EmptyFist","floor":1.0},{"not_picked":["BattleHymn","FlurryOfBlows"],"picked":"FlyingSleeves","floor":2.0},{"not_picked":["Wireheading","Crescendo"],"picked":"Consecrate","floor":3.0},{"not_picked":["Weave","BowlingBash"],"picked":"CutThroughFate","floor":4.0},{"not_picked":["FlurryOfBlows","Pray"],"picked":"Adaptation","floor":5.0},{"not_picked":["Sanctity","FlyingSleeves"],"picked":"Evaluate","floor":6.0},{"not_picked":["FollowUp","Omniscience"],"picked":"Perseverance","floor":8.0},{"not_picked":["SashWhip","JustLucky"],"picked":"FlyingSleeves","floor":10.0},{"not_picked":["FollowUp","WreathOfFlame"],"picked":"BowlingBash","floor":11.0},{"not_picked":["Omniscience","MasterReality"],"picked":"DevaForm","floor":16.0},{"not_picked":["WreathOfFlame","JustLucky"],"picked":"CutThroughFate","floor":18.0},{"not_picked":["EmptyBody+1","SashWhip"],"picked":"Halt","floor":19.0},{"not_picked":["Fasting2+1","Crescendo"],"picked":"MentalFortress+1","floor":21.0},{"not_picked":["PathToVictory","Prostrate"],"picked":"Halt","floor":22.0},{"not_picked":["MentalFortress","SandsOfTime"],"picked":"ThirdEye","floor":24.0}],"player_experience":1041941,"relics_obtained":[{"floor":6.0,"key":"Damaru"},{"floor":8.0,"key":"CeramicFish"},{"floor":9.0,"key":"MealTicket"},{"floor":19.0,"key":"Red Mask"},{"floor":24.0,"key":"Lantern"},{"floor":26.0,"key":"Frozen Egg 2"}],"event_choices":[{"damage_healed":0.0,"max_hp_gain":5.0,"max_hp_loss":0.0,"gold_gain":0.0,"event_name":"Big Fish","player_choice":"Donut","floor":12.0,"gold_loss":0.0,"damage_taken":0.0},{"cards_removed":["Strike_P"],"damage_healed":0.0,"max_hp_gain":0.0,"max_hp_loss":0.0,"gold_gain":0.0,"event_name":"Living Wall","player_choice":"Forget","floor":13.0,"gold_loss":0.0,"damage_taken":0.0},{"damage_healed":0.0,"max_hp_gain":0.0,"max_hp_loss":0.0,"gold_gain":0.0,"event_name":"Scrap Ooze","player_choice":"Success","floor":14.0,"gold_loss":0.0,"damage_taken":11.0,"relics_obtained":["Kunai"]},{"damage_healed":0.0,"max_hp_gain":0.0,"max_hp_loss":0.0,"gold_gain":0.0,"event_name":"Masked Bandits","player_choice":"Fought Bandits","floor":19.0,"gold_loss":0.0,"damage_taken":0.0}],"is_beta":false,"boss_relics":[{"not_picked":["Astrolabe","Velvet Choker"],"picked":"HolyWater"}],"items_purged_floors":[20],"is_endless":false,"potions_floor_spawned":[2,4,5,10,21],"killed_by":"Cultist and Chosen","ascension_level":19}}