{"host":"mydft8i2zzydgggw","time":1611059597,"event":{"mods":["AchievementEnabler","BaseMod","BetterRewards","Colored Map","Colored Powertips","DeckTracker","Keyboard Shortcuts","Minty Spire (QoL Compilation)","Rare Cards Sparkle","StSLib","SuperFastMode","everything is the same but u backflip on backflip"],"gold_per_floor":[116,191,191,191,205,234,234,244,244,244,26,56,74,74,74],"floor_reached":14,"language":"KOR","playtime":196,"items_purged":["Strike_G"],"score":192,"play_id":"a3689442-0d66-4e79-9b6f-a900f5c00493","local_time":"20210119213317","is_ascension_mode":true,"campfire_choices":[{"data":"Neutralize","floor":7,"key":"SMITH"},{"data":"Prepared","floor":10,"key":"SMITH"}],"circlet_count":0,"master_deck":["Strike_G","Strike_G","Strike_G","Defend_G","Defend_G","Defend_G","Defend_G","Defend_G","Survivor","Neutralize+1","Dagger Spray","Backstab","Prepared+1","Flying Knee"],"relics":["Ring of the Snake","NeowsBlessing","Tough Bandages","Snake Skull","Mummified Hand","MealTicket","Turnip"],"acts_visited":["Exordium"],"potions_floor_usage":[12,12],"damage_taken":[{"damage":0,"enemies":"Jaw Worm","floor":1,"turns":1},{"damage":0,"enemies":"2 Louse","floor":5,"turns":1},{"damage":0,"enemies":"Lagavulin","floor":6,"turns":1},{"damage":0,"enemies":"Small Slimes","floor":8,"turns":2},{"damage":0,"enemies":"3 Sentries","floor":12,"turns":6},{"damage":0,"enemies":"3 Louse","floor":13,"turns":2},{"damage":33,"enemies":"Gremlin Nob","floor":14,"turns":4}],"seed_played":"-306696421710485268","potions_obtained":[{"floor":6,"key":"ColorlessPotion"},{"floor":8,"key":"LiquidBronze"}],"is_trial":false,"path_per_floor":["M","?","?","?","M","E","R","M","T","R","$","E","M","E"],"character_chosen":"THE_SILENT","items_purchased":["MealTicket"],"campfire_rested":0,"item_purchase_floors":[11],"current_hp_per_floor":[63,52,40,33,33,33,33,33,33,33,33,33,33,0,0],"gold":74,"neow_bonus":"THREE_ENEMY_KILL","is_daily":false,"chose_seed":false,"campfire_upgraded":2,"win_rate":0.0,"timestamp":1611059597,"path_taken":["M","?","?","?","M","E","R","M","T","R","$","E","?","E"],"items_purchased_type":["Relic"],"build_version":"2020-12-22","purchased_purges":1,"victory":false,"max_hp_per_floor":[70,70,70,70,70,70,70,70,70,70,70,70,70,70,70],"card_choices":[{"not_picked":["Poisoned Stab","Well Laid Plans"],"picked":"Dagger Spray","floor":1},{"not_picked":["Footwork","Dodge and Roll","Bane"],"picked":"SKIP","floor":5},{"not_picked":["Dagger Throw","Bane"],"picked":"Backstab","floor":6},{"not_picked":["Acrobatics","PiercingWail"],"picked":"Prepared","floor":8},{"not_picked":["Poisoned Stab","Blur"],"picked":"Flying Knee","floor":12},{"not_picked":["Slice","Dodge and Roll","Bullet Time"],"picked":"SKIP","floor":13}],"player_experience":183090,"relics_obtained":[{"floor":6,"key":"Snake Skull"},{"floor":9,"key":"Mummified Hand"},{"floor":12,"key":"Turnip"}],"event_choices":[{"damage_healed":0,"gold_gain":75,"player_choice":"Gather Gold","damage_taken":11,"max_hp_gain":0,"max_hp_loss":0,"event_name":"World of Goop","floor":2,"gold_loss":0},{"damage_healed":0,"gold_gain":0,"player_choice":"Success","damage_taken":12,"relics_obtained":["Tough Bandages"],"max_hp_gain":0,"max_hp_loss":0,"event_name":"Scrap Ooze","floor":3,"gold_loss":0},{"cards_removed":["Strike_G"],"damage_healed":0,"gold_gain":0,"player_choice":"Card Removal","damage_taken":7,"max_hp_gain":0,"max_hp_loss":0,"event_name":"Golden Wing","floor":4,"gold_loss":0}],"is_beta":false,"boss_relics":[],"items_purged_floors":[11],"is_endless":false,"potions_floor_spawned":[6,8],"killed_by":"Gremlin Nob","ascension_level":6}}