{"host":"0orpmu1xasta6kqn","time":1611055429,"event":{"mods":["2.2 Compatiblity","AchievementEnabler","Act Like it!","Aspiration","Astrologer","BaseMod","Better Third Choice","Colored Map","Colored Powertips","Conspire","Dio Mod","Duelist Mod","GifTheSpireLib","Googly Eyes","GungeonMod","Hallownest","Highlight Path","Hubris","Infinite Spire","Magitek Elite","Mimic Mod","Minty Spire (QoL Compilation)","Quick Restart","Relic Stats","Replay The Spire","SOS???????","StSLib","Td1madao Mod","The Alterego","The Animator","The Bug Knight","The Forsaken","The Mystic","The Servant 0.9.4","The Wild Card","Wandering Minibosses","???mod?????"],"gold_per_floor":[13,13,13,13,31,31,31,51,89,89,35,35,1,12,12,12,12],"floor_reached":16,"language":"ENG","playtime":1052,"items_purged":[],"score":97,"play_id":"cd066d9f-7321-4890-bf99-f1005b57b546","local_time":"20210119122349","is_ascension_mode":true,"campfire_choices":[{"floor":6,"key":"RECALL"},{"floor":10,"key":"REST"},{"floor":12,"key":"REST"},{"data":"HollowMod:CloakDash","floor":15,"key":"SMITH"}],"circlet_count":0,"master_deck":["HollowMod:NailStrikeStart","HollowMod:NailStrikeStart","HollowMod:NailStrikeStart","HollowMod:NailStrikeStart","HollowMod:QuickDashStart","HollowMod:QuickDashStart","HollowMod:QuickDashStart","HollowMod:QuickDashStart","HollowMod:FocusHealStart","HollowMod:PogoStrike","HollowMod:NewInfectedGuardian+1","HollowMod:InfectedAttack","HollowMod:InfectedCysts","HollowMod:GreatSlash","HollowMod:CloakDash+1","HollowMod:ChannelNail","HollowMod:SoulShaman","HollowMod:DashSlash"],"relics":["HollowMod:VesselMask","hubris:Towel","HollowMod:IsmasTear","Simple Rune"],"acts_visited":["Exordium"],"potions_floor_usage":[],"damage_taken":[{"damage":8,"enemies":"Hallownest:monsterHuskGuard","floor":1,"turns":5},{"damage":17,"enemies":"Hallownest:2_Baldur","floor":5,"turns":4},{"damage":26,"enemies":"Hallownest:monsterHuskWarrior","floor":8,"turns":4},{"damage":23,"enemies":"Hallownest:monsterAspidMother","floor":9,"turns":6},{"damage":4,"enemies":"Hallownest:monsterAspidMother","floor":14,"turns":3},{"damage":72,"enemies":"Hallownest:BossHornet","floor":16,"turns":9}],"seed_played":"7616498385217846491","potions_obtained":[{"floor":1,"key":"Strength Potion"},{"floor":8,"key":"Languid Potion"}],"is_trial":false,"path_per_floor":["M","?","?","$","M","R","?","M","MIM","R","$","R","$","M","R","B"],"character_chosen":"THE_BUGKNIGHT","items_purchased":["HollowMod:ChannelNail","HollowMod:SoulShaman"],"campfire_rested":2,"item_purchase_floors":[11,13],"current_hp_per_floor":[73,73,73,73,62,62,62,42,19,41,41,63,63,65,65,0,0],"gold":12,"neow_bonus":"THREE_RARE_CARDS","is_daily":false,"chose_seed":false,"campfire_upgraded":1,"win_rate":0.0,"timestamp":1611055429,"path_taken":["M","?","?","$","M","R","?","M","MIM","R","$","R","$","?","R","BOSS"],"items_purchased_type":["Card","Card"],"build_version":"2020-12-22","purchased_purges":0,"victory":false,"max_hp_per_floor":[75,75,75,75,75,75,75,75,75,75,75,75,75,75,75,75,75],"relic_stats":{"counters":[6,31],"obtain_stats":[{"HollowMod:VesselMask":0,"Simple Rune":9,"DemoMod:GlassGuonStoneRelic":1,"HollowMod:IsmasTear":9,"hubris:Towel":7},{"HollowMod:VesselMask":0,"Simple Rune":4,"DemoMod:GlassGuonStoneRelic":1,"HollowMod:IsmasTear":4,"hubris:Towel":2},{"HollowMod:VesselMask":0,"Simple Rune":19,"DemoMod:GlassGuonStoneRelic":5,"HollowMod:IsmasTear":19,"hubris:Towel":9}]},"card_choices":[{"not_picked":["HollowMod:Weaversong","HollowMod:RadiancesLament"],"picked":"HollowMod:NewInfectedGuardian","floor":0},{"not_picked":["HollowMod:CoiledNail","HollowMod:PerfectDash"],"picked":"HollowMod:InfectedAttack","floor":1},{"not_picked":["HollowMod:SoulShaman","HollowMod:DesolateDive"],"picked":"HollowMod:InfectedCysts","floor":5},{"not_picked":["HollowMod:SharpenedNail","HollowMod:RecoilStrike"],"picked":"HollowMod:GreatSlash","floor":8},{"not_picked":["HollowMod:NewLittleFool","HollowMod:PerfectDash"],"picked":"HollowMod:CloakDash","floor":9},{"not_picked":["HollowMod:ShapeofUnn","HollowMod:LifebloodCocoon"],"picked":"HollowMod:DashSlash","floor":14}],"player_experience":291928,"relics_obtained":[{"floor":9,"key":"HollowMod:IsmasTear"},{"floor":9,"key":"Simple Rune"}],"event_choices":[],"is_beta":false,"boss_relics":[],"items_purged_floors":[],"is_endless":false,"potions_floor_spawned":[1,8],"killed_by":"Hallownest:BossHornet","ascension_level":2}}