{"host":"2q4p6kdcvpgo6z81","time":1611026312,"event":{"mods":["BaseMod","Colored Map","Downfall","Minty Spire (QoL Compilation)","StSLib"],"gold_per_floor":[99,111,129,149,159,175,175,175,195,23,42,142,142,160,174,273,273,273,286,301,301,301,312,312,222,250,59,59,86,120,131,152,263,263,263,286,305,297,323,241,241,269,269,369,57,88,88,88,114,114],"floor_reached":51,"language":"ENG","playtime":6014,"items_purged":["hexamod:ExtraCrispy","Normality"],"score":862,"play_id":"e1e040ae-3d88-4234-a177-a5459541dbd9","local_time":"20210118221832","is_ascension_mode":false,"campfire_choices":[{"data":"hexamod:Float","floor":1.0,"key":"SMITH"},{"data":"hexamod:ShieldOfDarkness","floor":13.0,"key":"SMITH"},{"data":"hexamod:ForkedFlame","floor":18.0,"key":"SMITH"},{"data":"hexamod:GhostflameInferno","floor":28.0,"key":"SMITH"},{"data":"hexamod:HeatShield","floor":35.0,"key":"SMITH"},{"floor":43,"key":"REST"},{"floor":47,"key":"REST"}],"circlet_count":0,"master_deck":["hexamod:Float+1","hexamod:SpectersWail","hexamod:ShieldOfDarkness+1","hexamod:FourthSeal","hexamod:HeatShield+1","hexamod:Hexaguard+1","Madness","hexamod:FirstSeal","hexamod:BurningTouch","hexamod:RecurringNightmare","hexamod:NecessarySacrifice","hexamod:ForkedFlame+1","hexamod:Rewind+1","hexamod:ForkedFlame","hexamod:WildfireWeapon","hexamod:EtherealExpedition","hexamod:GhostflameInferno+1","hexamod:HauntingEcho","hexamod:VolcanoVisage","hexamod:HeatShield+1","hexamod:StepThrough","hexamod:SearingWound","hexamod:FourthSeal","hexamod:RecurringNightmare","hexamod:FlameSwitch","hexamod:FastForward+1","hexamod:StepThrough","hexamod:SecondSeal","hexamod:AdvancingGuard","hexamod:RadiantFlame","hexamod:ParanormalForm","hexamod:GhostOfSpireFuture","hexamod:EmpoweredFlame+1","hexamod:ThirdSeal","hexamod:SecondSeal","hexamod:EtherealExpedition","hexamod:SwordOfDarkness+1","hexamod:PhantomFireball","Pain","downfall:Bewildered","Writhe","Parasite","Injury","Clumsy","hexamod:HexaLevel","hexamod:TimeWarp","hexamod:FastForward","expansioncontent:YouAreMine","hexamod:Hexaguard+1"],"relics":["hexamod:IceCube","Letter Opener","Juzu Bracelet","Pandora\u0027s Box","Blue Candle","War Paint","Ice Cream","Runic Pyramid","Pear","InkBottle","Cursed Key","Strange Spoon"],"acts_visited":["Exordium","TheCity","TheBeyond"],"potions_floor_usage":[42,50,50,50,50,50,50,50],"damage_taken":[{"damage":0.0,"enemies":"Cultist","floor":2.0,"turns":4.0},{"damage":0.0,"enemies":"Jaw Worm","floor":3.0,"turns":4.0},{"damage":0.0,"enemies":"2 Louse","floor":4.0,"turns":2.0},{"damage":4.0,"enemies":"2 Fungi Beasts","floor":5.0,"turns":3.0},{"damage":0.0,"enemies":"Exordium Wildlife","floor":6.0,"turns":3.0},{"damage":0.0,"enemies":"Large Slime","floor":9.0,"turns":5.0},{"damage":0.0,"enemies":"downfall:FleeingMerchant","floor":10.0,"turns":4.0},{"damage":0.0,"enemies":"2 Fungi Beasts","floor":11.0,"turns":4.0},{"damage":4.0,"enemies":"Blue Slaver","floor":14.0,"turns":5.0},{"damage":9.0,"enemies":"Large Slime","floor":15.0,"turns":6.0},{"damage":50.0,"enemies":"WA_ARCHETYPE_RETAIN","floor":16.0,"turns":8.0},{"damage":0.0,"enemies":"Spheric Guardian","floor":19.0,"turns":4.0},{"damage":2.0,"enemies":"Centurion and Healer","floor":20.0,"turns":5.0},{"damage":15.0,"enemies":"Snecko","floor":23.0,"turns":5.0},{"damage":9.0,"enemies":"downfall:FleeingMerchant","floor":25.0,"turns":4.0},{"damage":0.0,"enemies":"Gremlin Leader","floor":26.0,"turns":7.0},{"damage":2.0,"enemies":"downfall:FleeingMerchant","floor":27.0,"turns":4.0},{"damage":7.0,"enemies":"Snake Plant","floor":29.0,"turns":3.0},{"damage":6.0,"enemies":"Book of Stabbing","floor":30.0,"turns":4.0},{"damage":5.0,"enemies":"Sentry and Sphere","floor":31.0,"turns":3.0},{"damage":6.0,"enemies":"3 Cultists","floor":32.0,"turns":6.0},{"damage":41.0,"enemies":"DF_ARCHETYPE_CLAW","floor":33.0,"turns":6.0},{"damage":2.0,"enemies":"3 Shapes","floor":36.0,"turns":4.0},{"damage":27.0,"enemies":"3 Darklings","floor":37.0,"turns":4.0},{"damage":18.0,"enemies":"Jaw Worm Horde","floor":39.0,"turns":6.0},{"damage":0,"enemies":"downfall:FleeingMerchant","floor":40,"turns":1},{"damage":21,"enemies":"Writhing Mass","floor":42,"turns":3},{"damage":5,"enemies":"3 Darklings","floor":46,"turns":7},{"damage":4,"enemies":"Maw","floor":49,"turns":7},{"damage":9,"enemies":"IC_BLOCK_ARCHETYPE","floor":50,"turns":7}],"seed_played":"2642469829411952470","potions_obtained":[{"floor":3.0,"key":"Block Potion"},{"floor":4.0,"key":"bronze:BurnAndBuffPotion"},{"floor":5.0,"key":"Fruit Juice"},{"floor":5.0,"key":"SteroidPotion"},{"floor":6.0,"key":"SpeedPotion"},{"floor":9.0,"key":"Fire Potion"},{"floor":10.0,"key":"Fruit Juice"},{"floor":11.0,"key":"PowerPotion"},{"floor":14.0,"key":"PowerPotion"},{"floor":15.0,"key":"Swift Potion"},{"floor":15.0,"key":"hexamod:InfernoChargePotion"},{"floor":16.0,"key":"hexamod:DoubleChargePotion"},{"floor":19.0,"key":"LiquidMemories"},{"floor":20.0,"key":"DuplicationPotion"},{"floor":22.0,"key":"CultistPotion"},{"floor":23.0,"key":"AttackPotion"},{"floor":25.0,"key":"EntropicBrew"},{"floor":25.0,"key":"AttackPotion"},{"floor":26.0,"key":"SkillPotion"},{"floor":26.0,"key":"EntropicBrew"},{"floor":27.0,"key":"Swift Potion"},{"floor":27.0,"key":"hexamod:DoubleChargePotion"},{"floor":29.0,"key":"EntropicBrew"},{"floor":30.0,"key":"Slimebound:ThreeZeroPotion"},{"floor":31.0,"key":"Energy Potion"},{"floor":31.0,"key":"PowerPotion"},{"floor":32.0,"key":"DuplicationPotion"},{"floor":32.0,"key":"Swift Potion"},{"floor":33.0,"key":"Regen Potion"},{"floor":33.0,"key":"LiquidBronze"},{"floor":33.0,"key":"EssenceOfSteel"},{"floor":36.0,"key":"hexamod:DoubleChargePotion"},{"floor":37.0,"key":"LiquidMemories"},{"floor":39.0,"key":"EntropicBrew"},{"floor":39.0,"key":"SmokeBomb"},{"floor":42,"key":"Strength Potion"},{"floor":42,"key":"PowerPotion"},{"floor":46,"key":"EntropicBrew"}],"is_trial":false,"path_per_floor":["R","M","M","M","M","M","T","?","M","$","M","?","R","M","M","B",null,"R","M","M","?","?","M","T","$","E","$","R","M","E","M","M","B",null,"R","M","M","?","M","$","T","M","R","?","$","M","R","?","M","B",null],"character_chosen":"THE_SPIRIT","items_purchased":["Juzu Bracelet","hexamod:StepThrough","hexamod:SecondSeal","hexamod:AdvancingGuard","Pear","Slimebound:ThreeZeroPotion","hexamod:PhantomFireball","Strange Spoon","hexamod:TimeWarp"],"campfire_rested":2,"item_purchase_floors":[10,27,27,27,40,40,40,45,45],"current_hp_per_floor":[70,70,70,70,71,71,71,71,75,80,80,80,80,80,78,35,80,80,80,80,80,80,72,72,70,70,75,75,75,76,78,79,38,80,80,78,67,67,56,66,66,45,72,77,77,79,95,95,95,93],"gold":114,"neow_bonus":"BOSS_RELIC","is_daily":false,"chose_seed":false,"campfire_upgraded":5,"win_rate":0.0,"timestamp":1611026312,"path_taken":["R","M","M","M","M","?","T","?","M","?","M","?","R","M","M","BOSS","R","M","M","?","?","M","T","$","E","$","R","M","E","M","M","BOSS","R","M","M","?","M","$","T","M","R","?","$","M","R","?","M","BOSS"],"items_purchased_type":["Relic","Card","Card","Card","Relic","Potion","Card","Relic","Card"],"build_version":"2020-12-22","purchased_purges":2,"victory":true,"max_hp_per_floor":[70,70,70,70,75,75,75,75,75,80,80,80,80,80,80,80,80,80,80,80,80,80,80,80,80,80,80,80,80,80,80,80,80,80,80,80,80,80,80,90,90,90,90,95,95,95,95,95,95,95],"card_choices":[{"not_picked":["hexamod:Firestarter","hexamod:ChargedBarrage"],"picked":"hexamod:SpectersWail","floor":2.0},{"not_picked":["hexamod:GhostShield","hexamod:BurningTouch"],"picked":"hexamod:ShieldOfDarkness","floor":3.0},{"not_picked":["hexamod:ShieldOfDarkness","hexamod:FastForward"],"picked":"hexamod:FourthSeal","floor":4.0},{"not_picked":["hexamod:RetreatToShadows","hexamod:BacktrackSmack"],"picked":"hexamod:HeatShield","floor":5.0},{"not_picked":["hexamod:InspiringFlames","hexamod:HauntingEcho"],"picked":"hexamod:Hexaguard","floor":6.0},{"not_picked":["hexamod:ThermalTransfer","hexamod:GhostLash"],"picked":"hexamod:BurningTouch","floor":9.0},{"not_picked":["hexamod:ShieldOfDarkness","hexamod:Firestarter"],"picked":"hexamod:Again","floor":10.0},{"not_picked":["hexamod:DynamicBlow","hexamod:RetreatToShadows"],"picked":"hexamod:ExtraCrispy","floor":11.0},{"not_picked":["hexamod:BacktrackSmack","hexamod:Again"],"picked":"hexamod:RecurringNightmare","floor":14.0},{"not_picked":["hexamod:Rewind","hexamod:SecondSeal"],"picked":"hexamod:NecessarySacrifice","floor":15.0},{"not_picked":["hexamod:TimeOfNeed","hexamod:FlameSwitch"],"picked":"hexamod:ForkedFlame","floor":16.0},{"not_picked":["hexamod:SkipABeat","hexamod:ShieldOfDarkness"],"picked":"hexamod:HeatShield+1","floor":19.0},{"not_picked":["hexamod:BurningTouch","hexamod:NightmareStrike","hexamod:HeatCrush+1"],"picked":"SKIP","floor":20.0},{"not_picked":["hexamod:GhostLash","hexamod:GhostflameBarrier"],"picked":"hexamod:FourthSeal","floor":23.0},{"not_picked":["hexamod:Firestarter","hexamod:SwordOfDarkness+1"],"picked":"hexamod:RecurringNightmare","floor":25.0},{"not_picked":["hexamod:EtherealExpedition+1","hexamod:SwordOfDarkness"],"picked":"hexamod:FlameSwitch","floor":26.0},{"not_picked":["hexamod:NightmareGuise+1","hexamod:ShieldOfDarkness"],"picked":"hexamod:FastForward+1","floor":27.0},{"not_picked":["hexamod:GhostLash+1","hexamod:SecondSeal"],"picked":"hexamod:RadiantFlame","floor":29.0},{"not_picked":["hexamod:InspiringFlames","hexamod:HeatMetal","hexamod:ThermalTransfer"],"picked":"SKIP","floor":30.0},{"not_picked":["hexamod:BurningTouch","hexamod:HauntingEcho+1","hexamod:RecurringNightmare"],"picked":"SKIP","floor":31.0},{"not_picked":["hexamod:HauntingEcho+1","hexamod:AdvancingGuard","hexamod:InspiringFlames"],"picked":"SKIP","floor":32.0},{"not_picked":["hexamod:WildfireWeapon","hexamod:TurnItUp"],"picked":"hexamod:ParanormalForm","floor":33.0},{"not_picked":["hexamod:GhostShield","hexamod:NightmareStrike+1"],"picked":"hexamod:GhostOfSpireFuture","floor":36.0},{"not_picked":["hexamod:HeatMetal","hexamod:NightmareStrike"],"picked":"hexamod:EmpoweredFlame+1","floor":37.0},{"not_picked":["hexamod:SpectersWail+1","hexamod:ThermalTransfer+1"],"picked":"hexamod:EtherealExpedition","floor":39.0},{"not_picked":["hexamod:RetreatToShadows+1","hexamod:GhostLash"],"picked":"hexamod:SwordOfDarkness+1","floor":39.0},{"not_picked":["hexamod:Again","hexamod:Firestarter+1","hexamod:SwordOfDarkness"],"picked":"SKIP","floor":40},{"not_picked":["hexamod:Incineration","hexamod:SwordOfDarkness","hexamod:GhostShield"],"picked":"SKIP","floor":42},{"not_picked":["hexamod:ThermalTransfer+1","hexamod:HauntingEcho"],"picked":"hexamod:FastForward","floor":46},{"not_picked":["expansioncontent:LastStand","expansioncontent:Chronoboost"],"picked":"expansioncontent:YouAreMine","floor":48},{"not_picked":["hexamod:TimeWarp","hexamod:HeatCrush"],"picked":"hexamod:Hexaguard+1","floor":49},{"not_picked":["hexamod:SwordOfDarkness+1","hexamod:SpectersWail+1","hexamod:DynamicBlow"],"picked":"SKIP","floor":49}],"player_experience":1528967,"relics_obtained":[{"floor":7.0,"key":"Letter Opener"},{"floor":24.0,"key":"Blue Candle"},{"floor":26.0,"key":"War Paint"},{"floor":30.0,"key":"Ice Cream"},{"floor":41,"key":"InkBottle"}],"event_choices":[{"damage_healed":0.0,"max_hp_gain":0.0,"max_hp_loss":0.0,"gold_gain":0.0,"cards_transformed":["hexamod:Sear","hexamod:Again"],"event_name":"Drug Dealer","player_choice":"Became Test Subject","floor":21.0,"gold_loss":0.0,"damage_taken":0.0,"cards_obtained":["hexamod:StepThrough","hexamod:SearingWound"]}],"is_beta":false,"boss_relics":[{"not_picked":["SlaversCollar","Tiny House"],"picked":"Pandora\u0027s Box"},{"not_picked":["Philosopher\u0027s Stone","SacredBark"],"picked":"Runic Pyramid"}],"items_purged_floors":[25,45],"is_endless":false,"potions_floor_spawned":[3,4,5,9,11,14,15,23,26,29,31,32,33,36,42,46,49],"ascension_level":0}}