{"host":"ss2ocoam53r2lno0","time":1611075544,"event":{"mods":["Act Like it!","BaseMod","ChefMod","Clockwork Mod","Colored Powertips","Curses Come First","Displayed Cursed Tome","Downfall","Evolution","Googly Eyes","Hallownest","Highlight Path","Minty Spire (QoL Compilation)","Poor People Problems","Rare Cards Sparkle","Robot Space Explorer","Shade Mod","Shop Mod","Spicy Shops","StSLib","The Marked"],"gold_per_floor":[117,217,231,247,247,247,172,187,187,199,210,210,243,299,299,376,376,356,356,107,107,117,144,144,176,262,62,95,95,112,127,127,206,206,221,236,256,256,274,300,319,353,353,353,370,400,400,435,435,435],"floor_reached":51,"language":"ENG","playtime":4729,"items_purged":["Clockwork:SnapKeep","Clockwork:Strike","Clockwork:Shield"],"score":1845,"play_id":"75a688fa-07e8-480f-856c-890e515b7f08","local_time":"20210119175904","is_ascension_mode":true,"campfire_choices":[{"data":"Clockwork:Tinker","floor":6.0,"key":"SMITH"},{"data":"Clockwork:ChargingShield","floor":12.0,"key":"SMITH"},{"floor":15.0,"key":"REST"},{"floor":24.0,"key":"REST"},{"floor":32.0,"key":"REST"},{"data":"Clockwork:SnapKeep","floor":47,"key":"PURGE"},{"data":"Clockwork:WarmUp","floor":49,"key":"SMITH"}],"circlet_count":0,"master_deck":["AscendersBane","Clockwork:SnapKeep+1","Clockwork:Tinker+1","Clockwork:WarmUp+1","Clockwork:ChargingShield+1","Clockwork:Efficiency","Clockwork:Clone+1"],"relics":["Clockwork:MomentumEngine","EVO:Axolotl","NeowsBlessing","Bird Faced Urn","Gambling Chip","Pocketwatch","FossilizedHelix","Juzu Bracelet","Mercury Hourglass","MerchantsRug","Bottled Flame","Question Card","Peace Pipe","Torii","Centennial Puzzle","Clockwork:BreathingRoom"],"acts_visited":["Exordium","TheCity","TheBeyond"],"potions_floor_usage":[],"damage_taken":[{"damage":0.0,"enemies":"2 Louse","floor":1.0,"turns":10.0},{"damage":0.0,"enemies":"Cultist","floor":3.0,"turns":2.0},{"damage":0.0,"enemies":"Jaw Worm","floor":4.0,"turns":8.0},{"damage":0.0,"enemies":"Lots of Slimes","floor":8.0,"turns":8.0},{"damage":0.0,"enemies":"Large Slime","floor":10.0,"turns":16.0},{"damage":3.0,"enemies":"Blue Slaver","floor":11.0,"turns":7.0},{"damage":7.0,"enemies":"3 Sentries","floor":13.0,"turns":23.0},{"damage":14.0,"enemies":"Gremlin Nob","floor":14.0,"turns":7.0},{"damage":17.0,"enemies":"Slime Boss","floor":16.0,"turns":31.0},{"damage":7.0,"enemies":"2 Thieves","floor":18.0,"turns":4.0},{"damage":4.0,"enemies":"3 Byrds","floor":22.0,"turns":7.0},{"damage":14.0,"enemies":"Slavers","floor":23.0,"turns":14.0},{"damage":0.0,"enemies":"Book of Stabbing","floor":25.0,"turns":5.0},{"damage":14.0,"enemies":"Gremlin Leader","floor":28.0,"turns":5.0},{"damage":0.0,"enemies":"Snecko","floor":30.0,"turns":5.0},{"damage":0.0,"enemies":"Shelled Parasite and Fungi","floor":31.0,"turns":7.0},{"damage":0.0,"enemies":"Collector","floor":33.0,"turns":6.0},{"damage":0.0,"enemies":"3 Darklings","floor":35.0,"turns":7.0},{"damage":0.0,"enemies":"3 Shapes","floor":36.0,"turns":4.0},{"damage":0.0,"enemies":"Writhing Mass","floor":37.0,"turns":9.0},{"damage":0.0,"enemies":"Sphere and 2 Shapes","floor":39.0,"turns":7.0},{"damage":0,"enemies":"Nemesis","floor":40,"turns":15},{"damage":0,"enemies":"Transient","floor":41,"turns":5},{"damage":0,"enemies":"Reptomancer","floor":42,"turns":10},{"damage":0,"enemies":"Writhing Mass","floor":45,"turns":4},{"damage":0,"enemies":"Nemesis","floor":46,"turns":3},{"damage":0,"enemies":"Giant Head","floor":48,"turns":2},{"damage":0,"enemies":"Time Eater","floor":50,"turns":6}],"seed_played":"-931370481943679734","potions_obtained":[{"floor":3.0,"key":"Explosive Potion"},{"floor":11.0,"key":"Block Potion"},{"floor":13.0,"key":"Ancient Potion"},{"floor":16.0,"key":"bronze:BurnAndBuffPotion"},{"floor":28.0,"key":"DistilledChaos"},{"floor":39.0,"key":"Fire Potion"}],"is_trial":false,"path_per_floor":["M","?","M","M","?","R","$","M","T","M","M","R","E","?","R","B",null,"M","?","$","?","M","E","R","E","T","$","E","?","M","M","R","B",null,"M","M","M","?","M","E","M","E","T","?","M","E","R","E","R","B",null],"character_chosen":"CLOCKWORK","items_purchased":["FossilizedHelix","MerchantsRug"],"campfire_rested":3,"item_purchase_floors":[20,27],"current_hp_per_floor":[77,77,77,77,77,77,77,77,77,77,74,74,67,53,78,61,79,72,72,72,72,68,54,79,79,79,79,65,65,65,65,85,85,85,85,85,85,85,85,85,85,85,85,85,85,85,85,85,85,85],"gold":435,"neow_bonus":"THREE_ENEMY_KILL","is_daily":false,"chose_seed":false,"campfire_upgraded":3,"win_rate":0.0,"timestamp":1611075544,"path_taken":["M","?","M","?","?","R","$","?","T","M","M","R","E","?","R","BOSS","M","?","$","?","M","E","R","E","T","$","E","?","M","M","R","BOSS","M","M","M","?","M","E","M","E","T","?","M","E","R","E","R","BOSS"],"items_purchased_type":["Relic","Relic"],"build_version":"2020-12-22","purchased_purges":3,"victory":true,"max_hp_per_floor":[85,85,85,85,85,85,85,85,85,85,85,85,85,85,85,85,85,85,85,85,85,85,85,85,85,85,85,85,85,85,85,85,85,85,85,85,85,85,85,85,85,85,85,85,85,85,85,85,85,85],"card_choices":[{"not_picked":["Clockwork:Enhance","Clockwork:ChargingBlade","Clockwork:AdaptiveCannon"],"picked":"SKIP","floor":1.0},{"not_picked":["Clockwork:Redundancy","Clockwork:SystemHardening","Clockwork:CogShield"],"picked":"SKIP","floor":3.0},{"not_picked":["Clockwork:MechanicalMass","Clockwork:ForgeStrike","Clockwork:Minimalism"],"picked":"SKIP","floor":4.0},{"not_picked":["Clockwork:Enhance","Clockwork:PerfectedShield"],"picked":"Clockwork:ChargingShield","floor":8.0},{"not_picked":["Clockwork:SnapKeep","Clockwork:AdaptiveCannon","Clockwork:ForgeStrike"],"picked":"SKIP","floor":10.0},{"not_picked":["Clockwork:CraftQuicksilverHourglass","Clockwork:MechanicalBulk","Clockwork:Friction"],"picked":"SKIP","floor":11.0},{"not_picked":["Clockwork:ForgeStrike","Clockwork:CraftBloodPhial","Clockwork:Improve"],"picked":"SKIP","floor":13.0},{"not_picked":["Clockwork:HoardingStrike","Clockwork:Enhance+1","Clockwork:SnapKeep"],"picked":"SKIP","floor":18.0},{"not_picked":["Clockwork:Minimalism","Clockwork:Improve"],"picked":"Clockwork:Efficiency","floor":22.0},{"not_picked":["Clockwork:KaliMa","Clockwork:ForgeStrike+1","Clockwork:SmithsMallet+1"],"picked":"SKIP","floor":23.0},{"not_picked":["Clockwork:Redundancy","Clockwork:Minimalism","Clockwork:Pluck"],"picked":"SKIP","floor":25.0},{"not_picked":["Clockwork:Enhance","Clockwork:CraftSomewhatSmoothStone","Clockwork:DefectiveParts"],"picked":"SKIP","floor":28.0},{"not_picked":["Clockwork:TestingEnvironment","Clockwork:Enhance","Clockwork:SearchingStrike"],"picked":"SKIP","floor":30.0},{"not_picked":["Clockwork:CraftCopperScales","Clockwork:CogToss","Clockwork:ForgeStrike"],"picked":"SKIP","floor":31.0},{"not_picked":["Clockwork:CraftCopperScales+1","Clockwork:ReserveSystems","Clockwork:TestingEnvironment+1"],"picked":"SKIP","floor":35.0},{"not_picked":["Clockwork:ChargingBlade","Clockwork:AssemblyLine","Clockwork:QuantumStrike"],"picked":"SKIP","floor":36.0},{"not_picked":["Clockwork:CogBarrier","Clockwork:SpurOn+1","Clockwork:Enhance+1"],"picked":"SKIP","floor":37.0},{"not_picked":["Clockwork:QuantumStrike","Clockwork:SystemScan","Clockwork:SearchingStrike+1"],"picked":"SKIP","floor":39.0},{"not_picked":["Clockwork:CogShield+1","Clockwork:KaliMa"],"picked":"Clockwork:Downsize","floor":40},{"not_picked":["Clockwork:SearchingStrike","Clockwork:AdaptiveCannon+1","Clockwork:SystemScan","Clockwork:AssemblyLine"],"picked":"SKIP","floor":41},{"not_picked":["Clockwork:CogToss","Clockwork:Minimalism+1","Clockwork:Redundancy+1","Clockwork:Roundhouse"],"picked":"SKIP","floor":42},{"not_picked":["Clockwork:ChargingShield","Clockwork:SmithsMallet","Clockwork:ForgeStrike+1","Clockwork:SystemHardening"],"picked":"SKIP","floor":45},{"not_picked":["Clockwork:ForgeStrike","Clockwork:FalseStart+1","Clockwork:Improve"],"picked":"Clockwork:Clone+1","floor":46},{"not_picked":["Clockwork:Pluck","Clockwork:AdaptiveCannon","Clockwork:SystemHardening","Clockwork:Improve"],"picked":"SKIP","floor":48}],"player_experience":798124,"relics_obtained":[{"floor":9.0,"key":"Bird Faced Urn"},{"floor":13.0,"key":"Gambling Chip"},{"floor":23.0,"key":"Juzu Bracelet"},{"floor":25.0,"key":"MawBank"},{"floor":26.0,"key":"Mercury Hourglass"},{"floor":28.0,"key":"Bottled Flame"},{"floor":40,"key":"Question Card"},{"floor":42,"key":"Peace Pipe"},{"floor":43,"key":"Torii"},{"floor":46,"key":"Centennial Puzzle"},{"floor":48,"key":"Clockwork:BreathingRoom"}],"event_choices":[{"damage_healed":0.0,"max_hp_gain":0.0,"max_hp_loss":0.0,"gold_gain":100.0,"event_name":"Golden Shrine","player_choice":"Pray","floor":2.0,"gold_loss":0.0,"damage_taken":0.0},{"damage_healed":0.0,"max_hp_gain":0.0,"max_hp_loss":0.0,"gold_gain":0.0,"event_name":"Upgrade Shrine","player_choice":"Upgraded","floor":5.0,"gold_loss":0.0,"damage_taken":0.0,"cards_upgraded":["Clockwork:SnapKeep"]},{"damage_healed":0.0,"max_hp_gain":0.0,"max_hp_loss":0.0,"gold_gain":0.0,"event_name":"Dead Adventurer","player_choice":"Searched \u00273\u0027 times","floor":14.0,"gold_loss":0.0,"damage_taken":0.0,"relics_obtained":["Pocketwatch"]},{"damage_healed":0.0,"max_hp_gain":0.0,"max_hp_loss":0.0,"gold_gain":0.0,"event_name":"The Mausoleum","player_choice":"Ignored","floor":21.0,"gold_loss":0.0,"damage_taken":0.0},{"damage_healed":0.0,"max_hp_gain":0.0,"max_hp_loss":0.0,"gold_gain":0.0,"event_name":"Duplicator","player_choice":"Copied","floor":29.0,"gold_loss":0.0,"damage_taken":0.0,"cards_obtained":["Clockwork:ChargingShield"]},{"cards_removed":["Clockwork:ChargingShield"],"damage_healed":0.0,"max_hp_gain":0.0,"max_hp_loss":0.0,"gold_gain":0.0,"event_name":"Falling","player_choice":"Removed Skill","floor":38.0,"gold_loss":0.0,"damage_taken":0.0},{"damage_healed":0,"gold_gain":0,"player_choice":"Ignored","damage_taken":0,"max_hp_gain":0,"max_hp_loss":0,"event_name":"Purifier","floor":44,"gold_loss":0}],"is_beta":false,"boss_relics":[{"not_picked":["Calling Bell","Pandora\u0027s Box","expansioncontent:StudyCardRelic"]},{"not_picked":["Cursed Key","Astrolabe","Snecko Eye"]}],"items_purged_floors":[7,20,27],"is_endless":false,"potions_floor_spawned":[3,11,13,16,23,25,28,33,37,39,40,42,45,46],"ascension_level":13}}