{"host":"yvb207ks1sg3cxef","time":1611053432,"event":{"mods":["2.2 Compatiblity","BaseMod","Bestiary","Colored Powertips","Minty Spire (QoL Compilation)","Permanent Neow","Quick Restart","Relic Stats","StSLib"],"gold_per_floor":[32,64,102,119,119,119,166,166,166,257,296,353,353,436,436,536,536,553,652,652,741,741,741,759,759,784,784,851,913,956,62,62,164,164,200,200,120,139,207,207,267,267,344,254,293,347,415,446,446,446,446],"floor_reached":50,"language":"ENG","playtime":3449,"items_purged":["Strike_P","Strike_P"],"score":980,"play_id":"0238af87-9f7c-47b1-8959-3cbf9b5eedf5","local_time":"20210119162032","is_ascension_mode":true,"campfire_choices":[{"data":"Eruption","floor":6.0,"key":"SMITH"},{"data":"Study","floor":8.0,"key":"SMITH"},{"data":"WindmillStrike","floor":15.0,"key":"SMITH"},{"floor":23.0,"key":"REST"},{"floor":25.0,"key":"REST"},{"data":"Devotion","floor":32.0,"key":"SMITH"},{"data":"SpiritShield","floor":40.0,"key":"SMITH"},{"data":"InnerPeace","floor":42.0,"key":"SMITH"},{"floor":49.0,"key":"RECALL"}],"circlet_count":0,"master_deck":["AscendersBane","Defend_P+1","Defend_P","Defend_P","Defend_P","Eruption+1","Vigilance","HandOfGreed+1","Evaluate","Study+1","Prostrate","Protect","WindmillStrike+1","Sanctity","CrushJoints+1","EmptyFist","MasterReality","Wallop","Consecrate+1","Devotion+1","TalkToTheHand+1","MentalFortress","SpiritShield+1","WaveOfTheHand+1","InnerPeace+1","InnerPeace","Tantrum","Vault","Wallop"],"relics":["HolyWater","Whetstone","Centennial Puzzle","Pantograph","The Courier","Enchiridion","Pear","Anchor","Meat on the Bone","Turnip","Mercury Hourglass","Happy Flower","Question Card","VioletLotus","Bronze Scales","GoldenEye","Regal Pillow"],"acts_visited":["Exordium","TheCity","TheBeyond"],"potions_floor_usage":[50],"damage_taken":[{"damage":0.0,"enemies":"Cultist","floor":1.0,"turns":2.0},{"damage":4.0,"enemies":"Jaw Worm","floor":2.0,"turns":7.0},{"damage":0.0,"enemies":"2 Louse","floor":3.0,"turns":3.0},{"damage":8.0,"enemies":"Looter","floor":4.0,"turns":5.0},{"damage":3.0,"enemies":"Lagavulin","floor":7.0,"turns":7.0},{"damage":0.0,"enemies":"3 Louse","floor":10.0,"turns":7.0},{"damage":0.0,"enemies":"Blue Slaver","floor":11.0,"turns":10.0},{"damage":6.0,"enemies":"Gremlin Nob","floor":12.0,"turns":3.0},{"damage":3.0,"enemies":"3 Sentries","floor":14.0,"turns":12.0},{"damage":18.0,"enemies":"The Guardian","floor":16.0,"turns":14.0},{"damage":0.0,"enemies":"Spheric Guardian","floor":18.0,"turns":3.0},{"damage":41.0,"enemies":"3 Byrds","floor":21.0,"turns":12.0},{"damage":27.0,"enemies":"Snake Plant","floor":24.0,"turns":5.0},{"damage":0.0,"enemies":"3 Cultists","floor":28.0,"turns":6.0},{"damage":4.0,"enemies":"Centurion and Healer","floor":29.0,"turns":7.0},{"damage":11.0,"enemies":"Snake Plant","floor":30.0,"turns":5.0},{"damage":16.0,"enemies":"Collector","floor":33.0,"turns":11.0},{"damage":4.0,"enemies":"3 Shapes","floor":35.0,"turns":5.0},{"damage":9.0,"enemies":"3 Darklings","floor":38.0,"turns":8.0},{"damage":2.0,"enemies":"Sphere and 2 Shapes","floor":39.0,"turns":7.0},{"damage":18.0,"enemies":"Giant Head","floor":41.0,"turns":7.0},{"damage":0.0,"enemies":"Maw","floor":45.0,"turns":9.0},{"damage":4.0,"enemies":"Reptomancer","floor":46.0,"turns":7.0},{"damage":3.0,"enemies":"Jaw Worm Horde","floor":47.0,"turns":6.0},{"damage":6.0,"enemies":"Nemesis","floor":48.0,"turns":9.0},{"damage":85,"enemies":"Donu and Deca","floor":50,"turns":8}],"seed_played":"-5140950542436761275","potions_obtained":[{"floor":1.0,"key":"FairyPotion"},{"floor":3.0,"key":"PowerPotion"},{"floor":10.0,"key":"Ambrosia"},{"floor":14.0,"key":"BottledMiracle"},{"floor":16.0,"key":"ColorlessPotion"},{"floor":21.0,"key":"BlessingOfTheForge"},{"floor":28.0,"key":"Energy Potion"},{"floor":33.0,"key":"DuplicationPotion"},{"floor":35.0,"key":"LiquidBronze"},{"floor":41.0,"key":"BottledMiracle"},{"floor":45.0,"key":"DistilledChaos"},{"floor":47.0,"key":"FearPotion"},{"floor":48.0,"key":"DuplicationPotion"}],"is_trial":false,"path_per_floor":["M","M","M","M","?","R","E","R","T","M","M","E","?","E","R","B",null,"M","?","?","M","?","R","M","R","T","T","M","M","M","$","R","B",null,"M","?","$","M","M","R","E","R","T","?","M","E","M","E","R","B"],"character_chosen":"WATCHER","items_purchased":["Turnip","Mercury Hourglass","Happy Flower","Question Card","Dexterity Potion","MentalFortress"],"campfire_rested":2,"item_purchase_floors":[31,31,31,31,31,31],"current_hp_per_floor":[65,61,61,53,46,46,43,43,43,43,43,37,23,20,20,27,61,61,61,45,4,14,38,11,35,35,35,47,43,44,44,44,53,75,71,71,71,62,60,60,42,42,42,42,42,50,47,53,53,0,0],"gold":446,"neow_bonus":"RANDOM_COLORLESS_2","is_daily":false,"chose_seed":false,"campfire_upgraded":6,"win_rate":0.0,"timestamp":1611053432,"path_taken":["M","M","?","M","?","R","E","R","T","M","M","E","?","E","R","BOSS","M","?","?","M","?","R","M","R","T","?","?","M","M","$","R","BOSS","M","?","?","M","M","R","E","R","T","?","?","E","M","E","R","BOSS"],"items_purchased_type":["Relic","Relic","Relic","Relic","Potion","Card"],"build_version":"2020-12-22","purchased_purges":2,"victory":false,"max_hp_per_floor":[72,72,72,72,72,72,72,72,72,72,72,72,72,72,72,72,72,72,72,72,72,82,82,82,82,82,82,82,82,82,82,82,82,82,82,82,82,82,82,82,82,82,82,82,82,82,82,82,82,82,82],"relic_stats":{"Regal Pillow":0,"Happy Flower":[25],"counters":[26,185],"Whetstone":["Strike_P","HandOfGreed"],"Question Card":10,"GoldenEye":[0],"Mercury Hourglass":[312],"Centennial Puzzle":[48],"Pantograph":75,"Bronze Scales":[102],"Turnip":[11],"VioletLotus":[27],"obtain_stats":[{"Regal Pillow":48,"Pear":22,"Happy Flower":31,"Enchiridion":20,"The Courier":14,"Whetstone":7,"Question Card":31,"GoldenEye":46,"Mercury Hourglass":31,"Centennial Puzzle":9,"Anchor":26,"Pantograph":12,"Bronze Scales":41,"HolyWater":17,"Turnip":31,"VioletLotus":34,"PureWater":0,"Meat on the Bone":27},{"Regal Pillow":25,"Pear":12,"Happy Flower":16,"Enchiridion":11,"The Courier":9,"Whetstone":5,"Question Card":16,"GoldenEye":23,"Mercury Hourglass":16,"Centennial Puzzle":5,"Anchor":13,"Pantograph":8,"Bronze Scales":21,"HolyWater":10,"Turnip":16,"VioletLotus":17,"PureWater":0,"Meat on the Bone":13},{"Regal Pillow":177,"Pear":85,"Happy Flower":108,"Enchiridion":73,"The Courier":56,"Whetstone":24,"Question Card":108,"GoldenEye":162,"Mercury Hourglass":108,"Centennial Puzzle":24,"Anchor":90,"Pantograph":44,"Bronze Scales":146,"HolyWater":70,"Turnip":108,"VioletLotus":119,"PureWater":0,"Meat on the Bone":90}],"Meat on the Bone":48},"card_choices":[{"not_picked":["Sadistic Nature","Apotheosis"],"picked":"HandOfGreed","floor":0.0},{"not_picked":["WaveOfTheHand","CutThroughFate"],"picked":"Evaluate","floor":1.0},{"not_picked":["FlyingSleeves","CrushJoints"],"picked":"Study","floor":2.0},{"not_picked":["BowlingBash","FlyingSleeves"],"picked":"Prostrate","floor":3.0},{"not_picked":["Worship","Evaluate","Weave"],"picked":"SKIP","floor":4.0},{"not_picked":["MentalFortress","FlyingSleeves"],"picked":"Protect","floor":7.0},{"not_picked":["ReachHeaven","Consecrate"],"picked":"WindmillStrike","floor":10.0},{"not_picked":["WheelKick","SashWhip"],"picked":"Sanctity","floor":11.0},{"not_picked":["Crescendo","ClearTheMind"],"picked":"CrushJoints","floor":12.0},{"not_picked":["Omniscience","Protect"],"picked":"EmptyFist","floor":14.0},{"not_picked":["DevaForm","Wish"],"picked":"MasterReality","floor":16.0},{"not_picked":["BowlingBash","Nirvana+1"],"picked":"Wallop","floor":18.0},{"not_picked":["Study","Protect"],"picked":"Consecrate+1","floor":21.0},{"not_picked":["InnerPeace","JustLucky","BattleHymn+1"],"picked":"SKIP","floor":24.0},{"not_picked":["EmptyBody+1","ClearTheMind"],"picked":"Devotion","floor":28.0},{"not_picked":["BattleHymn","Fasting2","Conclude"],"picked":"SKIP","floor":29.0},{"not_picked":["BowlingBash+1","ThirdEye"],"picked":"TalkToTheHand","floor":30.0},{"not_picked":["Judgement","MasterReality","LessonLearned"],"picked":"SpiritShield","floor":33.0},{"not_picked":["Indignation+1","Worship","PathToVictory+1"],"picked":"WaveOfTheHand+1","floor":35.0},{"not_picked":["PathToVictory","Protect","BowlingBash"],"picked":"InnerPeace","floor":38.0},{"not_picked":["ReachHeaven+1","Consecrate","FollowUp","PathToVictory+1"],"picked":"SKIP","floor":39.0},{"not_picked":["WaveOfTheHand","Consecrate","Swivel"],"picked":"InnerPeace","floor":41.0},{"not_picked":["FearNoEvil","ClearTheMind","FollowUp"],"picked":"Tantrum","floor":45.0},{"not_picked":["EmptyFist","Nirvana","FlurryOfBlows"],"picked":"Vault","floor":46.0},{"not_picked":["Evaluate","ClearTheMind","ThirdEye","CutThroughFate"],"picked":"SKIP","floor":47.0},{"not_picked":["Halt+1","Consecrate","ThirdEye"],"picked":"Wallop","floor":48.0}],"player_experience":394923,"relics_obtained":[{"floor":7.0,"key":"Whetstone"},{"floor":9.0,"key":"Centennial Puzzle"},{"floor":12.0,"key":"Pantograph"},{"floor":14.0,"key":"The Courier"},{"floor":20.0,"key":"Enchiridion"},{"floor":26.0,"key":"Anchor"},{"floor":27.0,"key":"Meat on the Bone"},{"floor":41.0,"key":"Bronze Scales"},{"floor":46.0,"key":"GoldenEye"},{"floor":48.0,"key":"Regal Pillow"}],"event_choices":[{"cards_removed":["Strike_P"],"damage_healed":0.0,"max_hp_gain":0.0,"max_hp_loss":0.0,"gold_gain":0.0,"event_name":"Golden Wing","player_choice":"Card Removal","floor":5.0,"gold_loss":0.0,"damage_taken":7.0},{"damage_healed":0.0,"max_hp_gain":0.0,"max_hp_loss":0.0,"gold_gain":0.0,"event_name":"Shining Light","player_choice":"Entered Light","floor":13.0,"gold_loss":0.0,"damage_taken":14.0,"cards_upgraded":["CrushJoints","Defend_P"]},{"damage_healed":0.0,"max_hp_gain":0.0,"max_hp_loss":0.0,"gold_gain":99.0,"event_name":"Nest","player_choice":"Stole From Cult","floor":19.0,"gold_loss":0.0,"damage_taken":0.0},{"damage_healed":0.0,"max_hp_gain":0.0,"max_hp_loss":0.0,"gold_gain":0.0,"event_name":"Cursed Tome","player_choice":"Obtained Book","floor":20.0,"gold_loss":0.0,"damage_taken":16.0},{"damage_healed":0.0,"max_hp_gain":0.0,"max_hp_loss":0.0,"gold_gain":0.0,"event_name":"The Mausoleum","player_choice":"Opened","floor":22.0,"gold_loss":0.0,"damage_taken":0.0,"relics_obtained":["Pear"],"cards_obtained":["Writhe"]},{"cards_removed":["Writhe"],"damage_healed":0.0,"max_hp_gain":0.0,"max_hp_loss":0.0,"gold_gain":0.0,"event_name":"Purifier","player_choice":"Purged","floor":36.0,"gold_loss":0.0,"damage_taken":0.0},{"cards_removed":["Strike_P"],"damage_healed":0.0,"max_hp_gain":0.0,"max_hp_loss":0.0,"gold_gain":0.0,"event_name":"Designer","player_choice":"Upgrade and Remove","floor":44.0,"gold_loss":90.0,"damage_taken":0.0,"cards_upgraded":["TalkToTheHand"]}],"is_beta":false,"boss_relics":[{"not_picked":["Philosopher\u0027s Stone","Pandora\u0027s Box"],"picked":"HolyWater"},{"not_picked":["Coffee Dripper","Runic Dome"],"picked":"VioletLotus"}],"items_purged_floors":[31,37],"is_endless":false,"potions_floor_spawned":[1,3,10,14,16,21,28,33,35,41,45,47,48],"killed_by":"Donu and Deca","ascension_level":13}}