{"host":"hzswyuuwdl03wwzr","time":1611051797,"event":{"mods":["100% Spire Juice","ATMod(∞¢Ë™Mod)","AchievementEnabler","Act Like it!","BaseMod","Gensokyo","Hallownest","Marisa£®ÏF”Í°°ƒß¿Ì…≥£©","Minty Spire (QoL Compilation)","Remilia_Scarlet Moed£®¿Ÿ√◊¿Ú—«°§Àπø®¿◊Ãÿ£©3.3.5","Replay The Spire","Robot Space Explorer","StSLib","The Animator","The Bug Knight","The Marked","The Servant 0.9.4","Yakumo Yukari mod","Youmu£®ªÍ∆«—˝√Œ£©","°æπ¶ƒ‹Mod°øªÏ„Á÷Æª∑–ﬁ∏¥≤π∂°","°æ“≈ŒÔø®≈∆°øREMEMod"],"gold_per_floor":[114,22,34,34,44,75,389,389,389,389,404,420,95,95,95,95,95],"floor_reached":16,"language":"ZHS","playtime":890,"items_purged":["Pain"],"score":102,"play_id":"c34e8617-6258-4f0e-a5c0-2e572bbc262f","local_time":"20210119182317","is_ascension_mode":false,"campfire_choices":[{"data":"HollowMod:CycloneSlash","floor":8,"key":"SMITH"},{"data":"HollowMod:FocusHealStart","floor":10,"key":"SMITH"},{"floor":15,"key":"REST"}],"circlet_count":0,"master_deck":["HollowMod:NailStrikeStart","HollowMod:NailStrikeStart","HollowMod:NailStrikeStart","HollowMod:QuickDashStart","HollowMod:QuickDashStart","HollowMod:QuickDashStart","HollowMod:QuickDashStart","HollowMod:FocusHealStart+1","HollowMod:PogoStrike","HollowMod:QuirrelsAssistance","HollowMod:CycloneSlash+1","HollowMod:Hiveblood+1","HollowMod:Grubsong"],"relics":["HollowMod:VesselMask","AT_ATBox","REME_ComplimentaryCards","NeowsBlessing","Gensokyo:LunaticRedEyes","Golden Egg","Replay:Kaleidoscope","REME_HourglassOfDeath"],"acts_visited":["Gensokyo:Gensokyo"],"potions_floor_usage":[16,16,16],"damage_taken":[{"damage":0,"enemies":"Gensokyo:Python","floor":1,"turns":1},{"damage":0,"enemies":"Gensokyo:3_Fairies","floor":3,"turns":2},{"damage":0,"enemies":"Gensokyo:2_Kodama","floor":5,"turns":1},{"damage":27,"enemies":"Gensokyo:Mamizou","floor":6,"turns":11},{"damage":42,"enemies":"Gensokyo:2_Rabbits","floor":7,"turns":6},{"damage":41,"enemies":"Gensokyo:VengefulSpirit","floor":11,"turns":7},{"damage":45,"enemies":"Gensokyo:Gryphon_and_Rabbit","floor":12,"turns":6},{"damage":88,"enemies":"Gensokyo:Reimu","floor":16,"turns":15}],"seed_played":"6059515577814433746","potions_obtained":[{"floor":1,"key":"Doom Potion"},{"floor":7,"key":"Energy Potion"},{"floor":11,"key":"SkillPotion"}],"is_trial":false,"path_per_floor":["M","COS","M","?","M","E","M","R","T","R","M","M","$","?","R","B"],"character_chosen":"THE_BUGKNIGHT","items_purchased":["REME_HourglassOfDeath"],"campfire_rested":1,"item_purchase_floors":[13],"current_hp_per_floor":[75,75,75,75,75,48,34,34,34,34,30,17,17,17,39,0,0],"gold":95,"neow_bonus":"THREE_ENEMY_KILL","is_daily":false,"chose_seed":false,"campfire_upgraded":2,"win_rate":0.0,"timestamp":1611051797,"path_taken":["M","COS","M","?","?","E","M","R","T","R","M","M","$","?","R","BOSS"],"items_purchased_type":["Relic"],"build_version":"2020-12-22","purchased_purges":1,"victory":false,"max_hp_per_floor":[75,75,75,75,75,75,75,75,75,75,75,75,75,75,75,75,75],"card_choices":[{"not_picked":["HollowMod:DreamGate","HollowMod:DescendingDark"],"picked":"HollowMod:QuirrelsAssistance","floor":1},{"not_picked":["HollowMod:SharpenedNail","HollowMod:VengefulVoid"],"picked":"HollowMod:CycloneSlash","floor":3},{"not_picked":["HollowMod:SharpenedNail","HollowMod:GoodIntentions","HollowMod:theNailsmith"],"picked":"SKIP","floor":5},{"not_picked":["HollowMod:HowlingWraiths","HollowMod:SharpenedNail"],"picked":"HollowMod:Hiveblood","floor":6},{"not_picked":["HollowMod:NewGlowingWomb","HollowMod:SoulSplash"],"picked":"HollowMod:Grubsong","floor":7},{"not_picked":["HollowMod:SoulSplash","HollowMod:DoubleDash","HollowMod:QuirrelsAssistance"],"picked":"SKIP","floor":11},{"not_picked":["HollowMod:SoulSplash","HollowMod:VengefulVoid","HollowMod:DreamGate"],"picked":"SKIP","floor":12}],"player_experience":28189,"relics_obtained":[{"floor":6,"key":"Golden Egg"}],"event_choices":[],"is_beta":false,"boss_relics":[],"items_purged_floors":[13],"is_endless":false,"potions_floor_spawned":[1,7,11,12],"killed_by":"Gensokyo:Reimu","ascension_level":0}}