{"host":"61xbmbtf5zrn7rzc","time":1611036612,"event":{"mods":["BaseMod","Challenge The Spire","Hubris","Infinite Spire","Minty Spire (QoL Compilation)","Replay The Spire","StSLib","SuperFastMode"],"gold_per_floor":[118,118,0,15,26,26,26,26,26,59,71,71,71],"floor_reached":12,"language":"ENG","playtime":311,"items_purged":[],"score":94,"play_id":"e2b13287-efae-4c10-8fd2-97e6912ab018","local_time":"20210119011012","is_ascension_mode":true,"campfire_choices":[{"data":"Run Through","floor":6,"key":"SMITH"},{"data":"Bash","floor":8,"key":"SMITH"}],"circlet_count":0,"master_deck":["Strike_R","Strike_R","Strike_R","Strike_R","Strike_R","Defend_R","Defend_R","Defend_R","Defend_R","Bash+1","Hemogenesis","Hemokinesis","Fire Breathing","Run Through+1","Offering","Shrug It Off"],"relics":["Burning Blood","White Beast Statue"],"acts_visited":["Exordium"],"potions_floor_usage":[10],"damage_taken":[{"damage":5,"enemies":"Small Slimes","floor":1,"turns":4},{"damage":20,"enemies":"Jaw Worm","floor":4,"turns":4},{"damage":6,"enemies":"2 Louse","floor":5,"turns":5},{"damage":34,"enemies":"Gremlin Nob","floor":10,"turns":4},{"damage":30,"enemies":"Exordium Wildlife","floor":11,"turns":5},{"damage":41,"enemies":"3 Sentries","floor":12,"turns":4}],"seed_played":"3690170135820378546","potions_obtained":[{"floor":1,"key":"FearPotion"},{"floor":10,"key":"Toxic Potion"},{"floor":11,"key":"Energy Potion"}],"is_trial":false,"path_per_floor":["M","?","$","M","M","R","$","R","T","E","M","E"],"character_chosen":"IRONCLAD","items_purchased":["Hemokinesis","Fire Breathing"],"campfire_rested":0,"item_purchase_floors":[3,3],"current_hp_per_floor":[80,85,85,76,81,81,81,81,81,53,36,0,0],"gold":71,"neow_bonus":"ONE_RANDOM_RARE_CARD","is_daily":false,"chose_seed":false,"campfire_upgraded":2,"win_rate":0.0,"timestamp":1611036612,"path_taken":["M","?","$","M","M","R","$","R","T","E","M","E"],"items_purchased_type":["Card","Card"],"build_version":"2020-12-22","purchased_purges":0,"victory":false,"max_hp_per_floor":[80,85,85,85,85,85,85,85,85,85,85,85,85],"card_choices":[{"not_picked":["Flex","Twin Strike","ReplayTheSpireMod:Strike From Hell"],"picked":"SKIP","floor":1},{"not_picked":["Anger","Perfected Strike","Clash"],"picked":"SKIP","floor":4},{"not_picked":["hubris:ReadiedAction","Havoc"],"picked":"Run Through","floor":5},{"not_picked":["Replay:Undeath\u0027s Touch","Clash"],"picked":"Offering","floor":10},{"not_picked":["Iron Wave","Feel No Pain"],"picked":"Shrug It Off","floor":11}],"player_experience":135085,"relics_obtained":[{"floor":10,"key":"White Beast Statue"}],"event_choices":[{"damage_healed":0,"gold_gain":0,"player_choice":"Donut","damage_taken":0,"max_hp_gain":5,"max_hp_loss":0,"event_name":"Big Fish","floor":2,"gold_loss":0}],"is_beta":false,"boss_relics":[],"items_purged_floors":[],"is_endless":false,"potions_floor_spawned":[1,10,11],"killed_by":"3 Sentries","ascension_level":4}}