{"host":"dowi7cgbhepuzvpj","time":1611046761,"event":{"mods":["AchievementEnabler","BaseMod","Colored Map","Highlight Path","Keyboard Shortcuts","Minty Spire (QoL Compilation)","Permanent Neow","Quick Restart","StSLib","SuperFastMode"],"gold_per_floor":[109,23,33,183,193,193,32,56,83,94,94,94,123,43,43,121,121,99,114,55,55,105,105,120,120,120],"floor_reached":25,"language":"KOR","playtime":655,"items_purged":["Doubt","Strike_G"],"score":398,"play_id":"59805408-7ee6-452b-b06f-bea78ad7fc6a","local_time":"20210119175921","is_ascension_mode":true,"campfire_choices":[{"data":"Apotheosis","floor":6.0,"key":"SMITH"},{"data":"After Image","floor":11.0,"key":"SMITH"},{"data":"Neutralize","floor":15.0,"key":"SMITH"},{"data":"Footwork","floor":23.0,"key":"SMITH"}],"circlet_count":0,"master_deck":["AscendersBane","Strike_G","Strike_G","Strike_G","Defend_G","Defend_G","Defend_G","Defend_G","Defend_G","Survivor","Neutralize+1","Apotheosis+1","Infinite Blades","Infinite Blades","Cloak And Dagger","Backflip","Infinite Blades","Dodge and Roll","After Image+1","Cloak And Dagger","Adrenaline","Footwork+1","Blade Dance"],"relics":["Ring of the Snake","Odd Mushroom","Happy Flower","The Courier","WristBlade"],"acts_visited":["Exordium","TheCity"],"potions_floor_usage":[25],"damage_taken":[{"damage":1.0,"enemies":"2 Louse","floor":1.0,"turns":3.0},{"damage":3.0,"enemies":"Small Slimes","floor":3.0,"turns":4.0},{"damage":4.0,"enemies":"Jaw Worm","floor":5.0,"turns":5.0},{"damage":7.0,"enemies":"The Mushroom Lair","floor":8.0,"turns":5.0},{"damage":0.0,"enemies":"Large Slime","floor":10.0,"turns":6.0},{"damage":1.0,"enemies":"Lagavulin","floor":13.0,"turns":6.0},{"damage":8.0,"enemies":"Slime Boss","floor":16.0,"turns":9.0},{"damage":18.0,"enemies":"2 Thieves","floor":18.0,"turns":4.0},{"damage":0.0,"enemies":"Spheric Guardian","floor":19.0,"turns":4.0},{"damage":0.0,"enemies":"Centurion and Healer","floor":24.0,"turns":6.0},{"damage":34,"enemies":"Gremlin Leader","floor":25,"turns":3}],"seed_played":"6054931999930786138","potions_obtained":[{"floor":3.0,"key":"CunningPotion"},{"floor":8.0,"key":"Block Potion"},{"floor":13.0,"key":"Swift Potion"},{"floor":16.0,"key":"FearPotion"},{"floor":18.0,"key":"CultistPotion"}],"is_trial":false,"path_per_floor":["M","$","M","?","M","R","$","?","T","M","R","?","E","$","R","B",null,"M","M","$","?","?","R","M","E"],"character_chosen":"THE_SILENT","items_purchased":["Infinite Blades","Infinite Blades","Footwork"],"campfire_rested":0,"item_purchase_floors":[2,7,20],"current_hp_per_floor":[58,58,55,55,51,51,51,44,44,44,44,49,48,48,48,40,59,41,41,41,41,41,41,41,7,7],"gold":120,"neow_bonus":"RANDOM_COLORLESS_2","is_daily":false,"chose_seed":false,"campfire_upgraded":4,"win_rate":0.0,"timestamp":1611046761,"path_taken":["M","$","M","?","M","R","$","?","T","M","R","?","E","?","R","BOSS","M","M","$","?","?","R","M","E"],"items_purchased_type":["Card","Card","Card"],"build_version":"2020-12-22","purchased_purges":2,"victory":false,"max_hp_per_floor":[60,60,60,60,60,60,60,60,60,60,60,65,65,65,65,65,65,65,65,65,65,65,65,65,65,65],"card_choices":[{"not_picked":["Transmutation","Secret Technique"],"picked":"Apotheosis","floor":0.0},{"not_picked":["Acrobatics","Sucker Punch"],"picked":"Infinite Blades","floor":1.0},{"not_picked":["Deadly Poison","Deflect"],"picked":"Cloak And Dagger","floor":3.0},{"not_picked":["Outmaneuver","Sucker Punch"],"picked":"Backflip","floor":5.0},{"not_picked":["Dagger Throw","Underhanded Strike"],"picked":"Dodge and Roll","floor":8.0},{"not_picked":["Caltrops","Blade Dance"],"picked":"After Image","floor":10.0},{"not_picked":["Skewer","Dodge and Roll"],"picked":"Cloak And Dagger","floor":13.0},{"not_picked":["Bullet Time","Unload"],"picked":"Adrenaline","floor":16.0},{"not_picked":["Bane","Dodge and Roll","Deflect"],"picked":"SKIP","floor":18.0},{"not_picked":["Backflip+1","Flying Knee","Quick Slash"],"picked":"SKIP","floor":19.0},{"not_picked":["Bane","Well Laid Plans"],"picked":"Blade Dance","floor":24.0}],"player_experience":824939,"relics_obtained":[{"floor":8.0,"key":"Odd Mushroom"},{"floor":9.0,"key":"Happy Flower"},{"floor":13.0,"key":"The Courier"}],"event_choices":[{"damage_healed":0.0,"max_hp_gain":0.0,"max_hp_loss":0.0,"gold_gain":150.0,"event_name":"Liars Game","player_choice":"AGREE","floor":4.0,"gold_loss":0.0,"damage_taken":0.0,"cards_obtained":["Doubt"]},{"damage_healed":0.0,"max_hp_gain":0.0,"max_hp_loss":0.0,"gold_gain":0.0,"event_name":"Mushrooms","player_choice":"Fought Mushrooms","floor":8.0,"gold_loss":0.0,"damage_taken":0.0},{"damage_healed":0.0,"max_hp_gain":5.0,"max_hp_loss":0.0,"gold_gain":0.0,"event_name":"Big Fish","player_choice":"Donut","floor":12.0,"gold_loss":0.0,"damage_taken":0.0},{"cards_removed":["Strike_G"],"damage_healed":0.0,"max_hp_gain":0.0,"max_hp_loss":0.0,"gold_gain":0.0,"event_name":"Back to Basics","player_choice":"Elegance","floor":21.0,"gold_loss":0.0,"damage_taken":0.0},{"damage_healed":0.0,"max_hp_gain":0.0,"max_hp_loss":0.0,"gold_gain":50.0,"event_name":"Nest","player_choice":"Stole From Cult","floor":22.0,"gold_loss":0.0,"damage_taken":0.0}],"is_beta":false,"boss_relics":[{"not_picked":["Empty Cage","Runic Dome"],"picked":"WristBlade"}],"items_purged_floors":[7,14],"is_endless":false,"potions_floor_spawned":[3,8,13,16,18],"killed_by":"Gremlin Leader","ascension_level":20}}