{"host":"6yti76gw1x84gcsv","time":1611034997,"event":{"mods":["100% Spire Juice","2.2 Compatiblity","AchievementEnabler","Act Like it!","Aspiration","BaseMod","Beaked The Cultist","Better Altar","Better Sensory Stone","Better Silent Start","Better-Laid Plans","BetterRewards","Block Reminder","CapriCore","Colored Map","Colored Powertips","Conspire","Curses Come First","Displayed Cursed Tome","Downfall","Faster Ascension Climbing","Fox Events","Friendly Minions","GifTheSpireLib","Good Game Mod","Googly Eyes","GungeonMod","Hermit","HololiveMod","Hubris","Jess\u0027s Bottle","Lobotomy","Marked Mod","Minty Spire (QoL Compilation)","MostiFishMod","Pale of the Ancients","Permanent Neow","Potionbrewer","Prisma Mod","Reimu??????","Relic Stats","Shade Mod","Shop Mod","Spire Arcade","StS++","StSLib","Synergy Search","The Construct","The Hierophant","The Immortal","The Jungle","The Mystic","The Runesmith","The Senshi","Uncapped","WarShipGirlsR/????R mod"],"gold_per_floor":[124,124,9,43,95,222,426,426,426,725,725,1133,1133,1689,1689,2587,2587,3540,2495,3452,4462,5507,6711,6711,7971,7971,7971,9359,10794,12337,14012,15773,15773,15773,17978,17978,20185,22387,24632,23022,25326,27647,27647,29998,30021,30021,30021,32370,31573,34021,34021,34021,36458,38894,41326,41326,41326,41323,41323,40039,40039,40039],"floor_reached":63,"language":"ENG","playtime":4358,"items_purged":[],"score":1606,"play_id":"8340cc6b-7c73-4208-acfe-338f984668a4","local_time":"20210119004317","is_ascension_mode":false,"campfire_choices":[{"data":"Hololive_CallShiranuiFlare","floor":8,"key":"SMITH"},{"floor":15,"key":"RECALL"},{"data":"Mind Blast","floor":24,"key":"SMITH"},{"data":"Hololive_OvertimeWork","floor":27,"key":"SMITH"},{"data":"StSpp:MakeshiftWeapon","floor":33,"key":"SMITH"},{"data":"Hololive_LuckPotion","floor":43,"key":"SMITH"},{"floor":51,"key":"REST"},{"floor":57,"key":"REST"},{"data":"Trip","floor":59,"key":"SMITH"}],"circlet_count":0,"master_deck":["Hololive_Strike+1","Hololive_Defend","Hololive_HuntDinosaur+1","Hololive_CallShiranuiFlare+1","Hololive_CallAiraniIofifteen","Hololive_CallSakuraMiko","Hololive_CallAZKi","hubris:Greed","Hololive_CallHimemoriLuna","Hololive_CallFriendA","hubris:Greed","Hololive_FlyingPonyTail+1","Hololive_Sequa","hubris:Greed","hubris:Greed","Hololive_Spy","hubris:Greed","hubris:Greed","hubris:Greed","Hololive_CallAyundaRisu","hubris:Greed","hubris:Greed","hubris:Greed","hubris:Greed","hubris:Greed","hubris:Greed","hubris:Greed","hubris:Greed","hubris:Greed","hubris:Greed","hubris:Greed","hubris:Greed","Exhume","Hololive_StrengthChampion","hubris:Greed","hubris:Greed","hubris:Greed","hubris:Greed","hubris:Greed","hubris:Greed","hubris:Greed","hubris:Greed","hubris:Greed","hubris:Greed","hubris:Greed","hubris:Greed","hubris:Greed","hubris:Greed","hubris:Greed","hubris:Greed","hubris:Greed","hubris:Greed","hubris:Greed","Hololive_CallMinatoAqua","hubris:Greed","hubris:Greed","hubris:Greed","hubris:Greed","hubris:Greed","hubris:Greed","hubris:Greed","hubris:Greed","hubris:Greed","hubris:Greed","hubris:Greed","hubris:Greed","hubris:Greed","hubris:Greed","hubris:Greed","hubris:Greed","hubris:Greed","hubris:Greed","Hololive_Rebound","hubris:Greed","hubris:Greed","hubris:Greed","hubris:Greed","hubris:Greed","hubris:Greed","hubris:Greed","hubris:Greed","hubris:Greed","hubris:Greed","hubris:Greed","hubris:Greed","hubris:Greed","hubris:Greed","hubris:Greed","hubris:Greed","hubris:Greed","hubris:Greed","hubris:Greed","hubris:Greed","hubris:Greed","hubris:Greed","hubris:Greed","hubris:Greed","hubris:Greed","hubris:Greed","Hololive_FlyingPonyTail","hubris:Greed","hubris:Greed","hubris:Greed","hubris:Greed","hubris:Greed","hubris:Greed","hubris:Greed","hubris:Greed","hubris:Greed","hubris:Greed","hubris:Greed","hubris:Greed","hubris:Greed","hubris:Greed","hubris:Greed","hubris:Greed","hubris:Greed","hubris:Greed","hubris:Greed","hubris:Greed","hubris:Greed","hubris:Greed","hubris:Greed","hubris:Greed","hubris:Greed","hubris:Greed","Hololive_RevenueBasedLive+1","hubris:Greed","hubris:Greed","hubris:Greed","hubris:Greed","hubris:Greed","hubris:Greed","hubris:Greed","hubris:Greed","hubris:Greed","hubris:Greed","hubris:Greed","hubris:Greed","hubris:Greed","hubris:Greed","hubris:Greed","hubris:Greed","hubris:Greed","hubris:Greed","hubris:Greed","hubris:Greed","hubris:Greed","hubris:Greed","hubris:Greed","hubris:Greed","hubris:Greed","hubris:Greed","hubris:Greed","hubris:Greed","hubris:Greed","hubris:Greed","hubris:Greed","hubris:Greed","hubris:Greed","hubris:Greed","hubris:Greed","hubris:Greed","hubris:Greed","hubris:Greed","hubris:Greed","hubris:Greed","hubris:Greed","hubris:Greed","hubris:Greed","hubris:Greed","hubris:Greed","hubris:Greed","hubris:Greed","hubris:Greed","hubris:Greed","hubris:Greed","hubris:Greed","Hololive_Thief","hubris:Greed","hubris:Greed","hubris:Greed","hubris:Greed","hubris:Greed","hubris:Greed","hubris:Greed","hubris:Greed","hubris:Greed","hubris:Greed","hubris:Greed","hubris:Greed","hubris:Greed","hubris:Greed","hubris:Greed","hubris:Greed","hubris:Greed","hubris:Greed","hubris:Greed","hubris:Greed","hubris:Greed","hubris:Greed","hubris:Greed","hubris:Greed","hubris:Greed","hubris:Greed","hubris:Greed","hubris:Greed","hubris:Greed","Hololive_CallNekomataOkayu","Mind Blast+1","Hololive_ManjiGathering","Hololive_SoulCatcher","Hololive_SummonFox","Hololive_LuckPotion+1","Hololive_CallMomosuzuNene+2","StSpp:MakeshiftWeapon+1","Hololive_OvertimeWork+1","hubris:Greed","hubris:Greed","hubris:Greed","hubris:Greed","hubris:Greed","hubris:Greed","hubris:Greed","hubris:Greed","hubris:Greed","hubris:Greed","Hololive_WolfAndLamb","hubris:Greed","hubris:Greed","hubris:Greed","hubris:Greed","hubris:Greed","hubris:Greed","hubris:Greed","Hololive_CallYozoraMel","hubris:Greed","hubris:Greed","hubris:Greed","hubris:Greed","hubris:Greed","hubris:Greed","hubris:Greed","hubris:Greed","hubris:Greed","hubris:Greed","hubris:Greed","hubris:Greed","hubris:Greed","hubris:Greed","hubris:Greed","hubris:Greed","hubris:Greed","hubris:Greed","hubris:Greed","hubris:Greed","hubris:Greed","hubris:Greed","hubris:Greed","hubris:Greed","hubris:Greed","hubris:Greed","hubris:Greed","hubris:Greed","hubris:Greed","Hololive_FlyingPonyTail+1","hubris:Greed","hubris:Greed","hubris:Greed","hubris:Greed","hubris:Greed","hubris:Greed","hubris:Greed","hubris:Greed","hubris:Greed","hubris:Greed","hubris:Greed","hubris:Greed","hubris:Greed","hubris:Greed","hubris:Greed","hubris:Greed","Hololive_CallRoboco","hubris:Greed","hubris:Greed","hubris:Greed","hubris:Greed","hubris:Greed","hubris:Greed","hubris:Greed","hubris:Greed","hubris:Greed","hubris:Greed","hubris:Greed","hubris:Greed","hubris:Greed","hubris:Greed","hubris:Greed","hubris:Greed","hubris:Greed","hubris:Greed","hubris:Greed","hubris:Greed","hubris:Greed","hubris:Greed","hubris:Greed","hubris:Greed","hubris:Greed","Hololive_Sequa","hubris:Greed","hubris:Greed","hubris:Greed","hubris:Greed","hubris:Greed","hubris:Greed","hubris:Greed","hubris:Greed","hubris:Greed","Hololive_Psychosis+1","hubris:Greed","hubris:Greed","hubris:Greed","hubris:Greed","hubris:Greed","hubris:Greed","hubris:Greed","hubris:Greed","hubris:Greed","hubris:Greed","hubris:Greed","hubris:Greed","hubris:Greed","hubris:Greed","hubris:Greed","hubris:Greed","hubris:Greed","hubris:Greed","hubris:Greed","hubris:Greed","hubris:Greed","hubris:Greed","Hololive_OvertimeWork","hubris:Greed","hubris:Greed","hubris:Greed","hubris:Greed","hubris:Greed","hubris:Greed","hubris:Greed","hubris:Greed","hubris:Greed","hubris:Greed","hubris:Greed","hubris:Greed","hubris:Greed","hubris:Greed","hubris:Greed","hubris:Greed","hubris:Greed","hubris:Greed","hubris:Greed","hubris:Greed","hubris:Greed","hubris:Greed","hubris:Greed","hubris:Greed","hubris:Greed","hubris:Greed","hubris:Greed","Hololive_CallSakuraMiko","hubris:Greed","hubris:Greed","hubris:Greed","hubris:Greed","hubris:Greed","hubris:Greed","hubris:Greed","hubris:Greed","hubris:Greed","hubris:Greed","hubris:Greed","hubris:Greed","hubris:Greed","hubris:Greed","hubris:Greed","hubris:Greed","hubris:Greed","Hololive_CallOkamiMio+1","hubris:Greed","hubris:Greed","hubris:Greed","hubris:Greed","hubris:Greed","hubris:Greed","hubris:Greed","hubris:Greed","hubris:Greed","hubris:Greed","hubris:Greed","hubris:Greed","hubris:Greed","hubris:Greed","hubris:Greed","hubris:Greed","hubris:Greed","hubris:Greed","hubris:Greed","hubris:Greed","hubris:Greed","hubris:Greed","hubris:Greed","hubris:Greed","hubris:Greed","hubris:Greed","hubris:Greed","hubris:Greed","hubris:Greed","hubris:Greed","hubris:Greed","hubris:Greed","hubris:Greed","hubris:Greed","hubris:Greed","hubris:Greed","hubris:Greed","hubris:Greed","hubris:Greed","hubris:Greed","hubris:Greed","hubris:Greed","hubris:Greed","hubris:Greed","hubris:Greed","hubris:Greed","hubris:Greed","hubris:Greed","hubris:Greed","hubris:Greed","hubris:Greed","hubris:Greed","hubris:Greed","hubris:Greed","hubris:Greed","hubris:Greed","hubris:Greed","hubris:Greed","hubris:Greed","hubris:Greed","hubris:Greed","hubris:Greed","hubris:Greed","hubris:Greed","hubris:Greed","hubris:Greed","hubris:Greed","hubris:Greed","hubris:Greed","hubris:Greed","hubris:Greed","DemoMod:Elimentaler","Hololive_Recruit","Hololive_Drill+1","hubris:Greed","hubris:Greed","hubris:Greed","hubris:Greed","hubris:Greed","hubris:Greed","hubris:Greed","hubris:Greed","hubris:Greed","hubris:Greed","hubris:Greed","hubris:Greed","hubris:Greed","hubris:Greed","hubris:Greed","hubris:Greed","hubris:Greed","Hololive_OvertimeWork","Hololive_Trident+1","hubris:Greed","hubris:Greed","hubris:Greed","hubris:Greed","hubris:Greed","hubris:Greed","hubris:Greed","hubris:Greed","Hololive_Sequa+1","Hololive_SoulCatcher","hubris:Greed","hubris:Greed","hubris:Greed","hubris:Greed","hubris:Greed","hubris:Greed","hubris:Greed","hubris:Greed","hubris:Greed","hubris:Greed","hubris:Greed","hubris:Greed","Hololive_OvertimeWork+1","Hololive_CallTokoyamiTowa","hubris:Greed","hubris:Greed","hubris:Greed","hubris:Greed","hubris:Greed","hubris:Greed","hubris:Greed","Hololive_Watashimo+1","hubris:Greed","hubris:Greed","Hololive_LuckPotion+1","Trip+1","Hololive_OpenUp","Hololive_CocoNews+1","Hololive_Rebound","Hololive_BringToTrial","Hololive_CallYukihanaLamy","Metamorphosis","hubris:Greed","hubris:Greed","hubris:Greed","hubris:Greed","hubris:Greed","hubris:Greed","hubris:Greed","hubris:Greed","hubris:Greed","hubris:Greed","hubris:Greed","hubris:Greed","hubris:Greed","hubris:Greed","hubris:Greed","hubris:Greed","hubris:Greed","Hololive_Breathe","Hololive_FlyingPonyTail+1","Hololive_SoulCatcher+1","Hololive_Trident+1","Hololive_Teleport+1","Hololive_CocoNews","hubris:Greed","hubris:Greed","hubris:Greed","hubris:Greed","hubris:Greed","hubris:Greed","hubris:Greed","hubris:Greed","hubris:Greed","hubris:Greed","hubris:Greed","hubris:Greed","hubris:Greed","hubris:Greed","hubris:Greed","hubris:Greed","hubris:Greed","hubris:Greed","hubris:Greed","hubris:Greed","hubris:Greed","hubris:Greed","hubris:Greed","hubris:Greed","hubris:Greed","hubris:Greed","hubris:Greed","hubris:Greed","hubris:Greed","hubris:Greed","hubris:Greed","hubris:Greed","hubris:Greed","hubris:Greed","hubris:Greed","hubris:Greed","hubris:Greed","hubris:Greed","hubris:Greed","hubris:Greed","hubris:Greed","hubris:Greed","hubris:Greed","hubris:Greed","hubris:Greed","hubris:Greed","hubris:Greed","hubris:Greed","hubris:Greed","hubris:Greed","hubris:Greed","hubris:Greed","hubris:Greed","hubris:Greed","hubris:Greed","hubris:Greed","hubris:Greed","hubris:Greed","hubris:Greed","hubris:Greed","hubris:Greed","hubris:Greed","hubris:Greed","hubris:Greed","hubris:Greed","hubris:Greed","hubris:Greed","hubris:Greed","hubris:Greed","hubris:Greed","hubris:Greed","Hololive_StrengthChampion","Hololive_MaximGun","Hololive_StarCraft","Hololive_DDD","Hololive_CallKiryuuCoco","PanicButton","MostiFishMod:Mottled","hubris:Greed","hubris:Greed","hubris:Greed","hubris:Greed","hubris:Greed","hubris:Greed","hubris:Greed","hubris:Greed","hubris:Greed","hubris:Greed"],"relics":["Hololive_TheStar","DaveBox","REME:ComplimentaryCards","SynthV:TestCard","DianDianMeat","DianPoetry","Lizard Tail","YidongShenshe:ReiMu","Transparent","MerchantsRug","aspiration:DSix","potionbrewer:Torch","aspiration:FetidBarrel","DemoMod:BlueGuonStone","War Paint","aspiration:Lifesprig","SynthV:C4","hubris:SphereOfDissonance","Dream Catcher","BirthdayGift-Tetrahedron","Bag of Marbles","Darkstone Periapt","StSpp:BrokenTotem","hubris:Towel","DemoMod:MemoryAlloy","PreservedInsect","Whetstone","paleoftheancients:Timepiece","paleoftheancients:KeyRelic","Spirit Poop","paleoftheancients:SoulOfTheShowman","paleoftheancients:BlurryLens","Technique","Bag of Preparation","CrazyTorch:ReiMu"],"acts_visited":["Exordium","TheCity","DemoMod:Maze","TheBeyond","TheBeyond"],"potions_floor_usage":[12,14,58,58,58],"damage_taken":[{"damage":0,"enemies":"Small Slimes","floor":1,"turns":4},{"damage":0,"enemies":"Jaw Worm","floor":4,"turns":3},{"damage":0,"enemies":"Cultist","floor":5,"turns":3},{"damage":32,"enemies":"Gremlin Nob","floor":6,"turns":7},{"damage":33,"enemies":"Exordium Thugs","floor":7,"turns":6},{"damage":16,"enemies":"Large Slime","floor":10,"turns":5},{"damage":7,"enemies":"3 Louse","floor":12,"turns":5},{"damage":30,"enemies":"Gremlin Gang","floor":14,"turns":6},{"damage":58,"enemies":"The Guardian","floor":16,"turns":10},{"damage":3749,"enemies":"3 Byrds","floor":18,"turns":3},{"damage":1705,"enemies":"Shell Parasite","floor":20,"turns":1},{"damage":1724,"enemies":"Snake Plant","floor":21,"turns":1},{"damage":1934,"enemies":"Snecko","floor":22,"turns":1},{"damage":9360,"enemies":"Slavers","floor":23,"turns":4},{"damage":5656,"enemies":"Centurion and Healer","floor":25,"turns":2},{"damage":10175,"enemies":"DemoMod:Veteran_shot_gun_kin_and_bullet_kin","floor":28,"turns":3},{"damage":7966,"enemies":"DemoMod:Red_and_blue_shotgun_kin","floor":29,"turns":2},{"damage":12969,"enemies":"DemoMod:Veteran_shot_gun_kin_and_red_shotgun_kin_with_gunsinger","floor":30,"turns":3},{"damage":15345,"enemies":"DemoMod:Veteran_shot_gun_kin_and_blue_shotgun_kin_with_gunsinger","floor":31,"turns":3},{"damage":11739,"enemies":"DemoMod:Red_and_blue_shotgun_kin_with_gunsinger","floor":32,"turns":2},{"damage":60510,"enemies":"DemoMod:ResourcefulRat","floor":35,"turns":8},{"damage":28952,"enemies":"3 Darklings","floor":37,"turns":3},{"damage":10064,"enemies":"3 Shapes","floor":38,"turns":1},{"damage":41156,"enemies":"3 Darklings","floor":39,"turns":4},{"damage":21661,"enemies":"Transient","floor":41,"turns":2},{"damage":11166,"enemies":"Nemesis","floor":42,"turns":1},{"damage":67569,"enemies":"Giant Head","floor":44,"turns":6},{"damage":11595,"enemies":"Spire Growth","floor":48,"turns":1},{"damage":37463,"enemies":"Nemesis","floor":50,"turns":3},{"damage":13045,"enemies":"hubris:GrandSnecko","floor":52,"turns":1},{"damage":13045,"enemies":"hubris:GrandSnecko","floor":53,"turns":1},{"damage":52307,"enemies":"hubris:GrandSnecko","floor":54,"turns":4},{"damage":13147,"enemies":"paleoftheancients:BASlime1","floor":55,"turns":1},{"damage":272716,"enemies":"paleoftheancients:BASlime1","floor":58,"turns":18},{"damage":89321,"enemies":"paleoftheancients:N","floor":62,"turns":5}],"seed_played":"2952425695465758790","potions_obtained":[{"floor":4,"key":"BlessingOfTheForge"},{"floor":6,"key":"Swift Potion"},{"floor":10,"key":"DemoMod:LeadSkinPotion"},{"floor":14,"key":"DemoMod:LeadSkinPotion"},{"floor":18,"key":"Fire Potion"},{"floor":48,"key":"LiquidBronze"}],"is_trial":false,"path_per_floor":["M","?","$","M","M","E","M","R","T","M","?","M","?","M","R","B",null,"M","$","M","M","M","E","R","M","T","R","M","M","M","M","M","R","B","B",null,"M","M","M","$","M","E","R","E","T","?","T","M","$","E","R","B","M","M","M","T","R","M","R","$","?","B",null],"character_chosen":"Hololive_HololiveCharacter","items_purchased":["DemoMod:GnawedKey","MerchantsRug","aspiration:DSix","Mind Blast","Hololive_ManjiGathering","Hololive_SoulCatcher","Hololive_SummonFox","Hololive_LuckPotion","Hololive_CallMomosuzuNene","StSpp:MakeshiftWeapon","hubris:SphereOfDissonance","Dream Catcher","BirthdayGift-Tetrahedron","Hololive_SoulCatcher","PreservedInsect","Trip","Hololive_OpenUp","Hololive_CocoNews","Hololive_Rebound","Hololive_BringToTrial","Hololive_CallYukihanaLamy","Metamorphosis","Technique","Hololive_StrengthChampion","Hololive_MaximGun","Hololive_StarCraft","Hololive_DDD","Hololive_CallKiryuuCoco","PanicButton","MostiFishMod:Mottled","Bag of Preparation","CrazyTorch:ReiMu"],"campfire_rested":2,"item_purchase_floors":[3,19,19,19,19,19,19,19,19,19,40,40,40,40,49,49,49,49,49,49,49,49,60,60,60,60,60,60,60,60,60,60],"current_hp_per_floor":[35,35,35,35,35,4,201,201,201,774,815,2293,2293,4477,4477,10737,10913,15788,17055,17240,19341,20945,27530,27530,31661,31661,31661,38538,41363,48240,57326,63581,63581,63938,92270,92700,100611,101060,105146,105605,111663,112136,112136,115956,115956,115956,115956,117417,120833,129944,130454,130454,130965,131477,131990,131990,132504,171980,171980,176103,176103,182134],"gold":40039,"neow_bonus":"TRANSFORM_TWO_CARDS","is_daily":false,"chose_seed":false,"campfire_upgraded":6,"win_rate":0.0,"timestamp":1611034997,"path_taken":["M","?","?","M","M","E","M","R","T","?","?","M","?","?","R","BOSS","M","$","M","M","M","E","R","M","T","R","M","M","M","M","M","R","BOSS","BOSS","M","?","M","$","M","E","R","E","T","?","?","M","$","E","R","BOSS","M","M","?","T","R","M","R","$","?","BOSS"],"items_purchased_type":["Relic","Relic","Relic","Card","Card","Card","Card","Card","Card","Card","Relic","Relic","Relic","Card","Relic","Card","Card","Card","Card","Card","Card","Card","Relic","Card","Card","Card","Card","Card","Card","Card","Relic","Relic"],"build_version":"2020-12-22","purchased_purges":0,"victory":true,"max_hp_per_floor":[35,35,35,35,35,36,266,266,266,855,896,2381,2381,4595,4595,10913,10913,15788,17055,17240,19341,20945,27530,27530,31661,31661,31661,38538,41363,48240,57326,63581,63581,63938,92270,92700,100611,101060,105146,105605,111663,112136,112136,115956,115956,115956,115956,117417,120833,129944,130454,130454,130965,131477,131990,131990,132504,171980,171980,176103,176103,182134],"relic_stats":{"Darkstone Periapt":600,"Lizard Tail":78752,"Dream Catcher":2,"counters":[36,133],"PreservedInsect":47,"Bag of Preparation":[12],"Whetstone":["Hololive_Strike","Hololive_CocoNews"],"War Paint":["Hololive_HuntDinosaur","Hololive_RevenueBasedLive"],"obtain_stats":[{"Darkstone Periapt":44,"DemoMod:BlueGuonStone":36,"aspiration:Lifesprig":36,"DaveBox":0,"DianPoetry":6,"Spirit Poop":52,"DemoMod:GlassGuonStoneRelic":5,"Bag of Preparation":60,"Whetstone":50,"SynthV:C4":36,"Lizard Tail":9,"Dream Catcher":40,"DemoMod:GnawedKey":3,"aspiration:DSix":19,"BirthdayGift-Tetrahedron":40,"DianDianMeat":6,"MerchantsRug":19,"paleoftheancients:KeyRelic":52,"aspiration:FetidBarrel":36,"DemoMod:MemoryAlloy":47,"paleoftheancients:BlurryLens":55,"hubris:SphereOfDissonance":40,"PreservedInsect":49,"War Paint":36,"hubris:Towel":46,"potionbrewer:Torch":23,"paleoftheancients:Timepiece":52,"REME:ComplimentaryCards":0,"SynthV:TestCard":1,"Transparent":17,"Hololive_TheStar":0,"CrazyTorch:ReiMu":60,"StSpp:BrokenTotem":45,"YidongShenshe:ReiMu":11,"Bag of Marbles":42,"Technique":60,"paleoftheancients:SoulOfTheShowman":53},{"Darkstone Periapt":28,"DemoMod:BlueGuonStone":22,"aspiration:Lifesprig":22,"DaveBox":0,"DianPoetry":4,"Spirit Poop":31,"DemoMod:GlassGuonStoneRelic":3,"Bag of Preparation":35,"Whetstone":30,"SynthV:C4":22,"Lizard Tail":5,"Dream Catcher":25,"DemoMod:GnawedKey":1,"aspiration:DSix":10,"BirthdayGift-Tetrahedron":25,"DianDianMeat":4,"MerchantsRug":10,"paleoftheancients:KeyRelic":31,"aspiration:FetidBarrel":22,"DemoMod:MemoryAlloy":28,"paleoftheancients:BlurryLens":34,"hubris:SphereOfDissonance":25,"PreservedInsect":29,"War Paint":22,"hubris:Towel":28,"potionbrewer:Torch":14,"paleoftheancients:Timepiece":31,"REME:ComplimentaryCards":0,"SynthV:TestCard":1,"Transparent":9,"Hololive_TheStar":0,"CrazyTorch:ReiMu":35,"StSpp:BrokenTotem":28,"YidongShenshe:ReiMu":6,"Bag of Marbles":27,"Technique":35,"paleoftheancients:SoulOfTheShowman":32},{"Darkstone Periapt":100,"DemoMod:BlueGuonStone":83,"aspiration:Lifesprig":83,"DaveBox":0,"DianPoetry":16,"Spirit Poop":105,"DemoMod:GlassGuonStoneRelic":10,"Bag of Preparation":128,"Whetstone":104,"SynthV:C4":83,"Lizard Tail":21,"Dream Catcher":91,"DemoMod:GnawedKey":4,"aspiration:DSix":50,"BirthdayGift-Tetrahedron":91,"DianDianMeat":16,"MerchantsRug":50,"paleoftheancients:KeyRelic":105,"aspiration:FetidBarrel":83,"DemoMod:MemoryAlloy":100,"paleoftheancients:BlurryLens":111,"hubris:SphereOfDissonance":91,"PreservedInsect":101,"War Paint":83,"hubris:Towel":100,"potionbrewer:Torch":57,"paleoftheancients:Timepiece":105,"REME:ComplimentaryCards":0,"SynthV:TestCard":4,"Transparent":47,"Hololive_TheStar":0,"CrazyTorch:ReiMu":128,"StSpp:BrokenTotem":100,"YidongShenshe:ReiMu":26,"Bag of Marbles":94,"Technique":128,"paleoftheancients:SoulOfTheShowman":106}]},"card_choices":[{"not_picked":["Hololive_CocoNews","Hololive_Trident","Hololive_Recruit"],"picked":"Hololive_FlyingPonyTail","floor":1},{"not_picked":["Hololive_FlyingPonyTail","Hololive_Rebound","Hololive_CocoNews","Hololive_Trident","Hololive_RevenueBasedLive"],"picked":"Hololive_Spy","floor":4},{"not_picked":["Hololive_Spy","Hololive_CocoNews","Hololive_CallShiranuiFlare","Hololive_Breathe","Hololive_FlyingPonyTail"],"picked":"Hololive_CallAyundaRisu","floor":5},{"not_picked":["Hololive_Sequa","Hololive_CallShiranuiFlare","Hololive_CallHimemoriLuna","Hololive_ILoveYou","Hololive_SoulCatcher"],"picked":"Hololive_StrengthChampion","floor":6},{"not_picked":["Hololive_CocoNews","Hololive_Rebirth","Hololive_StrengthChampion","Hololive_CallNatsuiroMatsuri","Hololive_RevenueBasedLive"],"picked":"Hololive_CallMinatoAqua","floor":7},{"not_picked":["Hololive_CandyCastle","Hololive_CallTokoyamiTowa","Hololive_Nanodesu","Hololive_CallMomosuzuNene","Hololive_CocoNews"],"picked":"Hololive_Rebound","floor":10},{"not_picked":["Hololive_StrengthChampion","Hololive_HuntDinosaur","Hololive_Trident","Hololive_CallMinatoAqua","Hololive_Breathe"],"picked":"Hololive_FlyingPonyTail","floor":12},{"not_picked":["Hololive_HuntDinosaur","Hololive_BeCareful","Hololive_CocoNews","Hololive_Sequa","Hololive_CallUsadaPekora"],"picked":"Hololive_RevenueBasedLive","floor":14},{"not_picked":["Hololive_DurableLive","Hololive_DDD","Hololive_Nanodesu","Hololive_ScarfAndHalo","Hololive_ASMR"],"picked":"Hololive_Thief","floor":16},{"not_picked":["Hololive_CallShiranuiFlare+1","Hololive_Rebound","Hololive_CallAkaiHaato","Hololive_LuckPotion","Hololive_CallHoshimachiSuisei+1"],"picked":"Hololive_CallNekomataOkayu","floor":18},{"not_picked":["Hololive_Sequa","Hololive_CallUruhaRushia","Hololive_HuntDinosaur+1","Hololive_CocoNews+1","Hololive_Breathe"],"picked":"Hololive_OvertimeWork","floor":20},{"not_picked":["Hololive_HuntDinosaur+1","Hololive_CallAkiRosenthal","Hololive_Psychosis","Hololive_OvertimeWork","Hololive_FlyingPonyTail"],"picked":"Hololive_WolfAndLamb","floor":21},{"not_picked":["Hololive_HuntDinosaur","Hololive_CallTokinoSora","Hololive_CallShiranuiFlare","Hololive_DiamondStrike","Hololive_CallShishiroBotan"],"picked":"Hololive_CallYozoraMel","floor":22},{"not_picked":["Hololive_Rebound+1","Hololive_CallTokinoSora+1","Hololive_Breathe","Hololive_CallHimemoriLuna","Hololive_OvertimeWork"],"picked":"Hololive_FlyingPonyTail+1","floor":23},{"not_picked":["Hololive_CallAZKi","Hololive_CallHoushouMarine","Hololive_CocoNews","Hololive_Drill","Hololive_CallOmaruPolka"],"picked":"Hololive_CallRoboco","floor":25},{"not_picked":["Hololive_WolfAndLamb","Hololive_CallSakuraMiko","Hololive_RevenueBasedLive+1","Hololive_Psychosis+1","Hololive_CallYozoraMel"],"picked":"Hololive_Sequa","floor":28},{"not_picked":["Hololive_CallRoboco","Hololive_HuntDinosaur+1","Hololive_CallAmaneKanata","Hololive_RevenueBasedLive+1","Hololive_LuckPotion"],"picked":"Hololive_Psychosis+1","floor":29},{"not_picked":["Hololive_Psychosis","Hololive_CallAZKi+1","Hololive_CocoNews+1","Hololive_Drill+1","Hololive_Breathe+1"],"picked":"Hololive_OvertimeWork","floor":30},{"not_picked":["Hololive_HuntDinosaur+1","Hololive_ILoveYou+1","Hololive_Sequa","Hololive_StrengthChampion","Hololive_SoulCatcher+1"],"picked":"Hololive_CallSakuraMiko","floor":31},{"not_picked":["Hololive_Thief","Hololive_Breathe","Hololive_CallOmaruPolka","Hololive_Psychosis+1","Hololive_CallAyundaRisu+1"],"picked":"Hololive_CallOkamiMio+1","floor":32},{"not_picked":[],"picked":"DemoMod:Elimentaler","floor":35},{"not_picked":["Hololive_MaximGun","Hololive_AWSL","Hololive_ASMR","Hololive_StarCraft","Hololive_DDD"],"picked":"Hololive_Recruit","floor":35},{"not_picked":["Hololive_CallTokoyamiTowa","Hololive_Trident","Hololive_Psychosis+1","Hololive_OvertimeWork","Hololive_CallDoris+1"],"picked":"Hololive_Drill+1","floor":36},{"not_picked":["Hololive_RevenueBasedLive+1","Hololive_CocoNews+1","Hololive_Drill+1","Hololive_HuntDinosaur","Hololive_CallMurasakiShion+1"],"picked":"Hololive_OvertimeWork","floor":37},{"not_picked":["Hololive_BringToTrial+1","Hololive_OpenUp","Hololive_Spy","Hololive_LuckPotion","Hololive_Breathe"],"picked":"Hololive_Trident+1","floor":38},{"not_picked":["Hololive_Rebound+1","Hololive_RevenueBasedLive+1","Hololive_LuckPotion","Hololive_OvertimeWork","Hololive_FlyingPonyTail+1"],"picked":"Hololive_Sequa+1","floor":39},{"not_picked":["Hololive_Watashimo+1","Hololive_CallAiraniIofifteen","Hololive_BringToTrial+1","Hololive_HuntDinosaur+1","Hololive_LuckPotion+1"],"picked":"Hololive_OvertimeWork+1","floor":41},{"not_picked":["Hololive_StrengthChampion","Hololive_Teleport+1","Hololive_CallRosalyn","Hololive_CallNekomataOkayu+1","Hololive_CallNatsuiroMatsuri"],"picked":"Hololive_CallTokoyamiTowa","floor":42},{"not_picked":["Hololive_OvertimeWork","Hololive_Rebound","Hololive_Sequa+1","Hololive_HuntDinosaur","Hololive_Breathe"],"picked":"Hololive_Watashimo+1","floor":44},{"not_picked":["Hololive_CocoNews","Hololive_Psychosis+1","Hololive_HuntDinosaur+1","Hololive_CallNakiriAyame+1","Hololive_FlyingPonyTail+1"],"picked":"Hololive_LuckPotion+1","floor":48},{"not_picked":["Hololive_Drill","Hololive_OvertimeWork","Hololive_CallCivia","Hololive_CallAmaneKanata","Hololive_HuntDinosaur+1"],"picked":"Hololive_Breathe","floor":50},{"not_picked":["Hololive_Sequa+1","Hololive_HighAtkLowDef","Hololive_CallAmaneKanata","Hololive_Rebound+1","Hololive_CallArtia+1"],"picked":"Hololive_FlyingPonyTail","floor":51},{"not_picked":["Hololive_LuckPotion","Hololive_CallHoushouMarine+1","Hololive_StrengthChampion","Hololive_Sequa+1","Hololive_CallShirakamiFubuki"],"picked":"Hololive_SoulCatcher+1","floor":53},{"not_picked":["Hololive_HuntDinosaur+1","Hololive_Drill","Hololive_FlyingPonyTail","Hololive_CallOkamiMio+1","Hololive_CallNakiriAyame+1"],"picked":"Hololive_Trident+1","floor":54},{"not_picked":["Hololive_CallAZKi","Hololive_LuckPotion","Hololive_CallInugamiKorone","Hololive_Sequa+1","Hololive_CallRosalyn+1"],"picked":"Hololive_Teleport+1","floor":55},{"not_picked":["Hololive_Trident","Hololive_Psychosis","Hololive_Drill","Hololive_SummonFox+1","Hololive_DevilCharm+1"],"picked":"Hololive_CocoNews","floor":57}],"player_experience":161777,"relics_obtained":[{"floor":1,"key":"SynthV:TestCard"},{"floor":6,"key":"DianPoetry"},{"floor":9,"key":"Lizard Tail"},{"floor":23,"key":"potionbrewer:Torch"},{"floor":36,"key":"aspiration:FetidBarrel"},{"floor":36,"key":"DemoMod:BlueGuonStone"},{"floor":36,"key":"War Paint"},{"floor":36,"key":"aspiration:Lifesprig"},{"floor":36,"key":"SynthV:C4"},{"floor":42,"key":"Bag of Marbles"},{"floor":44,"key":"Darkstone Periapt"},{"floor":45,"key":"StSpp:BrokenTotem"},{"floor":47,"key":"DemoMod:MemoryAlloy"},{"floor":50,"key":"Whetstone"},{"floor":53,"key":"paleoftheancients:SoulOfTheShowman"},{"floor":55,"key":"paleoftheancients:BlurryLens"}],"event_choices":[{"damage_healed":0,"gold_gain":0,"cards_transformed":["Hololive_CallSakuraMiko"],"player_choice":"Transformed","damage_taken":0,"max_hp_gain":0,"max_hp_loss":0,"event_name":"Transmorgrifier","floor":2,"gold_loss":0,"cards_obtained":["Hololive_Sequa"]},{"damage_healed":0,"gold_gain":0,"player_choice":"Take Tiny Shrine away","damage_taken":0,"relics_obtained":["YidongShenshe:ReiMu"],"max_hp_gain":0,"max_hp_loss":0,"event_name":"yidonshenshe","floor":11,"gold_loss":0,"cards_obtained":["Poor:ReiMu"]},{"cards_removed":["Poor:ReiMu"],"damage_healed":0,"gold_gain":0,"player_choice":"Purged","damage_taken":0,"max_hp_gain":0,"max_hp_loss":0,"event_name":"Purifier","floor":13,"gold_loss":0}],"is_beta":false,"boss_relics":[{"not_picked":["FrostBlade","BloodWine"],"picked":"Transparent"},{"not_picked":[]}],"items_purged_floors":[],"is_endless":false,"potions_floor_spawned":[4,6,10,14,18,20,30,31,35,37,41,48,50,53,55,58],"ascension_level":0}}