{"host":"usru02jcpe2a942d","time":1611052749,"event":{"mods":["Act Like it!","Ascension Reborn","BaseMod","Colored Powertips","Downfall","GifTheSpireLib","Highlight Path","Minty Spire (QoL Compilation)","MostiFishMod","Quick Restart","Relic Stats","RumiaBox-露米娅的神秘盒子","StSLib","Waifu the Spire","noobMod","篝火指南"],"gold_per_floor":[99,118,118,118,118,18,48,48,85,117,17,30,30,66,84,203,203,103,103,127,159,177,188,188,235,272,303,116,136,136,171,188,325,325,43,63,63,63,114,114,114,163,215,268,52,95,13,30,48,48,48,95,14,14,14,14],"floor_reached":57,"language":"ZHS","playtime":1908,"items_purged":["Pride","hexamod:ThirdSeal","hexamod:FourthSeal"],"score":1016,"play_id":"c4c6b69a-466e-4e0f-8159-e5c862e882d8","local_time":"20210119183909","daily_mods":["Draft","Vintage","Heirloom","Time Dilation","Flight","downfall:ChampStances","downfall:Lament","DeadlyEvents","Binary","Elite Swarm","Night Terrors","Binary"],"is_ascension_mode":true,"campfire_choices":[{"floor":1.0,"key":"RECALL"},{"data":"hexamod:EtherealExpedition","floor":6.0,"key":"SMITH"},{"data":"hexamod:Haunt","floor":8.0,"key":"SMITH"},{"data":"hexamod:SpectersWail","floor":11.0,"key":"SMITH"},{"data":"hexamod:Incineration","floor":13.0,"key":"SMITH"},{"data":"hexamod:SkipABeat","floor":18,"key":"SMITH"},{"data":"expansioncontent:DashGenerateEvil","floor":30,"key":"SMITH"},{"data":"hexamod:ApocalypticArmor","floor":54,"key":"SMITH"}],"circlet_count":0,"master_deck":["hexamod:EtherealExpedition+1","hexamod:SwordOfDarkness","hexamod:SkipABeat+1","hexamod:GhostShield+1","hexamod:Hexaguard+1","hexamod:FlamesFromBeyond+1","hexamod:SpectersWail+1","hexamod:Incineration+1","hexamod:Haunt+1","hexamod:HeatMetal","hexamod:HeatMetal","hexamod:EmpoweredFlame","hexamod:FastForward","expansioncontent:DashGenerateEvil+1","hexamod:TimeWarp+1","hexamod:ApocalypticArmor+1","hexamod:Toasty","hexamod:WildfireWeapon","hexamod:ApocalypseNow+1","hexamod:DynamicBlow","Sadistic Nature+1","hexamod:ApocalypseNow+1","hexamod:Rewind+1","hexamod:Rewind+1","hexamod:ApocalypseNow+1","Sadistic Nature+1"],"relics":["hexamod:SpiritBrand","Busted Crown","champ:ChampStancesModRelic","NeowsBlessing","DaveBox","ice","BionicSphere","MostiFishMod:Haymaker","InkBottle","Shuriken","downfall:HeartBlessingRed","Happy Flower","CeramicFish","downfall:HeartBlessingGreen","Blood Vial","Nunchaku","bronze:BronzeIdol","FeatherPendant","downfall:HeartBlessingBlue","Dream Catcher","White Beast Statue","Pantograph","PreservedInsect","CaptainsWheel","Akabeko","SynthV:C4","champ:Barbells","Guardian:PocketSentry","MealTicket","hexamod:CandleOfCauterizing","Bronze Scales","Question Card","bronze:MakeshiftBattery","The Courier","bronze:DecasWashers","Ccalipers","Mummified Hand","Toxic Egg 2","Art of War","Lantern","FossilizedHelix","BrkXgEgg","MagicDraw1","War Paint","StrikeDummy","Bottled Flame","DollysMirror"],"acts_visited":["Exordium","TheCity","TheBeyond","TheEnding"],"potions_floor_usage":[],"damage_taken":[{"damage":0.0,"enemies":"Cultist","floor":2.0,"turns":1.0},{"damage":0.0,"enemies":"Lagavulin","floor":9.0,"turns":1.0},{"damage":0.0,"enemies":"Gremlin Nob","floor":10.0,"turns":1.0},{"damage":0.0,"enemies":"Jaw Worm","floor":12.0,"turns":1.0},{"damage":0.0,"enemies":"Lagavulin","floor":14.0,"turns":2.0},{"damage":0.0,"enemies":"Small Slimes","floor":15.0,"turns":2.0},{"damage":0.0,"enemies":"WA_ARCHETYPE_RETAIN","floor":16.0,"turns":3.0},{"damage":0,"enemies":"Chosen","floor":19,"turns":1},{"damage":0,"enemies":"Spheric Guardian","floor":20,"turns":2},{"damage":0,"enemies":"Gremlin Leader","floor":21,"turns":1},{"damage":0,"enemies":"Cultist and Chosen","floor":22,"turns":1},{"damage":0,"enemies":"downfall:FleeingMerchant","floor":25,"turns":2},{"damage":0,"enemies":"Book of Stabbing","floor":26,"turns":2},{"damage":0,"enemies":"Gremlin Leader","floor":27,"turns":1},{"damage":0,"enemies":"Centurion and Healer","floor":29,"turns":1},{"damage":0,"enemies":"Book of Stabbing","floor":31,"turns":1},{"damage":0,"enemies":"Sentry and Sphere","floor":32,"turns":1},{"damage":0,"enemies":"DF_ARCHETYPE_CLAW","floor":33,"turns":2},{"damage":0,"enemies":"3 Shapes","floor":36,"turns":1},{"damage":0,"enemies":"Nemesis","floor":39,"turns":1},{"damage":0,"enemies":"Orb Walker","floor":40,"turns":1},{"damage":0,"enemies":"Giant Head","floor":42,"turns":1},{"damage":0,"enemies":"Reptomancer","floor":43,"turns":1},{"damage":0,"enemies":"Giant Head","floor":44,"turns":1},{"damage":0,"enemies":"Nemesis","floor":46,"turns":1},{"damage":0,"enemies":"Sphere and 2 Shapes","floor":48,"turns":1},{"damage":0,"enemies":"3 Darklings","floor":49,"turns":1},{"damage":0,"enemies":"SI_POISON_ARCHETYPE","floor":50,"turns":1},{"damage":0,"enemies":"downfall:CharBossMerchant","floor":52,"turns":1},{"damage":0,"enemies":"downfall:NeowBoss","floor":55,"turns":3},{"damage":0,"enemies":"downfall:NeowBossFinal","floor":56,"turns":2}],"seed_played":"-2782364824878605745","potions_obtained":[{"floor":9.0,"key":"Swift Potion"},{"floor":15.0,"key":"Fire Potion"},{"floor":16.0,"key":"Fire Potion"},{"floor":22,"key":"hexamod:EctoCoolerPotion"},{"floor":26,"key":"DistilledChaos"},{"floor":26,"key":"LiquidMemories"}],"is_trial":true,"path_per_floor":["R","M","?","?","?","R","T","R","E","E","R","M","R","E","M","B",null,"R","M","M","E","M","?","T","$","E","E","R","M","R","E","M","B",null,"R","M","?","?","E","M","T","E","E","E","$","E","R","M","M","B",null,"E","$","R","B","B",null],"character_chosen":"THE_SPIRIT","items_purchased":["SynthV:C4","champ:Barbells","hexamod:FastForward","expansioncontent:DashGenerateEvil","The Courier","BrkXgEgg","hexamod:DynamicBlow","Sadistic Nature+1","hexamod:Rewind+1","hexamod:Rewind+1","DollysMirror"],"campfire_rested":0,"item_purchase_floors":[25,25,25,28,35,45,45,45,47,47,53],"current_hp_per_floor":[77,77,77,77,77,77,77,77,77,77,77,77,77,77,77,84,84,94,94,94,94,94,94,94,94,94,94,94,94,94,94,94,101,101,101,101,101,101,101,101,101,101,101,101,101,101,101,101,101,108,108,108,108,108,115,122],"gold":14,"neow_bonus":"","is_daily":false,"chose_seed":false,"campfire_upgraded":7,"win_rate":0.0,"timestamp":1611052749,"path_taken":["R","M","?","?","?","R","T","R","?","E","R","?","R","?","M","BOSS","R","M","?","?","?","?","T","?","?","?","R","?","R","?","M","BOSS","R","M","?","?","?","?","T","?","?","E","?","?","R","?","M","BOSS","E","$","R","BOSS","BOSS"],"items_purchased_type":["Relic","Relic","Card","Card","Relic","Relic","Card","Card","Card","Card","Relic"],"build_version":"2020-12-22","purchased_purges":3,"victory":true,"max_hp_per_floor":[77,77,77,77,77,77,77,77,77,77,77,77,77,77,77,84,84,94,94,94,94,94,94,94,94,94,94,94,94,94,94,94,101,101,101,101,101,101,101,101,101,101,101,101,101,101,101,101,101,108,108,108,108,108,115,122],"relic_stats":{"Happy Flower":[13],"counters":[31,42],"CeramicFish":165,"PreservedInsect":623,"War Paint":["hexamod:GhostShield","hexamod:FlamesFromBeyond"],"Question Card":7,"Blood Vial":0,"Nunchaku":[15],"Dream Catcher":0,"Busted Crown":38,"Shuriken":[41],"Mummified Hand":[48],"Pantograph":0,"Bronze Scales":[0],"MealTicket":0,"Art of War":[0],"obtain_stats":[{"Lantern":43,"champ:ChampStancesModRelic":0,"DaveBox":0,"MostiFishMod:Haymaker":0,"CeramicFish":10,"downfall:HeartBlessingGreen":11,"ice":0,"SynthV:C4":25,"MagicDraw1":46,"Blood Vial":12,"Nunchaku":14,"Dream Catcher":19,"downfall:BrokenWingStatue":4,"downfall:HeartBlessingBlue":18,"Ccalipers":39,"Mummified Hand":40,"DollysMirror":53,"Pantograph":21,"MealTicket":27,"Toxic Egg 2":41,"hexamod:SpiritBrand":0,"InkBottle":2,"champ:Barbells":25,"hexamod:CandleOfCauterizing":29,"NeowsBlessing":0,"downfall:HeartBlessingRed":6,"Happy Flower":9,"bronze:DecasWashers":36,"PreservedInsect":22,"The Courier":35,"BrkXgEgg":45,"Guardian:PocketSentry":26,"War Paint":48,"Question Card":32,"White Beast Statue":20,"Akabeko":24,"bronze:BronzeIdol":15,"CaptainsWheel":23,"Bottled Flame":52,"Busted Crown":0,"Shuriken":3,"FeatherPendant":17,"BionicSphere":0,"Bronze Scales":31,"Art of War":42,"StrikeDummy":49,"bronze:MakeshiftBattery":34,"FossilizedHelix":44},{"Lantern":23,"champ:ChampStancesModRelic":0,"DaveBox":0,"MostiFishMod:Haymaker":0,"CeramicFish":3,"downfall:HeartBlessingGreen":3,"ice":0,"SynthV:C4":12,"MagicDraw1":25,"Blood Vial":4,"Nunchaku":5,"Dream Catcher":8,"downfall:BrokenWingStatue":1,"downfall:HeartBlessingBlue":7,"Ccalipers":20,"Mummified Hand":21,"DollysMirror":29,"Pantograph":10,"MealTicket":14,"Toxic Egg 2":21,"hexamod:SpiritBrand":0,"InkBottle":1,"champ:Barbells":12,"hexamod:CandleOfCauterizing":15,"NeowsBlessing":0,"downfall:HeartBlessingRed":1,"Happy Flower":2,"bronze:DecasWashers":19,"PreservedInsect":11,"The Courier":18,"BrkXgEgg":24,"Guardian:PocketSentry":13,"War Paint":26,"Question Card":17,"White Beast Statue":9,"Akabeko":11,"bronze:BronzeIdol":6,"CaptainsWheel":11,"Bottled Flame":29,"Busted Crown":0,"Shuriken":1,"FeatherPendant":7,"BionicSphere":0,"Bronze Scales":16,"Art of War":22,"StrikeDummy":27,"bronze:MakeshiftBattery":18,"FossilizedHelix":24},{"Lantern":31,"champ:ChampStancesModRelic":0,"DaveBox":0,"MostiFishMod:Haymaker":0,"CeramicFish":3,"downfall:HeartBlessingGreen":3,"ice":0,"SynthV:C4":18,"MagicDraw1":33,"Blood Vial":4,"Nunchaku":6,"Dream Catcher":12,"downfall:BrokenWingStatue":1,"downfall:HeartBlessingBlue":11,"Ccalipers":28,"Mummified Hand":29,"DollysMirror":37,"Pantograph":15,"MealTicket":21,"Toxic Egg 2":29,"hexamod:SpiritBrand":0,"InkBottle":1,"champ:Barbells":18,"hexamod:CandleOfCauterizing":22,"NeowsBlessing":0,"downfall:HeartBlessingRed":1,"Happy Flower":2,"bronze:DecasWashers":27,"PreservedInsect":16,"The Courier":26,"BrkXgEgg":32,"Guardian:PocketSentry":20,"War Paint":34,"Question Card":24,"White Beast Statue":14,"Akabeko":16,"bronze:BronzeIdol":8,"CaptainsWheel":16,"Bottled Flame":37,"Busted Crown":0,"Shuriken":1,"FeatherPendant":11,"BionicSphere":0,"Bronze Scales":23,"Art of War":30,"StrikeDummy":35,"bronze:MakeshiftBattery":26,"FossilizedHelix":32}],"InkBottle":[42]},"card_choices":[{"not_picked":["hexamod:NightmareGuise","hexamod:ChargedBarrage"],"picked":"hexamod:EtherealExpedition","floor":0.0},{"not_picked":["hexamod:ShieldOfDarkness","hexamod:NightmareGuise"],"picked":"hexamod:SwordOfDarkness","floor":0.0},{"not_picked":["hexamod:HeatMetal","hexamod:RainOfEmbers"],"picked":"hexamod:StepThrough","floor":0.0},{"not_picked":["hexamod:HeatShield","hexamod:FlamesFromBeyond"],"picked":"hexamod:SkipABeat","floor":0.0},{"not_picked":["hexamod:GhostOfSpireFuture","hexamod:GhostLash"],"picked":"hexamod:GhostShield","floor":0.0},{"not_picked":["hexamod:NightmareGuise","hexamod:PhantomFireball"],"picked":"hexamod:Hexaguard","floor":0.0},{"not_picked":["hexamod:DynamicBlow","hexamod:Hexaguard"],"picked":"hexamod:FlamesFromBeyond","floor":0.0},{"not_picked":["hexamod:StepThrough","hexamod:AdvancingGuard"],"picked":"hexamod:SpectersWail","floor":0.0},{"not_picked":["hexamod:EmpoweredFlame","hexamod:AdvancingGuard"],"picked":"hexamod:Incineration","floor":0.0},{"not_picked":["hexamod:BurningTouch","hexamod:InspiringFlames"],"picked":"hexamod:Haunt","floor":0.0},{"not_picked":["hexamod:PhantomFireball","hexamod:ShieldOfDarkness"],"picked":"hexamod:ThirdSeal","floor":0.0},{"not_picked":["hexamod:ShieldOfDarkness","hexamod:SwordOfDarkness"],"picked":"hexamod:HeatMetal","floor":0.0},{"not_picked":["hexamod:SwordOfDarkness","hexamod:ShieldOfDarkness"],"picked":"hexamod:HeatMetal","floor":0.0},{"not_picked":["hexamod:ThermalTransfer","hexamod:BurningTouch"],"picked":"hexamod:FourthSeal","floor":0.0},{"not_picked":["hexamod:Hexaguard","hexamod:InspiringFlames"],"picked":"hexamod:EmpoweredFlame","floor":0.0},{"not_picked":[],"picked":"hexamod:TimeWarp","floor":33},{"not_picked":[],"picked":"hexamod:ApocalypticArmor","floor":39},{"not_picked":[],"picked":"hexamod:Toasty","floor":42},{"not_picked":[],"picked":"hexamod:WildfireWeapon","floor":43},{"not_picked":[],"picked":"hexamod:ApocalypseNow+1","floor":44},{"not_picked":[],"picked":"hexamod:ApocalypseNow+1","floor":46},{"not_picked":[],"picked":"hexamod:ApocalypseNow+1","floor":52}],"player_experience":287476,"relics_obtained":[{"floor":2.0,"key":"InkBottle"},{"floor":9.0,"key":"Happy Flower"},{"floor":10.0,"key":"CeramicFish"},{"floor":12.0,"key":"Blood Vial"},{"floor":14.0,"key":"Nunchaku"},{"floor":15.0,"key":"bronze:BronzeIdol"},{"floor":19,"key":"Dream Catcher"},{"floor":20,"key":"White Beast Statue"},{"floor":21,"key":"Pantograph"},{"floor":22,"key":"PreservedInsect"},{"floor":24,"key":"Akabeko"},{"floor":26,"key":"Guardian:PocketSentry"},{"floor":27,"key":"MealTicket"},{"floor":29,"key":"hexamod:CandleOfCauterizing"},{"floor":31,"key":"Bronze Scales"},{"floor":32,"key":"Question Card"},{"floor":36,"key":"bronze:DecasWashers"},{"floor":39,"key":"Ccalipers"},{"floor":40,"key":"Mummified Hand"},{"floor":41,"key":"Toxic Egg 2"},{"floor":42,"key":"Art of War"},{"floor":43,"key":"Lantern"},{"floor":44,"key":"FossilizedHelix"},{"floor":46,"key":"MagicDraw1"},{"floor":48,"key":"War Paint"},{"floor":49,"key":"StrikeDummy"},{"floor":52,"key":"Bottled Flame"}],"event_choices":[{"damage_healed":0.0,"max_hp_gain":0.0,"max_hp_loss":0.0,"gold_gain":0.0,"event_name":"Big Fish","player_choice":"Box","floor":3.0,"gold_loss":0.0,"damage_taken":0.0,"relics_obtained":["Shuriken"],"cards_obtained":["Regret"]},{"cards_removed":["Regret"],"damage_healed":0.0,"max_hp_gain":0.0,"max_hp_loss":0.0,"gold_gain":0.0,"event_name":"The Cleric","player_choice":"Card Removal","floor":5.0,"gold_loss":0.0,"damage_taken":0.0},{"damage_healed":0,"gold_gain":0,"player_choice":"Stole Relic","damage_taken":0,"relics_obtained":["CaptainsWheel"],"max_hp_gain":0,"max_hp_loss":0,"event_name":"Addict","floor":23,"gold_loss":0,"cards_obtained":["Pride"]}],"is_beta":false,"boss_relics":[{"not_picked":["Fusion Hammer","Runic Pyramid"],"picked":"FeatherPendant"},{"not_picked":["Empty Cage","hexamod:UnbrokenSoul"],"picked":"bronze:MakeshiftBattery"}],"items_purged_floors":[25,28,35],"is_endless":false,"potions_floor_spawned":[9,15,16,20,21,22,25,26,27,29,31,32,33,36,39,40,42,43,44,46,48,49,52],"ascension_level":-13}}