{"host":"t75twhtg6c476ygg","time":1611089979,"event":{"mods":["AchievementEnabler","BaseMod","Colored Powertips","Minty Spire (QoL Compilation)","Quick Restart","Relic Stats","StSLib","SuperFastMode"],"gold_per_floor":[116,46,46,46,46,71,88,88,88,122,138,138,70,93,93,189,189,203,219,238,258,183,216,216,228,228,257,356,367,377,396,396,496,496,514,524,543,588,588,588,619,619,619,251,261,112,127,127,127,127,127,127,27,61,61],"floor_reached":56,"language":"ENG","playtime":5520,"items_purged":["Strike_P+1","Strike_P+1"],"score":1431,"play_id":"816938ae-0c55-43fb-909d-392893cca200","local_time":"20210119205939","is_ascension_mode":true,"campfire_choices":[{"data":"MentalFortress","floor":8.0,"key":"SMITH"},{"data":"Tantrum","floor":12.0,"key":"SMITH"},{"data":"CarveReality","floor":15.0,"key":"SMITH"},{"data":"Eruption","floor":24.0,"key":"SMITH"},{"floor":32.0,"key":"RECALL"},{"data":"FlurryOfBlows","floor":40.0,"key":"SMITH"},{"floor":42.0,"key":"REST"},{"data":"1","floor":49.0,"key":"LIFT"},{"data":"2","floor":52.0,"key":"LIFT"}],"circlet_count":1,"master_deck":["Strike_P+1","Strike_P+1","Defend_P+1","Defend_P+1","Defend_P+1","Defend_P+1","Eruption+1","Vigilance+1","Protect+1","MentalFortress+1","Tantrum+1","FlurryOfBlows+1","FollowUp+1","CarveReality+1","LessonLearned+1","Vault+1","FlurryOfBlows+1","ReachHeaven+1","Scrawl+1","FlurryOfBlows","TalkToTheHand+1","Scrawl","ClearTheMind","Omniscience+1"],"relics":["PureWater","NeowsBlessing","WarpedTongs","Pear","Mummified Hand","Eternal Feather","Omamori","Calling Bell","MealTicket","TeardropLocket","Lizard Tail","Anchor","Boot","Lantern","Cursed Key","Bird Faced Urn","Girya","Whetstone","Bottled Lightning","Strange Spoon","Bronze Scales","Oddly Smooth Stone","Bag of Marbles","TungstenRod","Circlet","Torii"],"acts_visited":["Exordium","TheCity","TheBeyond","TheEnding"],"potions_floor_usage":[55],"damage_taken":[{"damage":0.0,"enemies":"Jaw Worm","floor":1.0,"turns":1.0},{"damage":1.0,"enemies":"Gremlin Nob","floor":6.0,"turns":1.0},{"damage":1.0,"enemies":"Small Slimes","floor":7.0,"turns":2.0},{"damage":24.0,"enemies":"Lagavulin","floor":10.0,"turns":12.0},{"damage":2.0,"enemies":"Cultist","floor":11.0,"turns":2.0},{"damage":27.0,"enemies":"The Guardian","floor":16.0,"turns":6.0},{"damage":20.0,"enemies":"2 Thieves","floor":18.0,"turns":4.0},{"damage":0.0,"enemies":"Spheric Guardian","floor":19.0,"turns":2.0},{"damage":6.0,"enemies":"Snake Plant","floor":20.0,"turns":3.0},{"damage":10.0,"enemies":"Shelled Parasite and Fungi","floor":21.0,"turns":4.0},{"damage":32.0,"enemies":"Book of Stabbing","floor":23.0,"turns":7.0},{"damage":2.0,"enemies":"Cultist and Chosen","floor":25.0,"turns":3.0},{"damage":0.0,"enemies":"Gremlin Leader","floor":27.0,"turns":3.0},{"damage":0.0,"enemies":"Snake Plant","floor":29.0,"turns":4.0},{"damage":10.0,"enemies":"Shelled Parasite and Fungi","floor":30.0,"turns":6.0},{"damage":0.0,"enemies":"Cultist and Chosen","floor":31.0,"turns":3.0},{"damage":0.0,"enemies":"Champ","floor":33.0,"turns":10.0},{"damage":2.0,"enemies":"Orb Walker","floor":35.0,"turns":4.0},{"damage":0.0,"enemies":"3 Darklings","floor":36.0,"turns":4.0},{"damage":0.0,"enemies":"Transient","floor":37.0,"turns":5.0},{"damage":6.0,"enemies":"2 Orb Walkers","floor":38.0,"turns":5.0},{"damage":52.0,"enemies":"Reptomancer","floor":41.0,"turns":6.0},{"damage":0.0,"enemies":"Sphere and 2 Shapes","floor":45.0,"turns":2.0},{"damage":0.0,"enemies":"3 Darklings","floor":47.0,"turns":2.0},{"damage":0.0,"enemies":"Donu and Deca","floor":50.0,"turns":5.0},{"damage":0,"enemies":"Shield and Spear","floor":54,"turns":3},{"damage":2,"enemies":"The Heart","floor":55,"turns":6}],"seed_played":"1636840457860789837","potions_obtained":[{"floor":7.0,"key":"Explosive Potion"},{"floor":10.0,"key":"Swift Potion"},{"floor":18.0,"key":"BottledMiracle"},{"floor":20.0,"key":"ColorlessPotion"},{"floor":23.0,"key":"Fire Potion"},{"floor":27.0,"key":"SteroidPotion"},{"floor":29.0,"key":"AttackPotion"},{"floor":37.0,"key":"Swift Potion"},{"floor":45.0,"key":"SkillPotion"},{"floor":54,"key":"EssenceOfSteel"}],"is_trial":false,"path_per_floor":["M","$","?","$","?","E","M","R","T","E","M","R","$","T","R","B",null,"M","M","M","M","?","E","R","M","T","E","?","M","M","M","R","B",null,"M","M","M","?","?","R","E","R","T","$","M","$","M","?","R","B",null,"R","$","E","B",null],"character_chosen":"WATCHER","items_purchased":["MentalFortress","CarveReality","Strange Spoon","Bronze Scales","Oddly Smooth Stone"],"campfire_rested":1,"item_purchase_floors":[2,13,44,44,46],"current_hp_per_floor":[72,72,58,58,58,67,66,66,66,42,40,49,49,49,58,31,82,62,62,56,46,46,14,23,80,80,80,80,80,70,70,79,79,82,80,80,80,74,74,78,26,61,61,76,78,78,78,78,78,78,78,78,78,78,78],"gold":61,"neow_bonus":"THREE_ENEMY_KILL","is_daily":false,"chose_seed":false,"campfire_upgraded":5,"win_rate":0.0,"timestamp":1611089979,"path_taken":["M","$","?","?","?","E","?","R","T","E","M","R","$","?","R","BOSS","M","M","M","M","?","E","R","M","T","E","?","M","?","?","R","BOSS","M","M","?","?","?","R","E","R","T","$","M","$","M","?","R","BOSS","R","$","E","BOSS"],"items_purchased_type":["Card","Card","Relic","Relic","Relic"],"build_version":"2020-12-22","purchased_purges":2,"victory":true,"max_hp_per_floor":[72,72,72,72,72,82,82,82,82,82,82,82,82,82,82,82,82,82,82,82,82,82,82,82,82,82,82,82,82,82,82,82,82,82,82,82,82,82,78,78,78,78,78,78,78,78,78,78,78,78,78,78,78,78,78],"relic_stats":{"Torii":8,"counters":[27,115],"Eternal Feather":52,"Whetstone":[],"Boot":[76],"Cursed Key":1,"WarpedTongs":[79],"Strange Spoon":[22],"Lizard Tail":0,"Mummified Hand":[30],"Bird Faced Urn":[4],"Bronze Scales":[52],"MealTicket":15,"obtain_stats":[{"Lantern":27,"Torii":55,"TeardropLocket":17,"Whetstone":41,"Boot":26,"Cursed Key":34,"Lizard Tail":17,"Mummified Hand":9,"MealTicket":17,"Girya":41,"Pear":6,"NeowsBlessing":0,"Oddly Smooth Stone":46,"Circlet":55,"Eternal Feather":10,"Omamori":14,"WarpedTongs":5,"Calling Bell":17,"Strange Spoon":44,"Anchor":23,"Bird Faced Urn":38,"Bronze Scales":44,"Bag of Marbles":54,"Bottled Lightning":43,"PureWater":0,"TungstenRod":55},{"Lantern":13,"Torii":27,"TeardropLocket":6,"Whetstone":22,"Boot":12,"Cursed Key":17,"Lizard Tail":6,"Mummified Hand":3,"MealTicket":6,"Girya":22,"Pear":2,"NeowsBlessing":0,"Oddly Smooth Stone":23,"Circlet":27,"Eternal Feather":4,"Omamori":5,"WarpedTongs":1,"Calling Bell":6,"Strange Spoon":22,"Anchor":11,"Bird Faced Urn":21,"Bronze Scales":22,"Bag of Marbles":26,"Bottled Lightning":22,"PureWater":0,"TungstenRod":27},{"Lantern":50,"Torii":112,"TeardropLocket":24,"Whetstone":97,"Boot":47,"Cursed Key":73,"Lizard Tail":24,"Mummified Hand":4,"MealTicket":24,"Girya":92,"Pear":2,"NeowsBlessing":0,"Oddly Smooth Stone":99,"Circlet":112,"Eternal Feather":16,"Omamori":18,"WarpedTongs":1,"Calling Bell":24,"Strange Spoon":97,"Anchor":44,"Bird Faced Urn":91,"Bronze Scales":97,"Bag of Marbles":109,"Bottled Lightning":97,"PureWater":0,"TungstenRod":112}],"TungstenRod":5},"card_choices":[{"not_picked":["Prostrate","Crescendo"],"picked":"Protect","floor":1.0},{"not_picked":["WheelKick","Study"],"picked":"Tantrum","floor":6.0},{"not_picked":["BowlingBash","Crescendo"],"picked":"FlurryOfBlows","floor":7.0},{"not_picked":["Brilliance","Protect"],"picked":"WindmillStrike","floor":10.0},{"not_picked":["ClearTheMind","PathToVictory"],"picked":"FollowUp","floor":11.0},{"not_picked":["CutThroughFate","CarveReality","ReachHeaven+1"],"picked":"SKIP","floor":18.0},{"not_picked":["WreathOfFlame","Study","JustLucky"],"picked":"SKIP","floor":19.0},{"not_picked":["WindmillStrike","CutThroughFate","InnerPeace"],"picked":"SKIP","floor":20.0},{"not_picked":["ForeignInfluence+1","FearNoEvil","ConjureBlade"],"picked":"SKIP","floor":21.0},{"not_picked":["ForeignInfluence","Wallop","CutThroughFate"],"picked":"SKIP","floor":23.0},{"not_picked":["Sanctity","EmptyFist","WheelKick+1"],"picked":"SKIP","floor":25.0},{"not_picked":["InnerPeace","Wish","MentalFortress"],"picked":"SKIP","floor":27.0},{"not_picked":["FollowUp","WreathOfFlame","Evaluate"],"picked":"SKIP","floor":29.0},{"not_picked":["FlyingSleeves","Halt","SashWhip"],"picked":"SKIP","floor":30.0},{"not_picked":["Collect","WaveOfTheHand","Perseverance+1"],"picked":"SKIP","floor":31.0},{"not_picked":["Wish","Omniscience"],"picked":"Vault","floor":33.0},{"not_picked":["CrushJoints+1","ThirdEye","Prostrate"],"picked":"SKIP","floor":35.0},{"not_picked":["SignatureMove","Fasting2"],"picked":"FlurryOfBlows","floor":36.0},{"not_picked":["InnerPeace+1","PathToVictory"],"picked":"ReachHeaven","floor":37.0},{"not_picked":["Consecrate+1","ClearTheMind"],"picked":"Scrawl","floor":41.0},{"not_picked":["EmptyFist+1","Prostrate"],"picked":"FlurryOfBlows","floor":45.0},{"not_picked":["SashWhip","ClearTheMind"],"picked":"TalkToTheHand+1","floor":47.0},{"not_picked":["Halt","WheelKick","ClearTheMind"],"picked":"SKIP","floor":54}],"player_experience":252779,"relics_obtained":[{"floor":6.0,"key":"Pear"},{"floor":9.0,"key":"Mummified Hand"},{"floor":10.0,"key":"Eternal Feather"},{"floor":14.0,"key":"Omamori"},{"floor":17.0,"key":"MealTicket"},{"floor":17.0,"key":"TeardropLocket"},{"floor":17.0,"key":"Lizard Tail"},{"floor":23.0,"key":"Anchor"},{"floor":26.0,"key":"Boot"},{"floor":27.0,"key":"Lantern"},{"floor":38.0,"key":"Bird Faced Urn"},{"floor":41.0,"key":"Whetstone"},{"floor":43.0,"key":"Bottled Lightning"},{"floor":54,"key":"Bag of Marbles"}],"event_choices":[{"damage_healed":0.0,"max_hp_gain":0.0,"max_hp_loss":0.0,"gold_gain":0.0,"event_name":"Shining Light","player_choice":"Entered Light","floor":3.0,"gold_loss":0.0,"damage_taken":14.0,"cards_upgraded":["Strike_P","Defend_P"]},{"damage_healed":0.0,"max_hp_gain":0.0,"max_hp_loss":0.0,"gold_gain":0.0,"event_name":"Accursed Blacksmith","player_choice":"Rummage","floor":5.0,"gold_loss":0.0,"damage_taken":0.0,"relics_obtained":["WarpedTongs"],"cards_obtained":["Pain"]},{"cards_removed":["WindmillStrike"],"damage_healed":0.0,"max_hp_gain":0.0,"max_hp_loss":0.0,"gold_gain":0.0,"event_name":"Beggar","player_choice":"Gave Gold","floor":22.0,"gold_loss":75.0,"damage_taken":0.0},{"damage_healed":0.0,"max_hp_gain":0.0,"max_hp_loss":0.0,"gold_gain":99.0,"event_name":"Nest","player_choice":"Stole From Cult","floor":28.0,"gold_loss":0.0,"damage_taken":0.0},{"damage_healed":0.0,"max_hp_gain":0.0,"max_hp_loss":0.0,"gold_gain":0.0,"event_name":"Mysterious Sphere","player_choice":"Fight","floor":38.0,"gold_loss":0.0,"damage_taken":0.0},{"damage_healed":0.0,"max_hp_gain":0.0,"max_hp_loss":4.0,"gold_gain":0.0,"event_name":"Winding Halls","player_choice":"Max HP","floor":39.0,"gold_loss":0.0,"damage_taken":0.0},{"damage_healed":0.0,"max_hp_gain":0.0,"max_hp_loss":0.0,"gold_gain":0.0,"event_name":"Match and Keep!","player_choice":"2 cards matched","floor":48.0,"gold_loss":0.0,"damage_taken":0.0,"cards_obtained":["Scrawl","ClearTheMind"]}],"is_beta":false,"boss_relics":[{"not_picked":["Runic Pyramid","Snecko Eye"],"picked":"Calling Bell"},{"not_picked":["HolyWater","Black Star"],"picked":"Cursed Key"}],"items_purged_floors":[44,53],"is_endless":false,"potions_floor_spawned":[7,10,18,20,23,27,29,37,45,54],"ascension_level":1}}