{"host":"kq2g769nefmuyn7c","time":1611070237,"event":{"mods":["ATMod(°¢èªMod)","Act Like it!","BaseMod","Gensokyo","Koishi","Minty Spire (QoL Compilation)","Remilia£¨ÀÙÃ×ÀòÑÇ£©","Replay The Spire","StSLib","The Servant 0.9.4"],"gold_per_floor":[10,28,43,43,43,43,60,60,60,60,93,105,140,156,156,256,256,266,57,407,424,437,437,437,437],"floor_reached":24,"language":"ZHS","playtime":2186,"items_purged":[],"score":310,"play_id":"8973c986-2ca0-4c10-93df-3f1886c397a7","local_time":"20210119233037","is_ascension_mode":true,"campfire_choices":[{"data":"AT_FamilyPortrait","floor":6,"key":"SMITH"},{"data":"Flame Barrier","floor":8,"key":"SMITH"},{"data":"Pommel Strike","floor":15,"key":"SMITH"},{"data":"Berserk","floor":23,"key":"SMITH"}],"circlet_count":0,"master_deck":["Strike_R","Strike_R+1","Defend_R","Defend_R","Defend_R","Bash","AT_FamilyPortrait+1","Pommel Strike+1","Flame Barrier+1","Disarm","Headbutt","AT_DrawKnifeCut","Demonic Infusion","Replay:Many Hands","Pommel Strike+1","Offering+1","Shockwave","Berserk+1","Evolve","Dark Embrace","AT_CaressingTears+1","Amnesia","Amnesia","Gensokyo:AllTheWorldsEvil","ReplayTheSpireMod:Limb From Limb"],"relics":["Burning Blood","AT_ATBox","Replay:Bottled Snecko","AT_DeathDance","Anchor","Runic Cube","Orrery","Ring of Fury","Ring of Greed","Membership Card","Old Coin"],"acts_visited":["Exordium","TheCity"],"potions_floor_usage":[7],"damage_taken":[{"damage":6,"enemies":"Cultist","floor":1,"turns":3},{"damage":7,"enemies":"Jaw Worm","floor":2,"turns":3},{"damage":9,"enemies":"2 Louse","floor":3,"turns":2},{"damage":0,"enemies":"Lots of Slimes","floor":7,"turns":3},{"damage":18,"enemies":"Gremlin Nob","floor":11,"turns":3},{"damage":0,"enemies":"3 Louse","floor":12,"turns":1},{"damage":21,"enemies":"3 Sentries","floor":13,"turns":5},{"damage":0,"enemies":"2 Fungi Beasts","floor":14,"turns":2},{"damage":0,"enemies":"Slime Boss","floor":16,"turns":6},{"damage":36,"enemies":"Chosen","floor":18,"turns":8},{"damage":21,"enemies":"2 Thieves","floor":21,"turns":3},{"damage":24,"enemies":"Chosen and Byrds","floor":22,"turns":6},{"damage":21,"enemies":"Slavers","floor":24,"turns":2}],"seed_played":"5619419651303575465","potions_obtained":[{"floor":3,"key":"PowerPotion"},{"floor":7,"key":"Strength Potion"},{"floor":11,"key":"Explosive Potion"},{"floor":14,"key":"Dexterity Potion"}],"is_trial":false,"path_per_floor":["M","M","M","?","?","R","M","R","T","?","E","M","E","M","R","B",null,"M","$","?","M","M","R","E"],"character_chosen":"IRONCLAD","items_purchased":["Orrery","AT_CaressingTears+1"],"campfire_rested":0,"item_purchase_floors":[19,19],"current_hp_per_floor":[80,79,77,77,61,61,67,67,67,67,55,61,46,52,52,58,80,50,50,50,35,17,17,0,0],"gold":437,"neow_bonus":"REMOVE_TWO","is_daily":false,"chose_seed":false,"campfire_upgraded":4,"win_rate":0.0,"timestamp":1611070237,"path_taken":["M","M","M","?","?","R","M","R","T","?","E","M","E","M","R","BOSS","M","?","?","M","M","R","E"],"items_purchased_type":["Relic","Card"],"build_version":"2020-12-22","purchased_purges":0,"victory":false,"max_hp_per_floor":[80,80,80,80,80,80,80,80,80,80,80,80,80,80,80,80,80,80,80,80,80,80,80,80,80],"card_choices":[{"not_picked":["Wild Strike","Iron Wave","Blood for Blood"],"picked":"SKIP","floor":1},{"not_picked":["Perfected Strike","Sever Soul"],"picked":"Pommel Strike","floor":2},{"not_picked":["AT_IchimonjiDouble","Sever Soul"],"picked":"Flame Barrier","floor":3},{"not_picked":["Heavy Blade","Uppercut"],"picked":"AT_DrawKnifeCut","floor":11},{"not_picked":["Perfected Strike","Armaments"],"picked":"Demonic Infusion","floor":12},{"not_picked":["Shrug It Off","Rampage"],"picked":"Replay:Many Hands","floor":13},{"not_picked":["Cleave","Searing Blow"],"picked":"Pommel Strike","floor":14},{"not_picked":["Feed","Replay:Many Hands"],"picked":"Offering","floor":16},{"not_picked":["Warcry+1","Cleave+1","Replay:Undeath\u0027s Touch"],"picked":"SKIP","floor":18},{"not_picked":["Headbutt+1","Clash"],"picked":"Shockwave","floor":19},{"not_picked":["Perfected Strike+1","Shrug It Off"],"picked":"Berserk","floor":19},{"not_picked":["Flex","Heavy Blade"],"picked":"Evolve","floor":19},{"not_picked":["Sword Boomerang+1","Wild Strike+1"],"picked":"Dark Embrace","floor":19},{"not_picked":["Iron Wave+1","Havoc","Pommel Strike"],"picked":"SKIP","floor":21},{"not_picked":["Headbutt","Exhume"],"picked":"ReplayTheSpireMod:Limb From Limb","floor":22}],"player_experience":290994,"relics_obtained":[{"floor":9,"key":"Replay:Bottled Snecko"},{"floor":11,"key":"AT_DeathDance"},{"floor":13,"key":"Anchor"},{"floor":20,"key":"Ring of Fury"},{"floor":20,"key":"Ring of Greed"},{"floor":20,"key":"Membership Card"},{"floor":20,"key":"Old Coin"}],"event_choices":[{"damage_healed":0,"gold_gain":0,"cards_transformed":["Strike_R"],"player_choice":"Change","damage_taken":0,"max_hp_gain":0,"max_hp_loss":0,"event_name":"Living Wall","floor":4,"gold_loss":0,"cards_obtained":["Disarm"]},{"damage_healed":0,"gold_gain":0,"player_choice":"Entered Light","damage_taken":16,"max_hp_gain":0,"max_hp_loss":0,"event_name":"Shining Light","floor":5,"gold_loss":0,"cards_upgraded":["Strike_R","Pommel Strike"]},{"damage_healed":0,"gold_gain":0,"cards_transformed":["Strike_R"],"player_choice":"Transformed","damage_taken":0,"max_hp_gain":0,"max_hp_loss":0,"event_name":"Transmorgrifier","floor":10,"gold_loss":0,"cards_obtained":["Headbutt"]}],"is_beta":false,"boss_relics":[{"not_picked":["Honey Jar","Ectoplasm"],"picked":"Runic Cube"}],"items_purged_floors":[],"is_endless":false,"potions_floor_spawned":[3,7,11,14,16,18],"killed_by":"Slavers","ascension_level":4}}