{"host":"q0qnzbgdx8oqogg9","time":1611014924,"event":{"mods":["BaseMod","Minty Spire (QoL Compilation)","Slay-I","StSLib"],"gold_per_floor":[111,128,145,158,158,185,185,204,227,257,45,62,73,58,58,160,160,179,179,165,264,290,290,322,41,65,65,99,4,4,15,15,15,15],"floor_reached":33,"language":"ENG","playtime":1295,"items_purged":[],"score":427,"play_id":"2c1cb1fb-f736-4276-b455-370b62afa83c","local_time":"20210118190844","is_ascension_mode":true,"campfire_choices":[{"data":"Berserk","floor":7.0,"key":"SMITH"},{"data":"Armaments","floor":15,"key":"SMITH"},{"data":"Battle Trance","floor":23,"key":"SMITH"},{"data":"Whirlwind","floor":32,"key":"SMITH"}],"circlet_count":0,"master_deck":["Defend_R","Defend_R","Defend_R","Defend_R+1","Bash","Berserk+1","Whirlwind+1","Clothesline","Anger","Armaments+1","Battle Trance+1","Spot Weakness","Feed","Pummel","Iron Wave","Double Tap","True Grit+1","Bite","Bite","Bite","Bite","Bite","Ghostly Armor","Immolate","Inflame","Immolate","Dark Shackles","Flame Barrier+1"],"relics":["Burning Blood","Pen Nib","Oddly Smooth Stone","Bag of Preparation","Omamori","SacredBark","Akabeko","War Paint","Paper Frog","Nloth\u0027s Gift"],"acts_visited":["Exordium","TheCity"],"potions_floor_usage":[8,24,24],"damage_taken":[{"damage":1.0,"enemies":"Cultist","floor":1.0,"turns":4.0},{"damage":1.0,"enemies":"2 Louse","floor":2.0,"turns":6.0},{"damage":15.0,"enemies":"Small Slimes","floor":3.0,"turns":4.0},{"damage":8.0,"enemies":"Blue Slaver","floor":4.0,"turns":3.0},{"damage":30.0,"enemies":"Gremlin Nob","floor":6.0,"turns":4.0},{"damage":0,"enemies":"3 Louse","floor":8,"turns":1},{"damage":9,"enemies":"Large Slime","floor":12,"turns":8},{"damage":8,"enemies":"Lots of Slimes","floor":13,"turns":3},{"damage":0,"enemies":"Exordium Thugs","floor":14,"turns":4},{"damage":34,"enemies":"Slime Boss","floor":16,"turns":8},{"damage":25,"enemies":"Shell Parasite","floor":18,"turns":9},{"damage":19,"enemies":"2 Thieves","floor":20,"turns":4},{"damage":7,"enemies":"Slavers","floor":24,"turns":4},{"damage":4,"enemies":"Gremlin Leader","floor":28,"turns":5},{"damage":8,"enemies":"Sentry and Sphere","floor":31,"turns":4},{"damage":107,"enemies":"Champ","floor":33,"turns":12}],"seed_played":"3751568811610135102","potions_obtained":[{"floor":1.0,"key":"BlessingOfTheForge"},{"floor":3.0,"key":"Strength Potion"},{"floor":4.0,"key":"BlessingOfTheForge"},{"floor":8,"key":"Explosive Potion"},{"floor":28,"key":"EntropicBrew"}],"is_trial":false,"path_per_floor":["M","M","M","M","?","E","R","M","T","?","$","M","M","M","R","B",null,"M","?","M","?","T","R","E","$","T","?","E","$","?","M","R","B"],"character_chosen":"IRONCLAD","items_purchased":["Spot Weakness","Feed","Immolate","Inflame","Energy Potion","Dark Shackles"],"campfire_rested":0,"item_purchase_floors":[11,11,25,25,25,29],"current_hp_per_floor":[77,80,71,69,57,33,33,39,39,39,39,39,41,47,47,22,73,57,57,53,53,53,53,55,55,55,55,72,72,72,75,75,0,0],"gold":15,"neow_bonus":"ONE_RANDOM_RARE_CARD","is_daily":false,"chose_seed":false,"campfire_upgraded":4,"win_rate":0.0,"timestamp":1611014924,"path_taken":["M","?","M","M","?","E","R","M","T","?","$","M","M","M","R","BOSS","M","?","M","?","?","R","E","$","T","?","E","$","?","M","R","BOSS"],"items_purchased_type":["Card","Card","Card","Card","Potion","Card"],"build_version":"2020-12-22","purchased_purges":0,"victory":false,"max_hp_per_floor":[80,80,80,80,80,80,80,80,80,80,80,83,87,87,87,90,90,93,65,68,68,68,68,71,71,71,71,75,75,75,75,75,75,75],"card_choices":[{"not_picked":["Twin Strike","Entrench"],"picked":"Whirlwind","floor":1.0},{"not_picked":["Body Slam","Bloodletting"],"picked":"Clothesline","floor":2.0},{"not_picked":["Burning Pact","Twin Strike"],"picked":"Anger","floor":3.0},{"not_picked":["Wild Strike","Pommel Strike"],"picked":"Armaments","floor":4.0},{"not_picked":["Fire Breathing","Wild Strike","Heavy Blade"],"picked":"SKIP","floor":6.0},{"not_picked":["Flex","Thunderclap"],"picked":"Battle Trance","floor":8},{"not_picked":["Shrug It Off","Anger"],"picked":"Pummel","floor":12},{"not_picked":["Twin Strike","Whirlwind","Hemokinesis"],"picked":"SKIP","floor":13},{"not_picked":["Flex","Anger"],"picked":"Iron Wave","floor":14},{"not_picked":["Demon Form","Bludgeon"],"picked":"Double Tap","floor":16},{"not_picked":["Sentinel","Anger+1"],"picked":"True Grit","floor":18},{"not_picked":["Sword Boomerang","Sever Soul"],"picked":"Ghostly Armor","floor":20},{"not_picked":["Thunderclap","Cleave","Sever Soul"],"picked":"SKIP","floor":24},{"not_picked":["Shrug It Off","Carnage"],"picked":"Immolate","floor":28},{"not_picked":["Iron Wave+1","Burning Pact+1"],"picked":"Flame Barrier+1","floor":31}],"player_experience":232761,"relics_obtained":[{"floor":6.0,"key":"Oddly Smooth Stone"},{"floor":9,"key":"Bag of Preparation"},{"floor":22,"key":"Akabeko"},{"floor":24,"key":"War Paint"},{"floor":26,"key":"Juzu Bracelet"},{"floor":28,"key":"Paper Frog"}],"event_choices":[{"damage_healed":0.0,"max_hp_gain":0.0,"max_hp_loss":0.0,"gold_gain":0.0,"event_name":"Scrap Ooze","player_choice":"Success","floor":5.0,"gold_loss":0.0,"damage_taken":12.0,"relics_obtained":["Pen Nib"]},{"damage_healed":0,"gold_gain":30,"player_choice":"Searched \u00273\u0027 times","damage_taken":0,"relics_obtained":["Omamori"],"max_hp_gain":0,"max_hp_loss":0,"event_name":"Dead Adventurer","floor":10,"gold_loss":0},{"damage_healed":0,"gold_gain":0,"player_choice":"Became a vampire","damage_taken":0,"max_hp_gain":0,"max_hp_loss":28,"event_name":"Vampires","floor":19,"gold_loss":0,"cards_obtained":["Bite","Bite","Bite","Bite","Bite"]},{"damage_healed":0,"gold_gain":99,"player_choice":"Stole From Cult","damage_taken":0,"max_hp_gain":0,"max_hp_loss":0,"event_name":"Nest","floor":21,"gold_loss":0},{"damage_healed":0,"gold_gain":0,"player_choice":"Smashed Altar","damage_taken":0,"max_hp_gain":0,"max_hp_loss":0,"event_name":"Forgotten Altar","floor":27,"gold_loss":0,"cards_obtained":["Decay"]},{"damage_healed":0,"gold_gain":0,"player_choice":"Traded Relic","damage_taken":0,"relics_obtained":["Nloth\u0027s Gift"],"max_hp_gain":0,"max_hp_loss":0,"event_name":"N\u0027loth","floor":30,"relics_lost":["Juzu Bracelet"],"gold_loss":0}],"is_beta":false,"boss_relics":[{"not_picked":["Runic Dome","Busted Crown"],"picked":"SacredBark"}],"items_purged_floors":[],"is_endless":false,"potions_floor_spawned":[1,3,4,8,14,28],"killed_by":"Champ","ascension_level":8}}