{"host":"xp5rvh2jwe2ejyfm","time":1611091703,"event":{"mods":["BaseMod","Hermit","Minty Spire (QoL Compilation)","Replay The Spire","StSLib","The Construct","The Cursed","The Disciple","The Hierophant","The Necromancer","The Runesmith"],"gold_per_floor":[119,137,192,192,205,249,40,215,215,215,215,229,254,267,267,387,387,406,425,441,441,466,506,529,529,529,554,585,585,599,192,192,312,312,336,359,359,384,408,451,451,451,505,505,526,526,547,561,561,561],"floor_reached":51,"language":"ENG","playtime":2496,"items_purged":["construct:HeatedDefend"],"score":730,"play_id":"fea98fdd-04cf-4df9-8c50-38694fe3fff5","local_time":"20210119162823","is_ascension_mode":false,"campfire_choices":[{"floor":11,"key":"REST"},{"floor":15,"key":"REST"},{"floor":25,"key":"REST"},{"floor":32,"key":"DIG"},{"floor":42,"key":"REST"},{"data":"TheCursedMod:VoidForm","floor":44,"key":"SMITH"},{"data":"TheCursedMod:SaltUponWound","floor":46,"key":"SMITH"}],"circlet_count":0,"master_deck":["TheCursedMod:Strike_TheCursed","TheCursedMod:Strike_TheCursed","TheCursedMod:Strike_TheCursed","TheCursedMod:Strike_TheCursed","TheCursedMod:Defend_TheCursed","TheCursedMod:Defend_TheCursed","TheCursedMod:Defend_TheCursed","TheCursedMod:Defend_TheCursed","TheCursedMod:CursedWand","TheCursedMod:CleanUpWorkshop","TheCursedMod:Dregs","Strike_R","TheCursedMod:Torture","TheCursedMod:CircleOfCorruption+1","ReplayTheSpireMod:Splinters","TheCursedMod:CursedSpellbook+1","Injury","TheCursedMod:CursedBlade","TheCursedMod:SoulReap","TheCursedMod:CursedWand","TheCursedMod:Hemoplague+1","Doubt","TheCursedMod:CircleOfBlood","TheCursedMod:Hemoplague","TheCursedMod:AbyssShockwave","TheCursedMod:CircleOfAbyss+1","TheCursedMod:SaltUponWound+1","TheCursedMod:CursedMace","TheCursedMod:SpitefulStrike","TheCursedMod:HellsGateOpen+1","TheCursedMod:CircleOfFocus","TheCursedMod:ReleasedStrength+1","TheCursedMod:CursedBlade","TheCursedMod:SpreadPlague","TheCursedMod:VitalStrike+1","TheCursedMod:EmpowerCircles","Specialist","TheCursedMod:SpitefulStrike","TheCursedMod:VoidForm+1","TheCursedMod:ReleasedStrength","TheCursedMod:SmokeScreen","TheCursedMod:Hemoplague+1","TheCursedMod:CursedAmulet+1","TheCursedMod:Torture+1","TheCursedMod:CircleOfCorruption+1","Parasite","TheCursedMod:CursedBoomerang+1","TheCursedMod:Stretching+1"],"relics":["TheCursedMod:BlackMagic101","Unceasing Top","Garlic","Golden Idol","Darkstone Periapt","DollysMirror","Tiny Chest","Painkiller Herb","Eternal Feather","Mirror","TheCursedMod:SoulVessel","Red Mask","Guide Book","Vajra","SlaversCollar","Counterbalance","Orichalcum"],"acts_visited":["Exordium","TheCity","TheBeyond"],"potions_floor_usage":[6,6,16,28,40,40,50,50],"damage_taken":[{"damage":11,"enemies":"Cultist","floor":1,"turns":6},{"damage":3,"enemies":"2 Louse","floor":2,"turns":2},{"damage":10,"enemies":"Jaw Worm","floor":5,"turns":4},{"damage":45,"enemies":"Lagavulin","floor":6,"turns":7},{"damage":0,"enemies":"3 Louse","floor":12,"turns":2},{"damage":0,"enemies":"2 Fungi Beasts","floor":13,"turns":3},{"damage":0,"enemies":"Lots of Slimes","floor":14,"turns":4},{"damage":65,"enemies":"The Guardian","floor":16,"turns":9},{"damage":0,"enemies":"3 Byrds","floor":18,"turns":4},{"damage":8,"enemies":"Shell Parasite","floor":19,"turns":4},{"damage":28,"enemies":"Centurion and Healer","floor":20,"turns":6},{"damage":7,"enemies":"3 Cultists","floor":22,"turns":4},{"damage":36,"enemies":"Book of Stabbing","floor":23,"turns":5},{"damage":0,"enemies":"Snake Plant","floor":24,"turns":4},{"damage":12,"enemies":"Snecko","floor":27,"turns":4},{"damage":7,"enemies":"Masked Bandits","floor":28,"turns":4},{"damage":20,"enemies":"Shelled Parasite and Fungi","floor":30,"turns":5},{"damage":71,"enemies":"Automaton","floor":33,"turns":8},{"damage":0,"enemies":"Orb Walker","floor":35,"turns":3},{"damage":23,"enemies":"3 Darklings","floor":36,"turns":4},{"damage":21,"enemies":"Sphere and 2 Shapes","floor":38,"turns":4},{"damage":37,"enemies":"Maw","floor":39,"turns":7},{"damage":52,"enemies":"Giant Head","floor":40,"turns":8},{"damage":22,"enemies":"Jaw Worm Horde","floor":45,"turns":4},{"damage":12,"enemies":"Writhing Mass","floor":47,"turns":4},{"damage":1,"enemies":"Transient","floor":48,"turns":5},{"damage":82,"enemies":"Replay:Hell Engine","floor":50,"turns":9}],"seed_played":"3763108153903412429","potions_obtained":[{"floor":2,"key":"SpeedPotion"},{"floor":3,"key":"ColorlessPotion"},{"floor":5,"key":"LiquidMemories"},{"floor":14,"key":"DistilledChaos"},{"floor":18,"key":"construct:ShiftPotion"},{"floor":23,"key":"ColorlessPotion"},{"floor":24,"key":"TheCursedMod:DregsPotion"},{"floor":33,"key":"Strength Potion"},{"floor":35,"key":"Toxic Potion"},{"floor":45,"key":"SneckoOil"},{"floor":47,"key":"FearPotion"}],"is_trial":false,"path_per_floor":["M","M","?","?","M","E","$","?","T","?","R","M","M","M","R","B",null,"?","?","?","T","?","E","?","T","T","?","?","?","?","T","T","B",null,"?","?","?","?","?","E","T","T","T","T","?","T","?","?","T","B",null],"character_chosen":"THE_CURSED","items_purchased":["DollysMirror","TheCursedMod:Hemoplague+1","Guide Book","TheCursedMod:EmpowerCircles","Specialist","TheCursedMod:SpitefulStrike"],"campfire_rested":4,"item_purchase_floors":[7,7,31,31,31,31],"current_hp_per_floor":[64,61,61,61,51,6,6,12,12,12,36,36,45,54,78,18,81,81,75,56,56,56,29,36,78,78,71,74,74,69,69,81,35,81,81,64,64,48,31,7,7,55,55,79,78,81,76,87,87,12],"gold":561,"neow_bonus":"ONE_RARE_RELIC","is_daily":false,"chose_seed":false,"campfire_upgraded":2,"win_rate":0.0,"timestamp":1611091703,"path_taken":["M","M","?","?","M","E","$","?","T","?","R","M","?","M","R","BOSS","?","?","?","?","?","E","?","T","T","?","?","?","?","T","T","BOSS","?","?","?","?","?","E","?","T","T","T","?","T","?","?","T","BOSS"],"items_purchased_type":["Relic","Card","Relic","Card","Card","Card"],"build_version":"2020-12-22","purchased_purges":1,"victory":true,"max_hp_per_floor":[75,75,75,75,75,75,75,81,81,81,81,81,81,81,81,81,81,81,81,81,81,81,81,81,81,81,81,81,81,81,81,81,81,81,81,81,81,81,81,81,81,81,81,81,81,81,87,87,87,87],"card_choices":[{"not_picked":["TheCursedMod:PrepareRite","TheCursedMod:FleshFromBone"],"picked":"TheCursedMod:Torture","floor":1},{"not_picked":["TheCursedMod:SoulReap","TheCursedMod:FuryStrike"],"picked":"TheCursedMod:CircleOfCorruption","floor":2},{"not_picked":["TheCursedMod:CursedMace","TheCursedMod:TacticalStrike"],"picked":"TheCursedMod:CursedSpellbook","floor":3},{"not_picked":["TheCursedMod:LuckyCharm","TheCursedMod:RavingStaff"],"picked":"TheCursedMod:CursedBlade","floor":5},{"not_picked":["TheCursedMod:ReleasedKnowledge","TheCursedMod:WearCloak"],"picked":"TheCursedMod:SoulReap","floor":6},{"not_picked":["TheCursedMod:SpitefulStrike","TheCursedMod:AbyssShockwave"],"picked":"TheCursedMod:CircleOfBlood","floor":12},{"not_picked":["TheCursedMod:Obscuration","TheCursedMod:CursedMace"],"picked":"TheCursedMod:Hemoplague","floor":13},{"not_picked":["TheCursedMod:CircleOfCorruption","TheCursedMod:Torture"],"picked":"TheCursedMod:AbyssShockwave","floor":14},{"not_picked":["TheCursedMod:ParallelWorld","TheCursedMod:ForbiddenAlchemy"],"picked":"TheCursedMod:CircleOfAbyss","floor":16},{"not_picked":["TheCursedMod:Torture","TheCursedMod:DoubleShield"],"picked":"TheCursedMod:SaltUponWound","floor":18},{"not_picked":["TheCursedMod:Wield","TheCursedMod:TroublousMinions+1"],"picked":"TheCursedMod:CursedMace","floor":19},{"not_picked":["TheCursedMod:CircleOfCorruption","TheCursedMod:FleshFromBone"],"picked":"TheCursedMod:SpitefulStrike","floor":20},{"not_picked":["TheCursedMod:Wield","TheCursedMod:SurpriseAttack"],"picked":"TheCursedMod:HellsGateOpen+1","floor":22},{"not_picked":["TheCursedMod:CursedAmulet+1","TheCursedMod:SmokeScreen"],"picked":"TheCursedMod:CircleOfFocus","floor":23},{"not_picked":["TheCursedMod:Wield","TheCursedMod:CircleOfCorruption+1"],"picked":"TheCursedMod:ReleasedStrength+1","floor":24},{"not_picked":["TheCursedMod:RapidMovement","TheCursedMod:ParallelWorld"],"picked":"TheCursedMod:CursedBlade","floor":27},{"not_picked":["TheCursedMod:StingEye","TheCursedMod:WearCloak+1"],"picked":"TheCursedMod:SpreadPlague","floor":28},{"not_picked":["TheCursedMod:CursedShiv","TheCursedMod:SurpriseAttack+1"],"picked":"TheCursedMod:VitalStrike+1","floor":30},{"not_picked":["TheCursedMod:StunningStrike","TheCursedMod:CursedRelics"],"picked":"TheCursedMod:VoidForm","floor":33},{"not_picked":["TheCursedMod:Stigma+1","TheCursedMod:CircleOfAmplification+1"],"picked":"TheCursedMod:ReleasedStrength","floor":35},{"not_picked":["TheCursedMod:Stretching","TheCursedMod:AshesToAshes"],"picked":"TheCursedMod:SmokeScreen","floor":36},{"not_picked":["TheCursedMod:SpitefulStrike+1","TheCursedMod:CircleOfAmplification"],"picked":"TheCursedMod:Hemoplague+1","floor":38},{"not_picked":["TheCursedMod:Wield+1","TheCursedMod:CircleOfCorruption+1"],"picked":"TheCursedMod:CursedAmulet+1","floor":39},{"not_picked":["TheCursedMod:VitalStrike","TheCursedMod:EmpowerCircles+1"],"picked":"TheCursedMod:Torture+1","floor":40},{"not_picked":["TheCursedMod:HellsGateOpen","TheCursedMod:CursedMace"],"picked":"TheCursedMod:CircleOfCorruption+1","floor":45},{"not_picked":["TheCursedMod:Stretching","TheCursedMod:Obscuration+1"],"picked":"TheCursedMod:CursedBoomerang+1","floor":47},{"not_picked":["TheCursedMod:AshesToAshes","TheCursedMod:Obscuration"],"picked":"TheCursedMod:Stretching+1","floor":48}],"player_experience":258416,"relics_obtained":[{"floor":3,"key":"Garlic"},{"floor":6,"key":"Darkstone Periapt"},{"floor":9,"key":"Tiny Chest"},{"floor":21,"key":"Eternal Feather"},{"floor":23,"key":"Mirror"},{"floor":26,"key":"TheCursedMod:SoulVessel"},{"floor":28,"key":"Red Mask"},{"floor":32,"key":"Vajra"},{"floor":40,"key":"Counterbalance"},{"floor":41,"key":"Orichalcum"}],"event_choices":[{"damage_healed":0,"gold_gain":0,"player_choice":"Take Wound","damage_taken":0,"relics_obtained":["Golden Idol"],"max_hp_gain":0,"max_hp_loss":0,"event_name":"Golden Idol","floor":4,"gold_loss":0,"cards_obtained":["Injury"]},{"damage_healed":0,"gold_gain":175,"player_choice":"AGREE","damage_taken":0,"max_hp_gain":0,"max_hp_loss":0,"event_name":"Liars Game","floor":8,"gold_loss":0,"cards_obtained":["Doubt"]},{"damage_healed":0,"gold_gain":0,"player_choice":"0 cards matched","damage_taken":0,"max_hp_gain":0,"max_hp_loss":0,"event_name":"Match and Keep!","floor":10,"gold_loss":0,"cards_obtained":[]},{"damage_healed":0,"gold_gain":0,"player_choice":"Fought Bandits","damage_taken":0,"max_hp_gain":0,"max_hp_loss":0,"event_name":"Masked Bandits","floor":28,"gold_loss":0},{"damage_healed":0,"gold_gain":0,"player_choice":"Ignored","damage_taken":0,"max_hp_gain":0,"max_hp_loss":0,"event_name":"Ghosts","floor":29,"gold_loss":0},{"damage_healed":0,"gold_gain":0,"player_choice":"Bought 0 Potions","damage_taken":0,"max_hp_gain":0,"max_hp_loss":0,"event_name":"The Woman in Blue","floor":37,"gold_loss":0}],"is_beta":false,"boss_relics":[{"not_picked":["Runesmith:UraniumAnvil","Coffee Dripper"],"picked":"Painkiller Herb"},{"not_picked":["Replay:Wanted Poster","Philosopher\u0027s Stone"],"picked":"SlaversCollar"}],"items_purged_floors":[31],"is_endless":false,"potions_floor_spawned":[2,5,14,18,23,24,33,35,38,45,47,48],"ascension_level":0}}