{"host":"19stjawbpc2pvkmg","time":1611078605,"event":{"mods":["Always Whale","BaseMod","Faster Ascension Climbing","Hubris","Infinite Spire","Mimic Mod","Minty Spire (QoL Compilation)","Replay The Spire","Shop Mod","StSLib","The Necromancer"],"gold_per_floor":[118,118,136,147,71,98,111,111,111],"floor_reached":8,"language":"ENG","playtime":325,"items_purged":[],"score":116,"play_id":"4a747930-4c56-4c9c-a1c4-d71ebf2ced58","local_time":"20210119185005","is_ascension_mode":true,"campfire_choices":[],"circlet_count":0,"master_deck":["AscendersBane","Strike_W","Strike_W","Strike_W","Strike_W","Defend_W","Defend_W","Defend_W","Negative_Energy_Arrows","Bone_Wall","Vampiric_Strike","Cloudkill","Negative_Energy_Shield","Spectral_Armor","Summon_Undead","Siphon_Strength"],"relics":["Sozu","Omamori"],"acts_visited":["Exordium"],"potions_floor_usage":[],"damage_taken":[{"damage":0,"enemies":"Small Slimes","floor":1,"turns":3},{"damage":0,"enemies":"Cultist","floor":3,"turns":3},{"damage":2,"enemies":"2 Louse","floor":4,"turns":2},{"damage":2,"enemies":"Replay:BlueRogue","floor":6,"turns":6},{"damage":29,"enemies":"Gremlin Gang","floor":7,"turns":4},{"damage":35,"enemies":"Gremlin Nob","floor":8,"turns":3}],"seed_played":"-405494948791814619","potions_obtained":[],"is_trial":false,"path_per_floor":["M","?","M","M","$","E","M","E"],"character_chosen":"NECROMANCER","items_purchased":["Spectral_Armor"],"campfire_rested":0,"item_purchase_floors":[5],"current_hp_per_floor":[64,64,66,64,64,62,33,0,0],"gold":111,"neow_bonus":"BOSS_RELIC","is_daily":false,"chose_seed":false,"campfire_upgraded":0,"win_rate":0.0,"timestamp":1611078605,"path_taken":["M","?","?","M","$","E","M","E"],"items_purchased_type":["Card"],"build_version":"2020-12-22","purchased_purges":0,"victory":false,"max_hp_per_floor":[71,71,71,71,71,71,71,71,71],"card_choices":[{"not_picked":["Negative_Energy_Sphere","Death_Coil"],"picked":"Vampiric_Strike","floor":1},{"not_picked":["Death_Coil","Negative_Energy_Sphere"],"picked":"Cloudkill","floor":3},{"not_picked":["Blood_Curse","Shackles_Of_Pain"],"picked":"Negative_Energy_Shield","floor":4},{"not_picked":["Negative_Energy_Javelin","Death_March_Dance"],"picked":"Summon_Undead","floor":6},{"not_picked":["Toxic_Smoke_Screen","Blood_Magic"],"picked":"Siphon_Strength","floor":7}],"player_experience":424926,"relics_obtained":[{"floor":6,"key":"Omamori"}],"event_choices":[{"cards_removed":["Defend_W"],"damage_healed":0,"gold_gain":0,"player_choice":"Offered Basic","damage_taken":0,"max_hp_gain":0,"max_hp_loss":0,"event_name":"Bonfire Elementals","floor":2,"gold_loss":0}],"is_beta":false,"boss_relics":[],"items_purged_floors":[],"is_endless":false,"potions_floor_spawned":[4,6],"killed_by":"Gremlin Nob","ascension_level":20}}