{"host":"neshiy0twyn5josp","time":1611054760,"event":{"mods":["AchievementEnabler","Act Like it!","AlwaysNeverKeys","Aspiration","BaseMod","Better Note","Better Silent Start","Better Third Choice","Challenge The Spire","Colored Powertips","Conspire","Emptier Cage","Energized Spire","GifTheSpireLib","Hubris","Minty Spire (QoL Compilation)","Pale of the Ancients","Permanent Neow","Quick Restart","Rare Cards Sparkle","Replay The Spire","Reworked Bosses","StSLib","Stuff the Spire"],"gold_per_floor":[119,119,119,139,139,139,158,186,186,218,218,238,271,289,289,385,385,402,327,341,141,141,166,166,196,223,255,255,180,195,208,208,303,303,320,320,320,223,223,223,258,258,281,315,315,333,368,387,387,387,406,423,423,320,320,320,320],"floor_reached":56,"language":"ENG","playtime":3599,"items_purged":["Strike_P"],"score":1079,"play_id":"d47e63c7-0bcf-4f57-ad9d-0a58f238c81f","local_time":"20210119031240","is_ascension_mode":true,"campfire_choices":[{"data":"Vigilance","floor":6.0,"key":"SMITH"},{"data":"Tantrum","floor":11.0,"key":"SMITH"},{"data":"WreathOfFlame","floor":15.0,"key":"SMITH"},{"data":"StuffTheSpire:WarGroove","floor":24.0,"key":"SMITH"},{"data":"Crescendo","floor":28.0,"key":"SMITH"},{"data":"JustLucky","floor":32.0,"key":"SMITH"},{"data":"ClearTheMind","floor":40.0,"key":"SMITH"},{"floor":42.0,"key":"RECALL"},{"data":"StuffTheSpire:BrainWave","floor":45.0,"key":"SMITH"},{"data":"WreathOfFlame","floor":49.0,"key":"SMITH"},{"data":"Replay:Battleflow","floor":55,"key":"SMITH"}],"circlet_count":0,"master_deck":["Strike_P","Defend_P","Eruption+1","Vigilance+1","Weave","Tantrum+1","FlurryOfBlows","WreathOfFlame+1","WreathOfFlame+1","FlurryOfBlows","JustLucky+1","Crescendo+1","StuffTheSpire:WarGroove+1","FlurryOfBlows+1","ClearTheMind+1","Replay:AtTheReady+1","Replay:Battleflow+1","StuffTheSpire:BrainWave+1","Fasting2+1"],"relics":["PureWater","aspiration:BabyByrd","hubris:Spice","Replay:Bottled Steam","Mummified Hand","HornCleat","Empty Cage","HandDrill","ReplayFunnel","PreservedInsect","paleoftheancients:Timepiece","paleoftheancients:KeyRelic","Oddly Smooth Stone","Ice Cream","Gremlin Horn","paleoftheancients:SoulOfTheShapes","hubris:Towel"],"acts_visited":["Exordium","TheCity","TheBeyond","TheBeyond"],"potions_floor_usage":[56],"damage_taken":[{"damage":3.0,"enemies":"2 Louse","floor":1.0,"turns":3.0},{"damage":0.0,"enemies":"Jaw Worm","floor":4.0,"turns":4.0},{"damage":0.0,"enemies":"Cultist","floor":7.0,"turns":1.0},{"damage":21.0,"enemies":"Replay:BlueRogue","floor":8.0,"turns":5.0},{"damage":0.0,"enemies":"Lagavulin","floor":10.0,"turns":3.0},{"damage":0.0,"enemies":"Looter","floor":12.0,"turns":1.0},{"damage":0.0,"enemies":"Replay:BlueRogue","floor":13.0,"turns":2.0},{"damage":0.0,"enemies":"Blue Slaver","floor":14.0,"turns":1.0},{"damage":2.0,"enemies":"Hexaghost","floor":16.0,"turns":4.0},{"damage":5.0,"enemies":"Chosen","floor":18.0,"turns":2.0},{"damage":0.0,"enemies":"3 Byrds","floor":20.0,"turns":2.0},{"damage":11.0,"enemies":"conspire:SneckoGhost","floor":23.0,"turns":5.0},{"damage":0.0,"enemies":"Slavers","floor":25.0,"turns":2.0},{"damage":6.0,"enemies":"Replay:Snechameleon","floor":27.0,"turns":2.0},{"damage":8.0,"enemies":"conspire:HollyBat","floor":30.0,"turns":7.0},{"damage":0.0,"enemies":"Cultist and Chosen","floor":31.0,"turns":2.0},{"damage":3.0,"enemies":"bossMod:newCollector","floor":33.0,"turns":4.0},{"damage":13.0,"enemies":"3 Darklings","floor":35.0,"turns":2.0},{"damage":0.0,"enemies":"R_Hoarder","floor":41.0,"turns":2.0},{"damage":0.0,"enemies":"Reptomancer","floor":44.0,"turns":2.0},{"damage":5.0,"enemies":"3 Shapes","floor":46.0,"turns":3.0},{"damage":1.0,"enemies":"Giant Head","floor":47.0,"turns":3.0},{"damage":0.0,"enemies":"3 Darklings","floor":48.0,"turns":2.0},{"damage":24.0,"enemies":"bossMod:newShapes","floor":50.0,"turns":3.0},{"damage":8.0,"enemies":"bossMod:newShapes","floor":51.0,"turns":3.0},{"damage":0,"enemies":"bossMod:newShapes","floor":52,"turns":2},{"damage":98,"enemies":"bossMod:newShapes","floor":56,"turns":8}],"seed_played":"1168544883031440220","potions_obtained":[{"floor":1.0,"key":"FearPotion"},{"floor":7.0,"key":"Flashbang"},{"floor":8.0,"key":"Death Potion"},{"floor":12.0,"key":"PowerPotion"},{"floor":14.0,"key":"Toxic Potion"},{"floor":18.0,"key":"GamblersBrew"},{"floor":20.0,"key":"Adrenaline Potion"},{"floor":25.0,"key":"Weak Potion"},{"floor":33.0,"key":"Dexterity Potion"},{"floor":48.0,"key":"Regen Potion"},{"floor":51,"key":"BlessingOfTheForge"},{"floor":52,"key":"SpeedPotion"}],"is_trial":false,"path_per_floor":["M","?","?","M","?","R","M","E","T","E","R","M","E","M","R","B",null,"M","$","M","$","?","E","R","E","T","E","R","?","M","M","R","B",null,"M","?","?","$","?","R","E","R","T","E","R","M","E","M","R","B","M","M","?","$","R","M"],"character_chosen":"WATCHER","items_purchased":["HandDrill","Crescendo","PowerPotion","Block Potion","CultistPotion"],"campfire_rested":0,"item_purchase_floors":[21,21,38,38,54],"current_hp_per_floor":[69,69,69,69,69,69,69,56,56,56,56,56,56,56,56,54,80,75,75,75,75,55,52,52,52,52,46,46,46,38,38,38,35,80,67,67,67,67,67,67,67,67,67,67,67,62,61,61,61,72,68,70,70,70,70,0,0],"gold":320,"neow_bonus":"UPGRADE_CARD","is_daily":false,"chose_seed":false,"campfire_upgraded":10,"win_rate":0.0,"timestamp":1611054760,"path_taken":["M","?","?","?","?","R","?","E","T","E","R","M","E","M","R","BOSS","M","$","M","$","?","E","R","E","T","E","R","?","M","M","R","BOSS","M","?","?","$","?","R","E","R","T","E","R","?","E","M","R","BOSS","M","M","?","$","R","M"],"items_purchased_type":["Relic","Card","Potion","Potion","Potion"],"build_version":"2020-12-22","purchased_purges":1,"victory":false,"max_hp_per_floor":[72,72,72,72,72,72,72,80,80,80,80,80,80,80,80,80,80,80,80,80,80,80,88,88,80,80,80,80,80,80,80,80,80,80,80,80,80,80,72,72,72,72,72,72,72,72,72,72,72,72,72,72,72,72,72,72,72],"card_choices":[{"not_picked":["TalkToTheHand","SignatureMove"],"picked":"Weave","floor":1.0},{"not_picked":["PathToVictory","JustLucky"],"picked":"Tantrum","floor":4.0},{"not_picked":["Crescendo","Swivel"],"picked":"FlurryOfBlows","floor":7.0},{"not_picked":["LikeWater","Weave"],"picked":"WreathOfFlame","floor":8.0},{"not_picked":["Weave","ThirdEye"],"picked":"WreathOfFlame","floor":10.0},{"not_picked":["MasterReality","SashWhip","Crescendo"],"picked":"SKIP","floor":12.0},{"not_picked":["ThirdEye","Replay:Anticipation","PathToVictory"],"picked":"SKIP","floor":13.0},{"not_picked":["BowlingBash","EmptyFist"],"picked":"FlurryOfBlows","floor":14.0},{"not_picked":["BattleHymn+1","FollowUp"],"picked":"JustLucky","floor":18.0},{"not_picked":["Fasting2","BowlingBash","FollowUp"],"picked":"SKIP","floor":20.0},{"not_picked":["Evaluate","PathToVictory"],"picked":"FlurryOfBlows+1","floor":23.0},{"not_picked":["FlurryOfBlows+1","SignatureMove"],"picked":"ClearTheMind","floor":25.0},{"not_picked":["Pray+1","ConjureBlade","hubris:SpiceAddiction"],"picked":"SKIP","floor":27.0},{"not_picked":["Crescendo","hubris:SpiceAddiction"],"picked":"Replay:AtTheReady+1","floor":30.0},{"not_picked":["Protect+1","Indignation","EmptyBody"],"picked":"SKIP","floor":31.0},{"not_picked":["FollowUp+1","Replay:ManipulateFuture+1"],"picked":"Replay:Battleflow","floor":35.0},{"not_picked":["SpiritShield","JustLucky","Wireheading"],"picked":"SKIP","floor":41.0},{"not_picked":["ClearTheMind","Halt+1"],"picked":"Fasting2+1","floor":44.0},{"not_picked":["Replay:DivineShield","FlurryOfBlows+1","FlyingSleeves"],"picked":"SKIP","floor":46.0},{"not_picked":["Prostrate","JustLucky","CutThroughFate"],"picked":"SKIP","floor":47.0},{"not_picked":["Crescendo+1","ForeignInfluence","FlurryOfBlows"],"picked":"SKIP","floor":48.0},{"not_picked":["Protect","hubris:SpiceAddiction","CutThroughFate+1"],"picked":"SKIP","floor":51},{"not_picked":["JustLucky+1","hubris:SpiceAddiction","Wallop"],"picked":"SKIP","floor":52}],"player_experience":293305,"relics_obtained":[{"floor":8.0,"key":"hubris:Spice"},{"floor":9.0,"key":"Replay:Bottled Steam"},{"floor":10.0,"key":"Mummified Hand"},{"floor":13.0,"key":"HornCleat"},{"floor":23.0,"key":"hubris:Spice"},{"floor":25.0,"key":"hubris:Spice"},{"floor":27.0,"key":"ReplayFunnel"},{"floor":43.0,"key":"PreservedInsect"},{"floor":52,"key":"paleoftheancients:SoulOfTheShapes"}],"event_choices":[{"cards_removed":["Strike_P"],"damage_healed":0.0,"max_hp_gain":0.0,"max_hp_loss":0.0,"gold_gain":0.0,"event_name":"Purifier","player_choice":"Purged","floor":3.0,"gold_loss":0.0,"damage_taken":0.0},{"cards_removed":["Defend_P"],"damage_healed":0.0,"max_hp_gain":0.0,"max_hp_loss":0.0,"gold_gain":0.0,"event_name":"Wheel of Change","player_choice":"Card Removal","floor":5.0,"gold_loss":0.0,"damage_taken":0.0},{"cards_removed":["StuffTheSpire:WarCurse"],"damage_healed":0.0,"max_hp_gain":0.0,"max_hp_loss":0.0,"gold_gain":0.0,"event_name":"Beggar","player_choice":"Gave Gold","floor":29.0,"gold_loss":75.0,"damage_taken":0.0},{"damage_healed":0.0,"max_hp_gain":0.0,"max_hp_loss":0.0,"gold_gain":0.0,"event_name":"SensoryStone","player_choice":"Memory 1","floor":37.0,"gold_loss":0.0,"damage_taken":0.0}],"is_beta":false,"boss_relics":[{"not_picked":["Replay:Ancient Bell","hubris:Spice"],"picked":"Empty Cage"},{"not_picked":["Replay:Grab Bag","ChewingGum","hubris:Spice"]}],"items_purged_floors":[19],"is_endless":false,"potions_floor_spawned":[1,7,8,12,14,18,20,25,33,48,51,52],"killed_by":"bossMod:newShapes","ascension_level":1}}