{"host":"gqhy17d1xpb1p3ki","time":1611086289,"event":{"mods":["BaseMod","Colored Map","Downfall","Minty Spire (QoL Compilation)","StSLib"],"gold_per_floor":[99,114,134,145,245,4,4,16,16,35,35,99,124,174,188,188,188,188],"floor_reached":16,"language":"ENG","playtime":1323,"items_purged":[],"score":104,"play_id":"71d22573-7bbd-4521-86a2-e47713d182a5","local_time":"20210119145809","is_ascension_mode":false,"campfire_choices":[{"data":"Slimebound:CorrosiveSpit","floor":1,"key":"SMITH"},{"data":"Slimebound:Gluttony","floor":9,"key":"SMITH"},{"floor":11,"key":"REST"}],"circlet_count":0,"master_deck":["Slimebound:Strike_Slimebound","Slimebound:Strike_Slimebound","Slimebound:Strike_Slimebound","Slimebound:Tackle","Slimebound:Defend_Slimebound","Slimebound:Defend_Slimebound","Slimebound:Defend_Slimebound","Slimebound:Defend_Slimebound","Slimebound:Split","Slimebound:CorrosiveSpit+1","Slimebound:ComboTackle","Slimebound:PressTheAttack","Slimebound:RainOfGoop","Slimebound:SplitMire","Slimebound:AcidTongue","Slimebound:Gluttony+1","Slimebound:AcidTongue","Slimebound:SplitAcid","Slimebound:SplitAcid","Slimebound:SamplingLick","Slimebound:GrowthPunch"],"relics":["Slimebound:AbsorbEndCombat","downfall:CloakOfManyFaces","CultistMask","FaceOfCleric","NlothsMask","GremlinMask","SsserpentHead","Slimebound:SelfDamagePreventRelic","Regal Pillow"],"acts_visited":["Exordium"],"potions_floor_usage":[5,16],"damage_taken":[{"damage":6,"enemies":"Cultist","floor":2,"turns":4},{"damage":1,"enemies":"Jaw Worm","floor":3,"turns":3},{"damage":3,"enemies":"Small Slimes","floor":4,"turns":3},{"damage":44,"enemies":"downfall:FaceTrader","floor":5,"turns":10},{"damage":3,"enemies":"downfall:FleeingMerchant","floor":6,"turns":4},{"damage":13,"enemies":"Exordium Wildlife","floor":8,"turns":4},{"damage":11,"enemies":"Red Slaver","floor":10,"turns":4},{"damage":10,"enemies":"2 Fungi Beasts","floor":12,"turns":3},{"damage":13,"enemies":"Lagavulin","floor":13,"turns":5},{"damage":8,"enemies":"Gremlin Gang","floor":15,"turns":4},{"damage":52,"enemies":"IC_STATUS_ARCHETYPE","floor":16,"turns":8}],"seed_played":"4063117813501066887","potions_obtained":[{"floor":2,"key":"PowerPotion"},{"floor":5,"key":"GamblersBrew"},{"floor":12,"key":"Weak Potion"},{"floor":13,"key":"SteroidPotion"},{"floor":15,"key":"Regen Potion"}],"is_trial":false,"path_per_floor":["R","M","M","M","?","$","T","M","R","M","R","M","E","?","M","B"],"character_chosen":"SLIMEBOUND","items_purchased":["Slimebound:SelfDamagePreventRelic","Slimebound:Gluttony"],"campfire_rested":1,"item_purchase_floors":[6,6],"current_hp_per_floor":[71,71,71,70,33,39,39,35,35,31,53,48,42,42,41,0,0,0],"gold":188,"neow_bonus":"TEN_PERCENT_HP_BONUS","is_daily":false,"chose_seed":false,"campfire_upgraded":2,"win_rate":0.0,"timestamp":1611086289,"path_taken":["R","M","M","?","?","$","T","M","R","M","R","?","E","?","M","BOSS"],"items_purchased_type":["Relic","Card"],"build_version":"2020-12-22","purchased_purges":0,"victory":false,"max_hp_per_floor":[71,71,71,71,71,72,72,73,73,74,74,75,76,76,77,77,77,77],"card_choices":[{"not_picked":["Slimebound:Prepare","Slimebound:FlameTackle"],"picked":"Slimebound:ComboTackle","floor":2},{"not_picked":["Slimebound:LeechEnergy","Slimebound:ForwardTackle"],"picked":"Slimebound:PressTheAttack","floor":3},{"not_picked":["Slimebound:AcidTongue","Slimebound:ComboTackle"],"picked":"Slimebound:RainOfGoop","floor":4},{"not_picked":["Slimebound:Nibble","Slimebound:SlimeBarrage"],"picked":"Slimebound:SplitMire","floor":5},{"not_picked":["Slimebound:RollThrough","Slimebound:OneTwoCombo"],"picked":"Slimebound:AcidTongue","floor":6},{"not_picked":["Slimebound:SlimeBrawl","Slimebound:Gluttony"],"picked":"Slimebound:AcidTongue","floor":8},{"not_picked":["Slimebound:GoopTackle","Slimebound:Prepare"],"picked":"Slimebound:SplitAcid","floor":10},{"not_picked":["Slimebound:Replication","Slimebound:ProtectTheBoss"],"picked":"Slimebound:SplitAcid","floor":12},{"not_picked":["Slimebound:ComboTackle","Slimebound:SlimeSlap"],"picked":"Slimebound:SamplingLick","floor":13},{"not_picked":["Slimebound:LeechEnergy","Slimebound:ProtectTheBoss"],"picked":"Slimebound:GrowthPunch","floor":15}],"player_experience":339312,"relics_obtained":[{"floor":5,"key":"downfall:CloakOfManyFaces"},{"floor":13,"key":"Regal Pillow"}],"event_choices":[{"cards_removed":["Defend_B"],"damage_healed":0,"gold_gain":0,"player_choice":"Took Card","damage_taken":0,"max_hp_gain":0,"max_hp_loss":0,"event_name":"NoteForYourself","floor":14,"gold_loss":0,"cards_obtained":["Defend_B"]}],"is_beta":false,"boss_relics":[],"items_purged_floors":[],"is_endless":false,"potions_floor_spawned":[2,5,12,13,15],"killed_by":"IC_STATUS_ARCHETYPE","ascension_level":0}}