{"host":"c6u7e77myxvw4d0m","time":1611046286,"event":{"mods":["AchievementEnabler","BaseMod","Bestiary","Colored Map","Colored Powertips","Minty Spire (QoL Compilation)","Rare Cards Sparkle","Relic Stats","everything is the same but u backflip on backflip"],"gold_per_floor":[109,123,140,140,165,192,192,221,221,233,280,307,347,359,371,481,493,523,549,561,672,684,731,762,774,786,798,404,432,32,50,50,149,149,161,211,224,224,235,235,264,264,264,37,62,62,396,446,446,446],"floor_reached":51,"language":"ENG","playtime":3679,"items_purged":["Strike_R"],"score":1081,"play_id":"10d9fac6-625e-4480-810a-2605ebcec327","local_time":"20210119105126","is_ascension_mode":true,"campfire_choices":[{"floor":7,"key":"REST"},{"floor":10,"key":"REST"},{"data":"Bash","floor":15,"key":"SMITH"},{"data":"True Grit","floor":25,"key":"SMITH"},{"data":"Feel No Pain","floor":27,"key":"SMITH"},{"floor":32,"key":"REST"},{"floor":40,"key":"REST"},{"floor":46,"key":"REST"},{"floor":49,"key":"REST"}],"circlet_count":0,"master_deck":["Strike_R","Strike_R","Strike_R","Strike_R","Defend_R","Defend_R","Defend_R","Defend_R","Bash+1","Infernal Blade","Twin Strike","Iron Wave","Double Tap","Feel No Pain+1","Shrug It Off","Flame Barrier","Immolate","Evolve","Spot Weakness","Burning Pact","True Grit+1","Apotheosis+1","Feel No Pain+1","Disarm+1","Juggernaut","Body Slam+1","Shockwave+1","Corruption","Burning Pact","Spot Weakness+1","Metallicize+1","Shrug It Off+1","Body Slam"],"relics":["Burning Blood","Ornamental Fan","Nunchaku","Happy Flower","Blood Vial","MawBank","Bronze Scales","Question Card","Runic Pyramid","Orichalcum","Mango","DollysMirror","Gremlin Horn","Medical Kit","Meat on the Bone","Fusion Hammer","StoneCalendar","Ancient Tea Set","Ice Cream","Dream Catcher","Prayer Wheel","Old Coin","Charon\u0027s Ashes"],"acts_visited":["Exordium","TheCity","TheBeyond"],"potions_floor_usage":[6,11,14,16,29,36,41,50,50,50,50,50,50],"damage_taken":[{"damage":20,"enemies":"Small Slimes","floor":1,"turns":4},{"damage":12,"enemies":"Jaw Worm","floor":2,"turns":2},{"damage":8,"enemies":"2 Louse","floor":3,"turns":4},{"damage":49,"enemies":"Gremlin Nob","floor":6,"turns":6},{"damage":22,"enemies":"Lagavulin","floor":8,"turns":7},{"damage":12,"enemies":"3 Sentries","floor":11,"turns":7},{"damage":4,"enemies":"Looter","floor":12,"turns":2},{"damage":19,"enemies":"Gremlin Nob","floor":13,"turns":4},{"damage":0,"enemies":"Large Slime","floor":14,"turns":2},{"damage":44,"enemies":"Hexaghost","floor":16,"turns":9},{"damage":0,"enemies":"3 Byrds","floor":18,"turns":3},{"damage":0,"enemies":"Spheric Guardian","floor":19,"turns":2},{"damage":32,"enemies":"Gremlin Leader","floor":23,"turns":4},{"damage":19,"enemies":"Centurion and Healer","floor":24,"turns":5},{"damage":19,"enemies":"Book of Stabbing","floor":29,"turns":5},{"damage":11,"enemies":"Snecko","floor":31,"turns":6},{"damage":58,"enemies":"Champ","floor":33,"turns":13},{"damage":14,"enemies":"3 Darklings","floor":35,"turns":3},{"damage":42,"enemies":"2 Orb Walkers","floor":36,"turns":5},{"damage":3,"enemies":"3 Shapes","floor":37,"turns":4},{"damage":10,"enemies":"3 Darklings","floor":39,"turns":4},{"damage":34,"enemies":"Reptomancer","floor":41,"turns":4},{"damage":4,"enemies":"Giant Head","floor":45,"turns":7},{"damage":1,"enemies":"Nemesis","floor":47,"turns":5},{"damage":0,"enemies":"Mind Bloom Boss Battle","floor":48,"turns":6},{"damage":20,"enemies":"Donu and Deca","floor":50,"turns":5}],"seed_played":"-2517391692336526470","potions_obtained":[{"floor":1,"key":"Fire Potion"},{"floor":8,"key":"Energy Potion"},{"floor":12,"key":"LiquidBronze"},{"floor":13,"key":"SmokeBomb"},{"floor":18,"key":"Fruit Juice"},{"floor":23,"key":"GamblersBrew"},{"floor":33,"key":"CultistPotion"},{"floor":37,"key":"PowerPotion"},{"floor":41,"key":"Ancient Potion"},{"floor":47,"key":"Weak Potion"},{"floor":48,"key":"EntropicBrew"}],"is_trial":false,"path_per_floor":["M","M","M","?","T","E","R","E","T","R","E","M","E","M","R","B",null,"M","M","?","?","?","E","M","R","T","R","$","E","$","M","R","B",null,"M","?","M","?","M","R","E","?","T","$","E","R","E","?","R","B",null],"character_chosen":"IRONCLAD","items_purchased":["Apotheosis","DollysMirror","Medical Kit","Meat on the Bone","Burning Pact","Dream Catcher"],"campfire_rested":6,"item_purchase_floors":[28,28,30,30,44,44],"current_hp_per_floor":[66,60,58,55,55,12,38,22,22,48,44,48,37,45,45,9,68,76,84,84,84,67,43,32,32,46,46,46,40,40,49,82,44,95,89,67,72,72,70,103,77,77,77,77,81,112,112,112,112,98],"gold":446,"neow_bonus":"TEN_PERCENT_HP_BONUS","is_daily":false,"chose_seed":false,"campfire_upgraded":3,"win_rate":0.0,"timestamp":1611046286,"path_taken":["M","M","M","?","?","E","R","E","T","R","E","M","E","M","R","BOSS","M","M","?","?","?","E","M","R","T","R","?","E","$","M","R","BOSS","M","?","M","?","?","R","E","?","T","$","E","R","E","?","R","BOSS"],"items_purchased_type":["Card","Relic","Relic","Relic","Card","Relic"],"build_version":"2020-12-22","purchased_purges":1,"victory":true,"max_hp_per_floor":[88,88,88,88,88,88,88,88,88,88,88,88,88,88,88,88,88,88,88,88,88,93,93,93,93,107,107,107,112,112,112,112,112,112,112,112,112,112,112,112,112,112,112,112,112,112,112,112,112,112],"relic_stats":{"Happy Flower":[37],"Gremlin Horn":[10,10],"counters":[26,128],"StoneCalendar":[0],"Charon\u0027s Ashes":[72],"Orichalcum":[54],"MawBank":228,"Question Card":18,"Medical Kit":[9],"Burning Blood":145,"Blood Vial":36,"Nunchaku":[19],"Dream Catcher":2,"Ornamental Fan":[128],"Bronze Scales":[295],"Prayer Wheel":0,"obtain_stats":[{"Ice Cream":43,"Happy Flower":6,"Gremlin Horn":29,"Mango":26,"StoneCalendar":36,"Charon\u0027s Ashes":48,"Orichalcum":23,"MawBank":9,"Question Card":13,"Medical Kit":30,"Ancient Tea Set":41,"Burning Blood":0,"Old Coin":47,"Blood Vial":8,"Nunchaku":5,"Dream Catcher":44,"Ornamental Fan":4,"DollysMirror":28,"Bronze Scales":11,"Prayer Wheel":45,"Fusion Hammer":34,"Runic Pyramid":17,"Meat on the Bone":30},{"Ice Cream":22,"Happy Flower":4,"Gremlin Horn":15,"Mango":14,"StoneCalendar":19,"Charon\u0027s Ashes":25,"Orichalcum":13,"MawBank":5,"Question Card":8,"Medical Kit":15,"Ancient Tea Set":22,"Burning Blood":0,"Old Coin":24,"Blood Vial":5,"Nunchaku":3,"Dream Catcher":22,"Ornamental Fan":3,"DollysMirror":14,"Bronze Scales":6,"Prayer Wheel":23,"Fusion Hammer":17,"Runic Pyramid":10,"Meat on the Bone":15},{"Ice Cream":105,"Happy Flower":16,"Gremlin Horn":66,"Mango":61,"StoneCalendar":93,"Charon\u0027s Ashes":123,"Orichalcum":56,"MawBank":23,"Question Card":36,"Medical Kit":66,"Ancient Tea Set":105,"Burning Blood":0,"Old Coin":117,"Blood Vial":23,"Nunchaku":10,"Dream Catcher":105,"Ornamental Fan":10,"DollysMirror":61,"Bronze Scales":30,"Prayer Wheel":112,"Fusion Hammer":85,"Runic Pyramid":47,"Meat on the Bone":66}],"Meat on the Bone":36},"card_choices":[{"not_picked":["Power Through","Anger"],"picked":"Infernal Blade","floor":1},{"not_picked":["Clash","Iron Wave"],"picked":"Twin Strike","floor":2},{"not_picked":["Flex","Armaments"],"picked":"Iron Wave","floor":3},{"not_picked":["Entrench","Warcry"],"picked":"Rampage","floor":6},{"not_picked":["Dual Wield","Havoc"],"picked":"Double Tap","floor":8},{"not_picked":["Seeing Red","Dropkick"],"picked":"Feel No Pain","floor":11},{"not_picked":["Sword Boomerang","Anger"],"picked":"Shrug It Off","floor":12},{"not_picked":["Spot Weakness","Bloodletting"],"picked":"Flame Barrier","floor":13},{"not_picked":["Reaper","Demon Form","Feed"],"picked":"Immolate","floor":16},{"not_picked":["Combust+1","Pummel","Anger"],"picked":"Evolve","floor":18},{"not_picked":["Warcry+1","Clash","Reckless Charge","Heavy Blade"],"picked":"SKIP","floor":19},{"not_picked":["Clothesline+1","Infernal Blade","Evolve+1"],"picked":"Burning Pact","floor":23},{"not_picked":["Searing Blow","Flex","Perfected Strike"],"picked":"True Grit","floor":24},{"not_picked":["Double Tap","Perfected Strike","Dual Wield"],"picked":"Disarm+1","floor":29},{"not_picked":["Armaments","Headbutt","Iron Wave","Pommel Strike"],"picked":"SKIP","floor":31},{"not_picked":["Impervious","Brutality","Bludgeon"],"picked":"Juggernaut","floor":33},{"not_picked":["Twin Strike+1","Dark Embrace+1","Iron Wave"],"picked":"Body Slam+1","floor":35},{"not_picked":["Pommel Strike+1","Heavy Blade","Carnage","Battle Trance+1"],"picked":"SKIP","floor":37},{"not_picked":["Spot Weakness+1","Bloodletting+1","Entrench+1"],"picked":"Shockwave+1","floor":39},{"not_picked":["Uppercut","Blood for Blood+1","Fire Breathing"],"picked":"Corruption","floor":41},{"not_picked":["Clash+1","Heavy Blade+1","Body Slam","Carnage"],"picked":"SKIP","floor":45},{"not_picked":["Hemokinesis","Clash+1","Iron Wave"],"picked":"Spot Weakness+1","floor":46},{"not_picked":["Reckless Charge+1","Pommel Strike","Corruption"],"picked":"Metallicize+1","floor":47},{"not_picked":["Armaments","Intimidate","Searing Blow+1"],"picked":"Shrug It Off+1","floor":48},{"not_picked":["Anger+1","Sever Soul","Pommel Strike+1"],"picked":"Body Slam","floor":49}],"player_experience":402459,"relics_obtained":[{"floor":5,"key":"Nunchaku"},{"floor":6,"key":"Happy Flower"},{"floor":8,"key":"Blood Vial"},{"floor":9,"key":"MawBank"},{"floor":11,"key":"Bronze Scales"},{"floor":13,"key":"Question Card"},{"floor":23,"key":"Orichalcum"},{"floor":26,"key":"Mango"},{"floor":29,"key":"Gremlin Horn"},{"floor":36,"key":"StoneCalendar"},{"floor":41,"key":"Ancient Tea Set"},{"floor":43,"key":"Ice Cream"},{"floor":45,"key":"Prayer Wheel"},{"floor":47,"key":"Old Coin"},{"floor":48,"key":"Charon\u0027s Ashes"}],"event_choices":[{"damage_healed":0,"gold_gain":0,"player_choice":"Success","damage_taken":3,"relics_obtained":["Ornamental Fan"],"max_hp_gain":0,"max_hp_loss":0,"event_name":"Scrap Ooze","floor":4,"gold_loss":0},{"damage_healed":0,"gold_gain":0,"player_choice":"Read","damage_taken":0,"max_hp_gain":0,"max_hp_loss":0,"event_name":"The Library","floor":20,"gold_loss":0,"cards_obtained":["Spot Weakness"]},{"damage_healed":0,"gold_gain":99,"player_choice":"Stole From Cult","damage_taken":0,"max_hp_gain":0,"max_hp_loss":0,"event_name":"Nest","floor":21,"gold_loss":0},{"damage_healed":0,"gold_gain":0,"player_choice":"Shed Blood","damage_taken":22,"max_hp_gain":5,"max_hp_loss":0,"event_name":"Forgotten Altar","floor":22,"gold_loss":0},{"damage_healed":0,"gold_gain":0,"player_choice":"Fight","damage_taken":0,"max_hp_gain":0,"max_hp_loss":0,"event_name":"Mysterious Sphere","floor":36,"gold_loss":0},{"damage_healed":0,"gold_gain":0,"player_choice":"Forge","damage_taken":0,"max_hp_gain":0,"max_hp_loss":0,"event_name":"Accursed Blacksmith","floor":38,"gold_loss":0,"cards_upgraded":["Apotheosis"]},{"cards_removed":["Rampage"],"damage_healed":0,"gold_gain":0,"player_choice":"Removed Attack","damage_taken":0,"max_hp_gain":0,"max_hp_loss":0,"event_name":"Falling","floor":42,"gold_loss":0},{"damage_healed":0,"gold_gain":0,"player_choice":"Fight","damage_taken":0,"max_hp_gain":0,"max_hp_loss":0,"event_name":"MindBloom","floor":48,"gold_loss":0}],"is_beta":false,"boss_relics":[{"not_picked":["Sozu","Busted Crown"],"picked":"Runic Pyramid"},{"not_picked":["Runic Cube","Tiny House"],"picked":"Fusion Hammer"}],"items_purged_floors":[28],"is_endless":false,"potions_floor_spawned":[1,8,12,13,18,23,33,37,41,47,48],"ascension_level":6}}