{"host":"jscggscbx0p7706o","time":1611031594,"event":{"mods":["AchievementEnabler","BaseMod","Block Reminder","Colored Powertips","Filter the Spire","Minty Spire (QoL Compilation)","Permanent Neow","Quick Restart","StSLib"],"gold_per_floor":[218,218,116,128,203,213,213,247,247,247,268,268,295,295,330,330,330,86,86,206,206,131,131,131,63,63,63,63,63,63],"floor_reached":29,"language":"ENG","playtime":836,"items_purged":["Strike_B","Defend_B"],"score":252,"play_id":"62ceabdb-2eeb-49f2-bf58-6e3ccd34d363","local_time":"20210119124634","is_ascension_mode":true,"campfire_choices":[{"data":"Zap","floor":7.0,"key":"SMITH"},{"data":"Dualcast","floor":9.0,"key":"SMITH"},{"data":"Steam","floor":14.0,"key":"SMITH"},{"data":"White Noise","floor":17,"key":"SMITH"},{"floor":19,"key":"RECALL"},{"data":"Creative AI","floor":28,"key":"SMITH"}],"circlet_count":0,"master_deck":["Strike_B+1","Strike_B+1","Defend_B","Defend_B","Defend_B","Zap+1","Dualcast+1","White Noise+1","Coolheaded","Steam+1","Sweeping Beam","Ball Lightning","Creative AI+1","Capacitor+1","Lockon+1","Capacitor"],"relics":["Cracked Core","Whetstone","Golden Idol","Molten Egg 2","Omamori","Mercury Hourglass","DataDisk","Ectoplasm","Bag of Marbles"],"acts_visited":["Exordium","TheCity"],"potions_floor_usage":[],"damage_taken":[{"damage":7.0,"enemies":"Small Slimes","floor":1.0,"turns":3.0},{"damage":5.0,"enemies":"2 Louse","floor":4.0,"turns":2.0},{"damage":2.0,"enemies":"Jaw Worm","floor":6.0,"turns":4.0},{"damage":13.0,"enemies":"Lagavulin","floor":8.0,"turns":9.0},{"damage":1.0,"enemies":"2 Fungi Beasts","floor":11.0,"turns":3.0},{"damage":4.0,"enemies":"3 Sentries","floor":15.0,"turns":2.0},{"damage":12,"enemies":"The Guardian","floor":20,"turns":7},{"damage":19,"enemies":"2 Thieves","floor":22,"turns":4},{"damage":3,"enemies":"3 Byrds","floor":26,"turns":3},{"damage":27,"enemies":"Snake Plant","floor":27,"turns":4},{"damage":29,"enemies":"Slavers","floor":29,"turns":1}],"seed_played":"8740637550667012907","potions_obtained":[{"floor":1.0,"key":"Ancient Potion"},{"floor":4.0,"key":"Explosive Potion"},{"floor":15.0,"key":"EssenceOfDarkness"}],"is_trial":false,"path_per_floor":["M","?","$","M","?","M","R","E","R","?","M","T","T","R","E","?","R","$","R","B",null,"M","?","?","$","M","M","R","E"],"character_chosen":"DEFECT","items_purchased":["Coolheaded","DataDisk","Lockon+1"],"campfire_rested":0,"item_purchase_floors":[3,18,25],"current_hp_per_floor":[68,61,61,56,45,43,43,30,30,30,29,29,29,29,25,25,25,25,25,13,69,50,50,50,50,47,20,20,0,0],"gold":63,"neow_bonus":"HUNDRED_GOLD","is_daily":false,"chose_seed":false,"campfire_upgraded":5,"win_rate":0.0,"timestamp":1611031594,"path_taken":["M","?","$","M","?","M","R","E","R","?","M","T","T","R","E","?","R","?","R","BOSS","M","?","?","$","M","M","R","E"],"items_purchased_type":["Card","Relic","Card"],"build_version":"2020-12-22","purchased_purges":2,"victory":false,"max_hp_per_floor":[75,75,75,75,75,75,75,75,75,69,69,69,69,69,69,69,69,69,69,69,69,69,69,69,69,69,69,69,69,69],"card_choices":[{"not_picked":["Doom and Gloom","Fusion"],"picked":"White Noise","floor":1.0},{"not_picked":["Go for the Eyes","Cold Snap"],"picked":"Steam","floor":4.0},{"not_picked":["Reprogram","White Noise","Turbo"],"picked":"SKIP","floor":6.0},{"not_picked":["FTL","Steam"],"picked":"Sweeping Beam","floor":8.0},{"not_picked":["Compile Driver","Fission"],"picked":"Ball Lightning","floor":11.0},{"not_picked":["Storm","Fusion","Barrage+1"],"picked":"SKIP","floor":15.0},{"not_picked":["Amplify","Multi-Cast"],"picked":"Creative AI","floor":20},{"not_picked":["Storm","Barrage+1"],"picked":"Capacitor+1","floor":22},{"not_picked":["Gash+1","Cold Snap+1"],"picked":"Capacitor","floor":26},{"not_picked":["Rebound+1","Streamline+1","Stack"],"picked":"SKIP","floor":27}],"player_experience":303266,"relics_obtained":[{"floor":8.0,"key":"Whetstone"},{"floor":12.0,"key":"Molten Egg 2"},{"floor":13.0,"key":"Omamori"},{"floor":15.0,"key":"Mercury Hourglass"}],"event_choices":[{"cards_removed":["Strike_B"],"damage_healed":0.0,"max_hp_gain":0.0,"max_hp_loss":0.0,"gold_gain":0.0,"event_name":"Golden Wing","player_choice":"Card Removal","floor":2.0,"gold_loss":0.0,"damage_taken":7.0},{"damage_healed":0.0,"max_hp_gain":0.0,"max_hp_loss":0.0,"gold_gain":75.0,"event_name":"World of Goop","player_choice":"Gather Gold","floor":5.0,"gold_loss":0.0,"damage_taken":11.0},{"damage_healed":0.0,"max_hp_gain":0.0,"max_hp_loss":6.0,"gold_gain":0.0,"event_name":"Golden Idol","player_choice":"Lose Max HP","floor":10.0,"gold_loss":0.0,"damage_taken":0.0,"relics_obtained":["Golden Idol"]},{"damage_healed":0,"gold_gain":0,"player_choice":"Ignored","damage_taken":0,"max_hp_gain":0,"max_hp_loss":0,"event_name":"Shining Light","floor":16,"gold_loss":0},{"damage_healed":0,"gold_gain":0,"player_choice":"Opened","damage_taken":0,"relics_obtained":["Bag of Marbles"],"max_hp_gain":0,"max_hp_loss":0,"event_name":"The Mausoleum","floor":23,"gold_loss":0},{"damage_healed":0,"gold_gain":99,"player_choice":"Stole From Cult","damage_taken":0,"max_hp_gain":0,"max_hp_loss":0,"event_name":"Nest","floor":24,"gold_loss":0}],"is_beta":false,"boss_relics":[{"not_picked":["Calling Bell","Tiny House"],"picked":"Ectoplasm"}],"items_purged_floors":[3,18],"is_endless":false,"potions_floor_spawned":[1,4,15,20,27],"killed_by":"Slavers","ascension_level":2}}