{"host":"8i58hvcssdezoe94","time":1611036618,"event":{"mods":["Act Like it!","BaseMod","Colored Map","Conspire","Downfall","Gensokyo","KinomotoSakuraMod(木之本樱)","Marisa（F雨　魔理沙）","Minty Spire (QoL Compilation)","Quick Restart","Remilia（蕾米莉亚）","StSLib","The Animator","The Bug Knight","The Construct","The Cursed","The Hierophant","The Jungle","The Servant 0.9.4"],"gold_per_floor":[114,125,145,25,25,25,59,70,94,94,112,112,123,123,123,226,226,244,244,99,99,99],"floor_reached":21,"language":"ZHS","playtime":3185,"items_purged":[],"score":179,"play_id":"57083ae6-945c-433b-a48f-55f35bcf2e37","local_time":"20210119141018","is_ascension_mode":false,"campfire_choices":[{"floor":6,"key":"RECALL"},{"floor":10,"key":"REST"},{"floor":15,"key":"REST"}],"circlet_count":0,"master_deck":["Strike_B","Strike_B","Strike_B","Strike_B","Defend_B","Defend_B","Defend_B","Defend_B","Zap","Dualcast","Rebound","Lockon","Genetic Algorithm","Cold Snap","Doom and Gloom","Barrage","Creative AI","Conserve Battery"],"relics":["Cracked Core","NeowsBlessing","Gensokyo:YoukaiFlower","Regal Pillow","Gensokyo:OccultBall","Unceasing Top","Orichalcum"],"acts_visited":["Gensokyo:Gensokyo","TheCity"],"potions_floor_usage":[],"damage_taken":[{"damage":0,"enemies":"Gensokyo:Gryphon","floor":1,"turns":1},{"damage":0,"enemies":"Gensokyo:2_Kodama","floor":2,"turns":1},{"damage":0,"enemies":"Gensokyo:Python","floor":3,"turns":1},{"damage":26,"enemies":"Gensokyo:Mamizou","floor":7,"turns":8},{"damage":17,"enemies":"Gensokyo:CorruptedTreant","floor":8,"turns":4},{"damage":8,"enemies":"Gensokyo:Kitsune","floor":11,"turns":4},{"damage":10,"enemies":"Gensokyo:Python_and_Kodama","floor":13,"turns":3},{"damage":41,"enemies":"Gensokyo:Kokoro","floor":16,"turns":11},{"damage":6,"enemies":"Chosen","floor":18,"turns":3},{"damage":69,"enemies":"conspire:FuzzyDice","floor":21,"turns":4}],"seed_played":"3239203029862943591","potions_obtained":[{"floor":1,"key":"champ:CounterPotion"},{"floor":7,"key":"Swift Potion"},{"floor":11,"key":"Ancient Potion"}],"is_trial":false,"path_per_floor":["M","M","M","COS","?","R","E","M","T","R","M","?","M","$","R","B",null,"M","?","$","M"],"character_chosen":"DEFECT","items_purchased":["Orichalcum"],"campfire_rested":2,"item_purchase_floors":[20],"current_hp_per_floor":[75,75,75,75,75,75,49,32,32,69,61,61,51,51,75,34,75,69,69,69,0,0],"gold":99,"neow_bonus":"THREE_ENEMY_KILL","is_daily":false,"chose_seed":false,"campfire_upgraded":0,"win_rate":0.0,"timestamp":1611036618,"path_taken":["M","M","M","COS","?","R","E","M","T","R","M","?","M","$","R","BOSS","M","?","$","M"],"items_purchased_type":["Relic"],"build_version":"2020-12-22","purchased_purges":0,"victory":false,"max_hp_per_floor":[75,75,75,75,75,75,75,75,75,75,75,75,75,75,75,75,75,75,75,75,75,75],"card_choices":[{"not_picked":["conspire:SharedLibrary","Hologram"],"picked":"Rebound","floor":1},{"not_picked":["Chaos","Rip and Tear"],"picked":"Lockon","floor":2},{"not_picked":["Coolheaded","Go for the Eyes"],"picked":"Streamline","floor":3},{"not_picked":["Beam Cell","White Noise"],"picked":"Genetic Algorithm","floor":7},{"not_picked":["Reboot","Buffer"],"picked":"Echo Form","floor":8},{"not_picked":["BootSequence","Defragment"],"picked":"Cold Snap","floor":8},{"not_picked":["Chill","Meteor Strike"],"picked":"Doom and Gloom","floor":11},{"not_picked":["Rebound","Gash"],"picked":"Barrage","floor":13},{"not_picked":["Multi-Cast","Rainbow"],"picked":"Creative AI","floor":16},{"not_picked":["Darkness","Rebound"],"picked":"Conserve Battery","floor":18}],"player_experience":43522,"relics_obtained":[{"floor":7,"key":"Regal Pillow"},{"floor":13,"key":"Gensokyo:OccultBall"},{"floor":16,"key":"Gensokyo:OccultBall"}],"event_choices":[{"damage_healed":0,"gold_gain":0,"player_choice":"Ignored","damage_taken":0,"max_hp_gain":0,"max_hp_loss":0,"event_name":"Transmorgrifier","floor":19,"gold_loss":0}],"is_beta":false,"boss_relics":[{"not_picked":["conspire:SlowCooker","Ectoplasm","conspire:SeveredTorchhead"]}],"items_purged_floors":[],"is_endless":false,"potions_floor_spawned":[1,7,11,18],"killed_by":"conspire:FuzzyDice","ascension_level":0}}