{"host":"jm9833yuloeli2yd","time":1611096400,"event":{"mods":["BaseMod","Better Altar","Better Match","Better Note","Better Sensory Stone","Better Skull","Better Third Choice","Better Vampires","BetterRewards","Colored Map","Colored Powertips","DeckTracker","Minty Spire (QoL Compilation)","Permanent Neow","Quick Restart","Slay-I","StSLib","SuperFastMode"],"gold_per_floor":[15,25,100,113,113,145,164,164,164,184,23,23,49,65,65,141,141,155,155,169,199,52,52,67,67,67,67,67],"floor_reached":27,"language":"ENG","playtime":588,"items_purged":[],"score":496,"play_id":"08f90bb9-9d29-4567-a9e5-7ff11c79da70","local_time":"20210119174640","is_ascension_mode":true,"campfire_choices":[{"data":"Apotheosis","floor":8,"key":"SMITH"},{"floor":15,"key":"REST"},{"data":"Envenom","floor":23,"key":"SMITH"}],"circlet_count":0,"master_deck":["AscendersBane","Strike_G","Strike_G","Strike_G","Strike_G","Strike_G","Defend_G","Defend_G","Defend_G","Defend_G","Defend_G","Survivor","Neutralize","Poisoned Stab","Masterful Stab","Bane","Apotheosis+1","Bane","Poisoned Stab","Envenom+1","Unload","Backflip","Burst","Cloak And Dagger","Leg Sweep","Cloak And Dagger","Cloak And Dagger","Accuracy"],"relics":["Ring of the Snake","Du-Vu Doll","Vajra","Lantern","TwistedFunnel","Bronze Scales","Matryoshka","WristBlade","Red Mask","White Beast Statue","Strawberry"],"acts_visited":["Exordium","TheCity"],"potions_floor_usage":[7,7,13,16,20,21],"damage_taken":[{"damage":1,"enemies":"Cultist","floor":1,"turns":3},{"damage":1,"enemies":"Jaw Worm","floor":2,"turns":4},{"damage":2,"enemies":"2 Louse","floor":4,"turns":3},{"damage":5,"enemies":"3 Sentries","floor":6,"turns":8},{"damage":11,"enemies":"Exordium Thugs","floor":7,"turns":6},{"damage":0,"enemies":"Red Slaver","floor":10,"turns":3},{"damage":0,"enemies":"Gremlin Nob","floor":13,"turns":2},{"damage":0,"enemies":"Blue Slaver","floor":14,"turns":1},{"damage":8,"enemies":"The Guardian","floor":16,"turns":7},{"damage":8,"enemies":"Shell Parasite","floor":18,"turns":4},{"damage":15,"enemies":"2 Thieves","floor":20,"turns":3},{"damage":0,"enemies":"Masked Bandits","floor":21,"turns":2},{"damage":4,"enemies":"Snake Plant","floor":24,"turns":3},{"damage":38,"enemies":"Gremlin Leader","floor":27,"turns":7}],"seed_played":"6085516108089241925","potions_obtained":[{"floor":2,"key":"GamblersBrew"},{"floor":6,"key":"Regen Potion"},{"floor":7,"key":"PowerPotion"},{"floor":13,"key":"CultistPotion"},{"floor":16,"key":"DistilledChaos"},{"floor":18,"key":"Fire Potion"}],"is_trial":false,"path_per_floor":["M","M","?","M","?","E","M","R","T","M","$","?","E","M","R","B",null,"M","?","M","?","$","R","M","?","T","E"],"character_chosen":"THE_SILENT","items_purchased":["TwistedFunnel","Cloak And Dagger","Accuracy"],"campfire_rested":1,"item_purchase_floors":[11,22,22],"current_hp_per_floor":[58,57,46,44,44,39,43,43,43,43,43,17,17,17,36,28,57,49,49,34,34,34,34,30,30,37,0,0],"gold":67,"neow_bonus":"ONE_RARE_RELIC","is_daily":false,"chose_seed":false,"campfire_upgraded":2,"win_rate":0.0,"timestamp":1611096400,"path_taken":["M","M","?","M","?","E","?","R","T","M","?","?","E","M","R","BOSS","M","?","M","?","$","R","M","?","T","E"],"items_purchased_type":["Relic","Card","Card"],"build_version":"2020-12-22","purchased_purges":0,"victory":false,"max_hp_per_floor":[66,66,66,66,66,66,66,66,66,66,66,66,66,66,66,66,66,66,66,66,66,66,66,66,66,73,73,73],"card_choices":[{"not_picked":["Deadly Poison","Outmaneuver"],"picked":"Poisoned Stab","floor":1},{"not_picked":["Quick Slash","Reflex"],"picked":"Masterful Stab","floor":2},{"not_picked":["Backflip","Slice"],"picked":"Bane","floor":4},{"not_picked":["Bandage Up","Flash of Steel"],"picked":"Apotheosis","floor":5},{"not_picked":["Sucker Punch","Bouncing Flask"],"picked":"Bane","floor":6},{"not_picked":["PiercingWail","Blur"],"picked":"Poisoned Stab","floor":7},{"not_picked":["Prepared","Bane"],"picked":"Envenom","floor":10},{"not_picked":["PiercingWail","Riddle With Holes"],"picked":"Unload","floor":13},{"not_picked":["Deadly Poison","Quick Slash"],"picked":"Backflip","floor":14},{"not_picked":["A Thousand Cuts","Unload"],"picked":"Burst","floor":16},{"not_picked":["Outmaneuver","Acrobatics","Underhanded Strike"],"picked":"SKIP","floor":18},{"not_picked":["Crippling Poison","Deadly Poison"],"picked":"Leg Sweep","floor":20},{"not_picked":["Dash","Infinite Blades"],"picked":"Cloak And Dagger","floor":21},{"not_picked":["Calculated Gamble","Setup","Sucker Punch"],"picked":"SKIP","floor":24},{"not_picked":["Calculated Gamble","Setup","Sucker Punch"],"picked":"SKIP","floor":24}],"player_experience":1328224,"relics_obtained":[{"floor":6,"key":"Vajra"},{"floor":9,"key":"Lantern"},{"floor":13,"key":"Matryoshka"},{"floor":21,"key":"Red Mask"},{"floor":26,"key":"White Beast Statue"},{"floor":26,"key":"Strawberry"}],"event_choices":[{"damage_healed":0,"gold_gain":75,"player_choice":"Gold","damage_taken":11,"max_hp_gain":0,"max_hp_loss":0,"event_name":"betterThird:BetterGoop","floor":3,"gold_loss":0},{"damage_healed":0,"gold_gain":1,"player_choice":"1","damage_taken":0,"max_hp_gain":0,"max_hp_loss":0,"event_name":"betterStone:BetterStone","floor":5,"gold_loss":0},{"damage_healed":0,"gold_gain":0,"player_choice":"Relic ","damage_taken":26,"max_hp_gain":0,"max_hp_loss":0,"event_name":"betterThird:BetterScrap","floor":12,"gold_loss":0,"cards_obtained":["Second Wind"]},{"damage_healed":0,"gold_gain":0,"player_choice":"Read","damage_taken":0,"max_hp_gain":0,"max_hp_loss":0,"event_name":"The Library","floor":19,"gold_loss":0,"cards_obtained":["Cloak And Dagger"]},{"damage_healed":0,"gold_gain":0,"player_choice":"Fought Bandits","damage_taken":0,"max_hp_gain":0,"max_hp_loss":0,"event_name":"Masked Bandits","floor":21,"gold_loss":0}],"is_beta":false,"boss_relics":[{"not_picked":["Cursed Key","Velvet Choker"],"picked":"WristBlade"}],"items_purged_floors":[],"is_endless":false,"potions_floor_spawned":[2,6,7,13,16,18],"killed_by":"Gremlin Leader","ascension_level":20}}