{"host":"hjw1ay65n7jm40lc","time":1611030299,"event":{"mods":["AchievementEnabler","BaseMod","Block Reminder","Colored Map","Colored Powertips","Curses Come First","Downfall","Googly Eyes","Hermit","Highlight Path","Minty Spire (QoL Compilation)","Quick Restart","Relic Stats","StSLib"],"gold_per_floor":[99,115,172,172,189,200,200,100,110,144,11,29,57,70,83,83,83],"floor_reached":16,"language":"ENG","playtime":961,"items_purged":["bronze:Strike"],"score":167,"play_id":"f93d89fb-ef06-404b-b05a-8774384b19b8","local_time":"20210118232459","is_ascension_mode":true,"campfire_choices":[{"floor":1.0,"key":"RECALL"},{"floor":8,"key":"REST"}],"circlet_count":0,"master_deck":["bronze:Strike","bronze:Strike","bronze:Strike","bronze:Defend","bronze:Defend","bronze:Defend","bronze:Defend","bronze:Replicate","bronze:Goto","bronze:Shell","bronze:DigitalCarnage","bronze:WhirlingStrike","bronze:InfiniteBeams","bronze:InfiniteLoop","bronze:Philosophize","bronze:ChildClass","bronze:ForceShield+1","bronze:Constructor+1","bronze:Deprecate+1"],"relics":["bronze:BronzeCore","Du-Vu Doll","Smiling Mask","Question Card","downfall:HeartBlessingRed","Letter Opener","Toxic Egg 2"],"acts_visited":["Exordium"],"potions_floor_usage":[8,10,14,15,16],"damage_taken":[{"damage":0.0,"enemies":"Small Slimes","floor":2.0,"turns":4.0},{"damage":45.0,"enemies":"3 Sentries","floor":3.0,"turns":12.0},{"damage":3.0,"enemies":"Jaw Worm","floor":5.0,"turns":5.0},{"damage":0.0,"enemies":"2 Louse","floor":6.0,"turns":2.0},{"damage":4,"enemies":"Lots of Slimes","floor":9,"turns":2},{"damage":5,"enemies":"3 Sentries","floor":10,"turns":5},{"damage":10,"enemies":"downfall:FleeingMerchant","floor":11,"turns":4},{"damage":21,"enemies":"3 Louse","floor":12,"turns":3},{"damage":0,"enemies":"Gremlin Nob","floor":13,"turns":2},{"damage":8,"enemies":"Large Slime","floor":14,"turns":3},{"damage":0,"enemies":"2 Fungi Beasts","floor":15,"turns":2},{"damage":6,"enemies":"IC_STATUS_ARCHETYPE","floor":16,"turns":1}],"seed_played":"6429179054648082635","potions_obtained":[{"floor":3.0,"key":"Weak Potion"},{"floor":5.0,"key":"Fruit Juice"},{"floor":9,"key":"Energy Potion"},{"floor":12,"key":"champ:CounterPotion"},{"floor":13,"key":"EntropicBrew"}],"is_trial":false,"path_per_floor":["R","M","?","?","M","M","T","R","M","E","$","M","E","M","M","B"],"character_chosen":"THE_AUTOMATON","items_purchased":["bronze:Philosophize"],"campfire_rested":1,"item_purchase_floors":[11],"current_hp_per_floor":[77,77,32,25,22,22,22,51,47,42,32,11,11,3,3,0,0],"gold":83,"neow_bonus":"TEN_PERCENT_HP_BONUS","is_daily":false,"chose_seed":false,"campfire_upgraded":0,"win_rate":0.0,"timestamp":1611030299,"path_taken":["R","M","?","?","M","M","T","R","M","E","?","M","E","M","M","BOSS"],"items_purchased_type":["Card"],"build_version":"2020-12-22","purchased_purges":1,"victory":false,"max_hp_per_floor":[77,77,77,77,77,77,77,82,82,82,82,82,82,82,82,82,82],"relic_stats":{"counters":[12,45],"Letter Opener":[5],"Smiling Mask":25,"Question Card":7,"obtain_stats":[{"Du-Vu Doll":3,"bronze:BronzeCore":0,"downfall:HeartBlessingRed":8,"Letter Opener":10,"Toxic Egg 2":13,"Smiling Mask":4,"Question Card":7},{"Du-Vu Doll":1,"bronze:BronzeCore":0,"downfall:HeartBlessingRed":4,"Letter Opener":6,"Toxic Egg 2":9,"Smiling Mask":2,"Question Card":4},{"Du-Vu Doll":4,"bronze:BronzeCore":0,"downfall:HeartBlessingRed":23,"Letter Opener":30,"Toxic Egg 2":39,"Smiling Mask":16,"Question Card":23}]},"card_choices":[{"not_picked":["bronze:Separator","bronze:Shield"],"picked":"bronze:Shell","floor":2.0},{"not_picked":["bronze:BuggyMess","bronze:BitShift"],"picked":"bronze:DigitalCarnage","floor":3.0},{"not_picked":["bronze:Separator","bronze:Iterate"],"picked":"bronze:WhirlingStrike","floor":5.0},{"not_picked":["bronze:Flail","bronze:Return"],"picked":"bronze:InfiniteBeams","floor":6.0},{"not_picked":["bronze:OilSpill","bronze:DarkDash","bronze:WildBeam","bronze:Deprecate"],"picked":"SKIP","floor":9},{"not_picked":["bronze:Terminator","bronze:CloningBeam","bronze:Backtrace"],"picked":"bronze:InfiniteLoop","floor":10},{"not_picked":["bronze:ShipIt","bronze:Virus","bronze:Invalidate","bronze:BitShift"],"picked":"SKIP","floor":11},{"not_picked":["bronze:WhirlingStrike","bronze:ClassDefault","bronze:InfiniteBeams"],"picked":"bronze:ChildClass","floor":12},{"not_picked":["bronze:Boost+1","bronze:BugBarrage","bronze:AlphaBuild"],"picked":"bronze:ForceShield+1","floor":13},{"not_picked":["bronze:FollowUp","bronze:DelayedSlice","bronze:BuggyMess+1"],"picked":"bronze:Constructor+1","floor":14},{"not_picked":["bronze:CloningBeam","bronze:BitShift+1","bronze:Shield+1"],"picked":"bronze:Deprecate+1","floor":15}],"player_experience":941529,"relics_obtained":[{"floor":7.0,"key":"Question Card"},{"floor":10,"key":"Letter Opener"},{"floor":13,"key":"Toxic Egg 2"}],"event_choices":[{"damage_healed":0.0,"max_hp_gain":0.0,"max_hp_loss":0.0,"gold_gain":0.0,"event_name":"Scrap Ooze","player_choice":"Success","floor":4.0,"gold_loss":0.0,"damage_taken":7.0,"relics_obtained":["Smiling Mask"]}],"is_beta":false,"boss_relics":[],"items_purged_floors":[11],"is_endless":false,"potions_floor_spawned":[3,5,9,12,13],"killed_by":"IC_STATUS_ARCHETYPE","ascension_level":4}}