{"host":"cjmwurvrz00ml9vd","time":1611095112,"event":{"mods":["2.2 Compatiblity","AchievementEnabler","Act Like it!","Aspiration","BaseMod","Beaked The Cultist","Better Third Choice","BetterRewards","Colored Powertips","Conspire","Energized Spire","Infinite Spire","Marisa????????","Marked Mod","Minty Spire (QoL Compilation)","Replay The Spire","Say the Spire","StSLib","The Blackbeard","The Cursed","The Disciple","The Hierophant","The Jungle","The Necromancer","The Servant 0.9.4","TheFirefly","vexMod"],"gold_per_floor":[110,110,110,185,202,202,228,242,242,277,277,277,288,141,141,252,252,282,300,300,325,76,114,114,157,182,182,199,199,216,248,248,357,357,386,386,184,202,229,280,302,340,340,340,340,340,351,371,371,383,383,383,36,82,88,88],"floor_reached":55,"language":"ENG","playtime":2022,"items_purged":["Overencumbered","Defend_W"],"score":965,"play_id":"a5ec4277-9ca1-42c6-ab95-70dec815d088","local_time":"20210119232512","is_ascension_mode":true,"campfire_choices":[{"data":"Cloudkill","floor":6,"key":"SMITH"},{"floor":11,"key":"REST"},{"data":"Injury","floor":15,"key":"PURGE"},{"data":"Sadistic Nature","floor":24,"key":"SMITH"},{"floor":32,"key":"DIG"},{"data":"Strike_W","floor":44,"key":"SMITH"},{"floor":46,"key":"RECALL"},{"floor":52,"key":"REST"}],"circlet_count":0,"master_deck":["Strike_W","Strike_W+1","Strike_W+1","Strike_W+1","Defend_W","Defend_W+1","Defend_W","Negative_Energy_Arrows+1","Bone_Wall+1","Toxic_Smoke_Screen+1","Toxic_Smoke_Screen+1","Cloudkill+1","Spectral_Walk+1","Blood_Curse+1","Sadistic Nature+1","Violent_Necrosis+1","Shade_Step+1","ReplayTheSpireMod:Black Plague+1","Sadistic Nature+1","Spectral_Walk+1"],"relics":["Vampire_Amulet","ReplayTheSpireMod:CursedCoin","Lee\u0027s Waffle","Toxic Egg 2","conspire:Flyswatter","StrikeDummy","Replay:Accelerometer","Replay:Bandana","aspiration:Lifesprig","Smiling Mask","vexMod:ScavengeHelm","vexMod:BarristanHead","vexMod:ImprovementManual","Nunchaku","Bag of Marbles","vexMod:FocusSash","MealTicket","infinitespire:CheckeredPen","Dead Branch"],"acts_visited":["Exordium","TheCity","TheBeyond","TheEnding"],"potions_floor_usage":[7,16,19,25,31,33,33,35,42,47,50,55,55],"damage_taken":[{"damage":1,"enemies":"2 Louse","floor":1,"turns":4},{"damage":0,"enemies":"Small Slimes","floor":5,"turns":5},{"damage":33,"enemies":"Gremlin Nob","floor":7,"turns":6},{"damage":0,"enemies":"Jaw Worm","floor":8,"turns":3},{"damage":15,"enemies":"3 Sentries","floor":10,"turns":9},{"damage":3,"enemies":"Large Slime","floor":13,"turns":5},{"damage":7,"enemies":"The Guardian","floor":16,"turns":9},{"damage":45,"enemies":"conspire:FuzzyDice","floor":18,"turns":5},{"damage":4,"enemies":"3 Byrds","floor":19,"turns":3},{"damage":22,"enemies":"Centurion and Healer","floor":21,"turns":6},{"damage":13,"enemies":"conspire:Head Lice","floor":23,"turns":5},{"damage":10,"enemies":"conspire:SneckoGhost","floor":25,"turns":5},{"damage":0,"enemies":"Cultist and Chosen","floor":28,"turns":3},{"damage":9,"enemies":"conspire:HollyBat","floor":30,"turns":6},{"damage":0,"enemies":"Centurion and Healer","floor":31,"turns":3},{"damage":25,"enemies":"Collector","floor":33,"turns":4},{"damage":11,"enemies":"3 Darklings","floor":35,"turns":3},{"damage":0,"enemies":"Orb Walker","floor":38,"turns":2},{"damage":0,"enemies":"Maw","floor":39,"turns":4},{"damage":0,"enemies":"Giant Head","floor":40,"turns":5},{"damage":9,"enemies":"Transient","floor":41,"turns":5},{"damage":1,"enemies":"Nemesis","floor":42,"turns":3},{"damage":27,"enemies":"Jaw Worm Horde","floor":47,"turns":4},{"damage":9,"enemies":"3 Darklings","floor":48,"turns":4},{"damage":103,"enemies":"Replay:Hell Engine","floor":50,"turns":9},{"damage":44,"enemies":"Shield and Spear","floor":54,"turns":5},{"damage":57,"enemies":"The Heart","floor":55,"turns":6}],"seed_played":"8637280386282471225","potions_obtained":[{"floor":1,"key":"SpeedPotion"},{"floor":10,"key":"FearPotion"},{"floor":13,"key":"BlessingOfTheForge"},{"floor":16,"key":"Venom Potion"},{"floor":18,"key":"FairyPotion"},{"floor":23,"key":"Block Potion"},{"floor":30,"key":"LifebloodPotion"},{"floor":31,"key":"Energy Potion"},{"floor":33,"key":"Explosive Potion"},{"floor":39,"key":"Explosive Potion"},{"floor":41,"key":"DuplicationPotion"},{"floor":42,"key":"BlessingOfTheForge"}],"is_trial":false,"path_per_floor":["M","?","?","?","M","R","E","M","T","E","R","?","M","$","R","B",null,"M","M","?","M","$","E","R","E","T","AVR","M","?","M","M","R","B",null,"M","?","$","M","M","E","M","E","T","R","?","R","M","M","R","B",null,"R","$","E","B"],"character_chosen":"NECROMANCER","items_purchased":["Toxic_Smoke_Screen","Cloudkill","ReplayTheSpireMod:CursedCoin","Lee\u0027s Waffle","Spectral_Walk","Replay:Bandana","Sadistic Nature","Violent_Necrosis+1","Nunchaku","infinitespire:CheckeredPen","Dexterity Potion","FearPotion"],"campfire_rested":2,"item_purchase_floors":[0,0,0,0,0,14,22,22,37,53,53,53],"current_hp_per_floor":[82,82,82,71,75,75,44,46,46,37,61,61,62,62,62,57,76,35,37,64,46,46,51,51,43,43,43,47,47,40,44,44,25,68,59,59,59,61,63,65,58,59,59,59,59,59,38,31,55,6,63,82,82,42,0,0],"gold":88,"neow_bonus":"","is_daily":false,"chose_seed":false,"campfire_upgraded":3,"win_rate":0.0,"timestamp":1611095112,"path_taken":["M","?","?","?","M","R","E","?","T","E","R","?","M","?","R","BOSS","M","M","?","M","$","E","R","E","T","AVR","M","?","?","M","R","BOSS","M","?","$","M","?","E","M","E","T","R","?","R","?","?","R","BOSS","R","$","E","BOSS"],"items_purchased_type":["Card","Card","Relic","Relic","Card","Relic","Card","Card","Relic","Relic","Potion","Potion"],"build_version":"2020-12-22","purchased_purges":2,"victory":false,"max_hp_per_floor":[82,82,82,82,82,82,82,82,82,82,82,82,82,82,82,82,82,82,82,82,82,82,82,82,82,82,82,82,82,82,82,82,82,82,82,82,82,82,82,82,82,82,82,82,82,82,82,82,82,82,82,82,82,82,82,82],"card_choices":[{"not_picked":["Chill_Blood","Death_March_Dance","Bones_to_Steel"],"picked":"SKIP","floor":1},{"not_picked":["Vampiric_Strike","Bone_Spikes","Blood_Curse"],"picked":"SKIP","floor":5},{"not_picked":["Blood_Curse","Spectral_Armor+1","Bone_Armory"],"picked":"SKIP","floor":7},{"not_picked":["Detonate_Bones","Bone_Spikes","Summon_Undead_Army"],"picked":"SKIP","floor":8},{"not_picked":["Negative_Energy_Burst","Chill_Blood+1","Bone_Armor+1"],"picked":"SKIP","floor":10},{"not_picked":["Shackles_Of_Pain+1","Spectral_Armor+1","Bone_Shift+1"],"picked":"SKIP","floor":13},{"not_picked":["Consume_Illness+1","Bone_Bullets","Bone_Spikes"],"picked":"SKIP","floor":18},{"not_picked":["Blood_Shield+1","Blood_Wake"],"picked":"Blood_Curse+1","floor":19},{"not_picked":["Negative_Energy_Shield+1","Blood_Shield+1","Bone_Armor+1"],"picked":"SKIP","floor":21},{"not_picked":["Consume_Illness+1","Vampiric_Strike","Blood_Whip"],"picked":"SKIP","floor":23},{"not_picked":["Bones_to_Steel+1","Vampiric_Strike+1"],"picked":"Shade_Step+1","floor":25},{"not_picked":["Flesh_Made_Foul","Scare+1","Bone_Bullets"],"picked":"SKIP","floor":28},{"not_picked":["Bone_Armor+1","Spectral_Walk+1","Necromantic_Selection+1"],"picked":"SKIP","floor":30},{"not_picked":["Summon_Vampire_Lady","Toxic_Smoke_Screen+1","Acid_Javelin"],"picked":"SKIP","floor":31},{"not_picked":["Bone_Armor+1","Blood_Whip","Vampiric_Strike"],"picked":"SKIP","floor":35},{"not_picked":["Chill_Blood+1","Negative_Energy_Javelin+1","Bone_Armor+1"],"picked":"SKIP","floor":38},{"not_picked":["Uncharnel+1","Scare+1","Blood_for_Blood"],"picked":"SKIP","floor":39},{"not_picked":["Corrupt+1","Necromantic_Selection+1","Summon_Vampire_Lady"],"picked":"SKIP","floor":40},{"not_picked":["Summon_Undead_Army+1","Bones_to_Steel+1","Blood_Curse+1"],"picked":"SKIP","floor":41},{"not_picked":["Negative_Energy_Mist+1","Consume_Illness+1","Vampiric_Strike"],"picked":"SKIP","floor":42},{"not_picked":["Summon_Undead_Army","Negative_Energy_Sphere+1","Plague_Bolt"],"picked":"SKIP","floor":47},{"not_picked":["Blood_Curse+1","Negative_Energy_Javelin+1","Death_March_Dance"],"picked":"SKIP","floor":48},{"not_picked":["Bone_Armory","Spectral_Armor+1"],"picked":"Spectral_Walk+1","floor":54}],"player_experience":628228,"relics_obtained":[{"floor":7,"key":"conspire:Flyswatter"},{"floor":9,"key":"StrikeDummy"},{"floor":10,"key":"Replay:Accelerometer"},{"floor":23,"key":"aspiration:Lifesprig"},{"floor":25,"key":"Smiling Mask"},{"floor":32,"key":"vexMod:BarristanHead"},{"floor":40,"key":"Bag of Marbles"},{"floor":42,"key":"vexMod:FocusSash"},{"floor":43,"key":"MealTicket"},{"floor":54,"key":"Dead Branch"}],"event_choices":[{"damage_healed":0,"gold_gain":0,"player_choice":"Disagree","damage_taken":0,"max_hp_gain":0,"max_hp_loss":0,"event_name":"conspire:LoneGhost","floor":2,"gold_loss":0},{"damage_healed":0,"gold_gain":75,"player_choice":"Gold","damage_taken":11,"max_hp_gain":0,"max_hp_loss":0,"event_name":"betterThird:BetterGoop","floor":4,"gold_loss":0},{"damage_healed":0,"gold_gain":0,"player_choice":"Grow","damage_taken":0,"max_hp_gain":0,"max_hp_loss":0,"event_name":"Living Wall","floor":12,"gold_loss":0,"cards_upgraded":["Spectral_Walk"]},{"damage_healed":27,"gold_gain":0,"player_choice":"Heal","damage_taken":0,"max_hp_gain":0,"max_hp_loss":0,"event_name":"The Library","floor":20,"gold_loss":0},{"damage_healed":0,"gold_gain":0,"player_choice":"Upgraded","damage_taken":0,"max_hp_gain":0,"max_hp_loss":0,"event_name":"Upgrade Shrine","floor":29,"gold_loss":0,"cards_upgraded":["Toxic_Smoke_Screen"]},{"damage_healed":0,"gold_gain":0,"player_choice":"Copied","damage_taken":0,"max_hp_gain":0,"max_hp_loss":0,"event_name":"Duplicator","floor":36,"gold_loss":0,"cards_obtained":["Sadistic Nature"]},{"damage_healed":0,"gold_gain":0,"player_choice":"Forge","damage_taken":0,"max_hp_gain":0,"max_hp_loss":0,"event_name":"Accursed Blacksmith","floor":45,"gold_loss":0,"cards_upgraded":["Defend_W"]}],"is_beta":false,"boss_relics":[{"not_picked":["Sozu","Replay:Fungal Core","conspire:RoyalGoblet"]},{"not_picked":["energizedSpire:NeverEndingSparkler","aspiration:DefectSkillbook"],"picked":"vexMod:ImprovementManual"}],"items_purged_floors":[0,37],"is_endless":false,"potions_floor_spawned":[1,10,13,16,18,23,30,31,33,39,41,42],"killed_by":"The Heart","ascension_level":5}}