{"host":"8i58hvcssdezoe94","time":1611040608,"event":{"mods":["Act Like it!","BaseMod","Colored Map","Conspire","Downfall","Gensokyo","KinomotoSakuraMod(木之本樱)","Marisa（F雨　魔理沙）","Minty Spire (QoL Compilation)","Quick Restart","Remilia（蕾米莉亚）","StSLib","The Animator","The Bug Knight","The Construct","The Cursed","The Hierophant","The Jungle","The Servant 0.9.4"],"gold_per_floor":[110,110,123,12,32,32,60,60,111,111,123,341,421,421,421,520,520,535,535,552,552,570,604,604,604,604,301,301,320,333,350,350,350,350],"floor_reached":33,"language":"ZHS","playtime":1926,"items_purged":[],"score":267,"play_id":"ef8ad63a-5b7c-43d4-b56a-8eec581906f7","local_time":"20210119151648","is_ascension_mode":false,"campfire_choices":[{"data":"White Noise","floor":6,"key":"SMITH"},{"floor":8,"key":"RECALL"},{"data":"Zap","floor":10,"key":"SMITH"},{"floor":15,"key":"REST"},{"floor":25,"key":"REST"},{"data":"Sunder","floor":28,"key":"SMITH"},{"floor":32,"key":"REST"}],"circlet_count":0,"master_deck":["Strike_B","Strike_B","Strike_B","Strike_B","Defend_B","Defend_B","Defend_B","Defend_B","Zap+1","Dualcast","Conserve Battery","Injury","White Noise+1","Doom and Gloom","Coolheaded","Cold Snap","Self Repair","All For One","Undo","Sunder+1","Leap+1","Dash","BootSequence","Genetic Algorithm","Gensokyo:BlemishedSteel","Gensokyo:TarnishedGold","Sweeping Beam+1","Capacitor","Blizzard+1","Streamline"],"relics":["Cracked Core","NeowsBlessing","Bronze Scales","Oddly Smooth Stone","Mango","Pocketwatch","Philosopher\u0027s Stone","Meat on the Bone","Gensokyo:MosesMiracle","AntiCross","ClockworkSouvenir","Dream Catcher"],"acts_visited":["Gensokyo:Gensokyo","Gensokyo:Gensokyoer"],"potions_floor_usage":[],"damage_taken":[{"damage":0,"enemies":"Gensokyo:Python","floor":1,"turns":1},{"damage":0,"enemies":"Gensokyo:2_Kodama","floor":3,"turns":1},{"damage":0,"enemies":"Gensokyo:Gryphon","floor":5,"turns":1},{"damage":25,"enemies":"Gensokyo:Cirno","floor":7,"turns":7},{"damage":0,"enemies":"Gensokyo:LivingMonolith","floor":11,"turns":3},{"damage":1,"enemies":"Gensokyo:VengefulSpirit","floor":12,"turns":4},{"damage":22,"enemies":"Gensokyo:Yukari","floor":16,"turns":9},{"damage":15,"enemies":"Gensokyo:CosmicMonolith","floor":18,"turns":6},{"damage":3,"enemies":"Gensokyo:AngelMirror","floor":20,"turns":3},{"damage":7,"enemies":"Gensokyo:Swordslinger","floor":22,"turns":5},{"damage":53,"enemies":"Gensokyo:Tenshi","floor":23,"turns":7},{"damage":3,"enemies":"Gensokyo:Monolith_and_Dog","floor":29,"turns":5},{"damage":9,"enemies":"Gensokyo:Wraith","floor":30,"turns":4},{"damage":25,"enemies":"Gensokyo:Mirror_and_Dog","floor":31,"turns":4},{"damage":118,"enemies":"Gensokyo:Eternal_Rivals","floor":33,"turns":5}],"seed_played":"-8692282918852092260","potions_obtained":[{"floor":1,"key":"ColorlessPotion"},{"floor":5,"key":"PotionOfCapacity"},{"floor":11,"key":"Energy Potion"},{"floor":18,"key":"conspire:TimeTravelPotion"}],"is_trial":false,"path_per_floor":["M","?","M","COS","M","R","E","R","T","R","M","M","?","?","R","B",null,"M","?","M","?","M","E","?","R","T","COS","R","M","M","M","R","B"],"character_chosen":"DEFECT","items_purchased":[],"campfire_rested":3,"item_purchase_floors":[],"current_hp_per_floor":[75,75,75,75,75,75,50,50,50,50,50,49,49,42,68,53,89,81,81,85,85,85,39,39,65,65,65,65,69,67,61,87,0,0],"gold":350,"neow_bonus":"THREE_ENEMY_KILL","is_daily":false,"chose_seed":false,"campfire_upgraded":3,"win_rate":0.0,"timestamp":1611040608,"path_taken":["M","?","M","COS","M","R","E","R","T","R","M","M","?","?","R","BOSS","M","?","?","?","M","E","?","R","T","COS","R","M","M","M","R","BOSS"],"items_purchased_type":[],"build_version":"2020-12-22","purchased_purges":0,"victory":false,"max_hp_per_floor":[75,75,75,75,75,75,75,75,75,75,75,75,75,89,89,89,89,89,89,89,89,89,89,89,89,89,89,89,89,89,89,89,89,89],"card_choices":[{"not_picked":["Reprogram","Rebound"],"picked":"Conserve Battery","floor":1},{"not_picked":["Hologram","Gash"],"picked":"White Noise","floor":3},{"not_picked":["Chaos","Leap"],"picked":"Doom and Gloom","floor":5},{"not_picked":["Heatsinks","Reprogram"],"picked":"Coolheaded","floor":7},{"not_picked":["Hologram","Blizzard"],"picked":"Cold Snap","floor":11},{"not_picked":["conspire:SharedLibrary","Biased Cognition"],"picked":"Self Repair","floor":12},{"not_picked":["Biased Cognition","Creative AI"],"picked":"All For One","floor":16},{"not_picked":["Compile Driver","Coolheaded"],"picked":"Undo","floor":18},{"not_picked":["Hologram","Beam Cell"],"picked":"Leap+1","floor":20},{"not_picked":["FTL+1","Steam"],"picked":"BootSequence","floor":22},{"not_picked":["Reinforced Body","Compile Driver"],"picked":"Genetic Algorithm","floor":23},{"not_picked":["Force Field","Cold Snap"],"picked":"Sweeping Beam+1","floor":29},{"not_picked":["Go for the Eyes+1","Gash"],"picked":"Capacitor","floor":30},{"not_picked":["Rebound","Barrage"],"picked":"Blizzard+1","floor":31},{"not_picked":["Auto Shields","Reprogram+1"],"picked":"Streamline","floor":32}],"player_experience":48732,"relics_obtained":[{"floor":7,"key":"Oddly Smooth Stone"},{"floor":23,"key":"Meat on the Bone"},{"floor":26,"key":"AntiCross"},{"floor":31,"key":"Gensokyo:MosesMiracle"}],"event_choices":[],"is_beta":false,"boss_relics":[{"not_picked":["Snecko Eye","Runic Pyramid"],"picked":"Philosopher\u0027s Stone"}],"items_purged_floors":[],"is_endless":false,"potions_floor_spawned":[1,5,11,12,18,20,30],"killed_by":"Gensokyo:Eternal_Rivals","ascension_level":0}}