{"host":"btt6ntw6a1bnaigc","time":1611078384,"event":{"mods":["AchievementEnabler","BaseMod","Downfall","Hermit","Minty Spire (QoL Compilation)","StSLib","The Cursed"],"gold_per_floor":[115,115,133,149,13,44,44,44,44,61,88,105,169,188,188,293,293,303,303,303,253,240,274,290,290,290],"floor_reached":25,"language":"ENG","playtime":2868,"items_purged":["downfall:Bewildered"],"score":233,"play_id":"58bec734-b313-4875-9819-2de19e8986e0","local_time":"20210119174624","is_ascension_mode":false,"campfire_choices":[{"data":"hermit:Maintenance","floor":7.0,"key":"SMITH"},{"data":"hermit:Reprieve","floor":15.0,"key":"SMITH"}],"circlet_count":0,"master_deck":["hermit:Strike_Hermit","hermit:Strike_Hermit","hermit:Strike_Hermit","hermit:Defend_Hermit","hermit:Defend_Hermit","hermit:Defend_Hermit","hermit:Defend_Hermit","hermit:Snapshot","hermit:Covet","hermit:Snipe","hermit:ShadowCloak","hermit:Maintenance+1","hermit:FatalDesire","hermit:BodyArmor","hermit:PistolWhip","hermit:Reprieve+1","hermit:Enervate","hermit:TakeAim","hermit:Roughhouse","Writhe","hermit:Grudge","hermit:LoneWolf"],"relics":["hermit:Momento","NeowsBlessing","Pen Nib","Bottled Lightning","Smiling Mask","Turnip","Coffee Dripper","sneckomod:BabySnecko","Darkstone Periapt","Mercury Hourglass"],"acts_visited":["Exordium","TheCity"],"potions_floor_usage":[23],"damage_taken":[{"damage":0.0,"enemies":"Jaw Worm","floor":1.0,"turns":1.0},{"damage":0.0,"enemies":"Cultist","floor":3.0,"turns":1.0},{"damage":0.0,"enemies":"Small Slimes","floor":4.0,"turns":2.0},{"damage":10.0,"enemies":"Lagavulin","floor":6.0,"turns":9.0},{"damage":0.0,"enemies":"3 Louse","floor":10.0,"turns":5.0},{"damage":15.0,"enemies":"Gremlin Nob","floor":11.0,"turns":4.0},{"damage":0.0,"enemies":"Large Slime","floor":12.0,"turns":5.0},{"damage":3.0,"enemies":"Lagavulin Event","floor":13.0,"turns":7.0},{"damage":13.0,"enemies":"Exordium Wildlife","floor":14.0,"turns":5.0},{"damage":25.0,"enemies":"Slime Boss","floor":16.0,"turns":11.0},{"damage":7,"enemies":"3 Byrds","floor":18,"turns":7},{"damage":10,"enemies":"2 Thieves","floor":22,"turns":4},{"damage":25,"enemies":"Slavers","floor":23,"turns":6},{"damage":15,"enemies":"Centurion and Healer","floor":24,"turns":5},{"damage":17,"enemies":"Gremlin Leader","floor":25,"turns":5}],"seed_played":"6555709714335842309","potions_obtained":[{"floor":1.0,"key":"Explosive Potion"},{"floor":10.0,"key":"Fruit Juice"},{"floor":12.0,"key":"Block Potion"},{"floor":14.0,"key":"GamblersBrew"},{"floor":16.0,"key":"Block Potion"}],"is_trial":false,"path_per_floor":["M","?","M","M","$","E","R","?","T","M","E","M","?","M","R","B",null,"M","?","?","$","M","E","M","E"],"character_chosen":"HERMIT","items_purchased":["hermit:FatalDesire"],"campfire_rested":0,"item_purchase_floors":[5],"current_hp_per_floor":[75,75,75,75,75,65,65,65,65,70,55,59,56,47,47,26,80,73,73,79,79,69,44,29,12,12],"gold":290,"neow_bonus":"THREE_ENEMY_KILL","is_daily":false,"chose_seed":false,"campfire_upgraded":2,"win_rate":0.0,"timestamp":1611078384,"path_taken":["M","?","M","?","?","E","R","?","T","?","E","M","?","M","R","BOSS","M","?","?","?","M","E","M","E"],"items_purchased_type":["Card"],"build_version":"2020-12-22","purchased_purges":1,"victory":false,"max_hp_per_floor":[75,75,75,75,75,75,75,75,75,80,80,80,80,80,80,80,80,80,80,86,86,86,86,86,86,86],"card_choices":[{"not_picked":["hermit:Vantage","hermit:Headshot"],"picked":"hermit:Snipe","floor":1.0},{"not_picked":["hermit:CalledShot","hermit:Spite"],"picked":"hermit:ShadowCloak","floor":3.0},{"not_picked":["hermit:TrackingShot","hermit:Feint"],"picked":"hermit:Maintenance","floor":4.0},{"not_picked":["hermit:Coalescence","hermit:LowProfile"],"picked":"hermit:BodyArmor","floor":6.0},{"not_picked":["hermit:ItchyTrigger","hermit:Desperado"],"picked":"hermit:PistolWhip","floor":10.0},{"not_picked":["hermit:FinalCanter","hermit:LowProfile"],"picked":"hermit:Reprieve","floor":11.0},{"not_picked":["hermit:Headshot","hermit:Coalescence"],"picked":"hermit:Enervate","floor":12.0},{"not_picked":["hermit:Roulette","hermit:HighCaliber"],"picked":"hermit:TakeAim","floor":13.0},{"not_picked":["hermit:Vantage","hermit:SprayPray","hermit:LuckOfTheDraw"],"picked":"SKIP","floor":14.0},{"not_picked":["hermit:EternalForm","hermit:Magnum"],"picked":"hermit:Roughhouse","floor":16.0},{"not_picked":["hermit:Feint+1","hermit:GoldenBullet","hermit:HoleUp+1"],"picked":"SKIP","floor":18},{"not_picked":["hermit:HighCaliber+1","hermit:Snipe+1"],"picked":"hermit:Grudge","floor":22},{"not_picked":["hermit:Dive+1","hermit:BodyArmor"],"picked":"hermit:LoneWolf","floor":23},{"not_picked":["hermit:ItchyTrigger","hermit:HoleUp","hermit:NoHoldsBarred"],"picked":"SKIP","floor":24}],"player_experience":232425,"relics_obtained":[{"floor":6.0,"key":"Pen Nib"},{"floor":9.0,"key":"Bottled Lightning"},{"floor":11.0,"key":"Smiling Mask"},{"floor":13.0,"key":"Turnip"},{"floor":23,"key":"Mercury Hourglass"}],"event_choices":[{"cards_removed":["hermit:Strike_Hermit"],"damage_healed":0.0,"max_hp_gain":0.0,"max_hp_loss":0.0,"gold_gain":0.0,"event_name":"Purifier","player_choice":"Purged","floor":2.0,"gold_loss":0.0,"damage_taken":0.0},{"cards_removed":["Defend_G"],"damage_healed":0.0,"max_hp_gain":0.0,"max_hp_loss":0.0,"gold_gain":0.0,"event_name":"NoteForYourself","player_choice":"Took Card","floor":8.0,"gold_loss":0.0,"damage_taken":0.0,"cards_obtained":["Defend_G"]},{"damage_healed":0.0,"max_hp_gain":0.0,"max_hp_loss":0.0,"gold_gain":30.0,"event_name":"Dead Adventurer","player_choice":"Searched \u00273\u0027 times","floor":13.0,"gold_loss":0.0,"damage_taken":0.0},{"damage_healed":0,"gold_gain":0,"player_choice":"Opened","damage_taken":0,"relics_obtained":["Darkstone Periapt"],"max_hp_gain":0,"max_hp_loss":0,"event_name":"The Mausoleum","floor":20,"gold_loss":0,"cards_obtained":["Writhe"]}],"is_beta":false,"boss_relics":[{"not_picked":["Fusion Hammer","Calling Bell"],"picked":"Coffee Dripper"}],"items_purged_floors":[21],"is_endless":false,"potions_floor_spawned":[1,10,12,14,16],"killed_by":"Gremlin Leader","ascension_level":0}}