{"host":"7qoz5gmva6til3yp","time":1611052255,"event":{"mods":["AchievementEnabler","BaseMod","Minty Spire (QoL Compilation)","StSLib","SuperFastMode"],"gold_per_floor":[115,40,40,56,56,88,105,105,105],"floor_reached":8,"language":"KOR","playtime":896,"items_purged":["Defend_G"],"score":56,"play_id":"598ad7f0-2bf4-4122-93c3-d7a4da347b98","local_time":"20210119193055","is_ascension_mode":false,"campfire_choices":[],"circlet_count":0,"master_deck":["Strike_G+1","Strike_G","Strike_G+1","Strike_G","Defend_G","Defend_G","Defend_G","Defend_G","Survivor","Neutralize","Malaise","Deadly Poison","Underhanded Strike","Crippling Poison","Escape Plan"],"relics":["Ring of the Snake","Whetstone"],"acts_visited":["Exordium"],"potions_floor_usage":[8],"damage_taken":[{"damage":0,"enemies":"Small Slimes","floor":1,"turns":3},{"damage":1,"enemies":"Cultist","floor":4,"turns":4},{"damage":22,"enemies":"Lagavulin","floor":6,"turns":12},{"damage":2,"enemies":"2 Louse","floor":7,"turns":3},{"damage":25,"enemies":"3 Sentries","floor":8,"turns":7}],"seed_played":"-6908084021695559009","potions_obtained":[{"floor":6,"key":"Weak Potion"}],"is_trial":false,"path_per_floor":["M","$","?","M","$","E","M","E"],"character_chosen":"THE_SILENT","items_purchased":[],"campfire_rested":0,"item_purchase_floors":[],"current_hp_per_floor":[49,49,49,48,48,26,24,0,0],"gold":105,"neow_bonus":"THREE_RARE_CARDS","is_daily":false,"chose_seed":false,"campfire_upgraded":0,"win_rate":0.0,"timestamp":1611052255,"path_taken":["M","$","?","M","?","E","M","E"],"items_purchased_type":[],"build_version":"2020-12-22","purchased_purges":1,"victory":false,"max_hp_per_floor":[70,70,70,70,70,70,70,70,70],"card_choices":[{"not_picked":["Storm of Steel","A Thousand Cuts"],"picked":"Malaise","floor":0},{"not_picked":["Cloak And Dagger","Slice"],"picked":"Deadly Poison","floor":1},{"not_picked":["Endless Agony","Accuracy"],"picked":"Underhanded Strike","floor":4},{"not_picked":["Dagger Throw","Sucker Punch"],"picked":"Crippling Poison","floor":6},{"not_picked":["Leg Sweep","Poisoned Stab"],"picked":"Escape Plan","floor":7}],"player_experience":398275,"relics_obtained":[{"floor":6,"key":"Whetstone"}],"event_choices":[{"cards_removed":["Strike_G"],"damage_healed":0,"gold_gain":0,"player_choice":"Offered Basic","damage_taken":0,"max_hp_gain":0,"max_hp_loss":0,"event_name":"Bonfire Elementals","floor":3,"gold_loss":0}],"is_beta":false,"boss_relics":[],"items_purged_floors":[2],"is_endless":false,"potions_floor_spawned":[6],"killed_by":"3 Sentries","ascension_level":0}}