{"host":"4myl0piycjadqnwl","time":1611090843,"event":{"mods":["BaseMod","Colored Map","Downfall","Minty Spire (QoL Compilation)","StSLib"],"gold_per_floor":[99,119,134,134,23,57,57,57,57,42,60,77,177,209,227,227,227,227],"floor_reached":16,"language":"ENG","playtime":1723,"items_purged":[],"score":110,"play_id":"39846664-a85b-4335-a658-0f5d99da0887","local_time":"20210119221403","is_ascension_mode":false,"campfire_choices":[{"data":"bronze:Goto","floor":1.0,"key":"SMITH"},{"floor":9.0,"key":"RECALL"}],"circlet_count":0,"master_deck":["bronze:Strike","bronze:Strike","bronze:Defend","bronze:Defend","bronze:Defend","bronze:Defend","bronze:Replicate","bronze:Goto+1","bronze:GetLatest","bronze:DelayedGuard","bronze:Spike","bronze:Frontload","bronze:Iterate","bronze:FineTuning","bronze:Iterate","bronze:CleanCode","Bandage Up","bronze:ChosenStrike","bronze:Safeguard","bronze:Deprecate","bronze:WhirlingStrike","bronze:SpaghettiCode","bronze:FineTuning+1","bronze:Flail","bronze:Frontload"],"relics":["bronze:BronzeCore","Boot","Shuriken","Bronze Scales"],"acts_visited":["Exordium"],"potions_floor_usage":[],"damage_taken":[{"damage":0.0,"enemies":"Small Slimes","floor":2.0,"turns":4.0},{"damage":0.0,"enemies":"Cultist","floor":3.0,"turns":3.0},{"damage":5.0,"enemies":"Cultist","floor":4.0,"turns":5.0},{"damage":5.0,"enemies":"downfall:FleeingMerchant","floor":5.0,"turns":4.0},{"damage":22.0,"enemies":"Lagavulin","floor":6.0,"turns":10.0},{"damage":13.0,"enemies":"downfall:FleeingMerchant","floor":10.0,"turns":4.0},{"damage":3.0,"enemies":"2 Louse","floor":11.0,"turns":6.0},{"damage":12.0,"enemies":"Large Slime","floor":12.0,"turns":2.0},{"damage":21.0,"enemies":"downfall:Heads","floor":13.0,"turns":5.0},{"damage":13.0,"enemies":"3 Sentries","floor":14.0,"turns":9.0},{"damage":0,"enemies":"2 Fungi Beasts","floor":15,"turns":3},{"damage":6,"enemies":"DF_ARCHETYPE_STREAMLINE","floor":16,"turns":3}],"seed_played":"-1951272718474436859","potions_obtained":[{"floor":3.0,"key":"Explosive Potion"},{"floor":6.0,"key":"Guardian:BlockOnCardUsePotion"},{"floor":12.0,"key":"bronze:FreeFunctionsPotion"},{"floor":15,"key":"BlessingOfTheForge"}],"is_trial":false,"path_per_floor":["R","M","M","?","$","E","T","?","R","$","M","M","?","E","M","B"],"character_chosen":"THE_AUTOMATON","items_purchased":["bronze:FineTuning","bronze:Iterate"],"campfire_rested":0,"item_purchase_floors":[5,5],"current_hp_per_floor":[77,77,77,72,67,45,45,45,45,36,37,29,12,3,3,0,0,0],"gold":227,"neow_bonus":"TEN_PERCENT_HP_BONUS","is_daily":false,"chose_seed":false,"campfire_upgraded":1,"win_rate":0.0,"timestamp":1611090843,"path_taken":["R","M","M","?","$","E","T","?","R","$","?","M","?","E","M","BOSS"],"items_purchased_type":["Card","Card"],"build_version":"2020-12-22","purchased_purges":0,"victory":false,"max_hp_per_floor":[77,77,77,77,77,77,77,77,77,77,77,77,77,77,77,77,77,77],"card_choices":[{"not_picked":["bronze:BugBarrage","bronze:BitShift"],"picked":"bronze:GetLatest","floor":2.0},{"not_picked":["bronze:Return","bronze:Deprecate"],"picked":"bronze:DelayedGuard","floor":3.0},{"not_picked":[],"picked":"bronze:Spike","floor":4.0},{"not_picked":["bronze:CutThrough","bronze:WildBeam"],"picked":"bronze:Frontload","floor":4.0},{"not_picked":["bronze:Frontload","bronze:Allocate"],"picked":"bronze:Iterate","floor":5.0},{"not_picked":["bronze:DigitalCarnage","bronze:DarkDash","bronze:FindAndReplace"],"picked":"SKIP","floor":6.0},{"not_picked":["bronze:Allocate","bronze:BugBarrage"],"picked":"bronze:Safeguard","floor":10.0},{"not_picked":["bronze:GetLatest","bronze:Return"],"picked":"bronze:Deprecate","floor":11.0},{"not_picked":["bronze:BitShift","bronze:Turbo"],"picked":"bronze:WhirlingStrike","floor":12.0},{"not_picked":["bronze:OilSpill","bronze:BugBarrage"],"picked":"bronze:FineTuning","floor":13.0},{"not_picked":["bronze:Turbo","bronze:Boost"],"picked":"bronze:Flail","floor":14.0},{"not_picked":["bronze:OilSpill","bronze:DelayedGuard"],"picked":"bronze:Frontload","floor":15}],"player_experience":1428306,"relics_obtained":[{"floor":6.0,"key":"Boot"},{"floor":7.0,"key":"Shuriken"},{"floor":14.0,"key":"Bronze Scales"}],"event_choices":[],"is_beta":false,"boss_relics":[],"items_purged_floors":[],"is_endless":false,"potions_floor_spawned":[3,6,12,15],"killed_by":"DF_ARCHETYPE_STREAMLINE","ascension_level":0}}