{"host":"x3q4ieql2tr7v8o6","time":1611016841,"event":{"mods":["BaseMod","Bestiary","Better Altar","Better Match","Better Note","Better Sensory Stone","Better Skull","Better Third Choice","Colored Map","Colored Powertips","Curses Come First","Minty Spire (QoL Compilation)","StSLib"],"gold_per_floor":[119,47,47,63,82,82,82,82,135,135,26,49,93,58,58,149,149,174,174,174,199,219,219,254,279,359,359,373,373,288,307,307,405,405,428,428,443,443,461,461,479,502,502,502,502,23,39,39,39],"floor_reached":48,"language":"ENG","playtime":7150,"items_purged":["Injury"],"score":791,"play_id":"914043f3-48d1-45e8-9375-a0284ce1b579","local_time":"20210119004041","is_ascension_mode":true,"campfire_choices":[{"data":"Phantasmal Killer","floor":8.0,"key":"SMITH"},{"data":"Poisoned Stab","floor":10.0,"key":"SMITH"},{"data":"Cloak And Dagger","floor":15.0,"key":"SMITH"},{"data":"After Image","floor":23.0,"key":"SMITH"},{"floor":27.0,"key":"REST"},{"floor":32.0,"key":"REST"},{"floor":40.0,"key":"REST"}],"circlet_count":0,"master_deck":["AscendersBane","Survivor","Neutralize","Phantasmal Killer+1","Poisoned Stab+1","Dagger Spray","Cloak And Dagger+1","Dagger Spray","Quick Slash","Leg Sweep","Poisoned Stab","After Image+1","Outmaneuver","Reflex","Flying Knee","Poisoned Stab+1","Expertise","Footwork","Corpse Explosion","Dagger Throw","After Image","Setup","Infinite Blades","Storm of Steel","Die Die Die","Infinite Blades","Outmaneuver","Calculated Gamble","Slice","Cloak And Dagger","Backstab+1","Accuracy","Mind Blast","Sucker Punch"],"relics":["Ring of the Snake","Golden Idol","Boot","Centennial Puzzle","Shuriken","Philosopher\u0027s Stone","Akabeko","InkBottle","Mercury Hourglass","Letter Opener","Pandora\u0027s Box","Toy Ornithopter","Bottled Lightning","Sling"],"acts_visited":["Exordium","TheCity","TheBeyond"],"potions_floor_usage":[],"damage_taken":[{"damage":9.0,"enemies":"Jaw Worm","floor":1.0,"turns":6.0},{"damage":2.0,"enemies":"2 Louse","floor":4.0,"turns":2.0},{"damage":0.0,"enemies":"Cultist","floor":5.0,"turns":2.0},{"damage":0.0,"enemies":"2 Fungi Beasts","floor":12.0,"turns":2.0},{"damage":6.0,"enemies":"Gremlin Nob","floor":13.0,"turns":3.0},{"damage":10.0,"enemies":"The Guardian","floor":16.0,"turns":9.0},{"damage":25.0,"enemies":"Chosen","floor":18.0,"turns":5.0},{"damage":7.0,"enemies":"Shell Parasite","floor":21.0,"turns":5.0},{"damage":1.0,"enemies":"Snake Plant","floor":22.0,"turns":4.0},{"damage":40.0,"enemies":"Book of Stabbing","floor":24.0,"turns":8.0},{"damage":8.0,"enemies":"Cultist and Chosen","floor":25.0,"turns":5.0},{"damage":2.0,"enemies":"Shelled Parasite and Fungi","floor":28.0,"turns":2.0},{"damage":8.0,"enemies":"Centurion and Healer","floor":31.0,"turns":4.0},{"damage":9.0,"enemies":"Collector","floor":33.0,"turns":7.0},{"damage":17.0,"enemies":"3 Darklings","floor":35.0,"turns":3.0},{"damage":3.0,"enemies":"Orb Walker","floor":37.0,"turns":4.0},{"damage":17.0,"enemies":"3 Darklings","floor":39.0,"turns":3.0},{"damage":8.0,"enemies":"Writhing Mass","floor":41.0,"turns":5.0},{"damage":24.0,"enemies":"Maw","floor":42.0,"turns":7.0},{"damage":7.0,"enemies":"Jaw Worm Horde","floor":47.0,"turns":3.0},{"damage":33,"enemies":"Giant Head","floor":48,"turns":5}],"seed_played":"-1583591523316371072","potions_obtained":[{"floor":4.0,"key":"SteroidPotion"},{"floor":13.0,"key":"SpeedPotion"},{"floor":22.0,"key":"AttackPotion"},{"floor":24.0,"key":"SkillPotion"},{"floor":31.0,"key":"CunningPotion"},{"floor":37.0,"key":"Weak Potion"},{"floor":42.0,"key":"Regen Potion"}],"is_trial":false,"path_per_floor":["M","$","?","M","M","?","T","R","T","R","$","M","E","?","R","B",null,"M","?","$","M","M","R","E","M","T","R","M","?","?","M","R","B",null,"M","?","M","?","M","R","M","M","T","?","?","$","M","E"],"character_chosen":"THE_SILENT","items_purchased":["Dagger Spray","Cloak And Dagger","Bouncing Flask","Bottled Lightning","Sling","Mind Blast"],"campfire_rested":3,"item_purchase_floors":[2,2,11,46,46,46],"current_hp_per_floor":[50,50,50,48,48,48,48,48,48,48,48,48,42,57,57,47,57,32,60,60,53,52,52,12,4,4,22,20,20,20,12,30,21,50,33,45,42,42,25,43,35,11,11,11,11,11,18,0,0],"gold":39,"neow_bonus":"THREE_RARE_CARDS","is_daily":false,"chose_seed":false,"campfire_upgraded":4,"win_rate":0.0,"timestamp":1611016841,"path_taken":["M","$","?","M","M","?","?","R","T","R","$","M","E","?","R","BOSS","M","?","$","M","?","R","E","M","T","R","M","?","?","M","R","BOSS","M","?","M","?","?","R","M","?","T","?","?","$","M","E"],"items_purchased_type":["Card","Card","Card","Relic","Relic","Card"],"build_version":"2020-12-22","purchased_purges":1,"victory":false,"max_hp_per_floor":[60,60,60,60,60,60,60,60,60,60,60,60,60,60,60,60,60,60,60,60,60,60,60,60,60,60,60,60,60,60,60,60,60,60,60,60,60,60,60,60,60,60,60,60,60,60,60,60,60],"card_choices":[{"not_picked":["Tools of the Trade","Wraith Form v2"],"picked":"Phantasmal Killer","floor":0.0},{"not_picked":["Outmaneuver","Deadly Poison"],"picked":"Poisoned Stab","floor":1.0},{"not_picked":["Dodge and Roll","Endless Agony"],"picked":"Dagger Spray","floor":4.0},{"not_picked":["Deadly Poison","Calculated Gamble"],"picked":"Quick Slash","floor":5.0},{"not_picked":["Flying Knee","Expertise"],"picked":"Leg Sweep","floor":12.0},{"not_picked":["Acrobatics","Flying Knee"],"picked":"Poisoned Stab","floor":13.0},{"not_picked":["Unload","Phantasmal Killer"],"picked":"After Image","floor":16.0},{"not_picked":["Dagger Spray","Setup"],"picked":"Outmaneuver","floor":18.0},{"not_picked":["Masterful Stab","All Out Attack"],"picked":"Reflex","floor":21.0},{"not_picked":["Distraction","Choke"],"picked":"Flying Knee","floor":22.0},{"not_picked":["Distraction","Infinite Blades"],"picked":"Poisoned Stab+1","floor":24.0},{"not_picked":["Dagger Throw","Setup"],"picked":"Expertise","floor":25.0},{"not_picked":["Backflip","Sucker Punch","Dodge and Roll"],"picked":"SKIP","floor":28.0},{"not_picked":["Leg Sweep","Escape Plan"],"picked":"Footwork","floor":31.0},{"not_picked":["Glass Knife","Die Die Die"],"picked":"Corpse Explosion","floor":33.0},{"not_picked":["Poisoned Stab","Infinite Blades"],"picked":"Slice","floor":35.0},{"not_picked":["Leg Sweep","Bouncing Flask"],"picked":"Cloak And Dagger","floor":37.0},{"not_picked":["PiercingWail","Quick Slash"],"picked":"Backstab+1","floor":39.0},{"not_picked":["Distraction","Bouncing Flask","Setup"],"picked":"SKIP","floor":41.0},{"not_picked":["Quick Slash","Finisher"],"picked":"Accuracy","floor":42.0},{"not_picked":["Underhanded Strike+1","Glass Knife"],"picked":"Sucker Punch","floor":47.0}],"player_experience":730158,"relics_obtained":[{"floor":7.0,"key":"Boot"},{"floor":9.0,"key":"Centennial Puzzle"},{"floor":13.0,"key":"Shuriken"},{"floor":24.0,"key":"Akabeko"},{"floor":26.0,"key":"InkBottle"},{"floor":43.0,"key":"Toy Ornithopter"}],"event_choices":[{"damage_healed":0.0,"max_hp_gain":0.0,"max_hp_loss":0.0,"gold_gain":0.0,"event_name":"Golden Idol","player_choice":"Take Wound","floor":3.0,"gold_loss":0.0,"damage_taken":0.0,"relics_obtained":["Golden Idol"],"cards_obtained":["Injury"]},{"damage_healed":0.0,"max_hp_gain":0.0,"max_hp_loss":0.0,"gold_gain":0.0,"event_name":"betterThird:BetterScrap","player_choice":"LEAVE","floor":6.0,"gold_loss":0.0,"damage_taken":0.0,"cards_obtained":["Dark Embrace"]},{"damage_healed":15.0,"max_hp_gain":0.0,"max_hp_loss":0.0,"gold_gain":0.0,"event_name":"The Cleric","player_choice":"Healed","floor":14.0,"gold_loss":35.0,"damage_taken":0.0},{"cards_removed":["Bouncing Flask"],"damage_healed":28.0,"max_hp_gain":0.0,"max_hp_loss":0.0,"gold_gain":0.0,"event_name":"Bonfire Elementals","player_choice":"Offered Uncommon","floor":19.0,"gold_loss":0.0,"damage_taken":0.0},{"damage_healed":0.0,"max_hp_gain":0.0,"max_hp_loss":0.0,"gold_gain":0.0,"event_name":"The Mausoleum","player_choice":"Opened","floor":29.0,"gold_loss":0.0,"damage_taken":0.0,"relics_obtained":["Mercury Hourglass"],"cards_obtained":["Writhe"]},{"damage_healed":0.0,"max_hp_gain":0.0,"max_hp_loss":0.0,"gold_gain":0.0,"event_name":"Addict","player_choice":"Obtained Relic","floor":30.0,"gold_loss":85.0,"damage_taken":0.0,"relics_obtained":["Letter Opener"]},{"damage_healed":12.0,"max_hp_gain":0.0,"max_hp_loss":0.0,"gold_gain":0.0,"event_name":"Winding Halls","player_choice":"Writhe","floor":36.0,"gold_loss":0.0,"damage_taken":0.0,"cards_obtained":["Writhe"]},{"cards_removed":["Writhe","Writhe"],"damage_healed":0.0,"max_hp_gain":0.0,"max_hp_loss":0.0,"gold_gain":0.0,"event_name":"Fountain of Cleansing","player_choice":"Removed Curses","floor":38.0,"gold_loss":0.0,"damage_taken":0.0},{"damage_healed":0.0,"max_hp_gain":0.0,"max_hp_loss":0.0,"gold_gain":0.0,"event_name":"Mysterious Sphere","player_choice":"Ignored","floor":44.0,"gold_loss":0.0,"damage_taken":0.0},{"cards_removed":["Underhanded Strike"],"damage_healed":0.0,"max_hp_gain":0.0,"max_hp_loss":0.0,"gold_gain":0.0,"event_name":"Purifier","player_choice":"Purged","floor":45.0,"gold_loss":0.0,"damage_taken":0.0}],"is_beta":false,"boss_relics":[{"not_picked":["Astrolabe","Coffee Dripper"],"picked":"Philosopher\u0027s Stone"},{"not_picked":["Ring of the Serpent","Black Star"],"picked":"Pandora\u0027s Box"}],"items_purged_floors":[11],"is_endless":false,"potions_floor_spawned":[4,13,16,18,22,24,31,37,42],"killed_by":"Giant Head","ascension_level":15}}