{"host":"rl5ku05escnl5kxo","time":1611016586,"event":{"mods":["Act Like it!","BaseMod","Minty Spire (QoL Compilation)","StSLib","The Bug Knight"],"gold_per_floor":[109,57,76,90,102,102,119,139,139,152,170,227,238,238,238,334,384,396,413,432,443,443,443],"floor_reached":22,"language":"ENG","playtime":2646,"items_purged":[],"score":186,"play_id":"8cc5a826-5c51-413c-8ef7-b4824475438e","local_time":"20210118163626","is_ascension_mode":false,"campfire_choices":[{"data":"Zap","floor":6,"key":"SMITH"},{"data":"Electrodynamics","floor":15,"key":"SMITH"}],"circlet_count":0,"master_deck":["Strike_B","Strike_B","Strike_B","Strike_B","Defend_B","Defend_B","Defend_B","Defend_B","Zap+1","Dualcast+1","Barrage","Gash","Conserve Battery","Stack","Redo","Sunder","Electrodynamics+1","Undo","Loop","Storm","Rainbow","Cold Snap","Stack","Sunder+1","Compile Driver","Static Discharge"],"relics":["Cracked Core","Kunai","Tiny House"],"acts_visited":["Exordium","TheCity"],"potions_floor_usage":[],"damage_taken":[{"damage":3,"enemies":"Small Slimes","floor":1,"turns":3},{"damage":1,"enemies":"Jaw Worm","floor":3,"turns":5},{"damage":0,"enemies":"2 Louse","floor":4,"turns":4},{"damage":15,"enemies":"Red Slaver","floor":5,"turns":4},{"damage":4,"enemies":"3 Louse","floor":7,"turns":3},{"damage":0,"enemies":"Exordium Thugs","floor":8,"turns":4},{"damage":12,"enemies":"Blue Slaver","floor":10,"turns":3},{"damage":2,"enemies":"3 Louse","floor":11,"turns":3},{"damage":5,"enemies":"Exordium Thugs","floor":13,"turns":3},{"damage":30,"enemies":"The Guardian","floor":16,"turns":12},{"damage":15,"enemies":"Spheric Guardian","floor":18,"turns":4},{"damage":16,"enemies":"Shell Parasite","floor":19,"turns":9},{"damage":24,"enemies":"3 Cultists","floor":20,"turns":5},{"damage":16,"enemies":"Chosen and Byrds","floor":21,"turns":5},{"damage":19,"enemies":"Snake Plant","floor":22,"turns":1}],"seed_played":"-835990836676824104","potions_obtained":[{"floor":4,"key":"Fire Potion"},{"floor":7,"key":"Weak Potion"},{"floor":10,"key":"Energy Potion"},{"floor":16,"key":"LiquidBronze"},{"floor":17,"key":"SteroidPotion"},{"floor":20,"key":"Strength Potion"}],"is_trial":false,"path_per_floor":["M","$","M","M","M","R","M","M","T","M","M","?","M","?","R","B",null,"M","M","M","M","M"],"character_chosen":"DEFECT","items_purchased":["Gash"],"campfire_rested":0,"item_purchase_floors":[2],"current_hp_per_floor":[79,79,78,78,63,63,59,59,59,47,45,45,40,40,40,10,87,72,56,32,16,0,0],"gold":443,"neow_bonus":"TEN_PERCENT_HP_BONUS","is_daily":false,"chose_seed":false,"campfire_upgraded":2,"win_rate":0.0,"timestamp":1611016586,"path_taken":["M","$","M","M","M","R","M","M","T","M","M","?","M","?","R","BOSS","M","M","M","M","M"],"items_purchased_type":["Card"],"build_version":"2020-12-22","purchased_purges":0,"victory":false,"max_hp_per_floor":[82,82,82,82,82,82,82,82,82,82,82,82,82,82,82,82,87,87,87,87,87,87,87],"card_choices":[{"not_picked":["Beam Cell","Glacier"],"picked":"Barrage","floor":1},{"not_picked":["Hologram","Sweeping Beam"],"picked":"Conserve Battery","floor":3},{"not_picked":["Rebound","FTL"],"picked":"Stack","floor":4},{"not_picked":["Coolheaded","BootSequence"],"picked":"Redo","floor":5},{"not_picked":["Recycle","Conserve Battery"],"picked":"Sunder","floor":7},{"not_picked":["Rebound","White Noise"],"picked":"Electrodynamics","floor":8},{"not_picked":["Go for the Eyes","Rebound"],"picked":"Undo","floor":10},{"not_picked":["Consume","Hologram"],"picked":"Loop","floor":11},{"not_picked":["Rebound","Coolheaded"],"picked":"Storm","floor":13},{"not_picked":["Meteor Strike","Buffer"],"picked":"Rainbow","floor":16},{"not_picked":["Coolheaded","Stack"],"picked":"Cold Snap","floor":17},{"not_picked":["Force Field","Recycle"],"picked":"Stack","floor":18},{"not_picked":["Defragment","Sweeping Beam"],"picked":"Sunder+1","floor":19},{"not_picked":["Hello World+1","Go for the Eyes"],"picked":"Compile Driver","floor":20},{"not_picked":["Core Surge","Loop"],"picked":"Static Discharge","floor":21}],"player_experience":484368,"relics_obtained":[{"floor":9,"key":"Kunai"}],"event_choices":[{"damage_healed":0,"gold_gain":57,"player_choice":"Gained Gold","damage_taken":0,"max_hp_gain":0,"max_hp_loss":0,"event_name":"Golden Wing","floor":12,"gold_loss":0},{"damage_healed":0,"gold_gain":0,"player_choice":"Fled","damage_taken":0,"max_hp_gain":0,"max_hp_loss":0,"event_name":"Scrap Ooze","floor":14,"gold_loss":0}],"is_beta":false,"boss_relics":[{"not_picked":["Calling Bell","Black Star"],"picked":"Tiny House"}],"items_purged_floors":[],"is_endless":false,"potions_floor_spawned":[4,7,10,16,18,20],"killed_by":"Snake Plant","ascension_level":0}}