{"host":"vumwfieg2b2mnrfl","time":1611099216,"event":{"mods":["AchievementEnabler","BaseMod","Minty Spire (QoL Compilation)","Rare Cards Sparkle","Relic Stats"],"gold_per_floor":[110,124,124,141,158,192,117,117,117,147,147,182,182,202,202,300,300,317,336,94,94,112,138,149,149,200,200,234,252,282,297,297,394,394,413,363,413,426,426,455,455,465,465,495,549,560,182,207,207,207],"floor_reached":51,"language":"ENG","playtime":2357,"items_purged":["Doubt","Defend_P","Meditate","Strike_P"],"score":1413,"play_id":"b60d1078-80db-443b-8c26-a2b9308a2fe0","local_time":"20210119173336","is_ascension_mode":true,"campfire_choices":[{"floor":11.0,"key":"REST"},{"floor":13.0,"key":"REST"},{"data":"Enlightenment","floor":15.0,"key":"SMITH"},{"floor":25,"key":"REST"},{"floor":27,"key":"REST"},{"floor":32,"key":"REST"},{"floor":41,"key":"REST"},{"floor":49,"key":"REST"}],"circlet_count":0,"master_deck":["Strike_P","Strike_P","Strike_P","Defend_P","Defend_P","Eruption","Vigilance","Tantrum","Halt","Eruption","Enlightenment+1","FlurryOfBlows","Conclude","Protect","Adaptation","ConjureBlade","Apotheosis","InnerPeace","LikeWater+1","TalkToTheHand+1","TalkToTheHand","Meditate+1","Protect","Omniscience","MentalFortress+1","WheelKick","FearNoEvil","Evaluate+1","Swivel"],"relics":["PureWater","Thread and Needle","Boot","Mummified Hand","Smiling Mask","Bronze Scales","StrikeDummy","Sozu","Pocketwatch","Akabeko","Darkstone Periapt","Yang","VioletLotus","Incense Burner","Nunchaku","Bottled Tornado","Prayer Wheel","FossilizedHelix","TeardropLocket","Anchor"],"acts_visited":["Exordium","TheCity","TheBeyond"],"potions_floor_usage":[29],"damage_taken":[{"damage":0.0,"enemies":"Cultist","floor":1.0,"turns":4.0},{"damage":0.0,"enemies":"Small Slimes","floor":2.0,"turns":2.0},{"damage":0.0,"enemies":"2 Louse","floor":4.0,"turns":3.0},{"damage":10.0,"enemies":"Large Slime","floor":5.0,"turns":6.0},{"damage":32.0,"enemies":"3 Sentries","floor":6.0,"turns":9.0},{"damage":12.0,"enemies":"Gremlin Nob","floor":10.0,"turns":3.0},{"damage":16.0,"enemies":"3 Sentries","floor":12.0,"turns":3.0},{"damage":0.0,"enemies":"2 Fungi Beasts","floor":14.0,"turns":2.0},{"damage":10.0,"enemies":"Slime Boss","floor":16.0,"turns":8.0},{"damage":0,"enemies":"3 Byrds","floor":18,"turns":3},{"damage":13,"enemies":"2 Thieves","floor":19,"turns":3},{"damage":21,"enemies":"Snecko","floor":22,"turns":4},{"damage":13,"enemies":"Book of Stabbing","floor":23,"turns":4},{"damage":0,"enemies":"Cultist and Chosen","floor":24,"turns":4},{"damage":15,"enemies":"Gremlin Leader","floor":28,"turns":3},{"damage":0,"enemies":"3 Cultists","floor":29,"turns":3},{"damage":20,"enemies":"Slavers","floor":30,"turns":4},{"damage":16,"enemies":"Snake Plant","floor":31,"turns":3},{"damage":11,"enemies":"Collector","floor":33,"turns":7},{"damage":15,"enemies":"3 Darklings","floor":35,"turns":5},{"damage":11,"enemies":"Mind Bloom Boss Battle","floor":37,"turns":5},{"damage":1,"enemies":"Orb Walker","floor":38,"turns":3},{"damage":0,"enemies":"Reptomancer","floor":40,"turns":4},{"damage":1,"enemies":"Transient","floor":42,"turns":5},{"damage":0,"enemies":"Giant Head","floor":44,"turns":5},{"damage":50,"enemies":"2 Orb Walkers","floor":45,"turns":4},{"damage":0,"enemies":"Sphere and 2 Shapes","floor":46,"turns":4},{"damage":0,"enemies":"Reptomancer","floor":48,"turns":4},{"damage":0,"enemies":"Donu and Deca","floor":50,"turns":8}],"seed_played":"1689841893147105822","potions_obtained":[{"floor":1.0,"key":"Fire Potion"},{"floor":4.0,"key":"EssenceOfSteel"},{"floor":5.0,"key":"Ancient Potion"},{"floor":16.0,"key":"Block Potion"}],"is_trial":false,"path_per_floor":["M","M","?","M","M","E","$","?","T","E","R","E","R","M","R","B",null,"M","M","$","?","M","E","M","R","T","R","E","M","E","M","R","B",null,"M","$","?","M","?","E","R","M","T","E","?","M","$","E","R","B",null],"character_chosen":"WATCHER","items_purchased":["Apotheosis","TeardropLocket","Swivel"],"campfire_rested":7,"item_purchase_floors":[20,47,47],"current_hp_per_floor":[72,72,72,72,62,30,30,18,18,6,27,11,32,32,32,22,60,60,47,47,47,26,13,13,34,34,55,40,40,20,4,25,14,58,43,43,32,31,31,31,52,51,51,51,1,1,1,1,22,22],"gold":207,"neow_bonus":"ONE_RARE_RELIC","is_daily":false,"chose_seed":false,"campfire_upgraded":1,"win_rate":0.0,"timestamp":1611099216,"path_taken":["M","M","?","M","?","E","$","?","T","E","R","E","R","M","R","BOSS","M","M","$","?","M","E","M","R","T","R","E","M","E","M","R","BOSS","M","$","?","M","?","E","R","M","T","E","?","M","$","E","R","BOSS"],"items_purchased_type":["Card","Relic","Card"],"build_version":"2020-12-22","purchased_purges":4,"victory":true,"max_hp_per_floor":[72,72,72,72,72,72,72,72,72,72,72,72,72,72,72,72,72,72,72,72,72,72,72,72,72,72,72,72,72,72,72,72,72,72,72,72,72,72,72,72,72,72,72,72,72,72,72,72,72,72],"relic_stats":{"Darkstone Periapt":0,"counters":[29,125],"Yang":[159],"Boot":[142],"Smiling Mask":225,"Sozu":9,"Nunchaku":[8],"Mummified Hand":[43],"Bronze Scales":[286],"Prayer Wheel":1,"VioletLotus":[26],"obtain_stats":[{"Darkstone Periapt":28,"Thread and Needle":0,"Yang":30,"Incense Burner":37,"TeardropLocket":47,"Bottled Tornado":43,"Boot":6,"Smiling Mask":9,"Akabeko":26,"Sozu":17,"Nunchaku":40,"Anchor":48,"Mummified Hand":8,"Bronze Scales":10,"Prayer Wheel":44,"VioletLotus":34,"PureWater":0,"StrikeDummy":12,"FossilizedHelix":45,"Pocketwatch":23},{"Darkstone Periapt":15,"Thread and Needle":0,"Yang":17,"Incense Burner":21,"TeardropLocket":27,"Bottled Tornado":24,"Boot":5,"Smiling Mask":5,"Akabeko":14,"Sozu":9,"Nunchaku":23,"Anchor":28,"Mummified Hand":5,"Bronze Scales":6,"Prayer Wheel":25,"VioletLotus":19,"PureWater":0,"StrikeDummy":7,"FossilizedHelix":26,"Pocketwatch":13},{"Darkstone Periapt":61,"Thread and Needle":0,"Yang":68,"Incense Burner":88,"TeardropLocket":113,"Bottled Tornado":100,"Boot":24,"Smiling Mask":24,"Akabeko":58,"Sozu":40,"Nunchaku":95,"Anchor":117,"Mummified Hand":24,"Bronze Scales":27,"Prayer Wheel":105,"VioletLotus":78,"PureWater":0,"StrikeDummy":30,"FossilizedHelix":109,"Pocketwatch":54}],"Pocketwatch":[43]},"card_choices":[{"not_picked":["SignatureMove","Meditate"],"picked":"Tantrum","floor":1.0},{"not_picked":["SignatureMove","WindmillStrike"],"picked":"Halt","floor":2.0},{"not_picked":["ClearTheMind","FlyingSleeves"],"picked":"FlurryOfBlows","floor":4.0},{"not_picked":["Protect","SignatureMove","FlurryOfBlows"],"picked":"SKIP","floor":5.0},{"not_picked":["Brilliance","Collect"],"picked":"Conclude","floor":6.0},{"not_picked":["Crescendo","SashWhip","Devotion"],"picked":"SKIP","floor":10.0},{"not_picked":["Fasting2","PathToVictory"],"picked":"Protect","floor":12.0},{"not_picked":["FlyingSleeves","Indignation"],"picked":"Adaptation","floor":14.0},{"not_picked":["Brilliance","Judgement"],"picked":"ConjureBlade","floor":16.0},{"not_picked":["Crescendo","ThirdEye","BowlingBash+1"],"picked":"SKIP","floor":18},{"not_picked":["Consecrate","JustLucky","Crescendo"],"picked":"SKIP","floor":19},{"not_picked":["SashWhip+1","Halt"],"picked":"InnerPeace","floor":22},{"not_picked":["FlurryOfBlows","BowlingBash+1"],"picked":"LikeWater+1","floor":23},{"not_picked":["FlyingSleeves+1","Omniscience"],"picked":"Meditate","floor":24},{"not_picked":["SashWhip+1","FlurryOfBlows+1"],"picked":"TalkToTheHand+1","floor":28},{"not_picked":["EmptyFist+1","BattleHymn"],"picked":"TalkToTheHand","floor":29},{"not_picked":["Crescendo","Indignation"],"picked":"Meditate+1","floor":30},{"not_picked":["JustLucky","Conclude+1"],"picked":"Protect","floor":31},{"not_picked":["Alpha","DevaForm"],"picked":"Omniscience","floor":33},{"not_picked":["CutThroughFate","WaveOfTheHand+1","EmptyBody"],"picked":"SKIP","floor":35},{"not_picked":["Swivel","Consecrate+1"],"picked":"MentalFortress+1","floor":37},{"not_picked":["Weave+1","CutThroughFate","PathToVictory"],"picked":"SKIP","floor":38},{"not_picked":["JustLucky+1","EmptyFist","Halt"],"picked":"SKIP","floor":40},{"not_picked":["DevaForm","SashWhip"],"picked":"WheelKick","floor":42},{"not_picked":["CarveReality+1","SandsOfTime","Consecrate+1"],"picked":"SKIP","floor":44},{"not_picked":["EmptyBody","Conclude"],"picked":"FearNoEvil","floor":46},{"not_picked":["Ragnarok","EmptyFist"],"picked":"Evaluate+1","floor":46},{"not_picked":["PathToVictory","Protect+1","JustLucky"],"picked":"SKIP","floor":48}],"player_experience":440201,"relics_obtained":[{"floor":6.0,"key":"Boot"},{"floor":9.0,"key":"Smiling Mask"},{"floor":10.0,"key":"Bronze Scales"},{"floor":12.0,"key":"StrikeDummy"},{"floor":23,"key":"Pocketwatch"},{"floor":26,"key":"Akabeko"},{"floor":28,"key":"Darkstone Periapt"},{"floor":30,"key":"Yang"},{"floor":37,"key":"Incense Burner"},{"floor":40,"key":"Nunchaku"},{"floor":43,"key":"Bottled Tornado"},{"floor":44,"key":"Prayer Wheel"},{"floor":45,"key":"FossilizedHelix"},{"floor":48,"key":"Anchor"}],"event_choices":[{"damage_healed":0.0,"max_hp_gain":0.0,"max_hp_loss":0.0,"gold_gain":0.0,"event_name":"Match and Keep!","player_choice":"2 cards matched","floor":3.0,"gold_loss":0.0,"damage_taken":0.0,"cards_obtained":["Eruption","Enlightenment"]},{"damage_healed":0.0,"max_hp_gain":0.0,"max_hp_loss":0.0,"gold_gain":0.0,"event_name":"Scrap Ooze","player_choice":"Success","floor":8.0,"gold_loss":0.0,"damage_taken":12.0,"relics_obtained":["Mummified Hand"]},{"damage_healed":0,"gold_gain":0,"player_choice":"Ignored","damage_taken":0,"max_hp_gain":0,"max_hp_loss":0,"event_name":"Ghosts","floor":21,"gold_loss":0},{"damage_healed":0,"gold_gain":0,"player_choice":"Fight","damage_taken":0,"max_hp_gain":0,"max_hp_loss":0,"event_name":"MindBloom","floor":37,"gold_loss":0},{"cards_removed":["Defend_P"],"damage_healed":0,"gold_gain":0,"player_choice":"Removed Skill","damage_taken":0,"max_hp_gain":0,"max_hp_loss":0,"event_name":"Falling","floor":39,"gold_loss":0},{"damage_healed":0,"gold_gain":0,"player_choice":"Fight","damage_taken":0,"max_hp_gain":0,"max_hp_loss":0,"event_name":"Mysterious Sphere","floor":45,"gold_loss":0}],"is_beta":false,"boss_relics":[{"not_picked":["Pandora\u0027s Box","Runic Dome"],"picked":"Sozu"},{"not_picked":["Fusion Hammer","HolyWater"],"picked":"VioletLotus"}],"items_purged_floors":[7,20,36,47],"is_endless":false,"potions_floor_spawned":[1,4,5,16,23,24,29,31,33,37,42,46,48],"ascension_level":5}}