{"host":"y1oqg7uy0jc6f5mb","time":1611077619,"event":{"mods":["BaseMod","Better Altar","Better Match","Better Note","Better Sensory Stone","Better Skull","Better Third Choice","BetterRewards","Block Reminder","Colored Map","Colored Powertips","Custom Start","DeckTracker","Highlight Path","Minty Spire (QoL Compilation)","Permanent Neow","Quick Restart","Relic Sorter","Relic Stats","Shop Mod","StSLib"],"gold_per_floor":[110,129,143,163,176,176,176,210,236,236,275,25,46,67,67,193,193,193,193,193,193,41,41,41,41,41,41,41,41,41,41,41,41,41],"floor_reached":33,"language":"ENG","playtime":1784,"items_purged":["Injury"],"score":419,"play_id":"b291fa15-3111-481b-853a-e5ab41e28f5f","local_time":"20210120013339","is_ascension_mode":true,"campfire_choices":[{"floor":6.0,"key":"REST"},{"floor":10.0,"key":"REST"},{"floor":15.0,"key":"REST"},{"data":"Apotheosis","floor":23.0,"key":"SMITH"},{"data":"Body Slam","floor":25.0,"key":"SMITH"},{"floor":30,"key":"REST"},{"data":"True Grit","floor":32,"key":"SMITH"}],"circlet_count":0,"master_deck":["Strike_R","Strike_R","Strike_R","Strike_R","Strike_R","Defend_R","Defend_R","Defend_R","Defend_R","Bash","Spot Weakness","Shrug It Off","Heavy Blade","Body Slam+1","Body Slam","Immolate","Seeing Red","Uppercut","Apotheosis+1","Inflame","Intimidate","Reaper","Iron Wave","Entrench+1","True Grit+1"],"relics":["Burning Blood","Golden Idol","CaptainsWheel","Boot","Dream Catcher","Ectoplasm","Ornamental Fan","Sling","Omamori","Centennial Puzzle","Darkstone Periapt"],"acts_visited":["Exordium","TheCity"],"potions_floor_usage":[29],"damage_taken":[{"damage":10.0,"enemies":"Cultist","floor":1.0,"turns":5.0},{"damage":15.0,"enemies":"Jaw Worm","floor":2.0,"turns":6.0},{"damage":10.0,"enemies":"Small Slimes","floor":3.0,"turns":4.0},{"damage":8.0,"enemies":"Exordium Wildlife","floor":4.0,"turns":5.0},{"damage":26.0,"enemies":"Large Slime","floor":5.0,"turns":9.0},{"damage":36.0,"enemies":"Gremlin Nob","floor":8.0,"turns":4.0},{"damage":34.0,"enemies":"Lagavulin","floor":11.0,"turns":7.0},{"damage":11.0,"enemies":"Exordium Thugs","floor":13.0,"turns":2.0},{"damage":10.0,"enemies":"Red Slaver","floor":14.0,"turns":4.0},{"damage":13.0,"enemies":"The Guardian","floor":16.0,"turns":6.0},{"damage":0.0,"enemies":"3 Byrds","floor":18.0,"turns":5.0},{"damage":0.0,"enemies":"Spheric Guardian","floor":19.0,"turns":3.0},{"damage":29.0,"enemies":"Book of Stabbing","floor":24.0,"turns":5.0},{"damage":29.0,"enemies":"Slavers","floor":27.0,"turns":3.0},{"damage":29,"enemies":"Chosen and Byrds","floor":28,"turns":6},{"damage":16,"enemies":"Snake Plant","floor":29,"turns":4},{"damage":2,"enemies":"Centurion and Healer","floor":31,"turns":3},{"damage":88,"enemies":"Champ","floor":33,"turns":9}],"seed_played":"770450871656831452","potions_obtained":[{"floor":2.0,"key":"LiquidBronze"},{"floor":3.0,"key":"EntropicBrew"},{"floor":5.0,"key":"PowerPotion"},{"floor":11.0,"key":"DuplicationPotion"},{"floor":13.0,"key":"Energy Potion"},{"floor":18.0,"key":"AttackPotion"},{"floor":27.0,"key":"SkillPotion"},{"floor":29,"key":"Fire Potion"}],"is_trial":false,"path_per_floor":["M","M","M","M","M","R","?","E","T","R","E","$","M","M","R","B",null,"M","M","?","T","$","R","E","R","T","E","M","M","R","M","R","B"],"character_chosen":"IRONCLAD","items_purchased":["Apotheosis","Sling"],"campfire_rested":4,"item_purchase_floors":[12,22],"current_hp_per_floor":[68,59,55,53,33,57,57,27,27,51,39,39,34,30,54,47,72,78,80,80,80,80,80,71,71,71,48,37,40,64,68,68,0,0],"gold":41,"neow_bonus":"THREE_CARDS","is_daily":false,"chose_seed":false,"campfire_upgraded":3,"win_rate":0.0,"timestamp":1611077619,"path_taken":["M","M","?","M","M","R","?","E","T","R","E","$","M","M","R","BOSS","M","M","?","?","$","R","E","R","T","E","M","M","R","M","R","BOSS"],"items_purchased_type":["Card","Relic"],"build_version":"2020-12-22","purchased_purges":1,"victory":false,"max_hp_per_floor":[80,80,80,80,80,80,80,80,80,80,80,80,80,80,80,80,80,80,80,80,80,80,80,80,80,80,80,80,80,80,80,80,80,80],"relic_stats":{"Darkstone Periapt":0,"Dream Catcher":2,"Centennial Puzzle":[15],"counters":[18,90],"Golden Idol":84,"Ornamental Fan":[28],"Ectoplasm":272,"Boot":[9],"obtain_stats":[{"Darkstone Periapt":27,"CaptainsWheel":8,"Dream Catcher":11,"Centennial Puzzle":26,"Golden Idol":7,"Ornamental Fan":21,"Ectoplasm":17,"Omamori":24,"Boot":9,"Sling":22,"Burning Blood":0},{"Darkstone Periapt":14,"CaptainsWheel":6,"Dream Catcher":7,"Centennial Puzzle":13,"Golden Idol":5,"Ornamental Fan":12,"Ectoplasm":10,"Omamori":13,"Boot":6,"Sling":12,"Burning Blood":0},{"Darkstone Periapt":68,"CaptainsWheel":33,"Dream Catcher":40,"Centennial Puzzle":65,"Golden Idol":29,"Ornamental Fan":60,"Ectoplasm":52,"Omamori":65,"Boot":33,"Sling":60,"Burning Blood":0}],"Burning Blood":98},"card_choices":[{"not_picked":["Iron Wave","Carnage"],"picked":"Spot Weakness","floor":0.0},{"not_picked":["Clothesline","Infernal Blade"],"picked":"Shrug It Off","floor":1.0},{"not_picked":["Carnage","Warcry"],"picked":"Heavy Blade","floor":2.0},{"not_picked":["Ghostly Armor","Clothesline"],"picked":"Body Slam","floor":3.0},{"not_picked":["Headbutt","Dark Embrace"],"picked":"Body Slam","floor":4.0},{"not_picked":["Anger","Combust"],"picked":"Immolate","floor":5.0},{"not_picked":["Pommel Strike","Metallicize"],"picked":"Seeing Red","floor":8.0},{"not_picked":["Hemokinesis","Pummel"],"picked":"Uppercut","floor":11.0},{"not_picked":["Second Wind","Headbutt"],"picked":"Inflame","floor":13.0},{"not_picked":["Second Wind","Anger","Ghostly Armor"],"picked":"SKIP","floor":14.0},{"not_picked":["Havoc","Twin Strike"],"picked":"Intimidate","floor":15.0},{"not_picked":["Impervious","Juggernaut"],"picked":"Reaper","floor":16.0},{"not_picked":["Searing Blow+1","Combust","Rage"],"picked":"SKIP","floor":18.0},{"not_picked":["Spot Weakness","Uppercut","Feel No Pain"],"picked":"SKIP","floor":19.0},{"not_picked":["Intimidate","Combust+1"],"picked":"Iron Wave","floor":24.0},{"not_picked":["Evolve","Clothesline"],"picked":"Entrench+1","floor":27.0},{"not_picked":["Wild Strike+1","Warcry","Headbutt"],"picked":"SKIP","floor":28},{"not_picked":["Uppercut","Havoc","Blood for Blood"],"picked":"SKIP","floor":29},{"not_picked":["Anger","Wild Strike"],"picked":"True Grit","floor":31}],"player_experience":70796,"relics_obtained":[{"floor":8.0,"key":"CaptainsWheel"},{"floor":9.0,"key":"Boot"},{"floor":11.0,"key":"Dream Catcher"},{"floor":21.0,"key":"Ornamental Fan"},{"floor":24.0,"key":"Omamori"},{"floor":26.0,"key":"Centennial Puzzle"},{"floor":27.0,"key":"Darkstone Periapt"}],"event_choices":[{"damage_healed":0.0,"max_hp_gain":0.0,"max_hp_loss":0.0,"gold_gain":0.0,"event_name":"Golden Idol","player_choice":"Take Wound","floor":7.0,"gold_loss":0.0,"damage_taken":0.0,"relics_obtained":["Golden Idol"],"cards_obtained":["Injury"]},{"damage_healed":0.0,"max_hp_gain":0.0,"max_hp_loss":0.0,"gold_gain":0.0,"event_name":"Ghosts","player_choice":"Ignored","floor":20.0,"gold_loss":0.0,"damage_taken":0.0}],"is_beta":false,"boss_relics":[{"not_picked":["Astrolabe","Snecko Eye"],"picked":"Ectoplasm"}],"items_purged_floors":[12],"is_endless":false,"potions_floor_spawned":[2,3,5,11,13,18,27,29],"killed_by":"Champ","ascension_level":8}}