{"host":"vyjryxuuuxkt43k4","time":1611063840,"event":{"mods":["AchievementEnabler","BaseMod","Colored Map","DeckTracker","Keyboard Shortcuts","Minty Spire (QoL Compilation)","Permanent Neow","Quick Restart","Rare Cards Sparkle","StSLib","SuperFastMode","everything is the same but u backflip on backflip"],"gold_per_floor":[359,359,378,391,69,82,116,191,218,218,231,262,35,50,50,127,127,137,150,150,150],"floor_reached":20,"language":"KOR","playtime":1269,"items_purged":["Strike_R"],"score":307,"play_id":"a9fa5105-0c8e-4e4b-972b-eebf51948eae","local_time":"20210119224400","is_ascension_mode":true,"campfire_choices":[{"floor":10.0,"key":"REST"},{"data":"Body Slam","floor":15.0,"key":"SMITH"}],"circlet_count":0,"master_deck":["AscendersBane","Strike_R","Strike_R","Strike_R","Defend_R","Defend_R","Defend_R","Defend_R","Bash","Sword Boomerang","Shrug It Off","Feel No Pain","Purity","Reckless Charge","Feed","Shrug It Off","Body Slam+1","Feel No Pain","Exhume","Intimidate"],"relics":["Burning Blood","Medical Kit","Anchor","Blood Vial","Regal Pillow","Lee\u0027s Waffle","Sozu"],"acts_visited":["Exordium","TheCity"],"potions_floor_usage":[16,16],"damage_taken":[{"damage":7.0,"enemies":"2 Louse","floor":1.0,"turns":3.0},{"damage":3.0,"enemies":"Jaw Worm","floor":3.0,"turns":5.0},{"damage":14.0,"enemies":"Small Slimes","floor":4.0,"turns":4.0},{"damage":11.0,"enemies":"Blue Slaver","floor":6.0,"turns":6.0},{"damage":28.0,"enemies":"Gremlin Nob","floor":7.0,"turns":5.0},{"damage":0.0,"enemies":"2 Fungi Beasts","floor":11.0,"turns":4.0},{"damage":54.0,"enemies":"Lagavulin","floor":12.0,"turns":13.0},{"damage":23.0,"enemies":"Gremlin Gang","floor":14.0,"turns":10.0},{"damage":37,"enemies":"Slime Boss","floor":16,"turns":19},{"damage":30,"enemies":"Shell Parasite","floor":18,"turns":8},{"damage":28,"enemies":"3 Byrds","floor":19,"turns":10},{"damage":46,"enemies":"Shelled Parasite and Fungi","floor":20,"turns":8}],"seed_played":"-4446384389949330307","potions_obtained":[{"floor":1.0,"key":"Block Potion"},{"floor":12.0,"key":"SmokeBomb"},{"floor":14.0,"key":"Strength Potion"},{"floor":16,"key":"SteroidPotion"}],"is_trial":false,"path_per_floor":["M","?","M","M","$","M","E","?","T","R","M","E","$","M","R","B",null,"M","M","M"],"character_chosen":"IRONCLAD","items_purchased":["Medical Kit","Purity","Lee\u0027s Waffle","Body Slam","Swift Potion"],"campfire_rested":1,"item_purchase_floors":[5,5,13,13,13],"current_hp_per_floor":[71,64,67,59,59,54,32,21,21,42,53,7,82,68,68,42,77,55,41,0,0],"gold":150,"neow_bonus":"TWO_FIFTY_GOLD","is_daily":false,"chose_seed":false,"campfire_upgraded":1,"win_rate":0.0,"timestamp":1611063840,"path_taken":["M","?","M","M","$","M","E","?","T","R","M","E","$","M","R","BOSS","M","M","M"],"items_purchased_type":["Relic","Card","Relic","Card","Potion"],"build_version":"2020-12-22","purchased_purges":1,"victory":false,"max_hp_per_floor":[72,72,72,72,72,72,72,72,72,72,75,75,82,85,85,88,88,88,94,94,94],"card_choices":[{"not_picked":["Infernal Blade","Havoc"],"picked":"Sword Boomerang","floor":1.0},{"not_picked":["Flex","Clothesline"],"picked":"Shrug It Off","floor":3.0},{"not_picked":["Warcry","Clash"],"picked":"Feel No Pain","floor":4.0},{"not_picked":["Clothesline","Iron Wave"],"picked":"Reckless Charge","floor":6.0},{"not_picked":["Flex","Clothesline"],"picked":"Feed","floor":7.0},{"not_picked":["Anger","Thunderclap","Flex"],"picked":"SKIP","floor":11.0},{"not_picked":["Anger","Cleave"],"picked":"Shrug It Off","floor":12.0},{"not_picked":["Shrug It Off","Heavy Blade"],"picked":"Feel No Pain","floor":14.0},{"not_picked":["Double Tap","Juggernaut"],"picked":"Exhume","floor":16},{"not_picked":["Perfected Strike","Pummel+1"],"picked":"Intimidate","floor":18},{"not_picked":["Cleave","Flex","Clash"],"picked":"SKIP","floor":19}],"player_experience":352354,"relics_obtained":[{"floor":7.0,"key":"Anchor"},{"floor":9.0,"key":"Blood Vial"},{"floor":12.0,"key":"Regal Pillow"}],"event_choices":[{"cards_removed":["Strike_R"],"damage_healed":0.0,"max_hp_gain":0.0,"max_hp_loss":0.0,"gold_gain":0.0,"event_name":"Golden Wing","player_choice":"Card Removal","floor":2.0,"gold_loss":0.0,"damage_taken":7.0},{"damage_healed":0.0,"max_hp_gain":0.0,"max_hp_loss":0.0,"gold_gain":75.0,"event_name":"World of Goop","player_choice":"Gather Gold","floor":8.0,"gold_loss":0.0,"damage_taken":11.0}],"is_beta":false,"boss_relics":[{"not_picked":["Tiny House","Black Blood"],"picked":"Sozu"}],"items_purged_floors":[5],"is_endless":false,"potions_floor_spawned":[1,12,14,16,19],"killed_by":"Shelled Parasite and Fungi","ascension_level":13}}