{"host":"cw25u8qal1h0d7ia","time":1611058344,"event":{"mods":["BaseMod","Downfall","Minty Spire (QoL Compilation)","StSLib"],"gold_per_floor":[99,116,116,127,227,242,265,265,281,296,296,331,341,374,390,493,493,393,408,424,185,198,233,233,261,4,33,33,33,33,33],"floor_reached":29,"language":"ENG","playtime":2591,"items_purged":[],"score":364,"play_id":"e50d8111-22a7-4124-b114-8cc921d4fd57","local_time":"20210119131224","is_ascension_mode":true,"campfire_choices":[{"data":"Guardian:CurlUp","floor":1,"key":"SMITH"},{"data":"Guardian:MultiBeam","floor":11,"key":"SMITH"},{"data":"Guardian:GatlingBeam","floor":18,"key":"SMITH"},{"floor":28,"key":"DIG"}],"circlet_count":0,"master_deck":["Guardian:Strike_Guardian","Guardian:Strike_Guardian","Guardian:Strike_Guardian","Guardian:Strike_Guardian","Guardian:Defend_Guardian","Guardian:Defend_Guardian","Guardian:Defend_Guardian","Guardian:Defend_Guardian","Guardian:CurlUp+1","Guardian:TwinSlam","Guardian:TemporalShield","Guardian:MultiBeam+1","Guardian:Planning","Guardian:GatlingBeam+1","Guardian:TimeCapacitor","Guardian:ExploitGems","Guardian:FuturePlans","Guardian:StasisEngine","Guardian:Suspension+1","Guardian:Gem_White","Guardian:Incinerate","Guardian:Preprogram"],"relics":["Guardian:ModeShifter","Question Card","Strawberry","Guardian:PickAxe","StrikeDummy","Kunai","Coffee Dripper","downfall:HeartBlessingGreen","ClockworkSouvenir","Shovel","Art of War","Smiling Mask","Oddly Smooth Stone","Akabeko","Gremlin Horn"],"acts_visited":["Exordium","TheCity"],"potions_floor_usage":[12,14,16,23,25,27,27,27],"damage_taken":[{"damage":2,"enemies":"Jaw Worm","floor":2,"turns":4},{"damage":2,"enemies":"Small Slimes","floor":4,"turns":5},{"damage":0,"enemies":"Cultist","floor":6,"turns":4},{"damage":8,"enemies":"Cultist","floor":8,"turns":3},{"damage":10,"enemies":"3 Louse","floor":9,"turns":4},{"damage":3,"enemies":"Blue Slaver","floor":10,"turns":5},{"damage":10,"enemies":"Gremlin Nob","floor":12,"turns":3},{"damage":7,"enemies":"Gremlin Gang","floor":13,"turns":3},{"damage":10,"enemies":"Lagavulin","floor":14,"turns":6},{"damage":1,"enemies":"2 Fungi Beasts","floor":15,"turns":3},{"damage":19,"enemies":"WA_ARCHETYPE_RETAIN","floor":16,"turns":9},{"damage":5,"enemies":"Shell Parasite","floor":19,"turns":3},{"damage":1,"enemies":"Spheric Guardian","floor":20,"turns":4},{"damage":0,"enemies":"downfall:FleeingMerchant","floor":21,"turns":4},{"damage":24,"enemies":"Snake Plant","floor":22,"turns":4},{"damage":11,"enemies":"Book of Stabbing","floor":23,"turns":5},{"damage":17,"enemies":"Gremlin Leader","floor":25,"turns":5},{"damage":3,"enemies":"downfall:FleeingMerchant","floor":26,"turns":4},{"damage":22,"enemies":"Slavers","floor":27,"turns":3},{"damage":13,"enemies":"Book of Stabbing","floor":29,"turns":2}],"seed_played":"2899991627728034392","potions_obtained":[{"floor":2,"key":"SteroidPotion"},{"floor":9,"key":"SneckoOil"},{"floor":12,"key":"Regen Potion"},{"floor":13,"key":"SkillPotion"},{"floor":20,"key":"Explosive Potion"},{"floor":22,"key":"Ancient Potion"},{"floor":23,"key":"Dexterity Potion"},{"floor":25,"key":"champ:CounterPotion"},{"floor":27,"key":"Fire Potion"}],"is_trial":false,"path_per_floor":["R","M","?","M","?","M","T","?","M","M","R","E","M","E","M","B",null,"R","M","M","$","M","E","T","E","$","E","R","E"],"character_chosen":"GUARDIAN","items_purchased":["ClockworkSouvenir","Guardian:FuturePlans","Oddly Smooth Stone","Guardian:Incinerate","Guardian:Preprogram"],"campfire_rested":0,"item_purchase_floors":[21,21,26,26,26],"current_hp_per_floor":[88,86,61,59,59,59,66,58,48,45,45,35,28,33,32,13,95,95,90,89,89,65,54,54,37,34,12,12,0,0,0],"gold":33,"neow_bonus":"TEN_PERCENT_HP_BONUS","is_daily":false,"chose_seed":false,"campfire_upgraded":3,"win_rate":0.0,"timestamp":1611058344,"path_taken":["R","M","?","M","?","?","T","?","M","M","R","E","M","E","M","BOSS","R","M","M","$","M","E","T","E","$","E","R","E"],"items_purchased_type":["Relic","Card","Relic","Card","Card"],"build_version":"2020-12-22","purchased_purges":0,"victory":false,"max_hp_per_floor":[88,88,88,88,88,88,95,95,95,95,95,95,95,95,95,95,95,95,95,95,95,95,95,95,95,95,95,95,95,95,95],"card_choices":[{"not_picked":["Guardian:Emergency","Guardian:TimeBomb"],"picked":"Guardian:TemporalShield","floor":2},{"not_picked":["Guardian:Orbwalk","Guardian:TemporalStrike","Guardian:Reroute"],"picked":"Guardian:MultiBeam","floor":4},{"not_picked":["Guardian:WalkerClaw","Guardian:EvasiveProtocol","Guardian:CrystalBeam","Guardian:ChargeCore"],"picked":"SKIP","floor":6},{"not_picked":["Guardian:Gem_Cyan","Guardian:Gem_Lightblue","Guardian:WalkerClaw"],"picked":"Guardian:Planning","floor":9},{"not_picked":["Guardian:Gem_Cyan","Guardian:ChargeCore","Guardian:Gem_Red","Guardian:Gem_Crimson"],"picked":"SKIP","floor":10},{"not_picked":["Guardian:CrystalBeam","Guardian:TemporalStrike","Guardian:HyperBeam_Guardian"],"picked":"Guardian:GatlingBeam","floor":12},{"not_picked":["Guardian:Gem_Crimson","Guardian:Reroute","Guardian:ChargeUp"],"picked":"Guardian:TimeCapacitor","floor":13},{"not_picked":["Guardian:Gem_Cyan","Guardian:ArmoredProtocol","Guardian:TemporalShield","Guardian:Emergency"],"picked":"SKIP","floor":14},{"not_picked":["Guardian:VentSteam","Guardian:Clone","Guardian:PiercingHide","Guardian:Planning"],"picked":"SKIP","floor":15},{"not_picked":["Guardian:GatlingBeam","Guardian:StasisField","Guardian:FierceBash"],"picked":"Guardian:ExploitGems","floor":16},{"not_picked":["Guardian:CrystalBeam","Guardian:RefractedBeam","Guardian:PrimingBeam","Guardian:Gem_Red"],"picked":"SKIP","floor":19},{"not_picked":["Guardian:ArmoredProtocol","Guardian:RollAttack","Guardian:PrismaticBeam","Guardian:Reroute"],"picked":"SKIP","floor":20},{"not_picked":["Guardian:PolyBeam","Guardian:TemporalShield","Guardian:ShieldSpikes","Guardian:VentSteam"],"picked":"SKIP","floor":21},{"not_picked":["Guardian:Planning+1","Guardian:Incinerate","Guardian:Preprogram"],"picked":"Guardian:StasisEngine","floor":22},{"not_picked":["Guardian:ArmoredProtocol","Guardian:Preprogram","Guardian:FuturePlans"],"picked":"Guardian:Suspension+1","floor":23},{"not_picked":["Guardian:ChargeCore","Guardian:TemporalStrike+1","Guardian:TemporalShield","Guardian:VentSteam+1"],"picked":"SKIP","floor":25},{"not_picked":["Guardian:ChargeCore","Guardian:SpikerProtocol","Guardian:WalkerClaw+1"],"picked":"Guardian:Gem_White","floor":26},{"not_picked":["Guardian:BaubleBeam","Guardian:Recover","Guardian:FuturePlans","Guardian:Gem_Red"],"picked":"SKIP","floor":27}],"player_experience":615455,"relics_obtained":[{"floor":7,"key":"Strawberry"},{"floor":12,"key":"StrikeDummy"},{"floor":14,"key":"Kunai"},{"floor":23,"key":"Shovel"},{"floor":24,"key":"Art of War"},{"floor":25,"key":"Smiling Mask"},{"floor":27,"key":"Akabeko"},{"floor":28,"key":"Gremlin Horn"}],"event_choices":[{"damage_healed":0,"gold_gain":0,"player_choice":"Success","damage_taken":25,"relics_obtained":["Question Card"],"max_hp_gain":0,"max_hp_loss":0,"event_name":"Scrap Ooze","floor":3,"gold_loss":0}],"is_beta":false,"boss_relics":[{"not_picked":["Velvet Choker","Runic Pyramid"],"picked":"Coffee Dripper"}],"items_purged_floors":[],"is_endless":false,"potions_floor_spawned":[2,9,12,13,20,22,23,25,27],"killed_by":"Book of Stabbing","ascension_level":3}}