{"host":"l8n56n8abrvcftzc","time":1611027703,"event":{"mods":["Aspiration","BaseMod","Better Note","Better Third Choice","Colored Map","DeckTracker","Googly Eyes","Highlight Path","Hubris","Minty Spire (QoL Compilation)","Permanent Neow","Relic Stats","Replay The Spire","StSLib","SuperFastMode","Uncapped"],"gold_per_floor":[112,62,62,24,24,53,17,34,34,34,53,53,73,108,108,212,212,231,231,231,63,82,82,82,82],"floor_reached":24,"language":"ENG","playtime":923,"items_purged":[],"score":227,"play_id":"e142de52-2ee6-4ccf-9762-a0bff74ba359","local_time":"20210118194143","is_ascension_mode":false,"campfire_choices":[{"floor":10.0,"key":"REST"},{"data":"Catalyst","floor":12.0,"key":"SMITH"},{"floor":15.0,"key":"REST"},{"data":"Blur","floor":23,"key":"SMITH"}],"circlet_count":0,"master_deck":["Strike_G","Strike_G","Strike_G","Strike_G+1","Defend_G","Defend_G","Defend_G","Defend_G","Defend_G","Survivor","Neutralize+1","Corpse Explosion+1","Catalyst+1","Fluid Movement","Deadly Poison","Deadly Poison","Blur+1","Catalyst+1","Sadistic Nature","Backflip"],"relics":["Ring of the Snake","Omamori","ReplayTheSpireMod:TigerMarble","Replay:Bronze Core"],"acts_visited":["Exordium","TheCity"],"potions_floor_usage":[24],"damage_taken":[{"damage":5.0,"enemies":"2 Louse","floor":1.0,"turns":2.0},{"damage":34.0,"enemies":"Gremlin Nob","floor":6.0,"turns":5.0},{"damage":0.0,"enemies":"Small Slimes","floor":8.0,"turns":3.0},{"damage":0.0,"enemies":"Jaw Worm","floor":11.0,"turns":3.0},{"damage":18.0,"enemies":"Large Slime","floor":13.0,"turns":3.0},{"damage":5.0,"enemies":"Lagavulin","floor":14.0,"turns":5.0},{"damage":26.0,"enemies":"The Guardian","floor":16.0,"turns":7.0},{"damage":27.0,"enemies":"Spheric Guardian","floor":18.0,"turns":5.0},{"damage":0,"enemies":"3 Byrds","floor":22,"turns":6},{"damage":45,"enemies":"Gremlin Leader","floor":24,"turns":4}],"seed_played":"1001853594979130105","potions_obtained":[{"floor":1.0,"key":"BlessingOfTheForge"},{"floor":13.0,"key":"Poison Potion"},{"floor":22,"key":"Languid Potion"}],"is_trial":false,"path_per_floor":["M","?","?","$","?","E","$","M","T","R","M","R","M","E","R","B",null,"M","?","?","$","M","R","E"],"character_chosen":"THE_SILENT","items_purchased":["Fluid Movement","Deadly Poison","Sadistic Nature"],"campfire_rested":2,"item_purchase_floors":[4,7,21],"current_hp_per_floor":[44,44,67,67,53,19,19,19,19,40,40,40,22,17,38,12,70,43,43,43,43,43,43,0,0],"gold":82,"neow_bonus":"THREE_RARE_CARDS","is_daily":false,"chose_seed":false,"campfire_upgraded":2,"win_rate":0.0,"timestamp":1611027703,"path_taken":["M","?","?","$","?","E","?","M","T","R","M","R","?","E","R","BOSS","M","?","?","$","?","R","E"],"items_purchased_type":["Card","Card","Card"],"build_version":"2020-12-22","purchased_purges":0,"victory":false,"max_hp_per_floor":[70,70,70,70,70,70,70,70,70,70,70,70,70,70,70,70,70,70,70,70,70,70,70,70,70],"relic_stats":{"counters":[10,43],"obtain_stats":[{"Replay:Bronze Core":17,"Omamori":6,"ReplayTheSpireMod:TigerMarble":14,"Ring of the Snake":0},{"Replay:Bronze Core":7,"Omamori":2,"ReplayTheSpireMod:TigerMarble":6,"Ring of the Snake":0},{"Replay:Bronze Core":28,"Omamori":7,"ReplayTheSpireMod:TigerMarble":21,"Ring of the Snake":0}],"Ring of the Snake":[20]},"card_choices":[{"not_picked":["Night Terror","Envenom"],"picked":"Corpse Explosion","floor":0.0},{"not_picked":["Fluid Movement","Quick Slash"],"picked":"Catalyst","floor":1.0},{"not_picked":["Blade Dance","Backstab","Prepared"],"picked":"SKIP","floor":6.0},{"not_picked":["Prepared","ReplayTheSpireMod:Shiv Toss"],"picked":"Blur","floor":8.0},{"not_picked":["Sucker Punch","Poisoned Stab","Underhanded Strike"],"picked":"SKIP","floor":11.0},{"not_picked":["Blade Dance","hubris:SlightOfHand","Dagger Throw"],"picked":"SKIP","floor":13.0},{"not_picked":["Flying Knee","Bullet Time","Deadly Poison"],"picked":"SKIP","floor":14.0},{"not_picked":["Setup+1","Reflex+1","Hidden Blade"],"picked":"SKIP","floor":18.0},{"not_picked":["Backstab+1","Dagger Spray"],"picked":"Backflip","floor":22}],"player_experience":746674,"relics_obtained":[{"floor":6.0,"key":"Omamori"},{"floor":14.0,"key":"ReplayTheSpireMod:TigerMarble"}],"event_choices":[{"cards_removed":["Strike_G"],"damage_healed":0.0,"max_hp_gain":0.0,"max_hp_loss":0.0,"gold_gain":0.0,"event_name":"The Cleric","player_choice":"Card Removal","floor":2.0,"gold_loss":50.0,"damage_taken":0.0},{"damage_healed":23.0,"max_hp_gain":0.0,"max_hp_loss":0.0,"gold_gain":0.0,"event_name":"Big Fish","player_choice":"Banana","floor":3.0,"gold_loss":0.0,"damage_taken":0.0},{"damage_healed":67.0,"max_hp_gain":0.0,"max_hp_loss":70.0,"gold_gain":0.0,"event_name":"betterThird:BetterShining","player_choice":"Upgrade","floor":5.0,"gold_loss":0.0,"damage_taken":14.0,"cards_upgraded":["Strike_G","Corpse Explosion"]},{"damage_healed":0.0,"max_hp_gain":0.0,"max_hp_loss":0.0,"gold_gain":0.0,"event_name":"Accursed Blacksmith","player_choice":"Forge","floor":19.0,"gold_loss":0.0,"damage_taken":0.0,"cards_upgraded":["Neutralize"]},{"damage_healed":0.0,"max_hp_gain":0.0,"max_hp_loss":0.0,"gold_gain":0.0,"event_name":"Duplicator","player_choice":"Copied","floor":20.0,"gold_loss":0.0,"damage_taken":0.0,"cards_obtained":["Catalyst"]}],"is_beta":false,"boss_relics":[{"not_picked":["SlaversCollar","ReplayTheSpireMod:DimensionalGlitch"],"picked":"Replay:Bronze Core"}],"items_purged_floors":[],"is_endless":false,"potions_floor_spawned":[1,13,22],"killed_by":"Gremlin Leader","ascension_level":0}}