{"host":"wha9hktbkslqvblg","time":1611061069,"event":{"mods":["BaseMod","Colored Map","Minty Spire (QoL Compilation)","Relic Stats","SuperFastMode","everything is the same but u backflip on backflip"],"gold_per_floor":[109,109,34,34,34,34,64,64,90,90,108,136,153,163,163,163,163],"floor_reached":16,"language":"KOR","playtime":219,"items_purged":[],"score":266,"play_id":"2b849216-c90e-482c-9e4a-505363c0d365","local_time":"20210119215749","is_ascension_mode":true,"campfire_choices":[{"data":"Evolve","floor":6,"key":"SMITH"},{"data":"Sword Boomerang","floor":8,"key":"SMITH"},{"floor":10,"key":"RECALL"},{"data":"Uppercut","floor":15,"key":"SMITH"}],"circlet_count":0,"master_deck":["AscendersBane","Strike_R","Strike_R","Strike_R","Strike_R","Strike_R","Defend_R","Defend_R","Defend_R","Bash","Evolve+1","Sword Boomerang+1","Shrug It Off","Uppercut+1","Battle Trance"],"relics":["Burning Blood","NeowsBlessing","Meat on the Bone","Incense Burner","Potion Belt","Self Forming Clay"],"acts_visited":["Exordium"],"potions_floor_usage":[12],"damage_taken":[{"damage":0,"enemies":"Jaw Worm","floor":1,"turns":1},{"damage":0,"enemies":"Gremlin Nob","floor":7,"turns":1},{"damage":0,"enemies":"Small Slimes","floor":11,"turns":1},{"damage":49,"enemies":"Lagavulin","floor":12,"turns":9},{"damage":2,"enemies":"2 Louse","floor":13,"turns":3},{"damage":9,"enemies":"Red Slaver","floor":14,"turns":3},{"damage":47,"enemies":"Hexaghost","floor":16,"turns":10}],"seed_played":"-4836822768677281821","potions_obtained":[{"floor":1,"key":"Dexterity Potion"},{"floor":7,"key":"BloodPotion"},{"floor":14,"key":"Dexterity Potion"}],"is_trial":false,"path_per_floor":["M","?","?","$","?","R","E","R","T","R","M","E","M","M","R","B"],"character_chosen":"IRONCLAD","items_purchased":[],"campfire_rested":0,"item_purchase_floors":[],"current_hp_per_floor":[74,74,74,74,69,69,75,75,75,75,75,44,48,45,45,0,0],"gold":163,"neow_bonus":"THREE_ENEMY_KILL","is_daily":false,"chose_seed":false,"campfire_upgraded":3,"win_rate":0.0,"timestamp":1611061069,"path_taken":["M","?","?","?","?","R","E","R","T","R","M","E","M","M","R","BOSS"],"items_purchased_type":[],"build_version":"2020-12-22","purchased_purges":0,"victory":false,"max_hp_per_floor":[75,75,75,75,75,75,75,75,75,75,75,75,75,75,75,75,75],"relic_stats":{"counters":[7,28],"Self Forming Clay":[51],"obtain_stats":[{"Potion Belt":9,"NeowsBlessing":0,"Self Forming Clay":12,"Incense Burner":7,"Burning Blood":0,"Meat on the Bone":5},{"Potion Belt":2,"NeowsBlessing":0,"Self Forming Clay":4,"Incense Burner":2,"Burning Blood":0,"Meat on the Bone":1},{"Potion Belt":2,"NeowsBlessing":0,"Self Forming Clay":12,"Incense Burner":2,"Burning Blood":0,"Meat on the Bone":1}],"Burning Blood":30,"Meat on the Bone":12},"card_choices":[{"not_picked":["Armaments","Wild Strike"],"picked":"Evolve","floor":1},{"not_picked":["Warcry","Clash"],"picked":"Sword Boomerang","floor":7},{"not_picked":["Clash","Anger","Heavy Blade"],"picked":"SKIP","floor":11},{"not_picked":["Clash","Heavy Blade"],"picked":"Shrug It Off","floor":12},{"not_picked":["Flame Barrier","Havoc"],"picked":"Uppercut","floor":13},{"not_picked":["Entrench","Evolve"],"picked":"Battle Trance","floor":14}],"player_experience":981073,"relics_obtained":[{"floor":7,"key":"Incense Burner"},{"floor":9,"key":"Potion Belt"},{"floor":12,"key":"Self Forming Clay"}],"event_choices":[{"damage_healed":0,"gold_gain":0,"player_choice":"Ignored","damage_taken":0,"max_hp_gain":0,"max_hp_loss":0,"event_name":"Liars Game","floor":2,"gold_loss":0},{"cards_removed":["Defend_R"],"damage_healed":0,"gold_gain":0,"player_choice":"Card Removal","damage_taken":0,"max_hp_gain":0,"max_hp_loss":0,"event_name":"The Cleric","floor":3,"gold_loss":75},{"damage_healed":0,"gold_gain":0,"player_choice":"Success","damage_taken":5,"relics_obtained":["Meat on the Bone"],"max_hp_gain":0,"max_hp_loss":0,"event_name":"Scrap Ooze","floor":5,"gold_loss":0}],"is_beta":false,"boss_relics":[],"items_purged_floors":[],"is_endless":false,"potions_floor_spawned":[1,7,14],"killed_by":"Hexaghost","ascension_level":20}}