{"host":"7wagoesq7cf4lu47","time":1611061283,"event":{"mods":["BaseMod","Downfall","Minty Spire (QoL Compilation)","StSLib"],"gold_per_floor":[99,113,288,314,70,70,93,243,258,258,275,294,294,310,325,428,428,428,447,457,457,474,474,501,78,90,90,123,35,47,59,91,208,220,132,158,170,257,419,444,482,505,417,443,472,231,231,247,257,257,257,287,40,40,40,40],"floor_reached":57,"language":"ZHS","playtime":3888,"items_purged":["Doubt","Guardian:Strike_Guardian","Guardian:Strike_Guardian"],"score":1291,"play_id":"ffb1bb46-afe0-4f5e-92d0-51132e4c7269","local_time":"20210119210123","is_ascension_mode":false,"campfire_choices":[{"data":"Guardian:StasisField","floor":1.0,"key":"SMITH"},{"data":"Guardian:BodySlam","floor":13.0,"key":"SMITH"},{"data":"Guardian:TimeSifter","floor":18.0,"key":"SMITH"},{"data":"Guardian:BronzeArmor","floor":23.0,"key":"SMITH"},{"floor":29.0,"key":"RECALL"},{"data":"Guardian:StasisField","floor":35.0,"key":"SMITH"},{"data":"Guardian:BodySlam","floor":43,"key":"SMITH"},{"data":"Guardian:RevengeProtocol","floor":47,"key":"SMITH"},{"data":"Guardian:SpikerProtocol","floor":54,"key":"SMITH"}],"circlet_count":0,"master_deck":["Guardian:Defend_Guardian+1","Guardian:Defend_Guardian","Guardian:Defend_Guardian+1","Guardian:CurlUp","Guardian:TwinSlam","Guardian:StasisField+1","Guardian:SpikerProtocol+1","Guardian:BronzeArmor+1","Guardian:BodySlam+1","Guardian:ArmoredProtocol","Guardian:TimeSifter+1","Guardian:BodySlam+1","Guardian:PiercingHide","Guardian:TemporalShield","Guardian:Gem_Orange","Guardian:StasisField+1","Guardian:BodySlam+1","Guardian:RevengeProtocol+1"],"relics":["Guardian:ModeShifterPlus","MealTicket","Strange Spoon","Guardian:PickAxe","Art of War","Empty Cage","FossilizedHelix","MawBank","downfall:HeartBlessingGreen","downfall:HeartBlessingRed","Smiling Mask","downfall:HeartBlessingBlue","Letter Opener","Bronze Scales","Strawberry","Bottled Lightning"],"acts_visited":["Exordium","TheCity","TheBeyond","TheEnding"],"potions_floor_usage":[56,56],"damage_taken":[{"damage":3.0,"enemies":"Jaw Worm","floor":2.0,"turns":6.0},{"damage":0.0,"enemies":"downfall:FleeingMerchant","floor":5.0,"turns":4.0},{"damage":11.0,"enemies":"downfall:FleeingMerchant","floor":6.0,"turns":5.0},{"damage":3.0,"enemies":"2 Louse","floor":9.0,"turns":3.0},{"damage":3.0,"enemies":"Cultist","floor":11.0,"turns":5.0},{"damage":0.0,"enemies":"Gremlin Gang","floor":12.0,"turns":5.0},{"damage":1.0,"enemies":"3 Louse","floor":14.0,"turns":3.0},{"damage":16.0,"enemies":"2 Fungi Beasts","floor":15.0,"turns":5.0},{"damage":13.0,"enemies":"SI_SHIV_ARCHETYPE","floor":16.0,"turns":11.0},{"damage":0.0,"enemies":"Spheric Guardian","floor":19.0,"turns":6.0},{"damage":1.0,"enemies":"Chosen","floor":20.0,"turns":7.0},{"damage":7.0,"enemies":"Snake Plant","floor":22.0,"turns":4.0},{"damage":0.0,"enemies":"downfall:FleeingMerchant","floor":25.0,"turns":4.0},{"damage":0.0,"enemies":"Centurion and Healer","floor":26.0,"turns":6.0},{"damage":16.0,"enemies":"Gremlin Leader","floor":28.0,"turns":8.0},{"damage":0.0,"enemies":"Shelled Parasite and Fungi","floor":32.0,"turns":6.0},{"damage":1.0,"enemies":"DF_ARCHETYPE_CLAW","floor":33.0,"turns":10.0},{"damage":0.0,"enemies":"3 Shapes","floor":36.0,"turns":5.0},{"damage":0,"enemies":"3 Darklings","floor":40,"turns":8},{"damage":0,"enemies":"Writhing Mass","floor":42,"turns":4},{"damage":0,"enemies":"4 Shapes","floor":44,"turns":6},{"damage":0,"enemies":"3 Darklings","floor":45,"turns":3},{"damage":0,"enemies":"downfall:FleeingMerchant","floor":46,"turns":3},{"damage":0,"enemies":"Spire Growth","floor":48,"turns":4},{"damage":0,"enemies":"Sphere and 2 Shapes","floor":49,"turns":4},{"damage":0,"enemies":"WA_ARCHETYPE_DIVINITY","floor":50,"turns":6},{"damage":0,"enemies":"downfall:CharBossMerchant","floor":52,"turns":5},{"damage":0,"enemies":"downfall:NeowBoss","floor":55,"turns":13},{"damage":0,"enemies":"downfall:NeowBossFinal","floor":56,"turns":12}],"seed_played":"3442665524888968670","potions_obtained":[{"floor":2.0,"key":"Fire Potion"},{"floor":14.0,"key":"EntropicBrew"},{"floor":20.0,"key":"BlessingOfTheForge"},{"floor":33.0,"key":"Fire Potion"}],"is_trial":false,"path_per_floor":["R","M","?","T","$","?","T","?","M","R","M","M","R","M","M","B",null,"R","M","M","?","M","R","T","$","M","R","E","R","?","?","M","B",null,"R","M","?","?","?","M","T","M","R","M","M","$","R","M","M","B",null,"E","$","R","B","B",null],"character_chosen":"GUARDIAN","items_purchased":["Strange Spoon","FossilizedHelix","Letter Opener","Bronze Scales","Guardian:RevengeProtocol","Bottled Lightning"],"campfire_rested":0,"item_purchase_floors":[5,25,46,46,46,53],"current_hp_per_floor":[80,77,77,77,80,69,69,69,66,66,63,63,63,62,46,33,80,80,80,79,80,73,73,73,80,80,80,64,64,64,64,64,63,80,80,80,80,80,80,80,80,80,90,90,90,90,90,90,90,90,90,97,97,97,97,97],"gold":40,"neow_bonus":"ONE_RANDOM_RARE_CARD","is_daily":false,"chose_seed":false,"campfire_upgraded":8,"win_rate":0.0,"timestamp":1611061283,"path_taken":["R","M","?","?","$","?","T","?","M","R","?","M","R","M","M","BOSS","R","M","M","?","?","R","T","$","M","R","E","R","?","?","M","BOSS","R","M","?","?","?","M","T","?","R","M","M","$","R","M","M","BOSS","E","$","R","BOSS","BOSS"],"items_purchased_type":["Relic","Relic","Relic","Relic","Card","Relic"],"build_version":"2020-12-22","purchased_purges":3,"victory":true,"max_hp_per_floor":[80,80,80,80,80,80,80,80,80,80,80,80,80,80,80,80,80,80,80,80,80,80,80,80,80,80,80,80,80,80,80,80,80,80,80,80,80,80,80,80,80,80,90,90,90,90,90,90,90,90,90,97,97,97,97,97],"card_choices":[{"not_picked":["Guardian:TimeCapacitor","Guardian:ShieldSpikes"],"picked":"Guardian:SpikerProtocol","floor":2.0},{"not_picked":["Guardian:Planning","Guardian:Suspension"],"picked":"Guardian:BronzeArmor","floor":5.0},{"not_picked":["Guardian:TemporalStrike","Guardian:PrismaticBeam","Guardian:Repulse"],"picked":"SKIP","floor":9.0},{"not_picked":["Guardian:BronzeOrb","Guardian:Reroute"],"picked":"Guardian:BodySlam","floor":11.0},{"not_picked":["Guardian:PrimingBeam","Guardian:Gem_Cyan"],"picked":"Guardian:ArmoredProtocol","floor":12.0},{"not_picked":["Guardian:GuardianWhirl","Guardian:TimeCapacitor","Guardian:Recover"],"picked":"SKIP","floor":14.0},{"not_picked":["Guardian:Planning","Guardian:WalkerClaw","Guardian:ChargeCore"],"picked":"SKIP","floor":15.0},{"not_picked":["Guardian:StasisStrike","Guardian:Gem_Orange"],"picked":"Guardian:TimeSifter","floor":16.0},{"not_picked":["Guardian:RollAttack+1","Guardian:PrismaticBeam","Guardian:CrystalBeam"],"picked":"SKIP","floor":19.0},{"not_picked":["Guardian:Reroute","Guardian:RefractedBeam"],"picked":"Guardian:Gem_Crimson","floor":20.0},{"not_picked":["Guardian:Incinerate","Guardian:Planning"],"picked":"Guardian:BodySlam+1","floor":22.0},{"not_picked":["Guardian:Gem_Green","Guardian:Gem_Cyan","Guardian:PolyBeam"],"picked":"SKIP","floor":25.0},{"not_picked":["Guardian:Gem_Lightblue","Guardian:TimeBomb","Guardian:Incinerate"],"picked":"SKIP","floor":26.0},{"not_picked":["Guardian:Gem_Fragmented","Guardian:Gem_Cyan"],"picked":"Guardian:PiercingHide","floor":28.0},{"not_picked":["Guardian:TimeCapacitor","Guardian:BronzeOrb","Guardian:Gem_Red"],"picked":"SKIP","floor":32.0},{"not_picked":["Guardian:StasisStrike","Guardian:RevengeProtocol"],"picked":"Guardian:StasisField","floor":33.0},{"not_picked":["Guardian:PrimingBeam+1","Guardian:TemporalStrike+1","Guardian:FloatingOrbs"],"picked":"SKIP","floor":36.0},{"not_picked":["Guardian:SpikerProtocol+1","Guardian:CrystalBeam","Guardian:SentryBeam+1"],"picked":"SKIP","floor":40},{"not_picked":["Guardian:ShieldCharger","Guardian:PiercingHide"],"picked":"Guardian:BodySlam","floor":42},{"not_picked":["Guardian:Gem_Red","Guardian:RollAttack","Guardian:EvasiveProtocol"],"picked":"SKIP","floor":44},{"not_picked":["Guardian:TemporalStrike","Guardian:Emergency+1","Guardian:Incinerate"],"picked":"SKIP","floor":45},{"not_picked":["Guardian:Gem_Red","Guardian:Emergency","Guardian:Recover"],"picked":"SKIP","floor":46},{"not_picked":["Guardian:PrimingBeam","Guardian:BronzeOrb","Guardian:TemporalStrike+1"],"picked":"SKIP","floor":48},{"not_picked":["Guardian:Gem_Fragmented","Guardian:RollAttack","Guardian:Reroute+1"],"picked":"SKIP","floor":49},{"not_picked":["Guardian:SphericShield","Guardian:VentSteam","Guardian:Gem_Red"],"picked":"SKIP","floor":52}],"player_experience":174499,"relics_obtained":[{"floor":4.0,"key":"MealTicket"},{"floor":7.0,"key":"Art of War"},{"floor":24.0,"key":"War Paint"},{"floor":28.0,"key":"MawBank"},{"floor":41,"key":"Smiling Mask"},{"floor":52,"key":"Strawberry"}],"event_choices":[{"damage_healed":1.0,"max_hp_gain":0.0,"max_hp_loss":0.0,"gold_gain":0.0,"event_name":"Wheel of Change","player_choice":"Full Heal","floor":21.0,"gold_loss":0.0,"damage_taken":0.0},{"damage_healed":0.0,"max_hp_gain":0.0,"max_hp_loss":0.0,"gold_gain":0.0,"cards_transformed":["Guardian:Gem_Cyan","Guardian:Strike_Guardian"],"event_name":"Drug Dealer","player_choice":"Became Test Subject","floor":30.0,"gold_loss":0.0,"damage_taken":0.0,"cards_obtained":["Guardian:TemporalShield","Guardian:Gem_Orange"]},{"cards_removed":["Guardian:Defend_Guardian"],"damage_healed":0.0,"max_hp_gain":0.0,"max_hp_loss":0.0,"gold_gain":0.0,"event_name":"Falling","player_choice":"Removed Skill","floor":37.0,"gold_loss":0.0,"damage_taken":0.0}],"is_beta":false,"boss_relics":[{"not_picked":["Tiny House","Philosopher\u0027s Stone"],"picked":"Empty Cage"},{"not_picked":["Velvet Choker","Snecko Eye"],"picked":"Guardian:ModeShifterPlus"}],"items_purged_floors":[5,25,46],"is_endless":false,"potions_floor_spawned":[2,6,14,15,20,32,33,36,40,45,48,52],"ascension_level":0}}