{"host":"Qube","time":1611023763,"event":{"mods":["AchievementEnabler","BaseMod","Colored Map","Colored Powertips","Highlight Path","Minty Spire (QoL Compilation)","Permanent Neow","Quick Restart","Random Character Button","StSLib"],"gold_per_floor":[117,133,133,45,61,88,88,116,164,164,164],"floor_reached":10,"language":"ENG","playtime":456,"items_purged":[],"score":152,"play_id":"8b2f157c-ce75-44fb-a9f5-155b1c8750e0","local_time":"20210118183603","is_ascension_mode":true,"campfire_choices":[{"floor":7,"key":"REST"}],"circlet_count":0,"master_deck":["AscendersBane","Strike_G","Strike_G","Strike_G+1","Strike_G+1","Strike_G","Defend_G","Defend_G","Defend_G","Survivor","Neutralize","A Thousand Cuts","Quick Slash","Blur","Leg Sweep","Footwork","Deflect","Distraction","Calculated Gamble"],"relics":["Ring of the Snake","White Beast Statue","Ancient Tea Set","PreservedInsect"],"acts_visited":["Exordium"],"potions_floor_usage":[2,10],"damage_taken":[{"damage":4,"enemies":"Jaw Worm","floor":1,"turns":4},{"damage":5,"enemies":"Small Slimes","floor":2,"turns":4},{"damage":1,"enemies":"Cultist","floor":5,"turns":4},{"damage":5,"enemies":"Lagavulin","floor":6,"turns":10},{"damage":34,"enemies":"Gremlin Nob","floor":8,"turns":5},{"damage":10,"enemies":"3 Sentries","floor":10,"turns":6}],"seed_played":"4319939763390078071","potions_obtained":[{"floor":1,"key":"SpeedPotion"},{"floor":8,"key":"Dexterity Potion"}],"is_trial":false,"path_per_floor":["M","M","?","$","M","E","R","E","T","E"],"character_chosen":"THE_SILENT","items_purchased":["Footwork"],"campfire_rested":1,"item_purchase_floors":[4],"current_hp_per_floor":[55,50,32,32,31,26,44,10,10,0,0],"gold":164,"neow_bonus":"TRANSFORM_TWO_CARDS","is_daily":false,"chose_seed":false,"campfire_upgraded":0,"win_rate":0.0,"timestamp":1611023763,"path_taken":["M","M","?","$","M","E","R","E","T","E"],"items_purchased_type":["Card"],"build_version":"2020-12-18","purchased_purges":0,"victory":false,"max_hp_per_floor":[60,60,60,60,60,60,60,60,60,60,60],"card_choices":[{"not_picked":["Quick Slash","Cloak And Dagger"],"picked":"Blur","floor":1},{"not_picked":["Distraction","Acrobatics"],"picked":"Leg Sweep","floor":2},{"not_picked":["Flechettes","Escape Plan"],"picked":"Deflect","floor":5},{"not_picked":["Blade Dance","Bane"],"picked":"Distraction","floor":6},{"not_picked":["Flechettes","Blur"],"picked":"Calculated Gamble","floor":8}],"player_experience":937330,"relics_obtained":[{"floor":6,"key":"White Beast Statue"},{"floor":8,"key":"Ancient Tea Set"},{"floor":9,"key":"PreservedInsect"}],"event_choices":[{"damage_healed":0,"gold_gain":0,"player_choice":"Entered Light","damage_taken":18,"max_hp_gain":0,"max_hp_loss":0,"event_name":"Shining Light","floor":3,"gold_loss":0,"cards_upgraded":["Strike_G","Strike_G"]}],"is_beta":true,"boss_relics":[],"items_purged_floors":[],"is_endless":false,"potions_floor_spawned":[1,8],"killed_by":"3 Sentries","ascension_level":20}}