{"host":"lj9c9rq5ftuvc3xr","time":1611076773,"event":{"mods":["2.2 Compatiblity","AchievementEnabler","Act Like it!","BaseMod","Better Note","BetterRewards","Colored Map","Colored Powertips","DeckTracker","Minty Spire (QoL Compilation)","Potionbrewer","Quick Restart","Random Character Button","Rare Cards Sparkle","Relic Sorter","Shop Mod","StSLib","Synergy Search","The Hierophant"],"gold_per_floor":[212,45,65,83,102,102,130,130,156,156,38,73,73,88,88,163,163,180,180,95,95,113,147,147,161,161,161,0,20,20,51,51,130,130,144,160,435,175,194,194,228,74,74,93,109,38,62,92,92,92],"floor_reached":51,"language":"ENG","playtime":2573,"items_purged":["Strike_G","Regret"],"score":1455,"play_id":"97c11ee1-5f47-4966-92e1-c752ea25e536","local_time":"20210119121933","is_ascension_mode":true,"campfire_choices":[{"data":"Noxious Fumes","floor":6,"key":"SMITH"},{"floor":10,"key":"REST"},{"data":"Cloak And Dagger","floor":13,"key":"SMITH"},{"data":"Neutralize","floor":15,"key":"SMITH"},{"data":"Footwork","floor":24,"key":"SMITH"},{"data":"Footwork","floor":27,"key":"SMITH"},{"data":"Deadly Poison","floor":30,"key":"SMITH"},{"floor":32,"key":"REST"},{"floor":40,"key":"RECALL"},{"floor":49,"key":"REST"}],"circlet_count":0,"master_deck":["AscendersBane","Strike_G+1","Strike_G+1","Strike_G+1","Defend_G+1","Defend_G+1","Defend_G+1","Defend_G+1","Defend_G+1","Survivor","Neutralize+1","Flying Knee","Footwork+1","Cloak And Dagger+1","Backflip","Noxious Fumes+1","Backflip","Blade Dance","Deflect","Footwork+1","Deadly Poison+1","Corpse Explosion","Crippling Poison","Crippling Poison+1","Outmaneuver","Dagger Throw","Dagger Throw","Accuracy","Accuracy","Unload","Malaise","Bouncing Flask+1","Deflect+1","Terror","PiercingWail","Backflip","Blur","Calculated Gamble"],"relics":["Ring of the Snake","Regal Pillow","Tiny Chest","MealTicket","potionbrewer:BhaskarasWheel","InkBottle","Bronze Scales","Darkstone Periapt","potionbrewer:MortarAndPestle","White Beast Statue","Fusion Hammer","Medical Kit","potionbrewer:Torch","MerchantsRug","Bottled Lightning","Ancient Tea Set","Strawberry"],"acts_visited":["Exordium","TheCity","TheBeyond"],"potions_floor_usage":[5,12,16,31,33,41,44,50],"damage_taken":[{"damage":3.0,"enemies":"Cultist","floor":1.0,"turns":4.0},{"damage":1.0,"enemies":"2 Louse","floor":3.0,"turns":3.0},{"damage":2.0,"enemies":"Jaw Worm","floor":4.0,"turns":6.0},{"damage":4,"enemies":"Looter","floor":5,"turns":4},{"damage":23,"enemies":"3 Sentries","floor":7,"turns":8},{"damage":0,"enemies":"Lagavulin","floor":12,"turns":8},{"damage":0,"enemies":"Exordium Wildlife","floor":14,"turns":3},{"damage":8,"enemies":"Slime Boss","floor":16,"turns":9},{"damage":14,"enemies":"2 Thieves","floor":18,"turns":4},{"damage":0,"enemies":"Chosen","floor":22,"turns":5},{"damage":1,"enemies":"Book of Stabbing","floor":23,"turns":7},{"damage":0,"enemies":"Centurion and Healer","floor":25,"turns":6},{"damage":7,"enemies":"Snecko","floor":29,"turns":5},{"damage":8,"enemies":"Gremlin Leader","floor":31,"turns":8},{"damage":23,"enemies":"Automaton","floor":33,"turns":8},{"damage":6,"enemies":"Orb Walker","floor":35,"turns":4},{"damage":0,"enemies":"3 Shapes","floor":36,"turns":6},{"damage":22,"enemies":"Sphere and 2 Shapes","floor":39,"turns":8},{"damage":5,"enemies":"Nemesis","floor":41,"turns":7},{"damage":33,"enemies":"Jaw Worm Horde","floor":44,"turns":4},{"damage":0,"enemies":"4 Shapes","floor":45,"turns":5},{"damage":14,"enemies":"Giant Head","floor":48,"turns":8},{"damage":43,"enemies":"Awakened One","floor":50,"turns":18}],"seed_played":"-5703036745511810757","potions_obtained":[{"floor":3.0,"key":"LiquidBronze"},{"floor":4.0,"key":"Strength Potion"},{"floor":5,"key":"BlessingOfTheForge"},{"floor":18,"key":"potionbrewer:NoxiousPotion"},{"floor":25,"key":"potionbrewer:AcidPotion"},{"floor":31,"key":"SpeedPotion"},{"floor":33,"key":"LiquidBronze"},{"floor":35,"key":"LiquidBronze"},{"floor":36,"key":"potionbrewer:DiscountPotion"},{"floor":41,"key":"Weak Potion"},{"floor":44,"key":"potionbrewer:AcidPotion"},{"floor":45,"key":"FairyPotion"}],"is_trial":false,"path_per_floor":["M","$","M","M","M","R","E","?","T","R","$","E","R","M","R","B",null,"M","?","?","T","M","E","R","M","T","R","$","M","R","E","R","B",null,"M","M","?","$","M","R","E","$","T","M","M","$","T","E","R","B",null],"character_chosen":"THE_SILENT","items_purchased":["Footwork","Cloak And Dagger","Deflect","Footwork","potionbrewer:BoosterPack","Medical Kit","MerchantsRug","PiercingWail","Blur","Dexterity Potion"],"campfire_rested":3,"item_purchase_floors":[2,2,11,11,28,38,42,42,46,46],"current_hp_per_floor":[56,56,55,53,49,49,26,26,26,60,60,60,60,60,60,52,63,49,49,49,49,49,48,48,48,48,48,63,56,56,48,66,43,60,59,64,70,72,50,50,45,60,60,27,32,47,47,40,78,35],"gold":92,"neow_bonus":"HUNDRED_GOLD","is_daily":false,"chose_seed":false,"campfire_upgraded":6,"win_rate":0.0,"timestamp":1611076773,"path_taken":["M","$","M","?","M","R","E","?","T","R","$","E","R","?","R","BOSS","M","?","?","?","?","E","R","M","T","R","$","M","R","E","R","BOSS","M","M","?","$","M","R","E","?","T","M","M","$","?","E","R","BOSS"],"items_purchased_type":["Card","Card","Card","Card","Relic","Relic","Relic","Card","Card","Potion"],"build_version":"2020-12-22","purchased_purges":2,"victory":true,"max_hp_per_floor":[66,66,66,66,66,66,66,66,66,66,66,66,66,66,66,66,66,66,66,66,66,66,66,66,66,66,66,66,66,66,66,66,66,66,66,66,72,72,72,72,72,72,72,72,72,72,72,79,79,79],"card_choices":[{"not_picked":["Outmaneuver","Prepared"],"picked":"Flying Knee","floor":1.0},{"not_picked":["Backstab","Concentrate"],"picked":"Backflip","floor":3.0},{"not_picked":["Acrobatics","Tactician"],"picked":"Noxious Fumes","floor":4.0},{"not_picked":["Tactician","Unload"],"picked":"Backflip","floor":5},{"not_picked":["Backflip","Acrobatics"],"picked":"Blade Dance","floor":7},{"not_picked":["Reflex","Quick Slash","Slice"],"picked":"SKIP","floor":12},{"not_picked":["Dagger Spray","Backstab"],"picked":"Deadly Poison","floor":14},{"not_picked":["Burst","Tools of the Trade"],"picked":"Corpse Explosion","floor":16},{"not_picked":["Deadly Poison","Deflect"],"picked":"Crippling Poison","floor":18},{"not_picked":["Acrobatics","Flying Knee","Concentrate"],"picked":"SKIP","floor":22},{"not_picked":["Underhanded Strike","Acrobatics","Grand Finale"],"picked":"SKIP","floor":23},{"not_picked":["Deflect+1","Blade Dance"],"picked":"Crippling Poison+1","floor":25},{"not_picked":["Deflect","Quick Slash+1","Sucker Punch"],"picked":"SKIP","floor":29},{"not_picked":["Prepared","Poisoned Stab","Blade Dance"],"picked":"SKIP","floor":31},{"not_picked":["Storm of Steel","A Thousand Cuts"],"picked":"Malaise","floor":33},{"not_picked":["Caltrops","Deadly Poison+1","Prepared+1"],"picked":"SKIP","floor":35},{"not_picked":["Underhanded Strike","Slice"],"picked":"Bouncing Flask+1","floor":36},{"not_picked":["Deadly Poison+1","Dagger Throw+1"],"picked":"Deflect+1","floor":39},{"not_picked":["Blade Dance","Heel Hook"],"picked":"Terror","floor":41},{"not_picked":["Backflip","Predator","Finisher"],"picked":"SKIP","floor":44},{"not_picked":["Predator","Finisher"],"picked":"Backflip","floor":44},{"not_picked":["Concentrate+1","Dagger Throw","All Out Attack"],"picked":"SKIP","floor":45},{"not_picked":["Deadly Poison","Setup"],"picked":"Calculated Gamble","floor":48}],"player_experience":382771,"relics_obtained":[{"floor":7,"key":"Regal Pillow"},{"floor":9,"key":"Tiny Chest"},{"floor":12,"key":"MealTicket"},{"floor":21,"key":"Bronze Scales"},{"floor":23,"key":"Darkstone Periapt"},{"floor":26,"key":"potionbrewer:MortarAndPestle"},{"floor":31,"key":"White Beast Statue"},{"floor":41,"key":"potionbrewer:Torch"},{"floor":43,"key":"Bottled Lightning"},{"floor":47,"key":"Ancient Tea Set"},{"floor":48,"key":"Strawberry"}],"event_choices":[{"cards_removed":["Strike_G"],"damage_healed":0,"gold_gain":0,"player_choice":"Purged","damage_taken":0,"max_hp_gain":0,"max_hp_loss":0,"event_name":"Purifier","floor":8,"gold_loss":0},{"damage_healed":0,"gold_gain":0,"player_choice":"Simplicity","damage_taken":0,"max_hp_gain":0,"max_hp_loss":0,"event_name":"Back to Basics","floor":19,"gold_loss":0,"cards_upgraded":["Strike_G","Strike_G","Strike_G","Defend_G","Defend_G","Defend_G","Defend_G","Defend_G"]},{"damage_healed":0,"gold_gain":0,"player_choice":"Obtained Relic","damage_taken":0,"relics_obtained":["InkBottle"],"max_hp_gain":0,"max_hp_loss":0,"event_name":"Addict","floor":20,"gold_loss":85},{"damage_healed":0,"gold_gain":275,"player_choice":"Desecrate","damage_taken":0,"max_hp_gain":0,"max_hp_loss":0,"event_name":"Golden Shrine","floor":37,"gold_loss":0,"cards_obtained":["Regret"]}],"is_beta":false,"boss_relics":[{"not_picked":["Astrolabe","Ring of the Serpent"],"picked":"potionbrewer:BhaskarasWheel"},{"not_picked":["Runic Dome","WristBlade"],"picked":"Fusion Hammer"}],"items_purged_floors":[2,38],"is_endless":false,"potions_floor_spawned":[3,4,5,18,25,31,33,35,36,39,41,44,45,48],"ascension_level":16}}