{"host":"50per11302020","time":1611039373,"event":{"mods":["AchievementEnabler","BaseMod","Colored Map","Minty Spire (QoL Compilation)","Relic Stats","StSLib"],"gold_per_floor":[115,115,126,126,146,146,164,164,164,164,192,117,117,142,142,142,142],"floor_reached":16,"language":"ENG","playtime":643,"items_purged":[],"score":190,"play_id":"0984c343-1226-41b3-ae35-6fd0409307a8","local_time":"20210118225613","is_ascension_mode":true,"campfire_choices":[{"floor":6,"key":"REST"},{"data":"Chaos","floor":8,"key":"SMITH"},{"floor":10,"key":"REST"},{"data":"Capacitor","floor":15,"key":"SMITH"}],"circlet_count":0,"master_deck":["AscendersBane","Strike_B","Strike_B","Strike_B","Defend_B","Defend_B","Defend_B","Defend_B","Zap","Dualcast","Chaos+1","Chill","Ball Lightning","Reinforced Body","Core Surge","Capacitor+1"],"relics":["Runic Dome","WarpedTongs","Anchor","Gremlin Horn","Golden Idol"],"acts_visited":["Exordium"],"potions_floor_usage":[11,16],"damage_taken":[{"damage":2,"enemies":"Jaw Worm","floor":1,"turns":4},{"damage":2,"enemies":"2 Louse","floor":3,"turns":2},{"damage":3,"enemies":"Cultist","floor":5,"turns":3},{"damage":25,"enemies":"Large Slime","floor":7,"turns":5},{"damage":19,"enemies":"Lagavulin","floor":11,"turns":6},{"damage":9,"enemies":"Looter","floor":14,"turns":3},{"damage":39,"enemies":"Hexaghost","floor":16,"turns":9}],"seed_played":"-6757047671559887158","potions_obtained":[{"floor":1,"key":"FairyPotion"},{"floor":3,"key":"PowerPotion"},{"floor":11,"key":"Strength Potion"}],"is_trial":false,"path_per_floor":["M","?","M","?","M","R","M","R","T","R","E","?","?","M","R","B"],"character_chosen":"DEFECT","items_purchased":[],"campfire_rested":2,"item_purchase_floors":[],"current_hp_per_floor":[62,55,53,53,50,71,46,46,46,67,48,48,24,15,15,0,0],"gold":142,"neow_bonus":"BOSS_RELIC","is_daily":false,"chose_seed":false,"campfire_upgraded":2,"win_rate":0.0,"timestamp":1611039373,"path_taken":["M","?","M","?","?","R","M","R","T","R","E","?","?","M","R","BOSS"],"items_purchased_type":[],"build_version":"2020-12-18","purchased_purges":0,"victory":false,"max_hp_per_floor":[71,71,71,71,71,71,71,71,71,71,71,71,71,71,71,71,71],"relic_stats":{"Gremlin Horn":[0,0],"counters":[7,32],"Golden Idol":5,"obtain_stats":[{"Runic Dome":0,"Anchor":9,"Gremlin Horn":11,"Golden Idol":13,"Cracked Core":0,"WarpedTongs":4},{"Runic Dome":0,"Anchor":4,"Gremlin Horn":5,"Golden Idol":5,"Cracked Core":0,"WarpedTongs":2},{"Runic Dome":0,"Anchor":14,"Gremlin Horn":20,"Golden Idol":20,"Cracked Core":0,"WarpedTongs":6}],"WarpedTongs":[25]},"card_choices":[{"not_picked":["Stack","Hello World"],"picked":"Chaos","floor":1},{"not_picked":["Compile Driver","Rebound"],"picked":"Chill","floor":3},{"not_picked":["Double Energy","Turbo"],"picked":"Ball Lightning","floor":5},{"not_picked":["Ball Lightning","Stack"],"picked":"Reinforced Body","floor":7},{"not_picked":["Turbo","Sweeping Beam"],"picked":"Core Surge","floor":11},{"not_picked":["Ball Lightning","Beam Cell"],"picked":"Capacitor","floor":14}],"player_experience":277258,"relics_obtained":[{"floor":9,"key":"Anchor"},{"floor":11,"key":"Gremlin Horn"}],"event_choices":[{"cards_removed":["Strike_B"],"damage_healed":0,"gold_gain":0,"player_choice":"Card Removal","damage_taken":7,"max_hp_gain":0,"max_hp_loss":0,"event_name":"Golden Wing","floor":2,"gold_loss":0},{"damage_healed":0,"gold_gain":0,"player_choice":"Rummage","damage_taken":0,"relics_obtained":["WarpedTongs"],"max_hp_gain":0,"max_hp_loss":0,"event_name":"Accursed Blacksmith","floor":4,"gold_loss":0,"cards_obtained":["Pain"]},{"cards_removed":["Pain"],"damage_healed":0,"gold_gain":0,"player_choice":"Card Removal","damage_taken":0,"max_hp_gain":0,"max_hp_loss":0,"event_name":"The Cleric","floor":12,"gold_loss":75},{"damage_healed":0,"gold_gain":0,"player_choice":"Take Damage","damage_taken":24,"relics_obtained":["Golden Idol"],"max_hp_gain":0,"max_hp_loss":0,"event_name":"Golden Idol","floor":13,"gold_loss":0}],"is_beta":true,"boss_relics":[],"items_purged_floors":[],"is_endless":false,"potions_floor_spawned":[1,3,11],"killed_by":"Hexaghost","ascension_level":18}}