{"host":"kq2g769nefmuyn7c","time":1611047901,"event":{"mods":["ATMod(°¢èªMod)","Act Like it!","BaseMod","Gensokyo","Koishi","Minty Spire (QoL Compilation)","Remilia£¨ÀÙÃ×ÀòÑÇ£©","Replay The Spire","StSLib","The Servant 0.9.4"],"gold_per_floor":[118,218,233,244,244,278,297,38,38,72,72,100,100,124,124,237,246,259,288,357,386,405,442,471,506,558,558,69,69,69,98,107,212,221,233,63,86,112,126,168,168,204,252,287,308,327,359,378,378,378,378,378,154,192,192],"floor_reached":56,"language":"ZHS","playtime":4993,"items_purged":["Koishi:BasicStrike","Koishi:BasicStrike"],"score":2179,"play_id":"462af866-4a95-4746-b564-b70e2759fec8","local_time":"20210119171821","is_ascension_mode":true,"campfire_choices":[{"data":"Koishi:SprinkleStarAndHeart","floor":13,"key":"SMITH"},{"data":"AT_FamilyPortrait","floor":15,"key":"SMITH"},{"data":"AT_LightSaberMaster","floor":30,"key":"SMITH"},{"data":"Koishi:Whimsy","floor":41,"key":"SMITH"},{"floor":49,"key":"RECALL"},{"data":"Koishi:Untouchable","floor":52,"key":"SMITH"}],"circlet_count":0,"master_deck":["Koishi:BasicStrike","Koishi:BasicDefend","Koishi:BasicDefend","Koishi:BasicDefend","Koishi:BasicDefend","Koishi:Provoke","Koishi:HauntingSlash","AT_LightSaberMaster+1","Koishi:PredatoryInstincts","Koishi:HeartAttack","Koishi:SprinkleStarAndHeart+1","Koishi:DNAsFlaw","Koishi:Untouchable+1","Koishi:SubterraneanRose","Koishi:RuptureMind+1","AT_FamilyPortrait+1","Koishi:SubconsciousSweep","Koishi:SilentAndRestless","AbeCurse","Koishi:UnconsciousUrges","Koishi:HeartfeltFancy+1","Koishi:GeneticsOfTheUnconscious","Koishi:UnseenTerror","Koishi:RorschachInDanmaku","Koishi:HeartAttack","Koishi:Whimsy+1","Koishi:ImGoingToCallYouNow+1","Koishi:ReflexRadar","Koishi:FadingMemory","AT_EmpoweredMortalDraw","AT_EmpoweredMortalDraw","Koishi:GhostParty","Koishi:GhostParty","Koishi:FadingMemory","Koishi:ApparitionsStalkTheNight+1","Koishi:Vanish+1","Koishi:ReleaseOfTheId+1","Koishi:BramblyRoseGarden","Master of Strategy","Specialist","Replay:Sssssssssshield","Koishi:UnansweredLove+1"],"relics":["Koishi:ImaginaryFriend","AT_ATBox","NeowsBlessing","CeramicFish","AntiCross","Thread and Needle","Mummified Hand","Tiny Chest","Abe\u0027s Treasure","Red Mask","AT_GuinsooRageblade","Nunchaku","AT_SeraphEmbrace","Replay:Baseball","ClockworkSouvenir","Replay:Rubber Ducky","AT_MortalBlade","Koishi:AHoleWhereASisterShouldBe","ScarletDevilRocket","Oddly Smooth Stone","AT_EbonyIvory","AT_TimeSand","ReplayTheSpireMod:ShopPack","Calipers"],"acts_visited":["Exordium","TheCity","TheBeyond","TheEnding"],"potions_floor_usage":[6,18,55,55,55],"damage_taken":[{"damage":0,"enemies":"Jaw Worm","floor":1,"turns":1},{"damage":0,"enemies":"Cultist","floor":3,"turns":1},{"damage":0,"enemies":"Small Slimes","floor":4,"turns":1},{"damage":14,"enemies":"3 Sentries","floor":6,"turns":10},{"damage":0,"enemies":"Exordium Thugs","floor":7,"turns":4},{"damage":4,"enemies":"Lagavulin","floor":10,"turns":4},{"damage":0,"enemies":"3 Sentries","floor":12,"turns":4},{"damage":0,"enemies":"Fading Forest","floor":16,"turns":11},{"damage":0,"enemies":"2 Thieves","floor":18,"turns":3},{"damage":0,"enemies":"3 Byrds","floor":19,"turns":4},{"damage":6,"enemies":"Masked Bandits","floor":20,"turns":4},{"damage":5,"enemies":"3 Cultists","floor":21,"turns":5},{"damage":1,"enemies":"Chosen and Byrds","floor":22,"turns":3},{"damage":0,"enemies":"Book of Stabbing","floor":23,"turns":5},{"damage":0,"enemies":"Centurion and Healer","floor":24,"turns":3},{"damage":0,"enemies":"Gremlin Leader","floor":25,"turns":3},{"damage":5,"enemies":"Replay:Snechameleon","floor":31,"turns":3},{"damage":11,"enemies":"Champ","floor":33,"turns":5},{"damage":0,"enemies":"Orb Walker","floor":35,"turns":1},{"damage":0,"enemies":"3 Darklings","floor":37,"turns":2},{"damage":0,"enemies":"Writhing Mass","floor":39,"turns":3},{"damage":0,"enemies":"Reptomancer","floor":40,"turns":3},{"damage":0,"enemies":"Giant Head","floor":42,"turns":6},{"damage":0,"enemies":"R_Hoarder","floor":44,"turns":4},{"damage":0,"enemies":"Maw","floor":45,"turns":4},{"damage":0,"enemies":"Transient","floor":46,"turns":5},{"damage":0,"enemies":"Giant Head","floor":47,"turns":6},{"damage":0,"enemies":"Spire Growth","floor":48,"turns":3},{"damage":0,"enemies":"Donu and Deca","floor":50,"turns":6},{"damage":2,"enemies":"Shield and Spear","floor":54,"turns":4},{"damage":0,"enemies":"The Heart","floor":55,"turns":5}],"seed_played":"-7203150245428296170","potions_obtained":[{"floor":1,"key":"Fire Potion"},{"floor":3,"key":"DuplicationPotion"},{"floor":4,"key":"Energy Potion"},{"floor":10,"key":"Elixir"},{"floor":20,"key":"Toxic Potion"},{"floor":47,"key":"Venom Potion"},{"floor":48,"key":"SkillPotion"}],"is_trial":false,"path_per_floor":["M","?","M","M","?","E","M","$","T","E","$","E","R","T","R","B",null,"M","M","?","M","M","E","M","E","T","?","$","?","R","E","R","B",null,"M","$","M","T","M","E","R","E","T","E","M","M","E","M","R","B",null,"R","$","E","B",null],"character_chosen":"KOISHI","items_purchased":["Koishi:RuptureMind+1","AT_FamilyPortrait","Koishi:ImGoingToCallYouNow+1","Replay:Baseball","ClockworkSouvenir","AT_EmpoweredMortalDraw","ReplayTheSpireMod:ShopPack","Koishi:BramblyRoseGarden"],"campfire_rested":0,"item_purchase_floors":[8,8,28,28,28,36,53,53],"current_hp_per_floor":[54,54,58,58,58,46,51,51,51,48,48,56,56,56,56,56,59,60,60,58,60,60,60,60,60,60,60,60,50,50,45,45,65,65,65,65,65,65,65,65,65,65,65,65,65,65,65,65,65,65,65,65,65,65,65],"gold":192,"neow_bonus":"THREE_ENEMY_KILL","is_daily":false,"chose_seed":false,"campfire_upgraded":5,"win_rate":0.0,"timestamp":1611047901,"path_taken":["M","?","M","?","?","E","?","$","T","E","$","E","R","?","R","BOSS","M","M","?","M","M","E","M","E","T","?","$","?","R","E","R","BOSS","M","$","M","?","M","E","R","E","T","E","M","M","E","?","R","BOSS","R","$","E","BOSS"],"items_purchased_type":["Card","Card","Card","Relic","Relic","Card","Relic","Card"],"build_version":"2020-12-22","purchased_purges":2,"victory":true,"max_hp_per_floor":[60,60,60,60,60,60,60,60,60,60,60,60,60,60,60,60,60,60,60,60,60,60,60,60,60,60,60,60,65,65,65,65,65,65,65,65,65,65,65,65,65,65,65,65,65,65,65,65,65,65,65,65,65,65,65],"card_choices":[{"not_picked":["Koishi:ReflexRadar","Koishi:ParalyzingFear"],"picked":"Koishi:PredatoryInstincts","floor":1},{"not_picked":["Koishi:StrangeCloudFist","Koishi:YoukaiPolygraph"],"picked":"Koishi:HeartAttack","floor":3},{"not_picked":["Koishi:EmbersOfLove","Koishi:HeartAttack"],"picked":"Koishi:SprinkleStarAndHeart","floor":4},{"not_picked":["Koishi:RuptureMind","Koishi:EmbryosDream"],"picked":"Koishi:Untouchable","floor":6},{"not_picked":["Koishi:SprinkleStarAndHeart","Koishi:PhantomStrike"],"picked":"Koishi:SubterraneanRose","floor":7},{"not_picked":["Koishi:EmbryosDream","Koishi:SubconsciousSweep","Koishi:PhilosophyOfTheDespised"],"picked":"SKIP","floor":10},{"not_picked":["Koishi:EmbryosDream","Koishi:PhilosophyOfTheDespised"],"picked":"Koishi:SubconsciousSweep","floor":10},{"not_picked":["Koishi:FleetingPhantom","Koishi:SubterraneanRose","Koishi:GhostParty"],"picked":"SKIP","floor":12},{"not_picked":["Koishi:FormlessExistence","Koishi:GrowingPain"],"picked":"Koishi:SilentAndRestless","floor":16},{"not_picked":["Koishi:RacingHeart","Koishi:HeartfeltFancy","Koishi:CatchAndRose"],"picked":"SKIP","floor":18},{"not_picked":["Koishi:SpiritedAway","Koishi:EmbryosDream"],"picked":"Koishi:UnconsciousUrges","floor":19},{"not_picked":["Koishi:JumpScare","Koishi:Bloodlust"],"picked":"Koishi:HeartfeltFancy+1","floor":20},{"not_picked":["Koishi:Bloodlust","Koishi:PhantomStrike+1"],"picked":"Koishi:GeneticsOfTheUnconscious","floor":21},{"not_picked":["Koishi:JumpScare","Koishi:SubterraneanRose"],"picked":"Koishi:UnseenTerror","floor":22},{"not_picked":["Koishi:ReflexRadar","Koishi:PhantomStrike"],"picked":"Koishi:RorschachInDanmaku","floor":23},{"not_picked":["Koishi:BloodcurdlingScream","Koishi:ParalyzingFear"],"picked":"Koishi:HeartAttack","floor":24},{"not_picked":["Koishi:SprinkleStarAndHeart","Koishi:FleetingPhantom"],"picked":"Koishi:Whimsy","floor":25},{"not_picked":["Koishi:Untouchable","Koishi:HeartfeltFancy","Koishi:FleetingPhantom"],"picked":"SKIP","floor":31},{"not_picked":["Koishi:ImGoingToCallYouNow","Koishi:MentalBreakdown"],"picked":"Koishi:FadingMemory","floor":33},{"not_picked":["Koishi:SpiritedAway","Koishi:VengefulSpirit","Koishi:PhantomBarrier"],"picked":"SKIP","floor":35},{"not_picked":["Koishi:DanmakuParanoia+1","Koishi:StingingMind"],"picked":"Koishi:GhostParty","floor":37},{"not_picked":["Koishi:UnconsciousUprising","Koishi:PhilosophyOfTheDespised+1","Koishi:GeneticsOfTheUnconscious+1"],"picked":"SKIP","floor":39},{"not_picked":["Koishi:ReflexRadar","Koishi:CatchAndRose+1"],"picked":"Koishi:GhostParty","floor":40},{"not_picked":["Koishi:Jaunt","Koishi:UnconsciousUprising+1"],"picked":"Koishi:FadingMemory","floor":42},{"not_picked":["Koishi:BramblyRoseGarden","Koishi:HeartAttack+1"],"picked":"Koishi:ApparitionsStalkTheNight+1","floor":44},{"not_picked":["Koishi:UnseenTerror+1","Koishi:PhantomStrike+1"],"picked":"Koishi:Vanish+1","floor":45},{"not_picked":["Koishi:ApparitionsStalkTheNight","Koishi:SubconsciousSweep+1"],"picked":"Koishi:ReleaseOfTheId+1","floor":46},{"not_picked":["Koishi:CatchAndRose+1","Koishi:UnansweredLove","Koishi:SubconsciousSweep"],"picked":"SKIP","floor":47},{"not_picked":["Koishi:ParalyzingFear+1","Koishi:SubterraneanRose","Koishi:Prune+1"],"picked":"SKIP","floor":48},{"not_picked":["Chrysalis","Panache"],"picked":"Master of Strategy","floor":53},{"not_picked":["AT_FalsePromise","Purity"],"picked":"Specialist","floor":53},{"not_picked":["Bandage Up","Replay:Bootleg Shield Generator"],"picked":"Replay:Sssssssssshield","floor":53},{"not_picked":["Koishi:SubconsciousSweep","Koishi:Jaunt+1"],"picked":"Koishi:UnansweredLove+1","floor":54}],"player_experience":268950,"relics_obtained":[{"floor":6,"key":"CeramicFish"},{"floor":9,"key":"AntiCross"},{"floor":10,"key":"Thread and Needle"},{"floor":12,"key":"Mummified Hand"},{"floor":14,"key":"Tiny Chest"},{"floor":20,"key":"Red Mask"},{"floor":23,"key":"AT_GuinsooRageblade"},{"floor":25,"key":"Nunchaku"},{"floor":26,"key":"AT_ArchangelStaff"},{"floor":31,"key":"Replay:Rubber Ducky"},{"floor":40,"key":"Koishi:AHoleWhereASisterShouldBe"},{"floor":42,"key":"ScarletDevilRocket"},{"floor":43,"key":"Oddly Smooth Stone"},{"floor":44,"key":"AT_EbonyIvory"},{"floor":47,"key":"AT_TimeSand"},{"floor":54,"key":"Calipers"}],"event_choices":[{"damage_healed":0,"gold_gain":100,"player_choice":"Pray","damage_taken":0,"max_hp_gain":0,"max_hp_loss":0,"event_name":"Golden Shrine","floor":2,"gold_loss":0},{"damage_healed":0,"gold_gain":0,"player_choice":"1 cards matched","damage_taken":0,"max_hp_gain":0,"max_hp_loss":0,"event_name":"Match and Keep!","floor":5,"gold_loss":0,"cards_obtained":["Koishi:DNAsFlaw"]},{"damage_healed":0,"gold_gain":0,"player_choice":"Fought Bandits","damage_taken":0,"max_hp_gain":0,"max_hp_loss":0,"event_name":"Masked Bandits","floor":20,"gold_loss":0},{"damage_healed":0,"gold_gain":0,"player_choice":"Ignored","damage_taken":0,"max_hp_gain":0,"max_hp_loss":0,"event_name":"Ghosts","floor":27,"gold_loss":0},{"damage_healed":0,"gold_gain":0,"player_choice":"Shed Blood","damage_taken":15,"max_hp_gain":5,"max_hp_loss":0,"event_name":"Forgotten Altar","floor":29,"gold_loss":0}],"is_beta":false,"boss_relics":[{"not_picked":["Black Star","Velvet Choker"],"picked":"Abe\u0027s Treasure"},{"not_picked":["Sozu","Calling Bell"],"picked":"AT_MortalBlade"}],"items_purged_floors":[28,53],"is_endless":false,"potions_floor_spawned":[1,3,4,10,20,22,23,33,35,40,42,47,48],"ascension_level":6}}