{"host":"h4qgcirtxz6qax9j","time":1611061627,"event":{"mods":["AchievementEnabler","BaseMod","Colored Powertips","Hermit","Minty Spire (QoL Compilation)","StSLib","SuperFastMode","The Servant 0.9.4"],"gold_per_floor":[109,63,78,98,114,114,141,141,141,141,89,99,99,427,427,427,427],"floor_reached":16,"language":"KOR","playtime":337,"items_purged":[],"score":127,"play_id":"225cb856-6bde-48fa-9362-6b9bee24dadb","local_time":"20210119220707","is_ascension_mode":true,"campfire_choices":[{"data":"DancingSilver","floor":6,"key":"SMITH"},{"floor":8,"key":"REST"},{"floor":10,"key":"REST"},{"floor":15,"key":"REST"}],"circlet_count":0,"master_deck":["Strike_S","Strike_S","Defend_S","Defend_S","Defend_S","Defend_S","KidneyShot","Exchange","Ricochet","BottledTime","Ricochet","Sabotage","DancingSilver+1","Rearm","Misdirection","Starlight","Moondial","SurpressingFire","Sabotage"],"relics":["Uniform","Bird Faced Urn","Peace Pipe","Old Coin"],"acts_visited":["Exordium"],"potions_floor_usage":[16],"damage_taken":[{"damage":2,"enemies":"Cultist","floor":1,"turns":4},{"damage":0,"enemies":"2 Louse","floor":3,"turns":1},{"damage":0,"enemies":"Jaw Worm","floor":4,"turns":3},{"damage":0,"enemies":"2 Fungi Beasts","floor":5,"turns":2},{"damage":49,"enemies":"Gremlin Nob","floor":7,"turns":6},{"damage":12,"enemies":"3 Louse","floor":12,"turns":4},{"damage":30,"enemies":"3 Sentries","floor":14,"turns":4},{"damage":33,"enemies":"The Guardian","floor":16,"turns":8}],"seed_played":"7762353669859786780","potions_obtained":[{"floor":4,"key":"Weak Potion"},{"floor":7,"key":"SpeedPotion"}],"is_trial":false,"path_per_floor":["M","$","M","M","M","R","E","R","T","R","$","M","?","E","R","B"],"character_chosen":"THE_SERVANT","items_purchased":["Ricochet","Starlight"],"campfire_rested":3,"item_purchase_floors":[2,11],"current_hp_per_floor":[63,63,63,63,63,63,14,33,33,52,52,40,40,10,29,0,0],"gold":427,"neow_bonus":"TRANSFORM_CARD","is_daily":false,"chose_seed":false,"campfire_upgraded":1,"win_rate":0.0,"timestamp":1611061627,"path_taken":["M","$","M","M","M","R","E","R","T","R","$","M","?","E","R","BOSS"],"items_purchased_type":["Card","Card"],"build_version":"2020-12-22","purchased_purges":0,"victory":false,"max_hp_per_floor":[65,65,65,65,65,65,65,65,65,65,65,65,65,65,65,65,65],"card_choices":[{"not_picked":["Unruled","Shuttle"],"picked":"BottledTime","floor":1},{"not_picked":["Alleviate","FastForward"],"picked":"Sabotage","floor":3},{"not_picked":["Starlight","Replace"],"picked":"DancingSilver","floor":4},{"not_picked":["Reset","FlawlessForm"],"picked":"Rearm","floor":5},{"not_picked":["Gouge","Defy"],"picked":"Misdirection","floor":7},{"not_picked":["Defy","FastForward"],"picked":"Moondial","floor":12},{"not_picked":["Replace","FanOfKnives"],"picked":"Sabotage","floor":14}],"player_experience":73884,"relics_obtained":[{"floor":7,"key":"Bird Faced Urn"},{"floor":9,"key":"Peace Pipe"},{"floor":14,"key":"Old Coin"}],"event_choices":[{"damage_healed":0,"gold_gain":0,"cards_transformed":["Strike_S"],"player_choice":"Transformed","damage_taken":0,"max_hp_gain":0,"max_hp_loss":0,"event_name":"Transmorgrifier","floor":13,"gold_loss":0,"cards_obtained":["SurpressingFire"]}],"is_beta":false,"boss_relics":[],"items_purged_floors":[],"is_endless":false,"potions_floor_spawned":[4,7],"killed_by":"The Guardian","ascension_level":3}}