{"host":"yn8qackkbxgt4nh1","time":1611046197,"event":{"mods":["BaseMod","Colored Map","Colored Powertips","DeckTracker","Minty Spire (QoL Compilation)","SuperFastMode"],"gold_per_floor":[114,130,55,55,55,83,22,49,95,95,111,130,149,0,0,74,74,88,13,30,48,67,67,79,89,113,13,32,32,32,32,32,110,110,129,129,129,129,139,139,139,139],"floor_reached":41,"language":"KOR","playtime":3629,"items_purged":["Strike_G","Shame"],"score":705,"play_id":"0064a791-9e06-47e0-99dd-c895e09a82cc","local_time":"20210119174957","is_ascension_mode":true,"campfire_choices":[{"data":"Bullet Time","floor":10,"key":"SMITH"},{"floor":15,"key":"REST"},{"data":"Adrenaline","floor":23,"key":"SMITH"},{"floor":30,"key":"REST"},{"data":"Accuracy","floor":32,"key":"SMITH"},{"data":"Calculated Gamble","floor":40,"key":"SMITH"}],"circlet_count":0,"master_deck":["AscendersBane","Survivor","Neutralize","Underhanded Strike+1","Malaise","Quick Slash","Backflip","Infinite Blades","Crippling Poison","Bullet Time+1","Accuracy+1","Adrenaline+1","Malaise","Backflip+1","Calculated Gamble+1","Infinite Blades","Blade Dance","Envenom","After Image","Malaise","Doppelganger","Outmaneuver","Glass Knife","Master of Strategy"],"relics":["Ring of the Snake","Strawberry","Bronze Scales","Gremlin Horn","Whetstone","Cursed Key","Ancient Tea Set","Pandora\u0027s Box"],"acts_visited":["Exordium","TheCity","TheBeyond"],"potions_floor_usage":[6,21,22,25,28],"damage_taken":[{"damage":0,"enemies":"Cultist","floor":1,"turns":4},{"damage":2,"enemies":"2 Louse","floor":2,"turns":3},{"damage":14,"enemies":"Lagavulin","floor":6,"turns":7},{"damage":32,"enemies":"Gremlin Nob","floor":8,"turns":5},{"damage":0,"enemies":"Jaw Worm","floor":11,"turns":4},{"damage":0,"enemies":"2 Fungi Beasts","floor":12,"turns":3},{"damage":13,"enemies":"Large Slime","floor":13,"turns":5},{"damage":8,"enemies":"The Guardian","floor":16,"turns":13},{"damage":13,"enemies":"2 Thieves","floor":18,"turns":4},{"damage":1,"enemies":"Chosen","floor":20,"turns":5},{"damage":27,"enemies":"Sentry and Sphere","floor":21,"turns":9},{"damage":0,"enemies":"3 Cultists","floor":22,"turns":4},{"damage":3,"enemies":"Snake Plant","floor":24,"turns":5},{"damage":10,"enemies":"Sentry and Sphere","floor":25,"turns":6},{"damage":7,"enemies":"Cultist and Chosen","floor":28,"turns":6},{"damage":13,"enemies":"Champ","floor":33,"turns":11},{"damage":4,"enemies":"Orb Walker","floor":35,"turns":3},{"damage":29,"enemies":"3 Darklings","floor":39,"turns":5},{"damage":13,"enemies":"Jaw Worm Horde","floor":41,"turns":2}],"seed_played":"-450820039590589579","potions_obtained":[{"floor":2,"key":"Fire Potion"},{"floor":8,"key":"ColorlessPotion"},{"floor":11,"key":"GamblersBrew"},{"floor":12,"key":"PowerPotion"},{"floor":21,"key":"Ancient Potion"},{"floor":22,"key":"BlessingOfTheForge"},{"floor":25,"key":"SteroidPotion"},{"floor":35,"key":"Poison Potion"}],"is_trial":false,"path_per_floor":["M","M","?","?","?","E","?","E","T","R","M","M","M","$","R","B",null,"M","$","M","M","M","R","M","M","T","$","M","$","R","?","R","B",null,"M","?","?","?","M","R","M"],"character_chosen":"THE_SILENT","items_purchased":["Adrenaline","Regen Potion"],"campfire_rested":2,"item_purchase_floors":[14,14],"current_hp_per_floor":[59,57,57,57,57,50,50,18,18,18,18,18,5,5,25,17,55,42,42,41,28,28,28,25,15,15,15,8,8,28,28,28,15,54,50,40,40,40,11,11,0,0],"gold":139,"neow_bonus":"TRANSFORM_TWO_CARDS","is_daily":false,"chose_seed":false,"campfire_upgraded":4,"win_rate":0.0,"timestamp":1611046197,"path_taken":["M","M","?","?","?","E","?","E","T","R","?","M","M","?","R","BOSS","M","?","?","M","M","R","M","M","T","$","M","$","R","?","R","BOSS","M","?","?","?","M","R","M"],"items_purchased_type":["Card","Potion"],"build_version":"2020-12-22","purchased_purges":2,"victory":false,"max_hp_per_floor":[60,60,60,60,60,67,67,67,67,67,67,67,67,67,67,67,67,67,67,67,67,67,67,67,67,67,67,67,67,67,67,67,67,67,67,67,64,64,64,64,64,64],"card_choices":[{"not_picked":["Flying Knee","Deflect"],"picked":"Quick Slash","floor":1},{"not_picked":["Well Laid Plans","Setup"],"picked":"Backflip","floor":2},{"not_picked":["Endless Agony","Prepared"],"picked":"Crippling Poison","floor":6},{"not_picked":["PiercingWail","Dagger Spray"],"picked":"Bullet Time","floor":8},{"not_picked":["Flying Knee","Poisoned Stab","Flechettes"],"picked":"SKIP","floor":11},{"not_picked":["Catalyst","Endless Agony"],"picked":"Accuracy","floor":12},{"not_picked":["Bouncing Flask","Dagger Throw","Deflect"],"picked":"SKIP","floor":13},{"not_picked":["Grand Finale","Storm of Steel"],"picked":"Malaise","floor":16},{"not_picked":["Quick Slash","Deflect"],"picked":"Backflip+1","floor":18},{"not_picked":["Crippling Poison","Expertise"],"picked":"Calculated Gamble","floor":20},{"not_picked":["Flying Knee","Slice","Tools of the Trade"],"picked":"SKIP","floor":21},{"not_picked":["Quick Slash","Concentrate","Sucker Punch"],"picked":"SKIP","floor":22},{"not_picked":["Flying Knee","Sucker Punch+1"],"picked":"Infinite Blades","floor":24},{"not_picked":["Dagger Spray","Bane","Choke"],"picked":"SKIP","floor":25},{"not_picked":["Bane","Dagger Spray","Venomology"],"picked":"SKIP","floor":28},{"not_picked":["Phantasmal Killer","Doppelganger"],"picked":"Envenom","floor":33},{"not_picked":["Dagger Spray","Riddle With Holes","Flying Knee+1"],"picked":"SKIP","floor":35},{"not_picked":["Enlightenment","Blind"],"picked":"Master of Strategy","floor":36},{"not_picked":["Calculated Gamble","Bane+1","Quick Slash"],"picked":"SKIP","floor":39}],"player_experience":688364,"relics_obtained":[{"floor":6,"key":"Strawberry"},{"floor":8,"key":"Gremlin Horn"},{"floor":9,"key":"Whetstone"},{"floor":26,"key":"Ancient Tea Set"}],"event_choices":[{"cards_removed":["Strike_G"],"damage_healed":0,"gold_gain":0,"player_choice":"Card Removal","damage_taken":0,"max_hp_gain":0,"max_hp_loss":0,"event_name":"The Cleric","floor":3,"gold_loss":75},{"damage_healed":0,"gold_gain":0,"cards_transformed":["Defend_G"],"player_choice":"Change","damage_taken":0,"max_hp_gain":0,"max_hp_loss":0,"event_name":"Living Wall","floor":4,"gold_loss":0,"cards_obtained":["Infinite Blades"]},{"damage_healed":0,"gold_gain":0,"player_choice":"Ignored","damage_taken":0,"max_hp_gain":0,"max_hp_loss":0,"event_name":"Liars Game","floor":5,"gold_loss":0},{"damage_healed":0,"gold_gain":0,"player_choice":"Paid Gold","damage_taken":0,"relics_obtained":["Bronze Scales"],"max_hp_gain":0,"max_hp_loss":0,"event_name":"WeMeetAgain","floor":7,"gold_loss":61},{"damage_healed":0,"gold_gain":0,"player_choice":"Read","damage_taken":0,"max_hp_gain":0,"max_hp_loss":0,"event_name":"The Library","floor":31,"gold_loss":0,"cards_obtained":["Blade Dance"]},{"damage_healed":0,"gold_gain":0,"player_choice":"Memory 3","damage_taken":10,"max_hp_gain":0,"max_hp_loss":0,"event_name":"SensoryStone","floor":36,"gold_loss":0},{"damage_healed":0,"gold_gain":0,"player_choice":"Max HP","damage_taken":0,"max_hp_gain":0,"max_hp_loss":3,"event_name":"Winding Halls","floor":37,"gold_loss":0},{"damage_healed":0,"gold_gain":0,"player_choice":"Ignored","damage_taken":0,"max_hp_gain":0,"max_hp_loss":0,"event_name":"Tomb of Lord Red Mask","floor":38,"gold_loss":0}],"is_beta":false,"boss_relics":[{"not_picked":["SlaversCollar","Runic Dome"],"picked":"Cursed Key"},{"not_picked":["Philosopher\u0027s Stone","Ring of the Serpent"],"picked":"Pandora\u0027s Box"}],"items_purged_floors":[19,27],"is_endless":false,"potions_floor_spawned":[2,8,11,12,16,20,21,22,25,35],"killed_by":"Jaw Worm Horde","ascension_level":15}}