{"host":"u7y9frlpoazak2mn","time":1611061811,"event":{"mods":["AchievementEnabler","Act Like it!","Alarm Clock","Aspiration","Astrologer","BaseMod","Beaked The Cultist","Better Altar","Better Match","Better Note","Better Sensory Stone","Better Skull","Better Third Choice","CCEM","Chen","Colored Map","Colored Powertips","Conspire","Curses Come First","Displayed Cursed Tome","Energized Spire","Fox Events","Friendly Minions","Gensokyo","GifTheSpireLib","Glutton Mod","Halation","Hallownest","Hermit","Hubris","Infinite Spire","Jedi Mod","Mimic Mod","Minty Spire (QoL Compilation)","MostiFishMod","Pale of the Ancients","Prisma Mod","Quarter Circle Forward PUNCH!","Quick Restart","Random Character Button","Rare Cards Sparkle","Relic Stats","Replay The Spire","Retaliation","Spicy Shops","Spikes Relics","StS++","StSLib","Stuff the Spire","The Blue Laboratory","The Bug Knight","The Construct","The Forsaken","The Juggle","The Jungle","The Marked","Trackpad","Waifu the Spire","Wandering Minibosses","Yuri Mod","vexMod"],"gold_per_floor":[116,31,46,46,64,64,83,83,83,94,105,105,130,130,130,130,130],"floor_reached":16,"language":"ENG","playtime":1436,"items_purged":[],"score":102,"play_id":"67f6d0e3-bb84-41d6-bdd4-cd57795ced09","local_time":"20210119081011","is_ascension_mode":false,"campfire_choices":[{"data":"astrologer:StarOfChange","floor":6,"key":"SMITH"},{"floor":8,"key":"REST"},{"floor":12,"key":"REST"},{"floor":15,"key":"REST"}],"circlet_count":0,"master_deck":["astrologer:Strike","astrologer:Strike","astrologer:Strike","astrologer:Strike","astrologer:Defend","astrologer:Defend","astrologer:Defend","astrologer:Defend","astrologer:NorthStar","astrologer:TheFool","astrologer:MeteorShower","astrologer:Premeditation","astrologer:StarOfChange+1","astrologer:LonelyStar","astrologer:TheMagician","astrologer:Temperance","astrologer:Opposition","Gensokyo:CrescentMoonSlash"],"relics":["astrologer:SkyMirror","DaveBox","NeowsBlessing","SynthV:TestCard","aspiration:Lifesprig","Ice Cream","Centennial Puzzle"],"acts_visited":["Exordium"],"potions_floor_usage":[7,13,16],"damage_taken":[{"damage":0,"enemies":"Gensokyo:3_Fairies","floor":1,"turns":2},{"damage":0,"enemies":"Gensokyo:2_Kodama","floor":3,"turns":1},{"damage":0,"enemies":"Gensokyo:Gryphon","floor":5,"turns":1},{"damage":27,"enemies":"Gensokyo:Kitsune","floor":7,"turns":8},{"damage":24,"enemies":"Gensokyo:Gryphon_and_Rabbit","floor":10,"turns":4},{"damage":17,"enemies":"Gensokyo:Python_and_Kodama","floor":11,"turns":5},{"damage":8,"enemies":"Gensokyo:Mamizou","floor":13,"turns":9},{"damage":52,"enemies":"Gensokyo:Yukari","floor":16,"turns":9}],"seed_played":"-1767952926368009778","potions_obtained":[{"floor":1,"key":"Venom Potion"},{"floor":10,"key":"blueLaboratory:LouseDecoction"},{"floor":11,"key":"Venom Potion"}],"is_trial":false,"path_per_floor":["M","COS","M","?","M","R","M","R","T","M","M","R","E","?","R","B"],"character_chosen":"ASTROLOGER","items_purchased":[],"campfire_rested":3,"item_purchase_floors":[],"current_hp_per_floor":[70,70,70,70,70,70,43,64,64,40,23,44,36,26,47,0,0],"gold":130,"neow_bonus":"THREE_ENEMY_KILL","is_daily":false,"chose_seed":false,"campfire_upgraded":1,"win_rate":0.0,"timestamp":1611061811,"path_taken":["M","COS","M","?","M","R","M","R","T","M","M","R","E","?","R","BOSS"],"items_purchased_type":[],"build_version":"2020-12-22","purchased_purges":0,"victory":false,"max_hp_per_floor":[70,70,70,70,70,70,70,70,70,70,70,70,70,70,70,70,70],"relic_stats":{"Centennial Puzzle":[3],"counters":[8,39],"obtain_stats":[{"Ice Cream":11,"aspiration:Lifesprig":9,"Centennial Puzzle":13,"SynthV:TestCard":1,"DaveBox":0,"NeowsBlessing":0,"astrologer:SkyMirror":0,"halation:StarCompass":4},{"Ice Cream":6,"aspiration:Lifesprig":4,"Centennial Puzzle":7,"SynthV:TestCard":1,"DaveBox":0,"NeowsBlessing":0,"astrologer:SkyMirror":0,"halation:StarCompass":2},{"Ice Cream":17,"aspiration:Lifesprig":12,"Centennial Puzzle":30,"SynthV:TestCard":2,"DaveBox":0,"NeowsBlessing":0,"astrologer:SkyMirror":0,"halation:StarCompass":3}]},"card_choices":[{"not_picked":["astrologer:Moonlight","astrologer:FrozenStar"],"picked":"astrologer:MeteorShower","floor":1},{"not_picked":["astrologer:Eclipse","astrologer:Temperance","astrologer:Conjunction","astrologer:TheHangedMan"],"picked":"astrologer:Premeditation","floor":3},{"not_picked":["astrologer:Still","astrologer:FrozenStar","astrologer:Eclipse","astrologer:SolarFlare"],"picked":"astrologer:StarOfChange","floor":5},{"not_picked":["astrologer:MeteorShower","astrologer:ReadTheStars","astrologer:CometStrike","astrologer:Stardust"],"picked":"astrologer:LonelyStar","floor":7},{"not_picked":["astrologer:CometStrike","astrologer:SpaceDust","astrologer:TheLovers","astrologer:Eclipse"],"picked":"astrologer:TheMagician","floor":10},{"not_picked":["astrologer:FrozenStar","astrologer:SpaceDust","astrologer:Eclipse","astrologer:NeutronStar"],"picked":"astrologer:Temperance","floor":11},{"not_picked":["astrologer:Wish","astrologer:Retelling","astrologer:TheLovers","astrologer:Observe"],"picked":"astrologer:Opposition","floor":13}],"player_experience":325414,"relics_obtained":[{"floor":1,"key":"SynthV:TestCard"},{"floor":9,"key":"aspiration:Lifesprig"},{"floor":13,"key":"Centennial Puzzle"}],"event_choices":[],"is_beta":false,"boss_relics":[],"items_purged_floors":[],"is_endless":false,"potions_floor_spawned":[1,10,11],"killed_by":"Gensokyo:Yukari","ascension_level":0}}