{"host":"7qoz5gmva6til3yp","time":1611084808,"event":{"mods":["AchievementEnabler","BaseMod","Minty Spire (QoL Compilation)","StSLib","SuperFastMode"],"gold_per_floor":[116,134,209,221,30,30,59,47,47,10,10,37,37,62,62,62,62],"floor_reached":16,"language":"KOR","playtime":344,"items_purged":["Strike_G"],"score":128,"play_id":"fe977c47-d47c-406c-96b7-b46a560ef56b","local_time":"20210120043328","is_ascension_mode":true,"campfire_choices":[{"data":"Riddle With Holes","floor":6.0,"key":"SMITH"},{"data":"Calculated Gamble","floor":11.0,"key":"SMITH"},{"floor":13.0,"key":"REST"},{"floor":15.0,"key":"REST"}],"circlet_count":0,"master_deck":["Strike_G","Strike_G","Strike_G","Strike_G","Defend_G","Defend_G","Defend_G","Defend_G","Defend_G","Survivor","Neutralize","Riddle With Holes+1","PiercingWail","Backflip","Calculated Gamble+1","Wraith Form v2"],"relics":["Ring of the Snake","NeowsBlessing","Membership Card","Ginger","Sundial","Boot","HornCleat"],"acts_visited":["Exordium"],"potions_floor_usage":[16,16],"damage_taken":[{"damage":0.0,"enemies":"Small Slimes","floor":1.0,"turns":1.0},{"damage":0.0,"enemies":"Jaw Worm","floor":2.0,"turns":1.0},{"damage":0.0,"enemies":"Cultist","floor":4.0,"turns":1.0},{"damage":28.0,"enemies":"3 Sentries","floor":7.0,"turns":11.0},{"damage":21.0,"enemies":"Gremlin Nob","floor":12.0,"turns":5.0},{"damage":25.0,"enemies":"3 Sentries","floor":14.0,"turns":9.0},{"damage":34,"enemies":"Slime Boss","floor":16,"turns":6}],"seed_played":"-6170873247025372173","potions_obtained":[{"floor":1.0,"key":"SkillPotion"},{"floor":12.0,"key":"Poison Potion"}],"is_trial":false,"path_per_floor":["M","M","?","M","$","R","E","$","T","$","R","E","R","E","R","B"],"character_chosen":"THE_SILENT","items_purchased":["Membership Card","Backflip","Calculated Gamble"],"campfire_rested":2,"item_purchase_floors":[5,8,10],"current_hp_per_floor":[70,70,59,59,59,59,31,31,31,31,31,10,31,6,27,0,0],"gold":62,"neow_bonus":"THREE_ENEMY_KILL","is_daily":false,"chose_seed":false,"campfire_upgraded":2,"win_rate":0.0,"timestamp":1611084808,"path_taken":["M","M","?","M","$","R","E","?","T","$","R","E","R","E","R","BOSS"],"items_purchased_type":["Relic","Card","Card"],"build_version":"2020-12-22","purchased_purges":1,"victory":false,"max_hp_per_floor":[70,70,70,70,70,70,70,70,70,70,70,70,70,70,70,70,70],"card_choices":[{"not_picked":["Distraction","Expertise","Slice"],"picked":"SKIP","floor":1.0},{"not_picked":["Choke","Reflex"],"picked":"Riddle With Holes","floor":2.0},{"not_picked":["Endless Agony","Flying Knee","Underhanded Strike"],"picked":"SKIP","floor":4.0},{"not_picked":["Riddle With Holes","Footwork","PiercingWail"],"picked":"SKIP","floor":7.0},{"not_picked":["Riddle With Holes","Footwork"],"picked":"PiercingWail","floor":7.0},{"not_picked":["Dagger Spray","Poisoned Stab","Deadly Poison"],"picked":"SKIP","floor":12.0},{"not_picked":["Crippling Poison","Leg Sweep"],"picked":"Wraith Form v2","floor":14.0}],"player_experience":406996,"relics_obtained":[{"floor":7.0,"key":"Ginger"},{"floor":9.0,"key":"Sundial"},{"floor":12.0,"key":"Boot"},{"floor":14.0,"key":"HornCleat"}],"event_choices":[{"damage_healed":0.0,"max_hp_gain":0.0,"max_hp_loss":0.0,"gold_gain":75.0,"event_name":"World of Goop","player_choice":"Gather Gold","floor":3.0,"gold_loss":0.0,"damage_taken":11.0}],"is_beta":false,"boss_relics":[],"items_purged_floors":[5],"is_endless":false,"potions_floor_spawned":[1,12],"killed_by":"Slime Boss","ascension_level":2}}