{"host":"r53pw7z744tg3fxg","time":1611075528,"event":{"mods":["AchievementEnabler","BaseMod","Colored Map","Colored Powertips","Highlight Path","Minty Spire (QoL Compilation)","Quick Restart","Transform Curses"],"gold_per_floor":[10,10,21,41,54,54,72,102,102,136,136,156,156,181,181,260,260,272,292,43,62,77,77,114,114,114,140,140,140,159,196,196,196,196],"floor_reached":33,"language":"ENG","playtime":1890,"items_purged":[],"score":538,"play_id":"17ceaa7d-ccc1-42ec-a7e4-19ae20b3c212","local_time":"20210119095848","is_ascension_mode":true,"campfire_choices":[{"floor":6.0,"key":"REST"},{"data":"1","floor":11.0,"key":"LIFT"},{"data":"2","floor":13.0,"key":"LIFT"},{"floor":15.0,"key":"REST"},{"data":"3","floor":23.0,"key":"LIFT"},{"floor":25.0,"key":"REST"},{"data":"Eruption","floor":29.0,"key":"SMITH"},{"floor":32.0,"key":"REST"}],"circlet_count":0,"master_deck":["AscendersBane","Strike_P","Strike_P","Strike_P","Strike_P","Defend_P","Defend_P","Defend_P","Defend_P","Eruption+1","Vigilance","ForeignInfluence","PathToVictory","CarveReality","Prostrate","Consecrate","SpiritShield","WheelKick","Wallop","EmptyBody","Scrawl","BowlingBash+1","DeceiveReality","Conserve Battery","Flechettes","Crippling Poison+1","Halt","Storm"],"relics":["PureWater","Turnip","Strawberry","Girya","Mummified Hand","Eternal Feather","Odd Mushroom","Busted Crown","PrismaticShard","CeramicFish","InkBottle","MealTicket"],"acts_visited":["Exordium","TheCity"],"potions_floor_usage":[],"damage_taken":[{"damage":11.0,"enemies":"Small Slimes","floor":1.0,"turns":5.0},{"damage":0.0,"enemies":"Cultist","floor":3.0,"turns":2.0},{"damage":3.0,"enemies":"2 Louse","floor":4.0,"turns":3.0},{"damage":6.0,"enemies":"Exordium Wildlife","floor":5.0,"turns":4.0},{"damage":0.0,"enemies":"Looter","floor":7.0,"turns":1.0},{"damage":8.0,"enemies":"Gremlin Nob","floor":8.0,"turns":3.0},{"damage":24.0,"enemies":"3 Sentries","floor":10.0,"turns":6.0},{"damage":6.0,"enemies":"3 Louse","floor":12.0,"turns":4.0},{"damage":16.0,"enemies":"The Mushroom Lair","floor":14.0,"turns":4.0},{"damage":40.0,"enemies":"The Guardian","floor":16.0,"turns":12.0},{"damage":13.0,"enemies":"3 Byrds","floor":18.0,"turns":5.0},{"damage":0.0,"enemies":"Spheric Guardian","floor":19.0,"turns":3.0},{"damage":0.0,"enemies":"Chosen and Byrds","floor":21.0,"turns":4.0},{"damage":0.0,"enemies":"3 Cultists","floor":22.0,"turns":2.0},{"damage":31.0,"enemies":"Book of Stabbing","floor":24.0,"turns":5.0},{"damage":0.0,"enemies":"Sentry and Sphere","floor":27.0,"turns":2.0},{"damage":0.0,"enemies":"Cultist and Chosen","floor":30.0,"turns":4.0},{"damage":34.0,"enemies":"Slavers","floor":31.0,"turns":4.0},{"damage":87,"enemies":"Collector","floor":33,"turns":12}],"seed_played":"-539667207287193663","potions_obtained":[{"floor":1.0,"key":"PowerPotion"},{"floor":3.0,"key":"Fire Potion"},{"floor":5.0,"key":"SkillPotion"},{"floor":10.0,"key":"DistilledChaos"},{"floor":14.0,"key":"Weak Potion"},{"floor":16.0,"key":"StancePotion"},{"floor":19.0,"key":"Ambrosia"},{"floor":21.0,"key":"CultistPotion"}],"is_trial":false,"path_per_floor":["M","?","M","M","M","R","M","E","T","E","R","M","R","?","R","B",null,"M","M","$","M","M","R","E","R","T","M","?","R","M","E","R","B"],"character_chosen":"WATCHER","items_purchased":["PrismaticShard","DeceiveReality"],"campfire_rested":4,"item_purchase_floors":[20,20],"current_hp_per_floor":[50,57,57,54,48,70,70,62,62,38,47,41,50,34,68,28,63,50,50,50,50,50,62,31,68,68,68,47,62,62,28,67,0,0],"gold":196,"neow_bonus":"ONE_RARE_RELIC","is_daily":false,"chose_seed":false,"campfire_upgraded":1,"win_rate":0.0,"timestamp":1611075528,"path_taken":["M","?","?","M","M","R","M","E","T","E","R","M","R","?","R","BOSS","M","M","$","M","M","R","E","R","T","M","?","R","M","E","R","BOSS"],"items_purchased_type":["Relic","Card"],"build_version":"2020-12-22","purchased_purges":0,"victory":false,"max_hp_per_floor":[68,75,75,75,75,75,75,75,75,75,75,75,75,75,75,75,75,75,75,75,75,75,75,75,75,75,75,80,80,80,80,80,80,80],"card_choices":[{"not_picked":["Wireheading","Vengeance"],"picked":"ForeignInfluence","floor":1.0},{"not_picked":["ClearTheMind","CutThroughFate"],"picked":"PathToVictory","floor":3.0},{"not_picked":["SpiritShield","ThirdEye"],"picked":"CarveReality","floor":4.0},{"not_picked":["Protect","SashWhip"],"picked":"Prostrate","floor":5.0},{"not_picked":["Protect","FollowUp"],"picked":"Consecrate","floor":7.0},{"not_picked":["Evaluate","WreathOfFlame"],"picked":"SpiritShield","floor":8.0},{"not_picked":["Study","SandsOfTime"],"picked":"WheelKick","floor":10.0},{"not_picked":["FlurryOfBlows","BowlingBash"],"picked":"Wallop","floor":12.0},{"not_picked":["PathToVictory","Fasting2"],"picked":"EmptyBody","floor":14.0},{"not_picked":["Alpha","SpiritShield"],"picked":"Scrawl","floor":16.0},{"not_picked":[],"picked":"BowlingBash+1","floor":18.0},{"not_picked":["Vengeance"],"picked":"SKIP","floor":19.0},{"not_picked":["Crescendo"],"picked":"SKIP","floor":21.0},{"not_picked":[],"picked":"Conserve Battery","floor":22.0},{"not_picked":[],"picked":"Flechettes","floor":24.0},{"not_picked":[],"picked":"Crippling Poison+1","floor":27.0},{"not_picked":[],"picked":"Halt","floor":30.0},{"not_picked":[],"picked":"Storm","floor":31.0}],"player_experience":1307445,"relics_obtained":[{"floor":8.0,"key":"Girya"},{"floor":9.0,"key":"Mummified Hand"},{"floor":10.0,"key":"Eternal Feather"},{"floor":14.0,"key":"Odd Mushroom"},{"floor":24.0,"key":"CeramicFish"},{"floor":26.0,"key":"InkBottle"},{"floor":31.0,"key":"MealTicket"}],"event_choices":[{"damage_healed":0.0,"max_hp_gain":0.0,"max_hp_loss":0.0,"gold_gain":0.0,"event_name":"WeMeetAgain","player_choice":"Gave Potion","floor":2.0,"gold_loss":0.0,"damage_taken":0.0,"relics_obtained":["Strawberry"]},{"damage_healed":0.0,"max_hp_gain":0.0,"max_hp_loss":0.0,"gold_gain":0.0,"event_name":"Mushrooms","player_choice":"Fought Mushrooms","floor":14.0,"gold_loss":0.0,"damage_taken":0.0},{"damage_healed":0.0,"max_hp_gain":5.0,"max_hp_loss":0.0,"gold_gain":0.0,"event_name":"Forgotten Altar","player_choice":"Shed Blood","floor":28.0,"gold_loss":0.0,"damage_taken":26.0}],"is_beta":false,"boss_relics":[{"not_picked":["SacredBark","Philosopher\u0027s Stone"],"picked":"Busted Crown"}],"items_purged_floors":[],"is_endless":false,"potions_floor_spawned":[1,3,5,10,14,16,19,21],"killed_by":"Collector","ascension_level":16}}