{"host":"uladu1awj2c5h73h","time":1611051090,"event":{"mods":["2.2 Compatiblity","BaseMod","Card Filter","Highlight Path","Minty Spire (QoL Compilation)","StSLib"],"gold_per_floor":[118,131,131,141,141,168,168,203,228,228,246,265,297,312,312,407,407,423,423,435,435,448,475,475,502,526,526,541,570,570,580,580,684,684,702,721,733,778,828,828,842,842,866,885,885,901,934,934,934,934,934,934,404,433,433],"floor_reached":56,"language":"ZHS","playtime":2817,"items_purged":["Strike_R"],"score":1539,"play_id":"e03092d1-f0c5-430b-b24c-efdeb6c96e89","local_time":"20210119111130","is_ascension_mode":true,"campfire_choices":[{"data":"Perfected Strike","floor":7.0,"key":"SMITH"},{"floor":10.0,"key":"REST"},{"data":"Perfected Strike","floor":15.0,"key":"SMITH"},{"data":"Perfected Strike","floor":24.0,"key":"SMITH"},{"data":"Perfected Strike","floor":27.0,"key":"SMITH"},{"data":"Perfected Strike","floor":32.0,"key":"SMITH"},{"data":"Perfected Strike","floor":40.0,"key":"SMITH"},{"floor":42.0,"key":"RECALL"},{"data":"Perfected Strike","floor":45.0,"key":"SMITH"},{"data":"Perfected Strike","floor":49.0,"key":"SMITH"},{"data":"Double Tap","floor":52,"key":"SMITH"}],"circlet_count":0,"master_deck":["Strike_R","Strike_R","Strike_R","Strike_R","Defend_R","Defend_R","Defend_R","Defend_R","Bash","Pommel Strike","Perfected Strike+1","Perfected Strike+1","Metallicize","Whirlwind","Perfected Strike+1","Wild Strike","Flame Barrier","Shrug It Off","Double Tap+1","Shrug It Off","Perfected Strike+1","Perfected Strike+1","Wild Strike+1","Wild Strike","Perfected Strike+1","Metallicize","Pommel Strike","Double Tap","Perfected Strike+1","Perfected Strike+1","Perfected Strike+1","Perfected Strike+1","Shockwave","Wild Strike+1","Wild Strike+1","Shrug It Off+1","Perfected Strike+1","Wild Strike+1"],"relics":["Burning Blood","NeowsBlessing","Pen Nib","Bronze Scales","Bag of Preparation","FossilizedHelix","Velvet Choker","Omamori","Oddly Smooth Stone","Toy Ornithopter","SlaversCollar","Champion Belt","Ginger","Blood Vial","Mercury Hourglass","Nunchaku","HandDrill","Boot","Lantern"],"acts_visited":["Exordium","TheCity","TheBeyond","TheEnding"],"potions_floor_usage":[],"damage_taken":[{"damage":0.0,"enemies":"Small Slimes","floor":1.0,"turns":1.0},{"damage":0.0,"enemies":"Jaw Worm","floor":2.0,"turns":1.0},{"damage":0.0,"enemies":"Cultist","floor":4.0,"turns":1.0},{"damage":28.0,"enemies":"Lagavulin","floor":6.0,"turns":6.0},{"damage":25.0,"enemies":"3 Sentries","floor":8.0,"turns":8.0},{"damage":5.0,"enemies":"Blue Slaver","floor":11.0,"turns":3.0},{"damage":10.0,"enemies":"Large Slime","floor":12.0,"turns":4.0},{"damage":0.0,"enemies":"Lagavulin","floor":13.0,"turns":2.0},{"damage":0.0,"enemies":"Exordium Thugs","floor":14.0,"turns":2.0},{"damage":31.0,"enemies":"Hexaghost","floor":16.0,"turns":7.0},{"damage":0.0,"enemies":"Chosen","floor":18.0,"turns":3.0},{"damage":10.0,"enemies":"2 Thieves","floor":20.0,"turns":3.0},{"damage":0.0,"enemies":"Snake Plant","floor":22.0,"turns":2.0},{"damage":0.0,"enemies":"Gremlin Leader","floor":23.0,"turns":2.0},{"damage":7.0,"enemies":"Slavers","floor":25.0,"turns":2.0},{"damage":0.0,"enemies":"Snecko","floor":28.0,"turns":2.0},{"damage":9.0,"enemies":"Book of Stabbing","floor":29.0,"turns":3.0},{"damage":0.0,"enemies":"Centurion and Healer","floor":31.0,"turns":3.0},{"damage":29.0,"enemies":"Automaton","floor":33.0,"turns":5.0},{"damage":0.0,"enemies":"Orb Walker","floor":35.0,"turns":1.0},{"damage":13.0,"enemies":"3 Darklings","floor":36.0,"turns":4.0},{"damage":0.0,"enemies":"Transient","floor":37.0,"turns":5.0},{"damage":0.0,"enemies":"2 Orb Walkers","floor":38.0,"turns":2.0},{"damage":3.0,"enemies":"Mind Bloom Boss Battle","floor":39.0,"turns":3.0},{"damage":0.0,"enemies":"4 Shapes","floor":41.0,"turns":3.0},{"damage":11.0,"enemies":"Jaw Worm Horde","floor":44.0,"turns":3.0},{"damage":0.0,"enemies":"Sphere and 2 Shapes","floor":46.0,"turns":2.0},{"damage":29.0,"enemies":"Nemesis","floor":47.0,"turns":4.0},{"damage":63.0,"enemies":"Awakened One","floor":50.0,"turns":6.0},{"damage":0,"enemies":"Shield and Spear","floor":54,"turns":2},{"damage":80,"enemies":"The Heart","floor":55,"turns":4}],"seed_played":"9213994475010155122","potions_obtained":[{"floor":1.0,"key":"Weak Potion"},{"floor":2.0,"key":"Strength Potion"},{"floor":8.0,"key":"SkillPotion"},{"floor":11.0,"key":"BloodPotion"},{"floor":13.0,"key":"DuplicationPotion"},{"floor":16.0,"key":"Block Potion"},{"floor":20.0,"key":"DuplicationPotion"},{"floor":22.0,"key":"Weak Potion"},{"floor":25.0,"key":"PowerPotion"},{"floor":33.0,"key":"SkillPotion"},{"floor":35.0,"key":"Dexterity Potion"},{"floor":41.0,"key":"FairyPotion"},{"floor":47.0,"key":"Block Potion"}],"is_trial":false,"path_per_floor":["M","M","?","M","?","E","R","E","T","R","M","M","E","M","R","B",null,"M","?","M","?","M","E","R","E","T","R","M","E","?","M","R","B",null,"M","M","M","?","?","R","M","R","T","M","R","M","E","?","R","B",null,"R","$","E","B",null],"character_chosen":"IRONCLAD","items_purchased":["Nunchaku","HandDrill","Boot"],"campfire_rested":1,"item_purchase_floors":[53,53,53],"current_hp_per_floor":[80,80,80,80,85,63,63,44,44,69,70,66,72,78,78,53,85,85,85,81,81,85,85,85,84,84,84,85,82,82,85,85,62,85,85,78,84,85,85,85,85,85,85,80,80,85,85,81,81,29,81,81,81,81,7],"gold":433,"neow_bonus":"THREE_ENEMY_KILL","is_daily":false,"chose_seed":false,"campfire_upgraded":9,"win_rate":0.0,"timestamp":1611051090,"path_taken":["M","M","?","M","?","E","R","E","T","R","M","M","E","M","R","BOSS","M","?","?","?","M","E","R","E","T","R","M","E","?","M","R","BOSS","M","M","M","?","?","R","M","R","T","M","R","M","E","?","R","BOSS","R","$","E","BOSS"],"items_purchased_type":["Relic","Relic","Relic"],"build_version":"2020-12-22","purchased_purges":1,"victory":true,"max_hp_per_floor":[80,80,80,80,85,85,85,85,85,85,85,85,85,85,85,85,85,85,85,85,85,85,85,85,85,85,85,85,85,85,85,85,85,85,85,85,85,85,85,85,85,85,85,85,85,85,85,81,81,81,81,81,81,81,81],"card_choices":[{"not_picked":["Shockwave","Shrug It Off"],"picked":"Pommel Strike","floor":1.0},{"not_picked":["Wild Strike","Shrug It Off"],"picked":"Perfected Strike","floor":2.0},{"not_picked":["Battle Trance","Metallicize"],"picked":"Perfected Strike","floor":4.0},{"not_picked":["Perfected Strike","Wild Strike"],"picked":"Metallicize","floor":6.0},{"not_picked":["Wild Strike","Flame Barrier"],"picked":"Whirlwind","floor":8.0},{"not_picked":["Pommel Strike","Whirlwind"],"picked":"Perfected Strike","floor":11.0},{"not_picked":["Whirlwind","Metallicize"],"picked":"Wild Strike","floor":12.0},{"not_picked":["Battle Trance","Perfected Strike"],"picked":"Flame Barrier","floor":13.0},{"not_picked":["Perfected Strike","Juggernaut"],"picked":"Shrug It Off","floor":14.0},{"not_picked":["Immolate","Juggernaut"],"picked":"Double Tap","floor":16.0},{"not_picked":["Whirlwind+1","Flame Barrier"],"picked":"Shrug It Off","floor":18.0},{"not_picked":["Wild Strike","Shockwave"],"picked":"Perfected Strike+1","floor":20.0},{"not_picked":["Metallicize","Wild Strike"],"picked":"Perfected Strike","floor":22.0},{"not_picked":["Shockwave","Battle Trance"],"picked":"Wild Strike+1","floor":23.0},{"not_picked":["Immolate","Pommel Strike"],"picked":"Wild Strike","floor":25.0},{"not_picked":["Shrug It Off","Whirlwind"],"picked":"Perfected Strike","floor":28.0},{"not_picked":["Pommel Strike","Perfected Strike"],"picked":"Metallicize","floor":29.0},{"not_picked":["Whirlwind","Flame Barrier"],"picked":"Pommel Strike","floor":31.0},{"not_picked":["Juggernaut","Immolate"],"picked":"Double Tap","floor":33.0},{"not_picked":["Wild Strike+1","Battle Trance"],"picked":"Perfected Strike","floor":35.0},{"not_picked":["Wild Strike","Flame Barrier"],"picked":"Perfected Strike+1","floor":36.0},{"not_picked":["Shrug It Off+1","Wild Strike+1"],"picked":"Perfected Strike","floor":37.0},{"not_picked":["Shrug It Off","Wild Strike+1"],"picked":"Perfected Strike+1","floor":38.0},{"not_picked":["Immolate","Shrug It Off"],"picked":"Shockwave","floor":39.0},{"not_picked":["Pommel Strike","Shrug It Off+1"],"picked":"Wild Strike+1","floor":41.0},{"not_picked":["Whirlwind+1","Pommel Strike"],"picked":"Wild Strike+1","floor":44.0},{"not_picked":["Wild Strike+1","Double Tap"],"picked":"Shrug It Off+1","floor":46.0},{"not_picked":["Shrug It Off+1","Double Tap"],"picked":"Perfected Strike","floor":47.0},{"not_picked":["Pommel Strike+1","Flame Barrier+1"],"picked":"Wild Strike+1","floor":54}],"player_experience":132538,"relics_obtained":[{"floor":6.0,"key":"Pen Nib"},{"floor":8.0,"key":"Bronze Scales"},{"floor":9.0,"key":"Bag of Preparation"},{"floor":13.0,"key":"FossilizedHelix"},{"floor":23.0,"key":"Omamori"},{"floor":25.0,"key":"Oddly Smooth Stone"},{"floor":29.0,"key":"Toy Ornithopter"},{"floor":38.0,"key":"Champion Belt"},{"floor":39.0,"key":"Ginger"},{"floor":43.0,"key":"Blood Vial"},{"floor":47.0,"key":"Mercury Hourglass"},{"floor":54,"key":"Lantern"}],"event_choices":[{"damage_healed":0.0,"max_hp_gain":0.0,"max_hp_loss":0.0,"gold_gain":0.0,"event_name":"Scrap Ooze","player_choice":"Fled","floor":3.0,"gold_loss":0.0,"damage_taken":0.0},{"damage_healed":0.0,"max_hp_gain":5.0,"max_hp_loss":0.0,"gold_gain":0.0,"event_name":"Big Fish","player_choice":"Donut","floor":5.0,"gold_loss":0.0,"damage_taken":0.0},{"damage_healed":0.0,"max_hp_gain":0.0,"max_hp_loss":0.0,"gold_gain":0.0,"event_name":"Match and Keep!","player_choice":"0 cards matched","floor":19.0,"gold_loss":0.0,"damage_taken":0.0,"cards_obtained":[]},{"damage_healed":0.0,"max_hp_gain":0.0,"max_hp_loss":0.0,"gold_gain":0.0,"event_name":"Vampires","player_choice":"Ignored","floor":21.0,"gold_loss":0.0,"damage_taken":0.0},{"damage_healed":0.0,"max_hp_gain":0.0,"max_hp_loss":0.0,"gold_gain":0.0,"event_name":"The Mausoleum","player_choice":"Ignored","floor":30.0,"gold_loss":0.0,"damage_taken":0.0},{"damage_healed":0.0,"max_hp_gain":0.0,"max_hp_loss":0.0,"gold_gain":0.0,"event_name":"Mysterious Sphere","player_choice":"Fight","floor":38.0,"gold_loss":0.0,"damage_taken":0.0},{"damage_healed":0.0,"max_hp_gain":0.0,"max_hp_loss":0.0,"gold_gain":0.0,"event_name":"MindBloom","player_choice":"Fight","floor":39.0,"gold_loss":0.0,"damage_taken":0.0},{"damage_healed":0.0,"max_hp_gain":0.0,"max_hp_loss":4.0,"gold_gain":0.0,"event_name":"Winding Halls","player_choice":"Max HP","floor":48.0,"gold_loss":0.0,"damage_taken":0.0}],"is_beta":false,"boss_relics":[{"not_picked":["Snecko Eye","Runic Cube"],"picked":"Velvet Choker"},{"not_picked":["SacredBark","Coffee Dripper"],"picked":"SlaversCollar"}],"items_purged_floors":[53],"is_endless":false,"potions_floor_spawned":[1,2,8,11,13,16,20,22,25,33,35,39,41,44,47],"ascension_level":3}}