{"host":"grooae7peokc63vv","time":1611083230,"event":{"mods":["ATMod(°¢èªMod)","BaseMod","Minty Spire (QoL Compilation)","MostiFishMod","Replay The Spire","StSLib","TestMod"],"gold_per_floor":[110,120,134,149,169,200,200,232,232,259,275,275,309,325,325,415,415,437,98,98,119,19,62,78,112,112,136,152,152,184,210,210,302,302,323,424,444,462,483,522,543,576,576,576,616,616,635,656,656,663],"floor_reached":51,"language":"ZHS","playtime":2062,"items_purged":["Bash","Evolve"],"score":1727,"play_id":"f8156e9e-361f-434e-81a1-60a9689597b6","local_time":"20210120030710","is_ascension_mode":true,"campfire_choices":[{"data":"Cleave","floor":7,"key":"SMITH"},{"data":"AT_DrawKnifeCut","floor":12,"key":"SMITH"},{"data":"Cleave","floor":15,"key":"SMITH"},{"floor":32,"key":"REST"},{"floor":44,"key":"REST"},{"data":"MostiFishMod:HellRitual","floor":46,"key":"SMITH"},{"floor":49,"key":"REST"}],"circlet_count":0,"master_deck":["AscendersBane","Strike_R","Strike_R","Strike_R","Strike_R","Strike_R","Defend_R","Defend_R","Defend_R","Defend_R","Spreading Infection","Replay:Hysterical Blindness","Parasite","AT_Desolate","AT_BodySlamDance","Cleave+1","AT_IchimonjiDouble","Cleave+1","Run Through","Run Through","AT_DrawKnifeCut+1","Entrench","Flex","MostiFishMod:FireWorks","MostiFishMod:FrostNova","MostiFishMod:WinterMarkForm","Run Through","Barricade","Barricade","Parasite","Writhe","Cleave","Spot Weakness","Cleave","MostiFishMod:RacingGame","Flex","ReplayTheSpireMod:Splinters","Run Through+1","Immolate","Cleave","Heavy Blade","Inflame","MostiFishMod:HellRitual+1","Massacre+1"],"relics":["Burning Blood","DaveBox","testmod-TestBox","AT_ATBox","testmod-Laevatain","Civilization","NeowsBlessing","SynthV:TestCard","Mirror","testmod-Acrobat","Blood Vial","testmod-TheFather","FrostBlade","DollysMirror","testmod-TurbochargingSystem","testmod-Justice","Strawberry","MutagenicStrength","Smiling Mask","HaiYi:Twilight","testmod-IndustrialRevolution","AT_SunfireAegis","Replay:Accelerometer","Bottled Tornado","Art of War"],"acts_visited":["Exordium","TheCity","TheBeyond"],"potions_floor_usage":[6,16,16,27,33,35,48,50],"damage_taken":[{"damage":0,"enemies":"Cultist","floor":1,"turns":1},{"damage":0,"enemies":"2 Louse","floor":2,"turns":1},{"damage":0,"enemies":"Jaw Worm","floor":3,"turns":1},{"damage":0,"enemies":"2 Fungi Beasts","floor":4,"turns":2},{"damage":28,"enemies":"Exordium Thugs","floor":5,"turns":4},{"damage":20,"enemies":"Lagavulin","floor":6,"turns":4},{"damage":2,"enemies":"Gremlin Nob","floor":8,"turns":3},{"damage":10,"enemies":"Lagavulin","floor":10,"turns":3},{"damage":0,"enemies":"Gremlin Gang","floor":11,"turns":3},{"damage":0,"enemies":"3 Sentries","floor":13,"turns":3},{"damage":0,"enemies":"Exordium Wildlife","floor":14,"turns":2},{"damage":42,"enemies":"Hexaghost","floor":16,"turns":5},{"damage":0,"enemies":"3 Byrds","floor":18,"turns":1},{"damage":18,"enemies":"Shell Parasite","floor":21,"turns":2},{"damage":34,"enemies":"Slavers","floor":23,"turns":2},{"damage":4,"enemies":"Snake Plant","floor":24,"turns":2},{"damage":22,"enemies":"Gremlin Leader","floor":25,"turns":2},{"damage":18,"enemies":"Centurion and Healer","floor":27,"turns":2},{"damage":0,"enemies":"Snecko","floor":28,"turns":2},{"damage":20,"enemies":"Slavers","floor":30,"turns":2},{"damage":2,"enemies":"3 Cultists","floor":31,"turns":3},{"damage":40,"enemies":"Automaton","floor":33,"turns":5},{"damage":4,"enemies":"3 Darklings","floor":35,"turns":2},{"damage":27,"enemies":"Orb Walker","floor":37,"turns":3},{"damage":22,"enemies":"Spire Growth","floor":38,"turns":4},{"damage":31,"enemies":"Writhing Mass","floor":39,"turns":3},{"damage":17,"enemies":"Giant Head","floor":40,"turns":6},{"damage":0,"enemies":"Sphere and 2 Shapes","floor":41,"turns":1},{"damage":26,"enemies":"R_Hoarder","floor":42,"turns":5},{"damage":56,"enemies":"Nemesis","floor":45,"turns":5},{"damage":22,"enemies":"Maw","floor":47,"turns":4},{"damage":0,"enemies":"Writhing Mass","floor":48,"turns":2},{"damage":114,"enemies":"Time Eater","floor":50,"turns":6}],"seed_played":"8063784832571838238","potions_obtained":[{"floor":2,"key":"BlessingOfTheForge"},{"floor":3,"key":"SkillPotion"},{"floor":13,"key":"Weak Potion"},{"floor":16,"key":"CultistPotion"},{"floor":24,"key":"SteroidPotion"},{"floor":25,"key":"Fire Potion"},{"floor":27,"key":"SkillPotion"},{"floor":33,"key":"DuplicationPotion"},{"floor":35,"key":"testmod-SpacePotion"},{"floor":37,"key":"SmokeBomb"},{"floor":47,"key":"Swift Potion"}],"is_trial":false,"path_per_floor":["M","M","M","M","M","E","R","E","T","E","M","R","E","M","R","B",null,"M","$","?","M","$","E","M","E","T","M","M","?","E","M","R","B",null,"M","?","M","M","M","E","M","E","T","R","E","R","M","M","R","B",null],"character_chosen":"IRONCLAD","items_purchased":["Barricade","DollysMirror"],"campfire_rested":3,"item_purchase_floors":[19,19],"current_hp_per_floor":[75,79,83,88,71,62,62,71,71,72,85,85,98,111,111,82,117,130,130,130,125,125,104,113,104,111,106,119,119,112,123,177,150,176,185,185,171,162,144,140,153,140,140,206,163,163,154,167,235,132],"gold":663,"neow_bonus":"THREE_ENEMY_KILL","is_daily":false,"chose_seed":false,"campfire_upgraded":4,"win_rate":0.0,"timestamp":1611083230,"path_taken":["M","M","M","M","M","E","R","E","T","E","M","R","E","M","R","BOSS","M","$","?","?","?","E","M","E","T","M","M","?","E","M","R","BOSS","M","?","M","M","M","E","M","E","T","R","E","R","M","?","R","BOSS"],"items_purchased_type":["Card","Relic"],"build_version":"2020-12-22","purchased_purges":2,"victory":true,"max_hp_per_floor":[76,79,83,88,93,98,98,103,103,108,113,113,118,123,123,128,128,133,133,133,138,138,143,148,153,160,165,170,170,175,180,180,185,185,190,190,195,200,205,210,215,220,220,220,225,225,230,235,235,240],"card_choices":[{"not_picked":["Sword Boomerang","Fire Breathing"],"picked":"AT_BodySlamDance","floor":1},{"not_picked":["Flame Barrier","Warcry","Reckless Charge","Perfected Strike"],"picked":"Cleave","floor":2},{"not_picked":["Perfected Strike","Anger","Double Tap","Shrug It Off"],"picked":"AT_IchimonjiDouble","floor":3},{"not_picked":["Life Link","Replay:Undeath\u0027s Touch","Defy Death","Body Slam"],"picked":"Evolve","floor":4},{"not_picked":["Body Slam","Heavy Blade","AT_GerminateFire","Flex"],"picked":"Cleave","floor":5},{"not_picked":["Shrug It Off","ReplayTheSpireMod:Corrosion Curse","ReplayTheSpireMod:Limb From Limb","Sever Soul","AT_GerminateFire"],"picked":"SKIP","floor":6},{"not_picked":["Feel No Pain","Double Tap","Clash","True Grit"],"picked":"Run Through","floor":8},{"not_picked":["Massacre","Dropkick","Body Slam","Havoc"],"picked":"Run Through","floor":10},{"not_picked":["Sword Boomerang","AT_IchimonjiDouble","ReplayTheSpireMod:Strike From Hell","Sever Soul"],"picked":"AT_DrawKnifeCut","floor":11},{"not_picked":["ReplayTheSpireMod:Corrosion Curse","MostiFishMod:BrandingRite","MostiFishMod:TemporaryOutbreak","Ghostly Armor"],"picked":"Entrench","floor":13},{"not_picked":["Pommel Strike","Seeing Red","Uppercut","Warcry"],"picked":"Flex","floor":14},{"not_picked":["MostiFishMod:WingOfPhoenix","Corruption","Demonic Infusion","Barricade"],"picked":"MostiFishMod:FireWorks","floor":16},{"not_picked":["True Grit","Thunderclap","ReplayTheSpireMod:Corrosion Curse","Warcry"],"picked":"Run Through","floor":18},{"not_picked":["Dual Wield","Blood for Blood","Warcry","Power Through","Shrug It Off"],"picked":"SKIP","floor":21},{"not_picked":["MostiFishMod:Mania","Dropkick","Bloodletting+1","Carnage"],"picked":"Cleave","floor":23},{"not_picked":["AT_DiedThrough","Warcry","Iron Wave+1","AT_ShrugMaster","AT_IchimonjiDouble"],"picked":"SKIP","floor":24},{"not_picked":["Juggernaut","Iron Wave","Sword Boomerang","Feel No Pain","MostiFishMod:ChineseTea"],"picked":"SKIP","floor":25},{"not_picked":["ReplayTheSpireMod:Strike From Hell+1","Anger","Clash","AT_IchimonjiDouble","Battle Trance"],"picked":"SKIP","floor":27},{"not_picked":["ReplayTheSpireMod:LeadingStrike","Headbutt","Second Wind","Replay:Undeath\u0027s Touch"],"picked":"Spot Weakness","floor":28},{"not_picked":["AT_GerminateFire","Evolve","Havoc","Shrug It Off","Hemokinesis"],"picked":"SKIP","floor":30},{"not_picked":["Intimidate","ReplayTheSpireMod:Strike From Hell","Sword Boomerang","Offering"],"picked":"Cleave","floor":31},{"not_picked":["Limit Break","Juggernaut","MostiFishMod:DarkDeal","Immolate"],"picked":"MostiFishMod:RacingGame","floor":33},{"not_picked":["Body Slam+1","Clash","Abandon","ReplayTheSpireMod:Strike From Hell"],"picked":"Flex","floor":35},{"not_picked":["Iron Wave+1","Rupture","Twin Strike","Shockwave+1"],"picked":"Run Through+1","floor":36},{"not_picked":["True Grit","ReplayTheSpireMod:LeadingStrike","Run Through","Body Slam+1"],"picked":"Immolate","floor":36},{"not_picked":["Shrug It Off","Shockwave","Reckless Charge","Armaments","Headbutt"],"picked":"SKIP","floor":37},{"not_picked":["Seeing Red","Abandon","Heavy Blade","Armaments"],"picked":"Cleave","floor":38},{"not_picked":["Sever Soul","Seeing Red","Shockwave","Clash"],"picked":"Heavy Blade","floor":39},{"not_picked":["Pommel Strike","Twin Strike","Intimidate+1","ReplayReversal"],"picked":"Inflame","floor":40},{"not_picked":["Sword Boomerang+1","MostiFishMod:TemporaryOutbreak","Shrug It Off","Twin Strike","Iron Wave"],"picked":"SKIP","floor":41},{"not_picked":["ReplayTheSpireMod:Corrosion Curse","Body Slam","Hemokinesis","Iron Wave","Infernal Blade"],"picked":"SKIP","floor":42},{"not_picked":["Cleave","Twin Strike","Pommel Strike","Burning Pact"],"picked":"MostiFishMod:HellRitual","floor":45},{"not_picked":["Clothesline+1","Hemokinesis","Ghostly Armor","Replay:Undeath\u0027s Touch","Wild Strike"],"picked":"SKIP","floor":47},{"not_picked":["Metallicize","AT_IchimonjiDouble","Seeing Red+1","Heavy Blade"],"picked":"Massacre+1","floor":48}],"player_experience":193157,"relics_obtained":[{"floor":1,"key":"SynthV:TestCard"},{"floor":6,"key":"Mirror"},{"floor":8,"key":"testmod-Acrobat"},{"floor":10,"key":"Blood Vial"},{"floor":13,"key":"testmod-TheFather"},{"floor":23,"key":"testmod-TurbochargingSystem"},{"floor":25,"key":"testmod-Justice"},{"floor":26,"key":"Strawberry"},{"floor":30,"key":"Smiling Mask"},{"floor":36,"key":"testmod-IndustrialRevolution"},{"floor":40,"key":"AT_SunfireAegis"},{"floor":42,"key":"Replay:Accelerometer"},{"floor":43,"key":"Bottled Tornado"},{"floor":45,"key":"Art of War"}],"event_choices":[{"damage_healed":0,"gold_gain":0,"player_choice":"1 cards matched","damage_taken":0,"max_hp_gain":0,"max_hp_loss":0,"event_name":"Match and Keep!","floor":20,"gold_loss":0,"cards_obtained":["Writhe"]},{"damage_healed":0,"gold_gain":0,"player_choice":"Inject Mutagens","damage_taken":0,"relics_obtained":["MutagenicStrength"],"max_hp_gain":0,"max_hp_loss":0,"event_name":"Drug Dealer","floor":29,"gold_loss":0}],"is_beta":false,"boss_relics":[{"not_picked":["SlaversCollar","testmod-SaigiyounoYou"],"picked":"FrostBlade"},{"not_picked":["Philosopher\u0027s Stone","EE1DDrone"],"picked":"HaiYi:Twilight"}],"items_purged_floors":[19,22],"is_endless":false,"potions_floor_spawned":[2,3,4,13,16,24,25,27,31,33,35,37,47],"ascension_level":14}}