{"host":"07e1k1rk6c4zn0bu","time":1611099024,"event":{"mods":["AchievementEnabler","BaseMod","Bestiary","Colored Map","Colored Powertips","DeckTracker","Minty Spire (QoL Compilation)","StSLib","slay the spire mod where everything is the same but ironclad has a cowboy hat"],"gold_per_floor":[111,111,135,149,2,2,45,45,45,63,63,81,97,97,97,220,220,241,241,254,254,267,298,298,321,321,335,0,0,0,18,18,147,147,162,176,28,47,110,110,133,133,133,148,148,161,175,175,175,175],"floor_reached":51,"language":"ENG","playtime":4649,"items_purged":["Pain"],"score":648,"play_id":"94196198-e4c3-4023-a423-c7c9f80e1be8","local_time":"20210119183024","is_ascension_mode":false,"campfire_choices":[{"data":"Redo","floor":6.0,"key":"SMITH"},{"floor":8.0,"key":"REST"},{"floor":15.0,"key":"REST"},{"floor":24,"key":"REST"},{"floor":30,"key":"REST"},{"floor":32,"key":"REST"},{"floor":40,"key":"REST"},{"floor":42,"key":"REST"},{"floor":45,"key":"REST"},{"floor":49,"key":"REST"}],"circlet_count":0,"master_deck":["Strike_B","Strike_B","Strike_B","Defend_B","Defend_B","Defend_B","Defend_B","Zap","Dualcast","Cold Snap","Glacier","Ball Lightning","Redo+1","Buffer","Conserve Battery","Sweeping Beam","Defragment+1","Conserve Battery+1","Stack","Echo Form","Force Field+1","Hello World+1","Chill","Melter+1","Ball Lightning","Tempest","Capacitor","Ball Lightning","Electrodynamics","Creative AI","CurseOfTheBell","Multi-Cast","Fusion+1","Skim","BootSequence","BootSequence+1","Rainbow","Consume+1","Parasite","Writhe"],"relics":["Cracked Core","Incense Burner","Golden Idol","Dream Catcher","Letter Opener","SlaversCollar","WarpedTongs","Question Card","Lizard Tail","Bottled Tornado","Calling Bell","Nunchaku","Meat on the Bone","Ginger","CaptainsWheel","Happy Flower"],"acts_visited":["Exordium","TheCity","TheBeyond"],"potions_floor_usage":[23,23,33,33,38,38,50,50],"damage_taken":[{"damage":6.0,"enemies":"Jaw Worm","floor":1.0,"turns":3.0},{"damage":2.0,"enemies":"2 Louse","floor":3.0,"turns":3.0},{"damage":2.0,"enemies":"Cultist","floor":4.0,"turns":4.0},{"damage":17.0,"enemies":"3 Sentries","floor":7.0,"turns":6.0},{"damage":2.0,"enemies":"Blue Slaver","floor":10.0,"turns":3.0},{"damage":1.0,"enemies":"2 Fungi Beasts","floor":12.0,"turns":4.0},{"damage":4.0,"enemies":"Gremlin Gang","floor":13.0,"turns":4.0},{"damage":11.0,"enemies":"The Guardian","floor":16.0,"turns":11.0},{"damage":15.0,"enemies":"Shell Parasite","floor":18.0,"turns":6.0},{"damage":23.0,"enemies":"3 Byrds","floor":20.0,"turns":5.0},{"damage":10.0,"enemies":"Snecko","floor":22.0,"turns":5.0},{"damage":25,"enemies":"Gremlin Leader","floor":23,"turns":8},{"damage":23,"enemies":"Snake Plant","floor":25,"turns":5},{"damage":3,"enemies":"Cultist and Chosen","floor":27,"turns":7},{"damage":41,"enemies":"Sentry and Sphere","floor":31,"turns":4},{"damage":14,"enemies":"Collector","floor":33,"turns":10},{"damage":12,"enemies":"3 Darklings","floor":35,"turns":4},{"damage":27,"enemies":"Orb Walker","floor":36,"turns":5},{"damage":37,"enemies":"Spire Growth","floor":38,"turns":6},{"damage":0,"enemies":"Mind Bloom Boss Battle","floor":39,"turns":6},{"damage":51,"enemies":"Jaw Worm Horde","floor":41,"turns":6},{"damage":55,"enemies":"Transient","floor":44,"turns":5},{"damage":13,"enemies":"Writhing Mass","floor":46,"turns":6},{"damage":27,"enemies":"Spire Growth","floor":47,"turns":5},{"damage":63,"enemies":"Time Eater","floor":50,"turns":11}],"seed_played":"5563794083219783440","potions_obtained":[{"floor":4.0,"key":"ColorlessPotion"},{"floor":12.0,"key":"Energy Potion"},{"floor":16.0,"key":"DuplicationPotion"},{"floor":18.0,"key":"FocusPotion"},{"floor":27,"key":"Ancient Potion"},{"floor":31,"key":"Ancient Potion"},{"floor":36,"key":"EssenceOfSteel"},{"floor":39,"key":"FearPotion"},{"floor":44,"key":"Dexterity Potion"}],"is_trial":false,"path_per_floor":["M","?","M","M","$","R","E","R","T","M","?","M","M","?","R","B",null,"M","?","M","?","M","E","R","M","T","M","$","?","R","M","R","B",null,"M","M","$","M","?","R","M","R","T","M","R","M","M","?","R","B",null],"character_chosen":"DEFECT","items_purchased":["FairyPotion","Redo","Capacitor","Bottled Tornado","Ball Lightning","Regen Potion"],"campfire_rested":9,"item_purchase_floors":[5,5,28,28,28,37],"current_hp_per_floor":[48,48,46,44,44,44,27,49,49,47,47,46,42,27,49,38,75,60,60,37,37,27,2,24,1,1,20,20,20,42,1,23,9,75,63,48,48,35,47,69,30,52,52,49,71,58,43,62,75,24],"gold":175,"neow_bonus":"ONE_RARE_RELIC","is_daily":false,"chose_seed":false,"campfire_upgraded":1,"win_rate":0.0,"timestamp":1611099024,"path_taken":["M","?","M","M","$","R","E","R","T","M","?","?","M","?","R","BOSS","M","?","?","?","M","E","R","?","T","M","$","?","R","M","R","BOSS","M","M","$","M","?","R","M","R","T","M","R","M","M","?","R","BOSS"],"items_purchased_type":["Potion","Card","Card","Relic","Card","Potion"],"build_version":"2020-12-22","purchased_purges":1,"victory":true,"max_hp_per_floor":[75,75,75,75,75,75,75,75,75,75,75,75,75,75,75,75,75,75,75,75,75,75,75,75,75,75,75,75,75,75,75,75,75,75,75,75,75,75,75,75,75,75,75,75,75,75,75,75,75,75],"card_choices":[{"not_picked":["Gash","Redo"],"picked":"Cold Snap","floor":1.0},{"not_picked":["Compile Driver","Chill"],"picked":"Glacier","floor":3.0},{"not_picked":["Leap","Scrape"],"picked":"Ball Lightning","floor":4.0},{"not_picked":["Barrage","Gash"],"picked":"Buffer","floor":7.0},{"not_picked":["Sweeping Beam","Heatsinks"],"picked":"Conserve Battery","floor":8.0},{"not_picked":["Glacier","Redo"],"picked":"Sweeping Beam","floor":10.0},{"not_picked":["Gash","Compile Driver"],"picked":"Defragment","floor":12.0},{"not_picked":["Darkness","Ball Lightning"],"picked":"Conserve Battery","floor":13.0},{"not_picked":["Reinforced Body","Streamline"],"picked":"Stack","floor":15.0},{"not_picked":["Seek","Reboot"],"picked":"Echo Form","floor":16.0},{"not_picked":["Cold Snap","Steam"],"picked":"Force Field+1","floor":18.0},{"not_picked":["Sweeping Beam","Redo"],"picked":"Hello World+1","floor":20.0},{"not_picked":["Sweeping Beam","Static Discharge","Stack"],"picked":"SKIP","floor":22.0},{"not_picked":["Machine Learning","Scrape"],"picked":"Melter+1","floor":23},{"not_picked":["Beam Cell","Gash+1","Sweeping Beam"],"picked":"Ball Lightning","floor":24},{"not_picked":["Stack","Leap","Sweeping Beam","Gash"],"picked":"SKIP","floor":25},{"not_picked":["Rebound","Scrape+1","Static Discharge+1"],"picked":"Tempest","floor":27},{"not_picked":["Stack","Sweeping Beam","Static Discharge"],"picked":"Electrodynamics","floor":30},{"not_picked":["Sweeping Beam","Beam Cell","Doom and Gloom","Chaos"],"picked":"SKIP","floor":31},{"not_picked":["Reboot","Buffer","Amplify"],"picked":"Creative AI","floor":33},{"not_picked":["Hello World","Ball Lightning","Heatsinks+1","Go for the Eyes"],"picked":"SKIP","floor":35},{"not_picked":["Conserve Battery+1","Chill","Rebound"],"picked":"Multi-Cast","floor":36},{"not_picked":["Gash+1","Coolheaded+1","Streamline+1"],"picked":"Fusion+1","floor":38},{"not_picked":["Rebound","Leap","Stack+1"],"picked":"Skim","floor":39},{"not_picked":["Streamline","Heatsinks","Reinforced Body"],"picked":"BootSequence","floor":40},{"not_picked":["Stack","Gash","Ball Lightning+1","Cold Snap+1"],"picked":"SKIP","floor":41},{"not_picked":["White Noise","Hologram","Chaos"],"picked":"BootSequence+1","floor":42},{"not_picked":["Stack","Redo+1","Ball Lightning"],"picked":"Rainbow","floor":44},{"not_picked":["Skim+1","Compile Driver","Ball Lightning+1"],"picked":"Consume+1","floor":45},{"not_picked":["Cold Snap+1","Auto Shields","Redo+1","Conserve Battery+1"],"picked":"SKIP","floor":46},{"not_picked":["Darkness","Barrage+1","Coolheaded+1","Stack+1"],"picked":"SKIP","floor":47}],"player_experience":58478,"relics_obtained":[{"floor":7.0,"key":"Dream Catcher"},{"floor":9.0,"key":"Letter Opener"},{"floor":23,"key":"Question Card"},{"floor":26,"key":"Lizard Tail"},{"floor":34,"key":"Nunchaku"},{"floor":34,"key":"Meat on the Bone"},{"floor":34,"key":"Ginger"},{"floor":39,"key":"CaptainsWheel"},{"floor":43,"key":"Happy Flower"}],"event_choices":[{"damage_healed":0.0,"max_hp_gain":0.0,"max_hp_loss":0.0,"gold_gain":0.0,"event_name":"Golden Idol","player_choice":"Take Wound","floor":2.0,"gold_loss":0.0,"damage_taken":0.0,"relics_obtained":["Golden Idol"],"cards_obtained":["Injury"]},{"cards_removed":["Injury"],"damage_healed":0.0,"max_hp_gain":0.0,"max_hp_loss":0.0,"gold_gain":0.0,"event_name":"Fountain of Cleansing","player_choice":"Removed Curses","floor":11.0,"gold_loss":0.0,"damage_taken":0.0},{"damage_healed":0.0,"max_hp_gain":0.0,"max_hp_loss":0.0,"gold_gain":0.0,"event_name":"Shining Light","player_choice":"Entered Light","floor":14.0,"gold_loss":0.0,"damage_taken":15.0,"cards_upgraded":["Conserve Battery","Defragment"]},{"damage_healed":0.0,"max_hp_gain":0.0,"max_hp_loss":0.0,"gold_gain":0.0,"event_name":"Accursed Blacksmith","player_choice":"Rummage","floor":19.0,"gold_loss":0.0,"damage_taken":0.0,"relics_obtained":["WarpedTongs"],"cards_obtained":["Pain"]},{"damage_healed":0.0,"max_hp_gain":0.0,"max_hp_loss":0.0,"gold_gain":0.0,"cards_transformed":["Strike_B"],"event_name":"Transmorgrifier","player_choice":"Transformed","floor":21.0,"gold_loss":0.0,"damage_taken":0.0,"cards_obtained":["Chill"]},{"damage_healed":0,"gold_gain":0,"player_choice":"Ignored","damage_taken":0,"max_hp_gain":0,"max_hp_loss":0,"event_name":"Ghosts","floor":29,"gold_loss":0},{"damage_healed":0,"gold_gain":0,"player_choice":"Fight","damage_taken":0,"max_hp_gain":0,"max_hp_loss":0,"event_name":"MindBloom","floor":39,"gold_loss":0},{"damage_healed":19,"gold_gain":0,"player_choice":"Writhe","damage_taken":0,"max_hp_gain":0,"max_hp_loss":0,"event_name":"Winding Halls","floor":48,"gold_loss":0,"cards_obtained":["Writhe"]}],"is_beta":false,"boss_relics":[{"not_picked":["Runic Pyramid","Fusion Hammer"],"picked":"SlaversCollar"},{"not_picked":["Pandora\u0027s Box","Astrolabe"],"picked":"Calling Bell"}],"items_purged_floors":[37],"is_endless":false,"potions_floor_spawned":[4,12,16,18,20,27,31,36,39,44],"ascension_level":0}}