{"host":"9l1knhxfturzliqa","time":1611023386,"event":{"mods":["BaseMod","Colored Map","Colored Powertips","DeckTracker","Highlight Path","Keyboard Shortcuts","Minty Spire (QoL Compilation)","Random Character Button"],"gold_per_floor":[117,130,142,153,234,234,268,268,339,10,42,42,42,60,60,132,132,148,164,89,102,102,102,115,115,115],"floor_reached":25,"language":"KOR","playtime":1103,"items_purged":[],"score":415,"play_id":"d8f66ee5-8198-48d7-a3e7-5f3c46a31697","local_time":"20210119112946","is_ascension_mode":true,"campfire_choices":[{"data":"Bouncing Flask","floor":6.0,"key":"SMITH"},{"data":"Bullet Time","floor":13.0,"key":"SMITH"},{"data":"Phantasmal Killer","floor":15.0,"key":"SMITH"},{"floor":23.0,"key":"REST"}],"circlet_count":0,"master_deck":["AscendersBane","Strike_G","Strike_G","Strike_G","Strike_G","Defend_G","Defend_G","Defend_G","Defend_G","Survivor","Neutralize","Dagger Spray","Prepared","Dagger Throw","Bouncing Flask+1","Phantasmal Killer+1","Noxious Fumes","Bullet Time+1","PiercingWail","Venomology","Deadly Poison","Blur","Well Laid Plans","RitualDagger","Catalyst"],"relics":["Ring of the Snake","NeowsBlessing","Ninja Scroll","Akabeko","Bottled Lightning","The Specimen","Smiling Mask","HoveringKite"],"acts_visited":["Exordium","TheCity"],"potions_floor_usage":[],"damage_taken":[{"damage":0.0,"enemies":"Cultist","floor":1.0,"turns":1.0},{"damage":0.0,"enemies":"Jaw Worm","floor":2.0,"turns":1.0},{"damage":0.0,"enemies":"2 Louse","floor":3.0,"turns":1.0},{"damage":3.0,"enemies":"Blue Slaver","floor":4.0,"turns":7.0},{"damage":5.0,"enemies":"Gremlin Nob","floor":7.0,"turns":3.0},{"damage":15.0,"enemies":"Lagavulin","floor":11.0,"turns":3.0},{"damage":2.0,"enemies":"Exordium Wildlife","floor":14.0,"turns":3.0},{"damage":26.0,"enemies":"Slime Boss","floor":16.0,"turns":8.0},{"damage":9.0,"enemies":"2 Thieves","floor":18.0,"turns":5.0},{"damage":10.0,"enemies":"Spheric Guardian","floor":19.0,"turns":4.0},{"damage":12.0,"enemies":"Snecko","floor":21.0,"turns":4.0},{"damage":38.0,"enemies":"Cultist and Chosen","floor":24.0,"turns":6.0},{"damage":1,"enemies":"Gremlin Leader","floor":25,"turns":3}],"seed_played":"3232074918248312873","potions_obtained":[{"floor":3.0,"key":"Fire Potion"},{"floor":4.0,"key":"Fire Potion"},{"floor":7.0,"key":"BlessingOfTheForge"},{"floor":14.0,"key":"Energy Potion"}],"is_trial":false,"path_per_floor":["M","M","M","M","T","R","E","?","T","$","E","?","R","M","R","B",null,"M","M","?","M","?","R","M","E"],"character_chosen":"THE_SILENT","items_purchased":["The Specimen"],"campfire_rested":1,"item_purchase_floors":[10],"current_hp_per_floor":[59,59,59,56,56,56,51,51,51,51,36,58,58,56,56,30,57,48,38,38,26,20,39,1,0,0],"gold":115,"neow_bonus":"THREE_ENEMY_KILL","is_daily":false,"chose_seed":false,"campfire_upgraded":3,"win_rate":0.0,"timestamp":1611023386,"path_taken":["M","M","?","M","?","R","E","?","T","$","E","?","R","?","R","BOSS","M","M","?","M","?","R","M","E"],"items_purchased_type":["Relic"],"build_version":"2020-12-22","purchased_purges":0,"victory":false,"max_hp_per_floor":[66,66,66,66,66,66,66,66,66,66,66,66,66,66,66,66,66,66,66,66,66,66,66,66,66,66],"card_choices":[{"not_picked":["Underhanded Strike","Backstab"],"picked":"Dagger Spray","floor":1.0},{"not_picked":["Underhanded Strike","Dagger Spray"],"picked":"Prepared","floor":2.0},{"not_picked":["Deflect","All Out Attack"],"picked":"Dagger Throw","floor":3.0},{"not_picked":["Catalyst","Footwork"],"picked":"Bouncing Flask","floor":4.0},{"not_picked":["Blade Dance","Outmaneuver"],"picked":"Phantasmal Killer","floor":7.0},{"not_picked":["Dagger Spray","Acrobatics"],"picked":"Bullet Time","floor":11.0},{"not_picked":["Deflect","Poisoned Stab"],"picked":"PiercingWail","floor":14.0},{"not_picked":["Tools of the Trade","Die Die Die"],"picked":"Venomology","floor":16.0},{"not_picked":["Backflip","Heel Hook"],"picked":"Deadly Poison","floor":18.0},{"not_picked":["Finisher","Concentrate"],"picked":"Blur","floor":19.0},{"not_picked":["Concentrate","Deflect"],"picked":"Well Laid Plans","floor":21.0},{"not_picked":["Bouncing Flask","Flechettes"],"picked":"Catalyst","floor":24.0}],"player_experience":489531,"relics_obtained":[{"floor":5.0,"key":"Ninja Scroll"},{"floor":7.0,"key":"Akabeko"},{"floor":9.0,"key":"Bottled Lightning"},{"floor":11.0,"key":"Smiling Mask"}],"event_choices":[{"damage_healed":0.0,"max_hp_gain":0.0,"max_hp_loss":0.0,"gold_gain":0.0,"cards_transformed":["Strike_G"],"event_name":"Living Wall","player_choice":"Change","floor":8.0,"gold_loss":0.0,"damage_taken":0.0,"cards_obtained":["Noxious Fumes"]},{"damage_healed":22.0,"max_hp_gain":0.0,"max_hp_loss":0.0,"gold_gain":0.0,"event_name":"Big Fish","player_choice":"Banana","floor":12.0,"gold_loss":0.0,"damage_taken":0.0},{"cards_removed":["Defend_G"],"damage_healed":0.0,"max_hp_gain":0.0,"max_hp_loss":0.0,"gold_gain":0.0,"event_name":"Beggar","player_choice":"Gave Gold","floor":20.0,"gold_loss":75.0,"damage_taken":0.0},{"damage_healed":0.0,"max_hp_gain":0.0,"max_hp_loss":0.0,"gold_gain":0.0,"event_name":"Nest","player_choice":"Joined the Cult","floor":22.0,"gold_loss":0.0,"damage_taken":6.0,"cards_obtained":["RitualDagger"]}],"is_beta":false,"boss_relics":[{"not_picked":["Ectoplasm","Tiny House"],"picked":"HoveringKite"}],"items_purged_floors":[],"is_endless":false,"potions_floor_spawned":[3,4,7,14,19],"killed_by":"Gremlin Leader","ascension_level":19}}