{"host":"hb4vxw74c1uv2sb0","time":1611025022,"event":{"mods":["AchievementEnabler","AlwaysNeverKeys","Aspiration","BaseMod","Better Altar","Better Match","Better Sensory Stone","Better Skull","Better Third Choice","BetterRewards","CCEM","Card Forge","Colored Map","Colored Powertips","Conspire","Defuse TimeMaze Blight","Energized Spire","GifTheSpireLib","Googly Eyes","Highlight Path","Infinite Spire","JesterMod","Jorbs\u0027s Wanderer Trilogy","Luminous","Mad Scientist","Marisa????????","Minty Spire (QoL Compilation)","Permanent Neow","Replay The Spire","Shade Mod","Shop Mod","StSLib","The Cursed","The Death Knight","The Forsaken","The Hierophant","The Necromancer","The Servant 0.9.4"],"gold_per_floor":[112,131,147,167,11,39,39,51,51,61,61,61,80,120,120,225,225,225,225,251,263,297,330,339,339,339,367,367,394,403,426,426,527,527,547,566,666,657,669,704,704,615,642,678,678,706,706,727,727,833,833,833,894,624,613,616,616,616,592,592],"floor_reached":59,"language":"ENG","playtime":11083,"items_purged":["MadScienceMod:Strike_MadScience","MadScienceMod:Defend_MadScience","MadScienceMod:ExtractOil","MadScienceMod:Strike_MadScience"],"score":1102,"play_id":"1f87f031-9a73-4ad8-9625-3ff4d2e98cc6","local_time":"20210118185702","is_ascension_mode":false,"campfire_choices":[{"floor":7.0,"key":"REST"},{"data":"MadScienceMod:Weaponize","floor":12.0,"key":"SMITH"},{"data":"MadScienceMod:BoxOfScraps","floor":15.0,"key":"SMITH"},{"data":"MadScienceMod:Detonate","floor":25.0,"key":"SMITH"},{"data":"MadScienceMod:Refuel+2","floor":32.0,"key":"SMITH"},{"floor":41.0,"key":"REST"},{"data":"MadScienceMod:MinatureWeapons","floor":47.0,"key":"SMITH"},{"data":"MadScienceMod:Detonate","floor":49.0,"key":"SMITH"}],"circlet_count":0,"master_deck":["MadScienceMod:Strike_MadScience","MadScienceMod:Strike_MadScience","MadScienceMod:Defend_MadScience","MadScienceMod:Defend_MadScience","MadScienceMod:Defend_MadScience","MadScienceMod:PoweredStrike","MadScienceMod:HideBehindJunk+1","MadScienceMod:GattlingGun+1","MadScienceMod:PowerArmor+1","MadScienceMod:EnergyBarrier+1","ReplayTheSpireMod:Brewmster+1","MadScienceMod:PowerArmor+1","MadScienceMod:ShrinkRay+1","MadScienceMod:ShrinkRay+1","MadScienceMod:Generator+1","MadScienceMod:AssemblyLine+1","MadScienceMod:Refuel+3","MadScienceMod:ExploreOptions+1","MadScienceMod:ExploreOptions+1","MadScienceMod:Weaponize+1","MadScienceMod:AssemblyLine+1","MadScienceMod:Retarget+1","MadScienceMod:BoxOfScraps+1","MadScienceMod:Inflate+1","MadScienceMod:Detonate+1","MadScienceMod:CloneVats+1","MadScienceMod:AntimatterBomb+1","MadScienceMod:Redesign+1","MadScienceMod:NowOrNever+1","MadScienceMod:Detonate+1","MadScienceMod:RecyclingStation","MadScienceMod:MakeOrBreak+1","MadScienceMod:ImposingConstruct","MadScienceMod:Sprocket+1","MadScienceMod:CloneVats+1","MadScienceMod:Lightbulb+1","infinitespire:Execution","infinitespire:TheBestDefense","infinitespire:UltimateForm","AbeCurse","Parasite","MadScienceMod:MinatureWeapons+1","MadScienceMod:Virus+1","MadScienceMod:FumeHood+1","MadScienceMod:Detonate","Master of Strategy+1","MadScienceMod:Virus+1","MadScienceMod:Virus+1","MadScienceMod:CloneVats+1"],"relics":["MadScienceMod:FuelTank","Hammer of Thor","Seething Fire","Anvil of the Gods","Golden Egg","Orrery","Membership Card","Art of War","Replay:Kaleidoscope","CeramicFish","Black Star","Red Mask","CCEMRelics:OrganicArmor","Juzu Bracelet","infinitespire:Broken Mirror","ReplayTheSpireMod:TigerMarble","DeathKnight:PutricidesVial","Nilry\u0027s Codex","Replay:Bronze Core","MadScienceMod:SignalFlag","Blue Candle","Happy Flower","Bronze Scales","Abe\u0027s Treasure","conspire:SlowCooker","conspire:BottledYoYo","Guide Book","MerchantsRug"],"acts_visited":["Exordium","TheCity","TheBeyond","Exordium"],"potions_floor_usage":[56],"damage_taken":[{"damage":0.0,"enemies":"2 Louse","floor":1.0,"turns":6.0},{"damage":0.0,"enemies":"conspire:RoseBush","floor":2.0,"turns":2.0},{"damage":2.0,"enemies":"Small Slimes","floor":3.0,"turns":6.0},{"damage":1.0,"enemies":"Looter","floor":4.0,"turns":3.0},{"damage":23.0,"enemies":"Gremlin Nob","floor":6.0,"turns":7.0},{"damage":0.0,"enemies":"Large Slime","floor":8.0,"turns":7.0},{"damage":4.0,"enemies":"Blue Slaver","floor":10.0,"turns":6.0},{"damage":0.0,"enemies":"Looter","floor":13.0,"turns":3.0},{"damage":0.0,"enemies":"Lagavulin","floor":14.0,"turns":8.0},{"damage":16.0,"enemies":"The Guardian","floor":16.0,"turns":12.0},{"damage":10.0,"enemies":"2 Thieves","floor":18.0,"turns":2.0},{"damage":31.0,"enemies":"Spheric Guardian","floor":20.0,"turns":11.0},{"damage":34.0,"enemies":"Centurion and Healer","floor":21.0,"turns":9.0},{"damage":67.0,"enemies":"Masked Bandits","floor":22.0,"turns":7.0},{"damage":0.0,"enemies":"Nightmare","floor":23.0,"turns":13.0},{"damage":4.0,"enemies":"conspire:SneckoGhost","floor":27.0,"turns":7.0},{"damage":1.0,"enemies":"conspire:HollyBat","floor":29.0,"turns":9.0},{"damage":3.0,"enemies":"Shelled Parasite and Fungi","floor":31.0,"turns":10.0},{"damage":31.0,"enemies":"Collector","floor":33.0,"turns":12.0},{"damage":1.0,"enemies":"Orb Walker","floor":35.0,"turns":3.0},{"damage":22.0,"enemies":"3 Shapes","floor":36.0,"turns":8.0},{"damage":29.0,"enemies":"Jaw Worm Horde","floor":38.0,"turns":8.0},{"damage":44.0,"enemies":"Sphere and 2 Shapes","floor":39.0,"turns":9.0},{"damage":65.0,"enemies":"Nightmare","floor":40.0,"turns":12.0},{"damage":0.0,"enemies":"Writhing Mass","floor":46.0,"turns":8.0},{"damage":2.0,"enemies":"Maw","floor":48.0,"turns":7.0},{"damage":13.0,"enemies":"Donu and Deca","floor":50.0,"turns":8.0},{"damage":13.0,"enemies":"Jaw Worm","floor":52.0,"turns":3.0},{"damage":9.0,"enemies":"Small Slimes","floor":55.0,"turns":5.0},{"damage":4,"enemies":"Cultist","floor":56,"turns":3},{"damage":21,"enemies":"Gremlin Nob","floor":59,"turns":3}],"seed_played":"-2536574520126493229","potions_obtained":[{"floor":2.0,"key":"AttackPotion"},{"floor":6.0,"key":"DeathKnight:RimePotion"},{"floor":14.0,"key":"SpeedPotion"},{"floor":16.0,"key":"AttackPotion"},{"floor":21.0,"key":"Swift Potion"},{"floor":22.0,"key":"PowerPotion"},{"floor":31.0,"key":"Swift Potion"},{"floor":33.0,"key":"ColorlessPotion"},{"floor":35.0,"key":"SteroidPotion"},{"floor":40.0,"key":"MadScienceMod:TrinketPotion"},{"floor":46.0,"key":"Block Potion"},{"floor":48.0,"key":"Energy Potion"},{"floor":55.0,"key":"DeathKnight:RimePotion"},{"floor":56,"key":"Reflective Coating"}],"is_trial":false,"path_per_floor":["M","M","M","M","$","E","R","M","T","M","?","R","M","E","R","B",null,"M","?","M","M","?","NM","?","R","T","E","?","M","?","M","R","B",null,"M","M","?","M","M","NM","R","?","T","AVR","?","M","R","M","R","B",null,"M","?","$","M","M","PTL","PTL","E"],"character_chosen":"MAD_SCIENTIST","items_purchased":["MadScienceMod:GattlingGun+1","MadScienceMod:PowerArmor","MadScienceMod:EnergyBarrier","Golden Egg","ReplayTheSpireMod:Brewmster","MadScienceMod:PowerArmor","MadScienceMod:ShrinkRay","Orrery","Membership Card","Guide Book","MerchantsRug","Master of Strategy","MadScienceMod:Virus"],"campfire_rested":2,"item_purchase_floors":[0,0,0,0,0,0,0,0,5,54,54,54,54],"current_hp_per_floor":[75,75,73,72,72,49,71,75,75,71,71,71,71,71,71,55,75,65,43,12,22,8,75,75,75,75,71,55,54,46,46,46,44,75,74,53,53,24,32,27,49,49,49,49,70,70,70,68,68,57,70,57,29,29,20,16,16,16,0,0],"gold":592,"neow_bonus":"","is_daily":false,"chose_seed":false,"campfire_upgraded":6,"win_rate":0.0,"timestamp":1611025022,"path_taken":["M","M","M","M","$","E","R","M","T","M","?","R","M","E","R","BOSS","M","?","M","M","?","NM","?","R","T","E","?","M","?","M","R","BOSS","M","M","?","M","M","NM","R","?","T","AVR","?","M","R","M","R","BOSS","M","?","$","M","M","PTL","PTL","E"],"items_purchased_type":["Card","Card","Card","Relic","Card","Card","Card","Relic","Relic","Relic","Relic","Card","Card"],"build_version":"2020-12-22","purchased_purges":4,"victory":false,"max_hp_per_floor":[75,75,75,75,75,75,75,75,75,75,75,75,75,75,75,75,75,75,75,75,75,75,75,75,75,75,75,75,75,75,75,75,75,75,75,76,76,76,76,76,76,76,76,76,70,70,70,70,70,70,70,70,70,70,70,70,70,70,70,70],"card_choices":[{"not_picked":["MadScienceMod:JunkLaser","MadScienceMod:Inflate"],"picked":"MadScienceMod:Generator","floor":0.0},{"not_picked":["MadScienceMod:Generator","MadScienceMod:AntimatterBomb"],"picked":"MadScienceMod:AssemblyLine","floor":0.0},{"not_picked":["MadScienceMod:Bombardment","MadScienceMod:CaptureMomentum"],"picked":"MadScienceMod:Refuel","floor":0.0},{"not_picked":["MadScienceMod:LightOnFire","MadScienceMod:Bayonet"],"picked":"MadScienceMod:ExploreOptions","floor":0.0},{"not_picked":["MadScienceMod:AcidSpray","MadScienceMod:FumeBlast"],"picked":"MadScienceMod:ExploreOptions","floor":0.0},{"not_picked":["MadScienceMod:Inflate","MadScienceMod:SelfDestruct","MadScienceMod:FlexibleSpear"],"picked":"SKIP","floor":1.0},{"not_picked":["MadScienceMod:Detonate","MadScienceMod:EnergyBarrier"],"picked":"MadScienceMod:ExtractOil","floor":2.0},{"not_picked":["MadScienceMod:Strafe","MadScienceMod:Tune","MadScienceMod:TimeDilationField"],"picked":"SKIP","floor":3.0},{"not_picked":["MadScienceMod:FumeBlast","MadScienceMod:AutoStrike"],"picked":"MadScienceMod:Weaponize","floor":4.0},{"not_picked":["MadScienceMod:RadioactiveSword","MadScienceMod:CondenseVapors"],"picked":"MadScienceMod:AssemblyLine","floor":6.0},{"not_picked":["MadScienceMod:CaptureMomentum","MadScienceMod:Strafe"],"picked":"MadScienceMod:Retarget","floor":8.0},{"not_picked":["MadScienceMod:LightOnFire","MadScienceMod:AcidSpray"],"picked":"MadScienceMod:BoxOfScraps","floor":10.0},{"not_picked":["MadScienceMod:NowOrNever","MadScienceMod:RadioactiveSword"],"picked":"MadScienceMod:Inflate","floor":13.0},{"not_picked":["MadScienceMod:FlameThrower","MadScienceMod:ExploreOptions"],"picked":"MadScienceMod:Detonate","floor":14.0},{"not_picked":["MadScienceMod:LabAccident","MadScienceMod:Assemble"],"picked":"MadScienceMod:CloneVats","floor":16.0},{"not_picked":["MadScienceMod:SoftenUp","MadScienceMod:LightOnFire"],"picked":"MadScienceMod:AntimatterBomb+1","floor":18.0},{"not_picked":["MadScienceMod:OilDrum+1","MadScienceMod:BoxOfScraps"],"picked":"MadScienceMod:Redesign","floor":20.0},{"not_picked":["MadScienceMod:AutoStrike","MadScienceMod:Bayonet","MadScienceMod:BoxOfScraps+1"],"picked":"SKIP","floor":21.0},{"not_picked":["MadScienceMod:AssemblyLine+1","MadScienceMod:RadioactiveSword"],"picked":"MadScienceMod:NowOrNever+1","floor":22.0},{"not_picked":["MadScienceMod:FumeBlast+1","MadScienceMod:JunkLaser","MadScienceMod:NowOrNever"],"picked":"SKIP","floor":23.0},{"not_picked":["MadScienceMod:FumeBlast+1","MadScienceMod:JunkLaser","MadScienceMod:NowOrNever"],"picked":"SKIP","floor":23.0},{"not_picked":["MadScienceMod:FlexibleSpear","MadScienceMod:Browse","MadScienceMod:FlameCannon"],"picked":"SKIP","floor":27.0},{"not_picked":["MadScienceMod:ExtractOil+1","MadScienceMod:Refuel"],"picked":"MadScienceMod:RecyclingStation","floor":29.0},{"not_picked":["MadScienceMod:Generator","MadScienceMod:GattlingGun"],"picked":"MadScienceMod:MakeOrBreak+1","floor":30.0},{"not_picked":["MadScienceMod:LightOnFire","MadScienceMod:AutoStrike+1"],"picked":"MadScienceMod:ImposingConstruct","floor":31.0},{"not_picked":["MadScienceMod:FlexibleSpear+1","MadScienceMod:EnergyBarrier"],"picked":"MadScienceMod:Sprocket+1","floor":35.0},{"not_picked":["MadScienceMod:FlameThrower","MadScienceMod:Tune+1"],"picked":"MadScienceMod:CloneVats","floor":36.0},{"not_picked":["MadScienceMod:FumeBlast+1","MadScienceMod:Sprocket+1","MadScienceMod:NowOrNever"],"picked":"SKIP","floor":38.0},{"not_picked":["MadScienceMod:Sprocket+1","MadScienceMod:FlammableWall","MadScienceMod:BoxOfScraps+1"],"picked":"SKIP","floor":39.0},{"not_picked":["MadScienceMod:AcidSpray","MadScienceMod:FumeBlast+1"],"picked":"MadScienceMod:Lightbulb+1","floor":40.0},{"not_picked":["MadScienceMod:Inflate","MadScienceMod:Browse+1"],"picked":"MadScienceMod:MinatureWeapons","floor":46.0},{"not_picked":["MadScienceMod:MakeOrBreak+1","MadScienceMod:Sprocket"],"picked":"MadScienceMod:Virus+1","floor":48.0},{"not_picked":["MadScienceMod:CloneVats","MadScienceMod:Assemble"],"picked":"MadScienceMod:FumeHood","floor":50.0},{"not_picked":["MadScienceMod:ShrinkRay","MadScienceMod:MechanicalClaw","MadScienceMod:LightOnFire"],"picked":"SKIP","floor":52.0},{"not_picked":["MadScienceMod:AutoStrike","MadScienceMod:AssemblyLine"],"picked":"MadScienceMod:Detonate","floor":53.0},{"not_picked":["MadScienceMod:AcidSpray","MadScienceMod:CaptureMomentum","MadScienceMod:Retarget"],"picked":"SKIP","floor":55.0},{"not_picked":["MadScienceMod:Sprocket","MadScienceMod:SelfDestruct"],"picked":"MadScienceMod:CloneVats","floor":56}],"player_experience":677068,"relics_obtained":[{"floor":6.0,"key":"Art of War"},{"floor":9.0,"key":"Replay:Kaleidoscope"},{"floor":14.0,"key":"CeramicFish"},{"floor":22.0,"key":"Red Mask"},{"floor":23.0,"key":"CCEMRelics:OrganicArmor"},{"floor":23.0,"key":"Juzu Bracelet"},{"floor":26.0,"key":"infinitespire:Broken Mirror"},{"floor":27.0,"key":"ReplayTheSpireMod:TigerMarble"},{"floor":27.0,"key":"DeathKnight:PutricidesVial"},{"floor":28.0,"key":"Nilry\u0027s Codex"},{"floor":40.0,"key":"MadScienceMod:SignalFlag"},{"floor":40.0,"key":"Blue Candle"},{"floor":43.0,"key":"Bronze Scales"},{"floor":53.0,"key":"conspire:BottledYoYo"}],"event_choices":[{"damage_healed":0.0,"max_hp_gain":0.0,"max_hp_loss":0.0,"gold_gain":0.0,"event_name":"Masked Bandits","player_choice":"Fought Bandits","floor":22.0,"gold_loss":0.0,"damage_taken":0.0},{"damage_healed":0.0,"max_hp_gain":0.0,"max_hp_loss":0.0,"gold_gain":0.0,"event_name":"The Library","player_choice":"Read","floor":24.0,"gold_loss":0.0,"damage_taken":0.0,"cards_obtained":["MadScienceMod:Detonate"]},{"damage_healed":0.0,"max_hp_gain":0.0,"max_hp_loss":0.0,"gold_gain":0.0,"event_name":"Cursed Tome","player_choice":"Obtained Book","floor":28.0,"gold_loss":0.0,"damage_taken":16.0},{"damage_healed":0.0,"max_hp_gain":0.0,"max_hp_loss":0.0,"gold_gain":100.0,"event_name":"Golden Shrine","player_choice":"Pray","floor":37.0,"gold_loss":0.0,"damage_taken":0.0},{"damage_healed":0.0,"max_hp_gain":0.0,"max_hp_loss":0.0,"gold_gain":0.0,"event_name":"WeMeetAgain","player_choice":"Paid Gold","floor":42.0,"gold_loss":89.0,"damage_taken":0.0,"relics_obtained":["Happy Flower"]}],"is_beta":false,"boss_relics":[{"not_picked":["conspire:SeveredTorchhead","aspiration:RitualDagger"],"picked":"Black Star"},{"not_picked":["Painkiller Herb","CCEMRelics:TransientCore"],"picked":"Replay:Bronze Core"},{"not_picked":["Snecko Eye","Coffee Dripper"],"picked":"conspire:SlowCooker"}],"items_purged_floors":[0,0,44,54],"is_endless":true,"potions_floor_spawned":[1,2,6,14,16,20,21,22,29,31,33,35,40,46,48,55,56],"killed_by":"Gremlin Nob","ascension_level":0}}