{"host":"f5mjulaw5aqlqmd7","time":1611023126,"event":{"mods":["Act Like it!","BaseMod","Colored Map","GifTheSpireLib","Hallownest","Minty Spire (QoL Compilation)","StSLib","The Bug Knight"],"gold_per_floor":[110,126,136,149,149,182,182,200,226,226,0,18,46,62,62,62,62],"floor_reached":16,"language":"ENG","playtime":1139,"items_purged":[],"score":139,"play_id":"ae787690-08a9-4e08-884d-7549feb2f3c4","local_time":"20210118212526","is_ascension_mode":false,"campfire_choices":[{"floor":7,"key":"REST"},{"floor":15,"key":"REST"}],"circlet_count":0,"master_deck":["HollowMod:NailStrikeStart","HollowMod:NailStrikeStart","HollowMod:NailStrikeStart","HollowMod:NailStrikeStart","HollowMod:QuickDashStart","HollowMod:QuickDashStart","HollowMod:QuickDashStart","HollowMod:QuickDashStart","HollowMod:PogoStrike+1","HollowMod:CloakDash","HollowMod:SharpenedNail","HollowMod:ShadowDash","HollowMod:DescendingDark+1","HollowMod:SiblingsShadow","HollowMod:HeavyBlow","HollowMod:DoubleDash","HollowMod:NewLastStag","HollowMod:FallenFury","HollowMod:DoubleDash","HollowMod:GrimmsGift"],"relics":["HollowMod:VesselMask","NeowsBlessing","Happy Flower","Tiny Chest","PreservedInsect"],"acts_visited":["Exordium"],"potions_floor_usage":[13,13,13],"damage_taken":[{"damage":0,"enemies":"2 Louse","floor":1,"turns":1},{"damage":0,"enemies":"Jaw Worm","floor":2,"turns":1},{"damage":0,"enemies":"Small Slimes","floor":3,"turns":1},{"damage":18,"enemies":"Exordium Thugs","floor":4,"turns":5},{"damage":39,"enemies":"Gremlin Nob","floor":6,"turns":5},{"damage":9,"enemies":"3 Louse","floor":8,"turns":2},{"damage":4,"enemies":"Large Slime","floor":12,"turns":5},{"damage":0,"enemies":"3 Sentries","floor":13,"turns":3},{"damage":0,"enemies":"Looter","floor":14,"turns":3},{"damage":42,"enemies":"The Guardian","floor":16,"turns":9}],"seed_played":"-7903249153618047977","potions_obtained":[{"floor":2,"key":"SkillPotion"},{"floor":3,"key":"BlessingOfTheForge"},{"floor":4,"key":"LiquidBronze"}],"is_trial":false,"path_per_floor":["M","M","M","M","?","E","R","M","T","?","?","M","E","M","R","B"],"character_chosen":"THE_BUGKNIGHT","items_purchased":[],"campfire_rested":2,"item_purchase_floors":[],"current_hp_per_floor":[75,75,75,63,63,24,46,37,37,22,22,18,18,18,40,0,0],"gold":62,"neow_bonus":"THREE_ENEMY_KILL","is_daily":false,"chose_seed":false,"campfire_upgraded":0,"win_rate":0.0,"timestamp":1611023126,"path_taken":["M","M","M","M","?","E","R","M","T","?","?","M","E","?","R","BOSS"],"items_purchased_type":[],"build_version":"2020-12-22","purchased_purges":0,"victory":false,"max_hp_per_floor":[75,75,75,75,75,75,75,75,75,75,75,75,75,75,75,75,75],"card_choices":[{"not_picked":["HollowMod:SharpenedNail","HollowMod:DoubleDash"],"picked":"HollowMod:CloakDash","floor":1},{"not_picked":["HollowMod:NewJinnsSoul","HollowMod:PureNailStrike"],"picked":"HollowMod:SharpenedNail","floor":2},{"not_picked":["HollowMod:theNailsmith","HollowMod:InfectionAssault"],"picked":"HollowMod:ShadowDash","floor":3},{"not_picked":["HollowMod:RecoilStrike","HollowMod:HeavyBlow"],"picked":"HollowMod:DescendingDark","floor":4},{"not_picked":["HollowMod:FallenFury","HollowMod:InfectedCysts"],"picked":"HollowMod:HeavyBlow","floor":6},{"not_picked":["HollowMod:NewGlowingWomb","HollowMod:InfectedCysts"],"picked":"HollowMod:DoubleDash","floor":8},{"not_picked":["HollowMod:HeavyBlow","HollowMod:SoulSplash"],"picked":"HollowMod:FallenFury","floor":12},{"not_picked":["HollowMod:QuirrelsAssistance","HollowMod:CoiledNail"],"picked":"HollowMod:DoubleDash","floor":13},{"not_picked":["HollowMod:HowlingWraiths","HollowMod:CornifersMapStart"],"picked":"HollowMod:GrimmsGift","floor":14}],"player_experience":32500,"relics_obtained":[{"floor":6,"key":"Happy Flower"},{"floor":9,"key":"Tiny Chest"},{"floor":13,"key":"PreservedInsect"}],"event_choices":[{"damage_healed":0,"gold_gain":0,"cards_transformed":["HollowMod:FocusHealStart"],"player_choice":"Change","damage_taken":0,"max_hp_gain":0,"max_hp_loss":0,"event_name":"Living Wall","floor":5,"gold_loss":0,"cards_obtained":["HollowMod:SiblingsShadow"]},{"damage_healed":0,"gold_gain":0,"player_choice":"Entered Light","damage_taken":15,"max_hp_gain":0,"max_hp_loss":0,"event_name":"Shining Light","floor":10,"gold_loss":0,"cards_upgraded":["HollowMod:DescendingDark","HollowMod:PogoStrike"]}],"is_beta":false,"boss_relics":[],"items_purged_floors":[],"is_endless":false,"potions_floor_spawned":[2,3,4,12],"killed_by":"The Guardian","ascension_level":0}}