{"host":"8d3fefv2347kqkpz","time":1611060096,"event":{"mods":["100% Spire Juice","AchievementEnabler","Act Like it!","Aspiration","BaseMod","Better Vampires","Colored Map","Colored Powertips","Conspire","Gensokyo","GifTheSpireLib","Highlight Path","KomeijiMod","Mimic Mod","Minty Spire (QoL Compilation)","Pale of the Ancients","Quick Restart","Rare Cards Sparkle","Reimu£¨²©ÀöÁéÃÎ£©","Relic Stats","Remilia_Scarlet Moed£¨ÀÙÃ×ÀòÑÇ¡¤Ë¹¿¨À×ÌØ£©3.3.5","Remilia£¨ÀÙÃ×ÀòÑÇ£©","Replay The Spire","RumiaBox-Â¶Ã×æ«µÄÉñÃØºÐ×Ó","Spicy Shops","StSLib","The Animator","The Gatherer","The Jungle","The Servant 0.9.4","Waifu the Spire","Youmu£¨»êÆÇÑýÃÎ£©","vexMod"],"gold_per_floor":[117,133,233,248,248,248,264,279,314,314,330,358,422,58,58,58,58],"floor_reached":16,"language":"ZHS","playtime":604,"items_purged":[],"score":102,"play_id":"a350513d-8577-4461-abc4-2dd006fc6b7e","local_time":"20210119204136","is_ascension_mode":false,"campfire_choices":[{"data":"Footwork","floor":6,"key":"SMITH"},{"floor":10,"key":"RECALL"},{"floor":15,"key":"REST"}],"circlet_count":0,"master_deck":["Strike_G","Strike_G","Strike_G","Strike_G","Strike_G","Defend_G","Defend_G","Defend_G","Defend_G","Defend_G","Survivor","Neutralize","Footwork+1","Cloak And Dagger","conspire:PoisonWeapons+1","Dagger Spray","Replay:Bag of Tricks","Decay","Bane","Venomology","Dagger Throw","Blade Dance","Pot Of Greed","Pot Of Greed","conspire:PoisonWeapons"],"relics":["Ring of the Snake","Baka2","MawBank","Grinning Jar","Basket Of Snakes"],"acts_visited":["Exordium"],"potions_floor_usage":[],"damage_taken":[{"damage":2,"enemies":"Small Slimes","floor":1,"turns":4},{"damage":0,"enemies":"Cultist","floor":2,"turns":4},{"damage":0,"enemies":"Jaw Worm","floor":4,"turns":5},{"damage":0,"enemies":"Blue Slaver","floor":7,"turns":3},{"damage":7,"enemies":"2 Fungi Beasts","floor":8,"turns":3},{"damage":9,"enemies":"Large Slime","floor":9,"turns":8},{"damage":0,"enemies":"Large Slime","floor":11,"turns":4},{"damage":34,"enemies":"Lagavulin","floor":12,"turns":4},{"damage":64,"enemies":"Hexaghost","floor":16,"turns":3}],"seed_played":"-8871390992389177032","potions_obtained":[{"floor":1,"key":"Elixir"},{"floor":8,"key":"Swift Potion"},{"floor":12,"key":"EssenceOfSteel"}],"is_trial":false,"path_per_floor":["M","M","?","M","?","R","M","M","MIM","R","M","E","T","$","R","B"],"character_chosen":"THE_SILENT","items_purchased":["conspire:PoisonWeapons","Basket Of Snakes"],"campfire_rested":1,"item_purchase_floors":[14,14],"current_hp_per_floor":[75,75,75,75,75,75,75,68,74,74,77,43,43,43,66,2,2],"gold":58,"neow_bonus":"TEN_PERCENT_HP_BONUS","is_daily":false,"chose_seed":false,"campfire_upgraded":1,"win_rate":0.0,"timestamp":1611060096,"path_taken":["M","M","?","?","?","R","M","?","MIM","R","M","E","?","?","R","BOSS"],"items_purchased_type":["Card","Relic"],"build_version":"2020-12-22","purchased_purges":0,"victory":false,"max_hp_per_floor":[77,77,77,77,77,77,77,77,77,77,77,77,77,77,77,77,77],"relic_stats":{"counters":[9,38],"MawBank":24,"obtain_stats":[{"Baka2":2,"Basket Of Snakes":14,"Baka":1,"Grinning Jar":13,"MawBank":12,"Ring of the Snake":0},{"Baka2":2,"Basket Of Snakes":8,"Baka":1,"Grinning Jar":8,"MawBank":8,"Ring of the Snake":0},{"Baka2":8,"Basket Of Snakes":35,"Baka":4,"Grinning Jar":35,"MawBank":35,"Ring of the Snake":0}],"Ring of the Snake":[18]},"card_choices":[{"not_picked":["Reflex","Prepared"],"picked":"Footwork","floor":1},{"not_picked":["Dagger Throw","Flying Knee"],"picked":"Cloak And Dagger","floor":2},{"not_picked":["Finisher","Slice"],"picked":"conspire:PoisonWeapons","floor":4},{"not_picked":["Poisoned Stab","Backstab"],"picked":"Dagger Spray","floor":4},{"not_picked":["ReplayTheSpireMod:The Works","Poisoned Stab"],"picked":"Replay:Bag of Tricks","floor":4},{"not_picked":["Underhanded Strike","Endless Agony","Crippling Poison"],"picked":"SKIP","floor":4},{"not_picked":["Dodge and Roll","Sucker Punch"],"picked":"Bane","floor":7},{"not_picked":["Quick Slash","ReplayTheSpireMod:Tripwire","Flechettes"],"picked":"SKIP","floor":7},{"not_picked":["Draining Mist","Reflex","ReplayTheSpireMod:The Works"],"picked":"SKIP","floor":7},{"not_picked":["Underhanded Strike","Acrobatics","Sucker Punch"],"picked":"SKIP","floor":7},{"not_picked":["Bane","Prepared"],"picked":"Venomology","floor":8},{"not_picked":["Flechettes","Underhanded Strike"],"picked":"Dagger Throw","floor":9},{"not_picked":["Deadly Poison","Slice"],"picked":"Blade Dance","floor":11},{"not_picked":["Sucker Punch","Quick Slash","Outmaneuver"],"picked":"SKIP","floor":12}],"player_experience":148268,"relics_obtained":[{"floor":1,"key":"Baka"},{"floor":2,"key":"Baka2"},{"floor":12,"key":"MawBank"},{"floor":13,"key":"Grinning Jar"}],"event_choices":[{"damage_healed":0,"gold_gain":100,"player_choice":"Pray","damage_taken":0,"max_hp_gain":0,"max_hp_loss":0,"event_name":"Golden Shrine","floor":3,"gold_loss":0},{"damage_healed":0,"gold_gain":0,"player_choice":"Upgraded","damage_taken":0,"max_hp_gain":0,"max_hp_loss":0,"event_name":"Upgrade Shrine","floor":5,"gold_loss":0,"cards_upgraded":["conspire:PoisonWeapons"]}],"is_beta":false,"boss_relics":[],"items_purged_floors":[],"is_endless":false,"potions_floor_spawned":[1,7,8,12],"killed_by":"Hexaghost","ascension_level":0}}