{"host":"mal0jdk4f6ubgyb8","time":1611081723,"event":{"mods":["100% Spire Juice","Act Like it!","Arknights The Spire","Aspiration","BaseMod","Gensokyo","Hallownest","Koishi","Luminous","Marisa£®ÏF”Í°°ƒß¿Ì…≥£©","Minty Spire (QoL Compilation)","Quick Restart","Reimu£®≤©¿ˆ¡È√Œ£©","Relic Stats","Remilia£®¿Ÿ√◊¿Ú—«£©","StSLib","The Bug Knight","WarShipGirlsR/’ΩΩ¢…Ÿ≈ÆR mod","Yakumo Yukari mod","Youmu£®ªÍ∆«—˝√Œ£©","Yuri Mod","Yuyuko"],"gold_per_floor":[115,128,128,140,220,220,250,250,250,276,286,41,67,85,85,165,165,179,179,179,196,196,186,110,145,227,147,180,195,195,229,229,326,326,346,346,321,321,337,370,370,405,405,405,440,470,489,437,437,437,437,437,44,44,44],"floor_reached":54,"language":"ZHS","playtime":2401,"items_purged":[],"score":929,"play_id":"8e8e2e0d-ce67-4069-bb58-8653c1a71857","local_time":"20210120024203","is_ascension_mode":true,"campfire_choices":[{"floor":6.0,"key":"RECALL"},{"data":"Moonworks:IndiscriminateFireSupport","floor":8.0,"key":"SMITH"},{"floor":15.0,"key":"REST"},{"floor":30.0,"key":"REST"},{"data":"Moonworks:SubspaceTunnel","floor":32.0,"key":"SMITH"},{"floor":41.0,"key":"REST"},{"data":"Moonworks:Accelerator","floor":44.0,"key":"SMITH"},{"data":"Moonworks:IndiscriminateFireSupport","floor":49.0,"key":"SMITH"},{"data":"Moonworks:RocketCannon","floor":52.0,"key":"SMITH"}],"circlet_count":0,"master_deck":["Moonworks:Strike","Moonworks:Strike","Moonworks:Strike","Moonworks:Strike","Moonworks:Defend","Moonworks:Defend","Moonworks:Defend","Moonworks:Defend+1","Moonworks:Ambush","Moonworks:LongDistanceShot","Moonworks:JonathanRush","Moonworks:CrystalBarrier","Moonworks:JonathanRush","Moonworks:IndiscriminateFireSupport+1","Moonworks:RocketCannon+1","Moonworks:NicePresent+1","Apotheosis+1","Moonworks:RagingMadness","Moonworks:SubspaceTunnel+1","Moonworks:SweetBattle","Moonworks:HolyNight","Moonworks:WindyEnchantment","Moonworks:IndiscriminateFireSupport+1","Moonworks:RagingMadness","Hallownest:skillCityofTearsMap+1","Moonworks:SubspaceTunnel+1","Moonworks:NicePresent+1","Moonworks:FinalBattle","Moonworks:SakisCookie+1","Moonworks:Accelerator+1","Moonworks:SakisCookie+1","Moonworks:EvilSpyWorkPreparation+1","Moonworks:LulusLuckyEgg+1","Moonworks:EvilSpyWorkPreparation+1","Moonworks:Accelerator","Moonworks:NicePresent+1","Magnetism+1"],"relics":["Moonworks:BrokenBomb","Moonworks:Homemark","NeowsBlessing","Hallownest:DreamNailRelic","Letter Opener","HollowMod:PaleOreRelic","AntiCross","Nunchaku","Philosopher\u0027s Stone","Hallownest:NailmastersGloryRelic","Moonworks:LittleGull","Toxic Egg 2","WingedGreaves","Boot","HollowMod:StagPassRelic","SlaversCollar","Hallownest:BeastSealRelic","War Paint","aspiration:StickyExplosives_weak","Eternal Feather","Ginger","Dream Catcher","aspiration:Nostalgia","MiniHakkero"],"acts_visited":["Exordium","Hallownest:Greenpath","Hallownest:CityofTears","TheEnding"],"potions_floor_usage":[54],"damage_taken":[{"damage":0.0,"enemies":"Hallownest:monsterHuskWarrior","floor":1.0,"turns":1.0},{"damage":0.0,"enemies":"2_ Uuma","floor":2.0,"turns":1.0},{"damage":0.0,"enemies":"Hallownest:2_Baldur","floor":4.0,"turns":1.0},{"damage":36.0,"enemies":"Hallownest:eliteMossKnight","floor":7.0,"turns":7.0},{"damage":9.0,"enemies":"Hallownest:eliteCrystalGuardian","floor":10.0,"turns":5.0},{"damage":5.0,"enemies":"Hallownest:2_Tiktiks_1_Baldur_1_Crawlid","floor":11.0,"turns":1.0},{"damage":0.0,"enemies":"Hallownest:eliteMossKnight","floor":13.0,"turns":3.0},{"damage":0.0,"enemies":"Hallownest:Guard_and_Warrior","floor":14.0,"turns":1.0},{"damage":26.0,"enemies":"Hallownest:BossFalseKnight","floor":16.0,"turns":6.0},{"damage":1.0,"enemies":"Hallownest:3_Youths","floor":18.0,"turns":4.0},{"damage":0.0,"enemies":"Hallownest:Flukemon_and_Top","floor":21.0,"turns":2.0},{"damage":24.0,"enemies":"Hallownest:Master_and_Novice","floor":23.0,"turns":3.0},{"damage":24.0,"enemies":"Hallownest:eliteSoulWarrior","floor":25.0,"turns":5.0},{"damage":4.0,"enemies":"Hallownest:eliteWatcherKnight","floor":28.0,"turns":6.0},{"damage":4.0,"enemies":"Hallownest:eliteSoulWarrior","floor":29.0,"turns":3.0},{"damage":5.0,"enemies":"Hallownest:eliteWatcherKnight","floor":31.0,"turns":6.0},{"damage":29.0,"enemies":"Hallownest:BossGrimm","floor":33.0,"turns":6.0},{"damage":0.0,"enemies":"Hallownest:2_Littles","floor":35.0,"turns":1.0},{"damage":18.0,"enemies":"Hallownest:Shield_Heavy","floor":39.0,"turns":2.0},{"damage":30.0,"enemies":"Hallownest:eliteCollector","floor":40.0,"turns":3.0},{"damage":6.0,"enemies":"Hallownest:eliteHiveKnight","floor":42.0,"turns":5.0},{"damage":18.0,"enemies":"Hallownest:eliteCollector","floor":45.0,"turns":4.0},{"damage":0.0,"enemies":"Hallownest:StalkingDevout","floor":46.0,"turns":3.0},{"damage":37.0,"enemies":"Hallownest:Xero_Hu_Marmu","floor":47.0,"turns":3.0},{"damage":17.0,"enemies":"Hallownest:Radiance","floor":50.0,"turns":6.0},{"damage":73,"enemies":"Shield and Spear","floor":54,"turns":3}],"seed_played":"-6310727965345014516","potions_obtained":[{"floor":2.0,"key":"EssenceOfSteel"},{"floor":10.0,"key":"Strength Potion"},{"floor":11.0,"key":"Explosive Potion"},{"floor":13.0,"key":"PowerPotion"},{"floor":21.0,"key":"Weak Potion"},{"floor":23.0,"key":"Ancient Potion"},{"floor":28.0,"key":"SteroidPotion"},{"floor":29.0,"key":"GamblersBrew"},{"floor":31.0,"key":"Strength Potion"},{"floor":35.0,"key":"Strength Potion"},{"floor":39.0,"key":"LiquidMemories"},{"floor":46.0,"key":"LiquidBronze"},{"floor":47.0,"key":"ZuzhouPotion:ReiMu"}],"is_trial":false,"path_per_floor":["M","M","?","M","T","R","E","R","T","E","M","$","E","M","R","B",null,"M","?","?","M","?","M","$","E","T","?","E","E","R","E","R","B",null,"M","?","?","?","M","E","R","E","T","R","E","E","M","$","R","B",null,"R","$","E"],"character_chosen":"THE_STARBREAKER","items_purchased":["Apotheosis","Moonworks:RagingMadness","Moonworks:RagingMadness","Moonworks:EvilSpyWorkPreparation+1","aspiration:Nostalgia","Moonworks:NicePresent+1","Magnetism"],"campfire_rested":3,"item_purchase_floors":[12,12,24,48,53,53,53],"current_hp_per_floor":[60,60,60,60,60,60,24,24,24,15,10,10,10,10,28,15,60,59,59,59,59,59,35,35,15,15,15,11,7,25,23,23,4,60,60,60,60,60,42,12,30,37,37,55,55,60,23,23,41,38,60,60,60,0,0],"gold":44,"neow_bonus":"THREE_ENEMY_KILL","is_daily":false,"chose_seed":false,"campfire_upgraded":5,"win_rate":0.0,"timestamp":1611081723,"path_taken":["M","M","?","?","?","R","E","R","T","E","M","?","E","M","R","BOSS","M","?","?","?","?","M","?","E","T","?","E","E","R","E","R","BOSS","M","?","?","?","?","E","R","E","T","R","E","E","M","$","R","BOSS","R","$","E"],"items_purchased_type":["Card","Card","Card","Card","Relic","Card","Card"],"build_version":"2020-12-22","purchased_purges":0,"victory":false,"max_hp_per_floor":[60,60,60,60,60,60,60,60,60,60,60,60,60,60,60,60,60,60,60,60,60,60,60,60,60,60,60,60,60,60,60,60,60,60,60,60,60,60,60,60,60,60,60,60,60,60,60,60,60,60,60,60,60,60,60],"relic_stats":{"Nunchaku":[17],"Dream Catcher":0,"counters":[26,91],"Eternal Feather":36,"Letter Opener":[122],"Ginger":[2],"War Paint":["Moonworks:NicePresent","Moonworks:Defend"],"Boot":[11],"obtain_stats":[{"NeowsBlessing":0,"Moonworks:LittleGull":25,"aspiration:Nostalgia":53,"Eternal Feather":43,"Hallownest:DreamNailRelic":3,"Letter Opener":7,"Ginger":45,"War Paint":40,"Boot":29,"HollowMod:StagPassRelic":31,"aspiration:StickyExplosives_weak":42,"Hallownest:NailmastersGloryRelic":22,"SlaversCollar":34,"Nunchaku":13,"Dream Catcher":46,"Moonworks:Homemark":0,"AntiCross":10,"Philosopher\u0027s Stone":17,"WingedGreaves":28,"HollowMod:PaleOreRelic":9,"MiniHakkero":53,"Toxic Egg 2":26,"Moonworks:BrokenBomb":0,"Hallownest:BeastSealRelic":36},{"NeowsBlessing":0,"Moonworks:LittleGull":13,"aspiration:Nostalgia":25,"Eternal Feather":21,"Hallownest:DreamNailRelic":2,"Letter Opener":4,"Ginger":22,"War Paint":20,"Boot":15,"HollowMod:StagPassRelic":16,"aspiration:StickyExplosives_weak":21,"Hallownest:NailmastersGloryRelic":11,"SlaversCollar":17,"Nunchaku":7,"Dream Catcher":23,"Moonworks:Homemark":0,"AntiCross":5,"Philosopher\u0027s Stone":9,"WingedGreaves":14,"HollowMod:PaleOreRelic":4,"MiniHakkero":25,"Toxic Egg 2":13,"Moonworks:BrokenBomb":0,"Hallownest:BeastSealRelic":18},{"NeowsBlessing":0,"Moonworks:LittleGull":40,"aspiration:Nostalgia":88,"Eternal Feather":72,"Hallownest:DreamNailRelic":2,"Letter Opener":10,"Ginger":76,"War Paint":67,"Boot":49,"HollowMod:StagPassRelic":55,"aspiration:StickyExplosives_weak":72,"Hallownest:NailmastersGloryRelic":32,"SlaversCollar":61,"Nunchaku":19,"Dream Catcher":79,"Moonworks:Homemark":0,"AntiCross":15,"Philosopher\u0027s Stone":26,"WingedGreaves":46,"HollowMod:PaleOreRelic":10,"MiniHakkero":88,"Toxic Egg 2":40,"Moonworks:BrokenBomb":0,"Hallownest:BeastSealRelic":62}]},"card_choices":[{"not_picked":["Moonworks:IndiscriminateFireSupport","Moonworks:CloudOfSeagulls"],"picked":"Moonworks:JonathanRush","floor":1.0},{"not_picked":["Moonworks:JonathanRush","Moonworks:DeployBits"],"picked":"Moonworks:CrystalBarrier","floor":2.0},{"not_picked":["Moonworks:ScrambledEve","Moonworks:UnpaidWork"],"picked":"Moonworks:JonathanRush","floor":4.0},{"not_picked":["Moonworks:CloudOfSeagulls","Moonworks:SelfDestruct"],"picked":"Moonworks:IndiscriminateFireSupport","floor":7.0},{"not_picked":["Moonworks:JonathanRush","Moonworks:AngelHand"],"picked":"Moonworks:RocketCannon","floor":10.0},{"not_picked":["Moonworks:ReproductionOfRecords","Moonworks:JonathanRush"],"picked":"Moonworks:NicePresent","floor":11.0},{"not_picked":["Moonworks:IntelligenceOfficer","Moonworks:BigMagnum"],"picked":"Moonworks:SubspaceTunnel","floor":13.0},{"not_picked":["Moonworks:IndiscriminateFireSupport","Moonworks:MiracleRedBeanIceCream"],"picked":"Moonworks:SweetBattle","floor":14.0},{"not_picked":["Moonworks:GoAway","Moonworks:PlushieMaster"],"picked":"Moonworks:HolyNight","floor":16.0},{"not_picked":["Moonworks:Poppoformation","Moonworks:CloudOfSeagulls","Moonworks:ImOnFire"],"picked":"SKIP","floor":18.0},{"not_picked":["Moonworks:BindingChains","Moonworks:Dinner"],"picked":"Moonworks:WindyEnchantment","floor":21.0},{"not_picked":["Moonworks:ImOnFire","Moonworks:JonathanRush"],"picked":"Moonworks:IndiscriminateFireSupport","floor":23.0},{"not_picked":["Moonworks:Flamethrower","Moonworks:ExtendedPhotonRifle","Moonworks:UnluckyCharm+1"],"picked":"SKIP","floor":25.0},{"not_picked":["Moonworks:IndiscriminateFireSupport","Moonworks:BigMagnum+1","Moonworks:BindingChains+1"],"picked":"SKIP","floor":28.0},{"not_picked":["Moonworks:BigMagnum+1","Moonworks:UnpaidWork+1","Moonworks:DeployBits+1"],"picked":"SKIP","floor":29.0},{"not_picked":["Moonworks:BigBangBell+1","Moonworks:CastOff+1"],"picked":"Moonworks:NicePresent+1","floor":31.0},{"not_picked":["Moonworks:Gamble","Moonworks:ReflectiveShell"],"picked":"Moonworks:FinalBattle","floor":33.0},{"not_picked":["Moonworks:BigMagnum+1","Moonworks:ExtendedPhotonRifle+1","Moonworks:JonathanRush"],"picked":"SKIP","floor":35.0},{"not_picked":["Moonworks:SealedMemories+1","Moonworks:BigBangBell+1","Moonworks:Assault"],"picked":"SKIP","floor":39.0},{"not_picked":["Moonworks:StiffCrystal+1","Moonworks:LeapThroughSpace"],"picked":"Moonworks:SakisCookie+1","floor":40.0},{"not_picked":["Moonworks:MiracleRedBeanIceCream+1","Moonworks:Flamethrower+1"],"picked":"Moonworks:Accelerator","floor":42.0},{"not_picked":["Moonworks:Dinner+1","Moonworks:NicePresent+1"],"picked":"Moonworks:SakisCookie+1","floor":45.0},{"not_picked":["Moonworks:DevilHand","Moonworks:SakisCookie+1"],"picked":"Moonworks:EvilSpyWorkPreparation+1","floor":46.0},{"not_picked":["Moonworks:Assault+1","Moonworks:AngelHand+1"],"picked":"Moonworks:LulusLuckyEgg+1","floor":47.0}],"player_experience":335802,"relics_obtained":[{"floor":7.0,"key":"Letter Opener"},{"floor":9.0,"key":"HollowMod:PaleOreRelic"},{"floor":10.0,"key":"AntiCross"},{"floor":13.0,"key":"Nunchaku"},{"floor":25.0,"key":"Moonworks:LittleGull"},{"floor":26.0,"key":"Toxic Egg 2"},{"floor":28.0,"key":"WingedGreaves"},{"floor":29.0,"key":"Boot"},{"floor":31.0,"key":"HollowMod:StagPassRelic"},{"floor":40.0,"key":"War Paint"},{"floor":42.0,"key":"aspiration:StickyExplosives_weak"},{"floor":43.0,"key":"Eternal Feather"},{"floor":45.0,"key":"Ginger"},{"floor":46.0,"key":"Dream Catcher"}],"event_choices":[],"is_beta":false,"boss_relics":[{"not_picked":["Coffee Dripper","aspiration:WatcherSkillbook"],"picked":"Philosopher\u0027s Stone"},{"not_picked":["Pandora\u0027s Box","aspiration:RunicSpoon"],"picked":"SlaversCollar"}],"items_purged_floors":[],"is_endless":false,"potions_floor_spawned":[2,10,11,13,21,23,28,29,31,35,39,42,46,47],"killed_by":"Shield and Spear","ascension_level":1}}