{"host":"oehe2dxjvdgux73m","time":1611067091,"event":{"mods":["AchievementEnabler","BaseMod","Colored Map","Colored Powertips","DeckTracker","Keyboard Shortcuts","Minty Spire (QoL Compilation)","Permanent Neow","Quick Restart","StSLib","SuperFastMode"],"gold_per_floor":[214,11,25,40,40,40,58,58,58,58,75,91,112,128,128,128,128],"floor_reached":16,"language":"KOR","playtime":430,"items_purged":["Strike_G"],"score":188,"play_id":"7a60dc5d-91d5-4246-9411-6e4ffac291c7","local_time":"20210119233811","is_ascension_mode":true,"campfire_choices":[{"floor":6,"key":"REST"},{"data":"Neutralize","floor":8,"key":"SMITH"},{"data":"Dash","floor":10,"key":"SMITH"},{"floor":15,"key":"REST"}],"circlet_count":0,"master_deck":["AscendersBane","Strike_G","Strike_G","Strike_G","Strike_G","Defend_G","Defend_G","Defend_G","Defend_G","Defend_G","Survivor","Neutralize+1","Dagger Spray","Dash+1","Footwork","Grand Finale","Blur","Well Laid Plans"],"relics":["Ring of the Snake","Paper Crane","Pen Nib","Odd Mushroom"],"acts_visited":["Exordium"],"potions_floor_usage":[16],"damage_taken":[{"damage":3,"enemies":"Cultist","floor":1,"turns":4},{"damage":1,"enemies":"Small Slimes","floor":3,"turns":3},{"damage":0,"enemies":"Jaw Worm","floor":4,"turns":4},{"damage":0,"enemies":"Exordium Wildlife","floor":7,"turns":4},{"damage":9,"enemies":"2 Fungi Beasts","floor":11,"turns":4},{"damage":0,"enemies":"Blue Slaver","floor":12,"turns":5},{"damage":0,"enemies":"The Mushroom Lair","floor":13,"turns":5},{"damage":1,"enemies":"Red Slaver","floor":14,"turns":3},{"damage":50,"enemies":"Hexaghost","floor":16,"turns":15}],"seed_played":"4372713397048261970","potions_obtained":[{"floor":1,"key":"SteroidPotion"},{"floor":3,"key":"Ancient Potion"},{"floor":12,"key":"Energy Potion"}],"is_trial":false,"path_per_floor":["M","$","M","M","?","R","M","R","T","R","M","M","?","M","R","B"],"character_chosen":"THE_SILENT","items_purchased":["Dash","Footwork"],"campfire_rested":2,"item_purchase_floors":[2,2],"current_hp_per_floor":[56,56,55,55,20,39,39,39,39,39,30,30,30,29,48,0,0],"gold":128,"neow_bonus":"HUNDRED_GOLD","is_daily":false,"chose_seed":false,"campfire_upgraded":2,"win_rate":0.0,"timestamp":1611067091,"path_taken":["M","$","M","M","?","R","M","R","T","R","M","M","?","M","R","BOSS"],"items_purchased_type":["Card","Card"],"build_version":"2020-12-22","purchased_purges":1,"victory":false,"max_hp_per_floor":[66,66,66,66,66,66,66,66,66,66,66,66,66,66,66,66,66],"card_choices":[{"not_picked":["Flechettes","Backstab"],"picked":"Dagger Spray","floor":1},{"not_picked":["Backflip","Outmaneuver","Infinite Blades"],"picked":"SKIP","floor":3},{"not_picked":["Outmaneuver","Distraction","Prepared"],"picked":"SKIP","floor":4},{"not_picked":["Dodge and Roll","Expertise"],"picked":"Grand Finale","floor":7},{"not_picked":["Terror","Flying Knee","Dodge and Roll"],"picked":"SKIP","floor":11},{"not_picked":["Dagger Spray","Terror","Deflect"],"picked":"SKIP","floor":12},{"not_picked":["Noxious Fumes","Dagger Throw"],"picked":"Blur","floor":13},{"not_picked":["Dagger Throw","Outmaneuver"],"picked":"Well Laid Plans","floor":14}],"player_experience":288184,"relics_obtained":[{"floor":9,"key":"Pen Nib"},{"floor":13,"key":"Odd Mushroom"}],"event_choices":[{"damage_healed":0,"gold_gain":0,"player_choice":"Success","damage_taken":35,"relics_obtained":["Paper Crane"],"max_hp_gain":0,"max_hp_loss":0,"event_name":"Scrap Ooze","floor":5,"gold_loss":0},{"damage_healed":0,"gold_gain":0,"player_choice":"Fought Mushrooms","damage_taken":0,"max_hp_gain":0,"max_hp_loss":0,"event_name":"Mushrooms","floor":13,"gold_loss":0}],"is_beta":false,"boss_relics":[],"items_purged_floors":[2],"is_endless":false,"potions_floor_spawned":[1,3,12],"killed_by":"Hexaghost","ascension_level":20}}