{"host":"tkinv8gv6hgcc58b","time":1611018716,"event":{"mods":["AchievementEnabler","BaseMod","BetterRewards","Colored Map","Downfall","Googly Eyes","Hermit","Minty Spire (QoL Compilation)","READ ME - Guardian Mod","Rare Cards Sparkle","Relic Filter","Shop Mod","StSLib","The Cursed","The Disciple"],"gold_per_floor":[111,111,120,304,3,55,132,132,182,182,120,120,143,168,177,317,317,341,341,341,40,59,107,116,131,140,65,98,98,107,121,121,251,251,276,290,356,365,397,406,453,453,488,19,48,48,48,91,91,91],"floor_reached":51,"language":"ENG","playtime":5695,"items_purged":["Normality"],"score":1360,"play_id":"49db1c9c-aa46-4577-a7f2-bced57d8d6b0","local_time":"20210118201156","is_ascension_mode":true,"campfire_choices":[{"floor":8.0,"key":"DIG"},{"floor":10.0,"key":"DIG"},{"floor":12.0,"key":"DIG"},{"floor":15.0,"key":"REST"},{"floor":24.0,"key":"REST"},{"floor":30.0,"key":"REST"},{"floor":32.0,"key":"DIG"},{"floor":40,"key":"REST"},{"data":"TheCursedMod:VoidForm","floor":42,"key":"SMITH"},{"floor":47,"key":"DIG"},{"floor":49,"key":"DIG"}],"circlet_count":0,"master_deck":["TheCursedMod:Strike_TheCursed+1","TheCursedMod:Strike_TheCursed+1","TheCursedMod:Strike_TheCursed","TheCursedMod:Strike_TheCursed","TheCursedMod:Defend_TheCursed","TheCursedMod:Defend_TheCursed","TheCursedMod:Defend_TheCursed+1","TheCursedMod:Defend_TheCursed+1","TheCursedMod:CursedWand","TheCursedMod:CleanUpWorkshop","TheCursedMod:Dregs","TheCursedMod:LuckyCharm","TheCursedMod:TroublousMinions","TheCursedMod:FleshFromBone","TheCursedMod:SpitefulStrike","Injury","Doubt","TheCursedMod:SpitefulPlan","TheCursedMod:SpitefulPlan","TheCursedMod:FleshFromBone","TheCursedMod:Obscuration","TheCursedMod:VoidForm+1","TheCursedMod:Stretching+1","TheCursedMod:CircleOfBlood+1","TheCursedMod:SpitefulPray","TheCursedMod:Wield","TheCursedMod:NeowsMight","TheCursedMod:ShockAndAwe","Writhe","downfall:Bewildered","TheCursedMod:SpitefulStrike+1","TheCursedMod:FleshFromBone","downfall:Icky","TheCursedMod:HellfireBreathing","TheCursedMod:Obscuration","TheCursedMod:DoubleShield","TheCursedMod:ReleasedStrength+1"],"relics":["TheCursedMod:BlackMagic101","CeramicFish","Golden Idol","Shovel","Matryoshka","Mummified Hand","Akabeko","Boot","TheCursedMod:SoulVessel","Dream Catcher","Cursed Key","Enchiridion","Turnip","War Paint","Juzu Bracelet","Shuriken","Nunchaku","Potion Belt","TheCursedMod:OminousMark","Prayer Wheel","Smiling Mask","Whetstone","Blood Vial","Pear","Toolbox","Ancient Tea Set","Orichalcum","Pantograph"],"acts_visited":["Exordium","TheCity","TheBeyond"],"potions_floor_usage":[33,33,41],"damage_taken":[{"damage":0.0,"enemies":"2 Louse","floor":1.0,"turns":5.0},{"damage":0.0,"enemies":"Lagavulin","floor":6.0,"turns":12.0},{"damage":12.0,"enemies":"Jaw Worm","floor":13.0,"turns":3.0},{"damage":0.0,"enemies":"Small Slimes","floor":14.0,"turns":5.0},{"damage":35.0,"enemies":"The Guardian","floor":16.0,"turns":22.0},{"damage":20.0,"enemies":"3 Byrds","floor":18.0,"turns":6.0},{"damage":14.0,"enemies":"Chosen","floor":22.0,"turns":6.0},{"damage":9.0,"enemies":"Gremlin Leader","floor":23.0,"turns":7.0},{"damage":11.0,"enemies":"Snake Plant","floor":25.0,"turns":4.0},{"damage":12.0,"enemies":"Shelled Parasite and Fungi","floor":28.0,"turns":6.0},{"damage":8.0,"enemies":"Snecko","floor":31.0,"turns":7.0},{"damage":69,"enemies":"Automaton","floor":33,"turns":14},{"damage":8,"enemies":"3 Darklings","floor":35,"turns":9},{"damage":26,"enemies":"Orb Walker","floor":36,"turns":5},{"damage":44,"enemies":"2 Orb Walkers","floor":37,"turns":5},{"damage":10,"enemies":"Giant Head","floor":41,"turns":8},{"damage":0,"enemies":"Jaw Worm Horde","floor":45,"turns":4},{"damage":8,"enemies":"Reptomancer","floor":48,"turns":4},{"damage":58,"enemies":"Time Eater","floor":50,"turns":7}],"seed_played":"-8470734535840999418","potions_obtained":[{"floor":1.0,"key":"BlessingOfTheForge"},{"floor":13.0,"key":"Regen Potion"},{"floor":16.0,"key":"Block Potion"},{"floor":23.0,"key":"LiquidBronze"},{"floor":35,"key":"PowerPotion"},{"floor":37,"key":"GamblersBrew"},{"floor":41,"key":"SneckoOil"}],"is_trial":false,"path_per_floor":["M","?","?","?","$","E","?","R","T","R","$","R","M","M","R","B",null,"M","?","?","$","M","E","R","M","T","$","M","?","R","M","R","B",null,"M","M","?","?","T","R","E","R","T","$","M","$","R","E","R","B",null],"character_chosen":"THE_CURSED","items_purchased":["TheCursedMod:LuckyCharm","TheCursedMod:TroublousMinions","TheCursedMod:FleshFromBone","Shovel","TheCursedMod:SpitefulPlan","Turnip","TheCursedMod:HellfireBreathing","Pear","TheCursedMod:Obscuration","Toolbox"],"campfire_rested":4,"item_purchase_floors":[0,0,0,5,11,21,44,44,44,44],"current_hp_per_floor":[57,50,50,50,50,50,50,50,50,50,50,50,41,47,69,48,68,54,38,38,38,26,24,46,47,47,47,45,45,67,72,72,37,66,75,60,38,57,57,75,75,75,75,85,85,85,85,81,81,42],"gold":91,"neow_bonus":"","is_daily":false,"chose_seed":false,"campfire_upgraded":1,"win_rate":0.0,"timestamp":1611018716,"path_taken":["M","?","?","?","$","E","?","R","T","R","?","R","M","M","R","BOSS","M","?","?","?","M","E","R","M","T","$","M","?","R","M","R","BOSS","M","M","?","?","?","R","E","R","T","$","M","?","R","E","R","BOSS"],"items_purchased_type":["Card","Card","Card","Relic","Card","Relic","Card","Relic","Card","Relic"],"build_version":"2020-12-22","purchased_purges":1,"victory":true,"max_hp_per_floor":[75,75,75,75,75,75,75,75,75,75,75,75,75,75,75,75,75,75,75,75,75,75,75,75,75,75,75,75,75,75,75,75,75,75,75,75,75,75,75,75,75,75,75,85,85,85,85,85,85,85],"card_choices":[{"not_picked":["TheCursedMod:Torture","TheCursedMod:FuryStrike"],"picked":"TheCursedMod:SpitefulStrike","floor":1.0},{"not_picked":["TheCursedMod:CircleOfAmplification","TheCursedMod:LuckyCharm"],"picked":"TheCursedMod:SpitefulPlan","floor":6.0},{"not_picked":["TheCursedMod:CircleOfCorruption","TheCursedMod:SurpriseAttack"],"picked":"TheCursedMod:FleshFromBone","floor":13.0},{"not_picked":["TheCursedMod:SpitefulStrike","TheCursedMod:TacticalStrike","TheCursedMod:AbyssShockwave"],"picked":"SKIP","floor":14.0},{"not_picked":["TheCursedMod:Torture","TheCursedMod:DoubleShield"],"picked":"TheCursedMod:Obscuration","floor":15.0},{"not_picked":["TheCursedMod:UltimatePain","TheCursedMod:ShockAndAwe"],"picked":"TheCursedMod:VoidForm","floor":16.0},{"not_picked":["TheCursedMod:CircleOfBlood","TheCursedMod:FleshFromBone"],"picked":"TheCursedMod:Stretching+1","floor":18.0},{"not_picked":["TheCursedMod:HellsGateOpen","TheCursedMod:CircleOfFlame","TheCursedMod:CursedBlade+1"],"picked":"SKIP","floor":22.0},{"not_picked":["TheCursedMod:SpitefulPray","TheCursedMod:BloodBarrier"],"picked":"TheCursedMod:CircleOfBlood+1","floor":23.0},{"not_picked":["TheCursedMod:EmpowerCircles","TheCursedMod:CircleOfFlame"],"picked":"TheCursedMod:SpitefulPray","floor":24.0},{"not_picked":["TheCursedMod:RavingStaff","TheCursedMod:TacticalStrike","TheCursedMod:CursedMace"],"picked":"SKIP","floor":25.0},{"not_picked":["TheCursedMod:Stretching","TheCursedMod:CursedBlade"],"picked":"TheCursedMod:Wield","floor":28.0},{"not_picked":["TheCursedMod:Torture","TheCursedMod:SpitefulStrike"],"picked":"TheCursedMod:NeowsMight","floor":30.0},{"not_picked":["TheCursedMod:Torture","TheCursedMod:HellsGateOpen","TheCursedMod:CursedAmulet"],"picked":"SKIP","floor":31.0},{"not_picked":["TheCursedMod:ParallelWorld","TheCursedMod:UltimatePain"],"picked":"TheCursedMod:ShockAndAwe","floor":33},{"not_picked":["TheCursedMod:CursedShiv","TheCursedMod:BloodBarrier+1","TheCursedMod:VitalStrike"],"picked":"SKIP","floor":35},{"not_picked":["TheCursedMod:VitalStrike+1","TheCursedMod:Mangle+1","TheCursedMod:EmpowerCircles"],"picked":"SKIP","floor":36},{"not_picked":["TheCursedMod:Stigma","TheCursedMod:CursedShiv"],"picked":"TheCursedMod:SpitefulStrike+1","floor":40},{"not_picked":["TheCursedMod:AbyssShockwave+1","TheCursedMod:WearCloak+1"],"picked":"TheCursedMod:FleshFromBone","floor":41},{"not_picked":["TheCursedMod:SurpriseAttack+1","TheCursedMod:SpitefulStrike"],"picked":"TheCursedMod:DoubleShield","floor":45},{"not_picked":["TheCursedMod:ParallelWorld","TheCursedMod:WearCloak+1","TheCursedMod:CursedBlade+1"],"picked":"SKIP","floor":45},{"not_picked":["TheCursedMod:WearCloak+1","TheCursedMod:ReleasedKnowledge+1"],"picked":"TheCursedMod:ReleasedStrength+1","floor":48}],"player_experience":1048953,"relics_obtained":[{"floor":6.0,"key":"Matryoshka"},{"floor":8.0,"key":"Mummified Hand"},{"floor":9.0,"key":"Akabeko"},{"floor":9.0,"key":"Boot"},{"floor":10.0,"key":"TheCursedMod:SoulVessel"},{"floor":12.0,"key":"Dream Catcher"},{"floor":19.0,"key":"Enchiridion"},{"floor":23.0,"key":"War Paint"},{"floor":26.0,"key":"Juzu Bracelet"},{"floor":26.0,"key":"Shuriken"},{"floor":32.0,"key":"Potion Belt"},{"floor":37,"key":"Prayer Wheel"},{"floor":39,"key":"Smiling Mask"},{"floor":41,"key":"Whetstone"},{"floor":43,"key":"Blood Vial"},{"floor":47,"key":"Ancient Tea Set"},{"floor":48,"key":"Orichalcum"},{"floor":49,"key":"Pantograph"}],"event_choices":[{"damage_healed":0.0,"max_hp_gain":0.0,"max_hp_loss":0.0,"gold_gain":0.0,"event_name":"Scrap Ooze","player_choice":"Success","floor":2.0,"gold_loss":0.0,"damage_taken":7.0,"relics_obtained":["CeramicFish"]},{"damage_healed":0.0,"max_hp_gain":0.0,"max_hp_loss":0.0,"gold_gain":0.0,"event_name":"Golden Idol","player_choice":"Take Wound","floor":3.0,"gold_loss":0.0,"damage_taken":0.0,"relics_obtained":["Golden Idol"],"cards_obtained":["Injury"]},{"damage_healed":0.0,"max_hp_gain":0.0,"max_hp_loss":0.0,"gold_gain":175.0,"event_name":"Liars Game","player_choice":"AGREE","floor":4.0,"gold_loss":0.0,"damage_taken":0.0,"cards_obtained":["Doubt"]},{"damage_healed":0.0,"max_hp_gain":0.0,"max_hp_loss":0.0,"gold_gain":77.0,"event_name":"Golden Wing","player_choice":"Gained Gold","floor":7.0,"gold_loss":0.0,"damage_taken":0.0},{"damage_healed":0.0,"max_hp_gain":0.0,"max_hp_loss":0.0,"gold_gain":0.0,"event_name":"Cursed Tome","player_choice":"Obtained Book","floor":19.0,"gold_loss":0.0,"damage_taken":16.0},{"damage_healed":0.0,"max_hp_gain":0.0,"max_hp_loss":0.0,"gold_gain":0.0,"event_name":"The Mausoleum","player_choice":"Opened","floor":29.0,"gold_loss":0.0,"damage_taken":0.0,"relics_obtained":["Nunchaku"]},{"damage_healed":0,"gold_gain":0,"player_choice":"Fight","damage_taken":0,"max_hp_gain":0,"max_hp_loss":0,"event_name":"Mysterious Sphere","floor":37,"gold_loss":0},{"damage_healed":19,"gold_gain":0,"player_choice":"Writhe","damage_taken":0,"max_hp_gain":0,"max_hp_loss":0,"event_name":"Winding Halls","floor":38,"gold_loss":0,"cards_obtained":["Writhe"]}],"is_beta":false,"boss_relics":[{"not_picked":["SlaversCollar","Empty Cage"],"picked":"Cursed Key"},{"not_picked":["Fusion Hammer","Coffee Dripper"],"picked":"TheCursedMod:OminousMark"}],"items_purged_floors":[27],"is_endless":false,"potions_floor_spawned":[1,13,16,23,35,37,41],"ascension_level":6}}