{"host":"Qube","time":1611027891,"event":{"mods":["AchievementEnabler","BaseMod","Colored Map","Colored Powertips","Highlight Path","Minty Spire (QoL Compilation)","Permanent Neow","Quick Restart","Random Character Button","StSLib"],"gold_per_floor":[110,130,140,152,169,169,194,194,217,217,237,237,266,285,285,357,357,376,387,398,398,413,413,440,440,522,522,522,522],"floor_reached":28,"language":"ENG","playtime":1171,"items_purged":[],"score":604,"play_id":"89743573-2788-4f90-946d-baf09d2f2899","local_time":"20210118194451","is_ascension_mode":true,"campfire_choices":[{"data":"Deadly Poison","floor":6.0,"key":"SMITH"},{"data":"Calculated Gamble","floor":8.0,"key":"SMITH"},{"data":"Bouncing Flask","floor":10.0,"key":"SMITH"},{"floor":12.0,"key":"REST"},{"data":"Catalyst","floor":15.0,"key":"SMITH"},{"floor":23.0,"key":"REST"},{"data":"Bullet Time","floor":25.0,"key":"SMITH"},{"data":"Backflip","floor":27.0,"key":"SMITH"}],"circlet_count":0,"master_deck":["AscendersBane","Strike_G","Strike_G","Strike_G","Strike_G","Strike_G","Defend_G","Defend_G","Defend_G","Defend_G","Defend_G","Survivor","Neutralize","Dagger Throw","Deadly Poison+1","Calculated Gamble+1","Bouncing Flask+1","Backflip+1","Poisoned Stab","Catalyst+1","Cloak And Dagger","Backflip","Bullet Time+1","Well Laid Plans+1","PiercingWail+1","Parasite"],"relics":["Cursed Key","Paper Crane","Bag of Preparation","Anchor","Busted Crown","MealTicket","Singing Bowl"],"acts_visited":["Exordium","TheCity"],"potions_floor_usage":[],"damage_taken":[{"damage":8.0,"enemies":"Cultist","floor":1.0,"turns":5.0},{"damage":2.0,"enemies":"Small Slimes","floor":2.0,"turns":6.0},{"damage":0.0,"enemies":"2 Louse","floor":3.0,"turns":3.0},{"damage":3.0,"enemies":"Blue Slaver","floor":4.0,"turns":4.0},{"damage":1.0,"enemies":"2 Fungi Beasts","floor":5.0,"turns":3.0},{"damage":6.0,"enemies":"Lagavulin","floor":7.0,"turns":6.0},{"damage":1.0,"enemies":"Looter","floor":11.0,"turns":2.0},{"damage":0.0,"enemies":"Gremlin Nob","floor":13.0,"turns":3.0},{"damage":1.0,"enemies":"Exordium Thugs","floor":14.0,"turns":4.0},{"damage":5.0,"enemies":"The Guardian","floor":16.0,"turns":6.0},{"damage":12.0,"enemies":"2 Thieves","floor":18.0,"turns":4.0},{"damage":17.0,"enemies":"Shell Parasite","floor":19.0,"turns":4.0},{"damage":0.0,"enemies":"Snake Plant","floor":20.0,"turns":2.0},{"damage":11.0,"enemies":"Centurion and Healer","floor":22.0,"turns":5.0},{"damage":0.0,"enemies":"Book of Stabbing","floor":24.0,"turns":3.0},{"damage":35,"enemies":"Slavers","floor":28,"turns":6}],"seed_played":"-3178535505331161713","potions_obtained":[{"floor":2.0,"key":"Ancient Potion"},{"floor":4.0,"key":"Swift Potion"},{"floor":5.0,"key":"EssenceOfSteel"},{"floor":11.0,"key":"EssenceOfSteel"},{"floor":18.0,"key":"Ancient Potion"},{"floor":19.0,"key":"Poison Potion"}],"is_trial":false,"path_per_floor":["M","M","M","M","M","R","E","R","T","R","M","R","E","M","R","B",null,"M","M","M","?","M","R","E","R","T","R","E"],"character_chosen":"THE_SILENT","items_purchased":[],"campfire_rested":2,"item_purchase_floors":[],"current_hp_per_floor":[51,49,49,46,45,45,39,39,39,39,38,57,57,56,56,51,62,50,33,33,33,22,41,41,41,41,41,6,6],"gold":522,"neow_bonus":"BOSS_RELIC","is_daily":false,"chose_seed":false,"campfire_upgraded":6,"win_rate":0.0,"timestamp":1611027891,"path_taken":["M","?","M","M","?","R","E","R","T","R","M","R","E","M","R","BOSS","M","M","M","?","?","R","E","R","T","R","E"],"items_purchased_type":[],"build_version":"2020-12-18","purchased_purges":0,"victory":false,"max_hp_per_floor":[66,66,66,66,66,66,66,66,66,66,66,66,66,66,66,66,66,66,66,66,66,66,66,66,66,66,66,66,66],"card_choices":[{"not_picked":["Cloak And Dagger","Underhanded Strike"],"picked":"Dagger Throw","floor":1.0},{"not_picked":["Expertise","Flying Knee"],"picked":"Deadly Poison","floor":2.0},{"not_picked":["Blur","Poisoned Stab"],"picked":"Calculated Gamble","floor":3.0},{"not_picked":["Concentrate","Setup"],"picked":"Bouncing Flask","floor":4.0},{"not_picked":["Poisoned Stab","Heel Hook"],"picked":"Backflip","floor":5.0},{"not_picked":["Well Laid Plans","Distraction"],"picked":"Poisoned Stab","floor":7.0},{"not_picked":["Setup","Blade Dance"],"picked":"Catalyst","floor":11.0},{"not_picked":["Wraith Form v2","Prepared"],"picked":"Cloak And Dagger","floor":13.0},{"not_picked":["Reflex","Underhanded Strike"],"picked":"Backflip","floor":14.0},{"not_picked":["Unload","Die Die Die"],"picked":"Bullet Time","floor":16.0},{"not_picked":[],"picked":"Well Laid Plans+1","floor":18.0},{"not_picked":[],"picked":"PiercingWail+1","floor":19.0},{"not_picked":["Outmaneuver"],"picked":"SKIP","floor":20.0},{"not_picked":["Cloak And Dagger"],"picked":"SKIP","floor":22.0},{"not_picked":["PiercingWail"],"picked":"SKIP","floor":24.0}],"player_experience":940377,"relics_obtained":[{"floor":7.0,"key":"Paper Crane"},{"floor":9.0,"key":"Bag of Preparation"},{"floor":13.0,"key":"Anchor"},{"floor":24.0,"key":"MealTicket"},{"floor":26.0,"key":"Singing Bowl"}],"event_choices":[{"cards_removed":["Clumsy"],"damage_healed":0.0,"max_hp_gain":0.0,"max_hp_loss":0.0,"gold_gain":0.0,"event_name":"Purifier","player_choice":"Purged","floor":21.0,"gold_loss":0.0,"damage_taken":0.0}],"is_beta":true,"boss_relics":[{"not_picked":["SacredBark","Empty Cage"],"picked":"Busted Crown"}],"items_purged_floors":[],"is_endless":false,"potions_floor_spawned":[2,4,5,11,18,19],"killed_by":"Slavers","ascension_level":20}}