{"host":"xy1hv1rgvrf7f9nu","time":1611087879,"event":{"mods":["BaseMod","Duelist Mod","Fox Events","Koishi","Minty Spire (QoL Compilation)","Robot Space Explorer","StSLib","The Cursed"],"gold_per_floor":[210,210,227,227,227,227,256,256,281,293,135,167,167,223,223,325,325,325,325],"floor_reached":18,"language":"FRA","playtime":1891,"items_purged":[],"score":241,"play_id":"d9b03dbf-2353-4656-9b35-32805140963c","local_time":"20210119212439","is_ascension_mode":false,"campfire_choices":[{"floor":6.0,"key":"RECALL"},{"data":"theDuelist:OrbMetronome","floor":8.0,"key":"SMITH"},{"data":"theDuelist:RainbowNeos","floor":13.0,"key":"SMITH"},{"data":"theDuelist:FinalFlame","floor":15.0,"key":"SMITH"}],"circlet_count":1,"master_deck":["theDuelist:BeaverWarrior","theDuelist:BeaverWarrior","Madness","Madness","theDuelist:FinalFlame+1","theDuelist:GiantSoldier","theDuelist:GiantSoldier","theDuelist:Sparks","theDuelist:Sparks","theDuelist:ForbiddenLance+1","theDuelist:OrbMetronome+1","theDuelist:LegendarySword","theDuelist:RainbowNeos+1","theDuelist:FrontierWiseman","theDuelist:BerserkerCrush","theDuelist:PowerKaishin","theDuelist:DokiDoki","theDuelist:RedMedicine"],"relics":["theDuelist:MillenniumPuzzle","NeowsBlessing","Circlet","theDuelist:TributeEggRelic","theDuelist:HauntedRelic"],"acts_visited":["TheCity"],"potions_floor_usage":[],"damage_taken":[{"damage":0.0,"enemies":"Jaw Worm","floor":1.0,"turns":1.0},{"damage":0.0,"enemies":"Cultist","floor":3.0,"turns":1.0},{"damage":0.0,"enemies":"Gremlin Nob","floor":7.0,"turns":1.0},{"damage":0.0,"enemies":"2 Louse","floor":10.0,"turns":3.0},{"damage":2.0,"enemies":"Lagavulin","floor":12.0,"turns":3.0},{"damage":5.0,"enemies":"Lagavulin Event","floor":14.0,"turns":5.0},{"damage":0.0,"enemies":"Slime Boss","floor":16.0,"turns":9.0},{"damage":0,"enemies":"2 Thieves","floor":18,"turns":1}],"seed_played":"3619554219875788965","potions_obtained":[{"floor":3.0,"key":"Poison Potion"},{"floor":16.0,"key":"Swift Potion"}],"is_trial":false,"path_per_floor":["M","?","M","?","$","R","E","R","T","M","$","E","R","?","R","B",null,"M"],"character_chosen":"THE_DUELIST","items_purchased":["theDuelist:FrontierWiseman","theDuelist:BerserkerCrush"],"campfire_rested":0,"item_purchase_floors":[11,11],"current_hp_per_floor":[80,80,80,80,80,80,80,80,80,80,80,78,78,73,73,73,80,80,80],"gold":325,"neow_bonus":"THREE_ENEMY_KILL","is_daily":false,"chose_seed":false,"campfire_upgraded":3,"win_rate":0.0,"timestamp":1611087879,"path_taken":["M","?","?","?","?","R","E","R","T","M","$","E","R","?","R","BOSS","M"],"items_purchased_type":["Card","Card"],"build_version":"2020-12-22","purchased_purges":0,"victory":false,"max_hp_per_floor":[80,80,80,80,80,80,80,80,80,80,80,80,80,80,80,80,80,80,80],"card_choices":[{"not_picked":["theDuelist:CombinationAttack","theDuelist:SpellShatteringArrow","theDuelist:Hinotama","theDuelist:GaiaFierce"],"picked":"theDuelist:ForbiddenLance","floor":1.0},{"not_picked":["theDuelist:PowerKaishin","theDuelist:GiantTrunade","theDuelist:DarkMirrorForce","theDuelist:Polymerization"],"picked":"theDuelist:OrbMetronome","floor":3.0},{"not_picked":["theDuelist:ObeliskTormentor","theDuelist:PotForbidden","theDuelist:Predaponics","theDuelist:Graverobber"],"picked":"theDuelist:LegendarySword","floor":7.0},{"not_picked":["theDuelist:Sangan","theDuelist:CelticGuardian","theDuelist:EarthquakeGiant","theDuelist:FlameSwordsman"],"picked":"theDuelist:RainbowNeos","floor":10.0},{"not_picked":["theDuelist:DarkHole","theDuelist:BigEye","theDuelist:OneForOne","theDuelist:RainbowLife"],"picked":"theDuelist:PowerKaishin","floor":12.0},{"not_picked":["theDuelist:Fissure","theDuelist:Linkuriboh","theDuelist:WormWarlord","theDuelist:SwordsRevealing"],"picked":"theDuelist:DokiDoki","floor":14.0},{"not_picked":["theDuelist:DarkCreator","theDuelist:Reload","theDuelist:CharcoalInpachi","theDuelist:WingedKuribohLv10"],"picked":"theDuelist:RedMedicine","floor":16.0}],"player_experience":285503,"relics_obtained":[{"floor":7.0,"key":"QRelics:BladedBoots"},{"floor":12.0,"key":"theDuelist:TributeEggRelic"},{"floor":14.0,"key":"QRelics:IounStones"}],"event_choices":[{"cards_removed":["theDuelist:ScrapFactory"],"damage_healed":0.0,"max_hp_gain":0.0,"max_hp_loss":0.0,"gold_gain":0.0,"event_name":"WeMeetAgain","player_choice":"Gave Card","floor":2.0,"gold_loss":0.0,"damage_taken":0.0,"relics_obtained":["QRelics:PufferfishSpines"]},{"damage_healed":0.0,"max_hp_gain":0.0,"max_hp_loss":0.0,"gold_gain":0.0,"event_name":"Accursed Blacksmith","player_choice":"Forge","floor":4.0,"gold_loss":0.0,"damage_taken":0.0,"cards_upgraded":["theDuelist:ForbiddenLance"]},{"damage_healed":0.0,"max_hp_gain":0.0,"max_hp_loss":0.0,"gold_gain":30.0,"event_name":"Dead Adventurer","player_choice":"Searched \u00273\u0027 times","floor":14.0,"gold_loss":0.0,"damage_taken":0.0}],"is_beta":false,"boss_relics":[{"not_picked":["Circlet","Circlet"],"picked":"theDuelist:HauntedRelic"}],"items_purged_floors":[],"is_endless":false,"potions_floor_spawned":[3,16],"killed_by":"2 Thieves","ascension_level":0}}