{"host":"i7jfea87xc8lz16p","time":1611082309,"event":{"mods":["AchievementEnabler","BaseMod","Colored Powertips","Minty Spire (QoL Compilation)","Relic Stats"],"gold_per_floor":[116,116,11,21,37,37,53,53,76,87,113,138,150,187,199,285,297,327,339,51,63,76,107,107,118,118,118,118],"floor_reached":27,"language":"ENG","playtime":1486,"items_purged":["Strike_P","Strike_P"],"score":540,"play_id":"fd35400b-e865-4bf6-918c-22599da53432","local_time":"20210119195149","is_ascension_mode":true,"campfire_choices":[{"data":"EmptyFist","floor":6,"key":"SMITH"},{"data":"Eruption","floor":13,"key":"SMITH"},{"data":"Conclude","floor":15,"key":"SMITH"},{"floor":24,"key":"REST"}],"circlet_count":0,"master_deck":["AscendersBane","Strike_P","Strike_P","Defend_P","Defend_P","Defend_P","Defend_P","Eruption+1","Vigilance","JustLucky","EmptyFist+1","ThirdEye","WindmillStrike","Conclude+1","FlurryOfBlows","SashWhip","WaveOfTheHand","ThirdEye","CrushJoints","TalkToTheHand","InnerPeace","Vengeance","CutThroughFate","DevaForm","Tantrum"],"relics":["PureWater","Tiny Chest","Lantern","MawBank","Blue Candle","Runic Pyramid","Smiling Mask","Toy Ornithopter","Sundial"],"acts_visited":["Exordium","TheCity"],"potions_floor_usage":[11,14,23,23],"damage_taken":[{"damage":0,"enemies":"Cultist","floor":1,"turns":2},{"damage":0,"enemies":"Small Slimes","floor":4,"turns":2},{"damage":0,"enemies":"Jaw Worm","floor":5,"turns":3},{"damage":2,"enemies":"Exordium Thugs","floor":7,"turns":3},{"damage":0,"enemies":"Exordium Wildlife","floor":10,"turns":1},{"damage":0,"enemies":"3 Sentries","floor":11,"turns":2},{"damage":0,"enemies":"Gremlin Gang","floor":12,"turns":3},{"damage":8,"enemies":"Gremlin Nob","floor":14,"turns":3},{"damage":44,"enemies":"Slime Boss","floor":16,"turns":8},{"damage":19,"enemies":"Shell Parasite","floor":18,"turns":7},{"damage":17,"enemies":"2 Thieves","floor":21,"turns":5},{"damage":12,"enemies":"Sentry and Sphere","floor":22,"turns":4},{"damage":13,"enemies":"Book of Stabbing","floor":23,"turns":5},{"damage":21,"enemies":"Centurion and Healer","floor":25,"turns":6},{"damage":13,"enemies":"Cultist and Chosen","floor":27,"turns":3}],"seed_played":"-5965845589907139077","potions_obtained":[{"floor":4,"key":"LiquidMemories"},{"floor":5,"key":"SteroidPotion"},{"floor":12,"key":"ColorlessPotion"},{"floor":14,"key":"BlessingOfTheForge"}],"is_trial":false,"path_per_floor":["M","?","$","M","M","R","M","?","T","M","E","M","R","E","R","B",null,"M","T","$","M","M","E","R","M","T","M"],"character_chosen":"WATCHER","items_purchased":["EmptyFist","TalkToTheHand","Regen Potion","InnerPeace"],"campfire_rested":1,"item_purchase_floors":[3,20,20,20],"current_hp_per_floor":[61,61,61,61,61,61,59,59,59,59,59,59,59,51,51,7,53,34,34,34,17,5,6,26,5,5,0,0],"gold":118,"neow_bonus":"RANDOM_COMMON_RELIC","is_daily":false,"chose_seed":false,"campfire_upgraded":3,"win_rate":0.0,"timestamp":1611082309,"path_taken":["M","?","$","M","M","R","M","?","T","?","E","M","R","E","R","BOSS","M","?","$","?","M","E","R","M","T","M"],"items_purchased_type":["Card","Card","Potion","Card"],"build_version":"2020-12-22","purchased_purges":2,"victory":false,"max_hp_per_floor":[68,68,68,68,68,68,68,68,68,68,68,68,68,68,68,68,68,68,68,68,68,68,68,68,68,68,68,68],"relic_stats":{"counters":[15,57],"Sundial":[0],"Blue Candle":[0],"Tiny Chest":1,"MawBank":108,"Smiling Mask":50,"obtain_stats":[{"Lantern":9,"Sundial":26,"Blue Candle":14,"Tiny Chest":0,"PureWater":0,"MawBank":11,"Smiling Mask":19,"Toy Ornithopter":23,"Runic Pyramid":17},{"Lantern":4,"Sundial":14,"Blue Candle":8,"Tiny Chest":0,"PureWater":0,"MawBank":6,"Smiling Mask":10,"Toy Ornithopter":13,"Runic Pyramid":9},{"Lantern":10,"Sundial":54,"Blue Candle":19,"Tiny Chest":0,"PureWater":0,"MawBank":13,"Smiling Mask":34,"Toy Ornithopter":48,"Runic Pyramid":27}],"Toy Ornithopter":0},"card_choices":[{"not_picked":["InnerPeace","PathToVictory"],"picked":"JustLucky","floor":1},{"not_picked":["PathToVictory","DeusExMachina"],"picked":"ThirdEye","floor":4},{"not_picked":["Fasting2","Perseverance"],"picked":"WindmillStrike","floor":5},{"not_picked":["ThirdEye","Prostrate"],"picked":"Conclude","floor":7},{"not_picked":["BowlingBash","CarveReality"],"picked":"SashWhip","floor":10},{"not_picked":["Swivel","CrushJoints"],"picked":"WaveOfTheHand","floor":11},{"not_picked":["FlyingSleeves","JustLucky"],"picked":"ThirdEye","floor":12},{"not_picked":["MasterReality","EmptyMind","DeusExMachina"],"picked":"SKIP","floor":14},{"not_picked":["ClearTheMind","PathToVictory"],"picked":"CrushJoints","floor":18},{"not_picked":["Sanctity","Swivel"],"picked":"Vengeance","floor":21},{"not_picked":["Adaptation","Fasting2+1"],"picked":"CutThroughFate","floor":22},{"not_picked":["SandsOfTime","Evaluate"],"picked":"DevaForm","floor":23},{"not_picked":["CutThroughFate","PathToVictory"],"picked":"Tantrum","floor":25}],"player_experience":1825547,"relics_obtained":[{"floor":9,"key":"Lantern"},{"floor":11,"key":"MawBank"},{"floor":14,"key":"Blue Candle"},{"floor":19,"key":"Smiling Mask"},{"floor":23,"key":"Toy Ornithopter"},{"floor":26,"key":"Sundial"}],"event_choices":[{"damage_healed":0,"gold_gain":0,"player_choice":"Ignored","damage_taken":0,"max_hp_gain":0,"max_hp_loss":0,"event_name":"Shining Light","floor":2,"gold_loss":0},{"damage_healed":0,"gold_gain":0,"player_choice":"1 cards matched","damage_taken":0,"max_hp_gain":0,"max_hp_loss":0,"event_name":"Match and Keep!","floor":8,"gold_loss":0,"cards_obtained":["FlurryOfBlows"]}],"is_beta":false,"boss_relics":[{"not_picked":["Calling Bell","Coffee Dripper"],"picked":"Runic Pyramid"}],"items_purged_floors":[3,20],"is_endless":false,"potions_floor_spawned":[4,5,12,14,18,22],"killed_by":"Cultist and Chosen","ascension_level":20}}