{"host":"l5xpox9cbdko122s","time":1611089827,"event":{"mods":["AchievementEnabler","BaseMod","Minty Spire (QoL Compilation)"],"gold_per_floor":[111,127,52,71,71,97,97,97,146,162,62,62,77,96,96,193,193,206,206,206,222,232,157,239,248,301,329,329,369,380,161,161,161,161],"floor_reached":33,"language":"ENG","playtime":1426,"items_purged":["Defend_B","Strike_B","Writhe"],"score":337,"play_id":"226192ed-0331-4e24-b42b-2e6bddc7ed34","local_time":"20210119155707","is_ascension_mode":false,"campfire_choices":[{"floor":7,"key":"RECALL"},{"data":"Electrodynamics","floor":15,"key":"SMITH"},{"floor":32,"key":"REST"}],"circlet_count":0,"master_deck":["Strike_B","Strike_B","Strike_B","Defend_B","Defend_B","Defend_B","Dualcast","Storm","Conserve Battery","Electrodynamics+1","Redo","Static Discharge","Creative AI","Storm+1","Defragment"],"relics":["Cracked Core","NeowsBlessing","Matryoshka","Anchor","Busted Crown","CeramicFish","Meat on the Bone","Shovel","Centennial Puzzle","Question Card","The Courier","Runic Capacitor"],"acts_visited":["Exordium","TheCity"],"potions_floor_usage":[5,6,14,16,18,27,30],"damage_taken":[{"damage":0,"enemies":"Jaw Worm","floor":1,"turns":1},{"damage":0,"enemies":"Small Slimes","floor":2,"turns":1},{"damage":0,"enemies":"Cultist","floor":4,"turns":1},{"damage":0,"enemies":"Large Slime","floor":5,"turns":1},{"damage":53,"enemies":"3 Sentries","floor":6,"turns":11},{"damage":1,"enemies":"Lots of Slimes","floor":10,"turns":2},{"damage":5,"enemies":"Looter","floor":13,"turns":3},{"damage":0,"enemies":"Exordium Wildlife","floor":14,"turns":2},{"damage":0,"enemies":"Slime Boss","floor":16,"turns":5},{"damage":10,"enemies":"2 Thieves","floor":18,"turns":4},{"damage":5,"enemies":"3 Byrds","floor":21,"turns":2},{"damage":2,"enemies":"Centurion and Healer","floor":22,"turns":3},{"damage":15,"enemies":"Gremlin Leader","floor":27,"turns":4},{"damage":41,"enemies":"Book of Stabbing","floor":29,"turns":5},{"damage":6,"enemies":"Shelled Parasite and Fungi","floor":30,"turns":3},{"damage":58,"enemies":"Automaton","floor":33,"turns":6}],"seed_played":"1879510830986238928","potions_obtained":[{"floor":1,"key":"Swift Potion"},{"floor":2,"key":"SmokeBomb"},{"floor":6,"key":"GamblersBrew"},{"floor":14,"key":"FocusPotion"},{"floor":16,"key":"AttackPotion"},{"floor":22,"key":"ColorlessPotion"},{"floor":29,"key":"EssenceOfSteel"}],"is_trial":false,"path_per_floor":["M","M","$","M","M","E","R","?","T","M","$","?","M","M","R","B",null,"M","$","?","M","M","?","T","?","T","E","?","E","M","$","R","B"],"character_chosen":"DEFECT","items_purchased":["Runic Capacitor"],"campfire_rested":1,"item_purchase_floors":[31],"current_hp_per_floor":[75,75,75,75,75,22,22,22,22,21,21,21,16,16,16,16,75,65,65,59,54,52,52,52,52,52,49,49,20,26,26,48,0,0],"gold":161,"neow_bonus":"THREE_ENEMY_KILL","is_daily":false,"chose_seed":false,"campfire_upgraded":1,"win_rate":0.0,"timestamp":1611089827,"path_taken":["M","M","$","M","M","E","R","?","T","M","?","?","?","M","R","BOSS","M","$","?","M","?","?","?","?","T","E","?","E","M","?","R","BOSS"],"items_purchased_type":["Relic"],"build_version":"2020-12-22","purchased_purges":3,"victory":false,"max_hp_per_floor":[75,75,75,75,75,75,75,75,75,75,75,75,75,75,75,75,75,75,75,75,75,75,75,75,75,75,75,75,75,75,75,75,75,75],"card_choices":[{"not_picked":["Sweeping Beam","Rebound"],"picked":"Storm","floor":1},{"not_picked":["Leap","Rebound"],"picked":"Conserve Battery","floor":2},{"not_picked":["Sweeping Beam","Steam","Double Energy"],"picked":"SKIP","floor":4},{"not_picked":["Go for the Eyes","Tempest"],"picked":"Electrodynamics","floor":6},{"not_picked":["Streamline","Compile Driver"],"picked":"Redo","floor":10},{"not_picked":["Auto Shields","Steam"],"picked":"Static Discharge","floor":13},{"not_picked":["Rebound","Chill","Beam Cell"],"picked":"SKIP","floor":14},{"not_picked":["Reboot","Amplify"],"picked":"Creative AI","floor":16},{"not_picked":[],"picked":"Storm+1","floor":18},{"not_picked":["Chaos"],"picked":"SKIP","floor":21},{"not_picked":["Steam Power"],"picked":"SKIP","floor":22},{"not_picked":["Scrape"],"picked":"SKIP","floor":27},{"not_picked":["Undo"],"picked":"Defragment","floor":29},{"not_picked":["Double Energy+1","Go for the Eyes"],"picked":"SKIP","floor":30}],"player_experience":137179,"relics_obtained":[{"floor":6,"key":"Matryoshka"},{"floor":9,"key":"Anchor"},{"floor":24,"key":"CeramicFish"},{"floor":24,"key":"Meat on the Bone"},{"floor":26,"key":"Centennial Puzzle"},{"floor":27,"key":"Question Card"},{"floor":29,"key":"The Courier"}],"event_choices":[{"damage_healed":0,"gold_gain":0,"player_choice":"Fled","damage_taken":0,"max_hp_gain":0,"max_hp_loss":0,"event_name":"Scrap Ooze","floor":8,"gold_loss":0},{"damage_healed":0,"gold_gain":0,"player_choice":"Ignored","damage_taken":0,"max_hp_gain":0,"max_hp_loss":0,"event_name":"Transmorgrifier","floor":12,"gold_loss":0},{"damage_healed":0,"gold_gain":0,"player_choice":"","damage_taken":6,"max_hp_gain":0,"max_hp_loss":0,"event_name":"Knowing Skull","floor":20,"potions_obtained":[],"gold_loss":0,"cards_obtained":[]},{"cards_removed":["Zap"],"damage_healed":0,"gold_gain":0,"player_choice":"Gave Gold","damage_taken":0,"max_hp_gain":0,"max_hp_loss":0,"event_name":"Beggar","floor":23,"gold_loss":75},{"damage_healed":0,"gold_gain":0,"player_choice":"Opened","damage_taken":0,"relics_obtained":["Shovel"],"max_hp_gain":0,"max_hp_loss":0,"event_name":"The Mausoleum","floor":25,"gold_loss":0,"cards_obtained":["Writhe"]},{"damage_healed":0,"gold_gain":0,"player_choice":"Ignored","damage_taken":0,"max_hp_gain":0,"max_hp_loss":0,"event_name":"Cursed Tome","floor":28,"gold_loss":0}],"is_beta":false,"boss_relics":[{"not_picked":["SacredBark","Philosopher\u0027s Stone"],"picked":"Busted Crown"}],"items_purged_floors":[3,11,31],"is_endless":false,"potions_floor_spawned":[1,2,5,6,14,16,22,29],"killed_by":"Automaton","ascension_level":0}}