{"host":"rng0zyo66qdcpyr0","time":1611048818,"event":{"mods":["Ascension Reborn","BaseMod","Lobotomy","LobotomyExtend","Minty Spire (QoL Compilation)","Nova Terra(诺娃・泰拉)","Reimu（博丽灵梦）","Remilia（蕾米莉亚）","RumiaBox-露米娅的神秘盒子","StSLib","TestMod","WarShipGirlsR/战舰少女R mod","Yakumo Yukari mod","[GremlinLeader]The Maniac","【功能Mod】混沌之环修复补丁","【遗物卡牌】REMEMod"],"gold_per_floor":[136,149,167,181,192,192,217,230,230,265,281,281,291,308,308,413,413,417,417,441,441,465,500,500,91,91,91,114,39,148,167,167,280,280,298,356,378,91,115,115,515,515,515,515,556,556,575,613,613,625,625],"floor_reached":52,"language":"ZHS","playtime":2588,"items_purged":[],"score":1069,"play_id":"ff901862-ccf0-4565-a7a8-bdcb61f88a8e","local_time":"20210119173338","is_ascension_mode":true,"campfire_choices":[{"data":"GluttonyofRealm_purpleEX","floor":6,"key":"SMITH"},{"floor":12,"key":"DIG"},{"floor":15,"key":"DIG"},{"floor":24,"key":"DIG"},{"floor":32,"key":"DIG"},{"floor":40,"key":"DIG"},{"floor":44,"key":"DIG"},{"floor":46,"key":"DIG"},{"floor":49,"key":"DIG"}],"circlet_count":0,"master_deck":["AT_purpleEX+1","AT_purpleEX+1","AT_purpleEX+1","AT_purpleEX+1","Defend_purpleEX+1","Defend_purpleEX+1","Defend_purpleEX+1","Defend_purpleEX+1","Observe_purple_1+1","Observe_purple_2+1","KamiRite:ReiMu","CommonSense_AntiCommonSense_purple","WingOfChimera_purple","ExistenceContinue_purple","GluttonyofRealm_purpleEX+1","OmniscientAndOmnipotent_Monster_purple","WasteWire_Metro_purple","Mirror_FourBoundary_purple+1","Fantasy_PerpetualMotionMachine_purple+1","ProofOfUnderstanding_purple+1","RealityDreamConfluencek_purple","MonsterNeedle_purple+1","Boundary_LightAndDark_purple","Shallow_ocean_purpleEX","Theboundaryofcreation_purpleEX+1","MeetDecomposer_purple+1","ContainerChange_purple+1","MeetDecomposer_purple+1","MeetDecomposer_purple+1","MeetDecomposer_purple+1","testmod-Recap+1","testmod-RabbitOfFibonacci","Realm_recovery_purpleEX+1","RuleDissolution_purple+1","The Bomb+1","MetroBOOM_purple+1","D_absorption_purple+1","Mirror_FormAndEmptin_purple+1"],"relics":["Boundary_crack","Memoryfragments_purpleEX","REME_ComplimentaryCards","testmod-TestBox","testmod-EqualTreatment","Shovel","RuthlessExorcism:ReiMu","GodSword1","Frozen Egg 2","LastBattle","Meat on the Bone","testmod-DeterminationOfClimber","Gaze_r","MagicBullet_r","Nilry\u0027s Codex","testmod-ArcanaOfDestiny","testmod-BalancedPeriapt","REME_LimitBreaker","testmod-MagicalMallet","Mummified Hand","Prayer Wheel","GodSword3","Toxic Egg 2","SlaversCollar","Incense Burner","Matryoshka","Boot","Bottled Flame","Darkstone Periapt","REME_PuzzleBoxRelic","LetterFromLob","Dream Catcher","Bottled Lightning","testmod-CyclicPeriapt"],"acts_visited":["Exordium","TheCity","TheBeyond"],"potions_floor_usage":[10,16,16,18,20],"damage_taken":[{"damage":0,"enemies":"Cultist","floor":1,"turns":3},{"damage":3,"enemies":"Jaw Worm","floor":2,"turns":4},{"damage":0,"enemies":"2 Louse","floor":3,"turns":2},{"damage":0,"enemies":"Red Slaver","floor":4,"turns":3},{"damage":4,"enemies":"Large Slime","floor":5,"turns":6},{"damage":42,"enemies":"Gremlin Nob","floor":7,"turns":5},{"damage":8,"enemies":"2 Fungi Beasts","floor":8,"turns":3},{"damage":25,"enemies":"Lagavulin","floor":10,"turns":4},{"damage":1,"enemies":"Looter","floor":11,"turns":3},{"damage":0,"enemies":"Large Slime","floor":13,"turns":6},{"damage":1,"enemies":"Exordium Thugs","floor":14,"turns":6},{"damage":0,"enemies":"Hexaghost","floor":16,"turns":9},{"damage":2,"enemies":"Shell Parasite","floor":18,"turns":3},{"damage":4,"enemies":"Shell Parasite","floor":20,"turns":4},{"damage":16,"enemies":"Chosen","floor":22,"turns":5},{"damage":33,"enemies":"Slavers","floor":23,"turns":2},{"damage":0,"enemies":"Snake Plant","floor":28,"turns":1},{"damage":0,"enemies":"Colosseum Slavers","floor":30,"turns":2},{"damage":0,"enemies":"Colosseum Nobs","floor":30,"turns":2},{"damage":8,"enemies":"Centurion and Healer","floor":31,"turns":1},{"damage":5,"enemies":"Champ","floor":33,"turns":6},{"damage":0,"enemies":"Orb Walker","floor":35,"turns":1},{"damage":2,"enemies":"Mind Bloom Boss Battle","floor":36,"turns":2},{"damage":0,"enemies":"3 Darklings","floor":37,"turns":2},{"damage":0,"enemies":"Writhing Mass","floor":39,"turns":2},{"damage":29,"enemies":"Reptomancer","floor":45,"turns":1},{"damage":8,"enemies":"Sphere and 2 Shapes","floor":47,"turns":1},{"damage":0,"enemies":"Nemesis","floor":48,"turns":1},{"damage":0,"enemies":"Donu and Deca","floor":50,"turns":5}],"seed_played":"5667377488193187957","potions_obtained":[{"floor":1,"key":"testmod-EscapePotion"},{"floor":5,"key":"GrandPatriotsElixir:ReiMu"},{"floor":10,"key":"EssenceOfSteel"},{"floor":11,"key":"AttackPotion"},{"floor":14,"key":"GrandPatriotsElixir:ReiMu"},{"floor":16,"key":"SkillPotion"},{"floor":20,"key":"Strength Potion"},{"floor":28,"key":"Energy Potion"},{"floor":31,"key":"LiquidBronze"}],"is_trial":false,"path_per_floor":["M","M","M","M","M","R","E","M","T","E","M","R","M","M","R","B",null,"M","T","M","?","M","E","R","$","T","?","M","?","?","M","R","B",null,"M","?","M","$","M","R","?","?","T","R","E","R","M","E","R","B",null,null],"character_chosen":"Youkari","items_purchased":["REME_LimitBreaker","testmod-MagicalMallet","testmod-Recap+1","testmod-RabbitOfFibonacci"],"campfire_rested":0,"item_purchase_floors":[25,25,38,38],"current_hp_per_floor":[70,70,70,70,70,70,33,29,29,6,13,13,26,34,34,48,89,93,93,93,77,71,47,47,47,47,47,53,53,64,63,63,75,97,97,97,97,97,97,97,97,97,97,97,73,73,82,91,91,97,97],"gold":625,"neow_bonus":"ONE_RARE_RELIC","is_daily":false,"chose_seed":false,"campfire_upgraded":1,"win_rate":0.0,"timestamp":1611048818,"path_taken":["M","M","M","M","M","R","E","M","T","E","M","R","M","M","R","BOSS","M","?","M","?","M","E","R","?","T","?","?","?","?","M","R","BOSS","M","?","M","$","M","R","?","?","T","R","E","R","M","E","R","BOSS"],"items_purchased_type":["Relic","Relic","Card","Card"],"build_version":"2020-12-22","purchased_purges":0,"victory":true,"max_hp_per_floor":[70,70,70,70,73,73,73,73,73,73,77,77,85,89,89,89,89,93,93,93,93,93,97,97,97,97,97,97,97,97,97,97,97,97,97,97,97,97,97,97,97,97,97,97,97,97,97,97,97,97,97],"card_choices":[{"not_picked":["Mirror_FormAndEmptin_purple","StateErode_purple"],"picked":"CommonSense_AntiCommonSense_purple","floor":1},{"not_picked":["Mirror_FourBoundary_purple","AdvanceAttack_purple"],"picked":"WingOfChimera_purple","floor":2},{"not_picked":["SharpContractionReality_purple","OpenedBox_purple"],"picked":"ExistenceContinue_purple","floor":3},{"not_picked":["Shallow_ocean_purpleEX","Charmbait_purple"],"picked":"GluttonyofRealm_purpleEX","floor":4},{"not_picked":["StateDuplicate_purple","Boundary_LightAndDark_purple"],"picked":"OmniscientAndOmnipotent_Monster_purple","floor":5},{"not_picked":["DimensionStaggered_purple","MeetDecomposer_purple"],"picked":"WasteWire_Metro_purple","floor":7},{"not_picked":["MeetDecomposer_purple","AdvanceAttack_purple","DimensionStaggered_purple"],"picked":"SKIP","floor":8},{"not_picked":["Mirror_WaveAndshot_purple","StateErode_purple"],"picked":"DimensionStaggered_purple","floor":10},{"not_picked":["StateErode_purple","Boundary_ObjectiveBoundary_purple"],"picked":"Mirror_FourBoundary_purple+1","floor":11},{"not_picked":["Extrememeaning_purpleEX","SharpContractionReality_purple","Umbrella_purple"],"picked":"SKIP","floor":13},{"not_picked":["Mirror_FormAndEmptin_purple","AdvanceAttack_purple"],"picked":"Fantasy_PerpetualMotionMachine_purple+1","floor":14},{"not_picked":["GluttonyofRealm_purpleEX","Human_Monster_Realm_purple"],"picked":"ProofOfUnderstanding_purple+1","floor":16},{"not_picked":["Worldmountain_purple","Mirror_FourBoundary_purple+1"],"picked":"RealityDreamConfluencek_purple","floor":20},{"not_picked":["Nest_LightFlightworm_purple","StateErode_purple","DimensionStaggered_purple"],"picked":"SKIP","floor":22},{"not_picked":["MeetDecomposer_purple","StretchesForeverDream_purple"],"picked":"MonsterNeedle_purple+1","floor":23},{"not_picked":["Charmbait_purple","WatchEChange_purple"],"picked":"Boundary_LightAndDark_purple","floor":28},{"not_picked":["ExistenceContinue_purple","Boundary_ObjectiveBoundary_purple+1"],"picked":"Shallow_ocean_purpleEX","floor":30},{"not_picked":["SfantasyHide_purple","DarkRealmRedLine_purple","Realm_recovery_purpleEX"],"picked":"SKIP","floor":31},{"not_picked":["StretchesForeverDream_purple","Boundary_ObjectiveBoundary_purple+1","ExternalForce_HighSpeedFlying_purple"],"picked":"SKIP","floor":31},{"not_picked":["Mirror_TwoAndThreeElementRealm_purple+1","UniverseChoice_purple+1"],"picked":"Theboundaryofcreation_purpleEX+1","floor":33},{"not_picked":["StateErode_purple","Line_surface_state_purple+1"],"picked":"MeetDecomposer_purple+1","floor":35},{"not_picked":["DarkRealmRedLine_purple","Shallow_ocean_purpleEX+1"],"picked":"ContainerChange_purple+1","floor":35},{"not_picked":["Boundary_LightAndDark_purple+1","ExistenceContinue_purple+1"],"picked":"MeetDecomposer_purple+1","floor":36},{"not_picked":["MonsterNeedle_purple+1","StateErode_purple"],"picked":"MeetDecomposer_purple+1","floor":37},{"not_picked":["PurpleNeedle_purple","StateDuplicate_purple+1"],"picked":"MeetDecomposer_purple+1","floor":37},{"not_picked":["RuleDissolution_purple+1","Mirror_FormAndEmptin_purple+1"],"picked":"Realm_recovery_purpleEX+1","floor":39},{"not_picked":["ExternalForce_HighSpeedFlying_purple","OmniscientAndOmnipotent_Monster_purple+1"],"picked":"RuleDissolution_purple+1","floor":39},{"not_picked":["REME_MagicPocketWatch+1","testmod-ConditionedReflex+1"],"picked":"The Bomb+1","floor":42},{"not_picked":["RuleDissolution_purple+1","Charmbait_purple"],"picked":"MetroBOOM_purple+1","floor":45},{"not_picked":["Shallow_ocean_purpleEX","PositiveMatter_Antimatter_Universe_purple+1"],"picked":"D_absorption_purple+1","floor":47},{"not_picked":["AdvanceAttack_purple","CommonSense_AntiCommonSense_purple+1","Anti_communist_purple+1"],"picked":"SKIP","floor":47},{"not_picked":["ButterflyHabitatTemple_purple+1","OmniscientAndOmnipotent_Monster_purple+1"],"picked":"Mirror_FormAndEmptin_purple+1","floor":48}],"player_experience":110578,"relics_obtained":[{"floor":1,"key":"LetterFromLob"},{"floor":7,"key":"RuthlessExorcism:ReiMu"},{"floor":9,"key":"GodSword1"},{"floor":10,"key":"Frozen Egg 2"},{"floor":12,"key":"LastBattle"},{"floor":15,"key":"Meat on the Bone"},{"floor":21,"key":"Nilry\u0027s Codex"},{"floor":23,"key":"testmod-ArcanaOfDestiny"},{"floor":24,"key":"testmod-BalancedPeriapt"},{"floor":26,"key":"Mummified Hand"},{"floor":30,"key":"Prayer Wheel"},{"floor":30,"key":"GodSword3"},{"floor":32,"key":"Toxic Egg 2"},{"floor":36,"key":"Incense Burner"},{"floor":40,"key":"Matryoshka"},{"floor":43,"key":"Boot"},{"floor":43,"key":"Bottled Flame"},{"floor":44,"key":"Darkstone Periapt"},{"floor":45,"key":"REME_PuzzleBoxRelic"},{"floor":45,"key":"LetterFromLob"},{"floor":46,"key":"Dream Catcher"},{"floor":48,"key":"Bottled Lightning"},{"floor":49,"key":"testmod-CyclicPeriapt"}],"event_choices":[{"damage_healed":0,"gold_gain":0,"player_choice":"Obtained Book","damage_taken":16,"max_hp_gain":0,"max_hp_loss":0,"event_name":"Cursed Tome","floor":21,"gold_loss":0},{"cards_removed":["Writhe"],"damage_healed":0,"gold_gain":0,"player_choice":"Purged","damage_taken":0,"max_hp_gain":0,"max_hp_loss":0,"event_name":"Purifier","floor":27,"gold_loss":0},{"cards_removed":["DimensionStaggered_purple"],"damage_healed":0,"gold_gain":0,"player_choice":"Gave Gold","damage_taken":0,"max_hp_gain":0,"max_hp_loss":0,"event_name":"Beggar","floor":29,"gold_loss":75},{"damage_healed":0,"gold_gain":0,"player_choice":"Fight","damage_taken":0,"max_hp_gain":0,"max_hp_loss":0,"event_name":"Colosseum","floor":30,"gold_loss":0},{"damage_healed":0,"gold_gain":0,"player_choice":"Fought Nobs","damage_taken":0,"max_hp_gain":0,"max_hp_loss":0,"event_name":"Colosseum","floor":30,"gold_loss":0},{"damage_healed":0,"gold_gain":0,"player_choice":"Fight","damage_taken":0,"max_hp_gain":0,"max_hp_loss":0,"event_name":"MindBloom","floor":36,"gold_loss":0},{"damage_healed":0,"gold_gain":400,"player_choice":"Sell","damage_taken":0,"max_hp_gain":0,"max_hp_loss":0,"event_name":"恩洛斯的盘子","floor":41,"relics_lost":["LetterFromLob"],"gold_loss":0},{"damage_healed":0,"gold_gain":0,"player_choice":"Memory 1","damage_taken":0,"max_hp_gain":0,"max_hp_loss":0,"event_name":"SensoryStone","floor":42,"gold_loss":0}],"is_beta":false,"boss_relics":[{"not_picked":["testmod-EnergyCheck","testmod-CardMagician"],"picked":"testmod-DeterminationOfClimber"},{"not_picked":["Runic Pyramid","Velvet Choker"],"picked":"SlaversCollar"}],"items_purged_floors":[],"is_endless":false,"potions_floor_spawned":[1,5,10,11,14,16,18,20,28,31,33,39,45,47,48],"ascension_level":0}}