{"host":"r53pw7z744tg3fxg","time":1611093538,"event":{"mods":["AchievementEnabler","BaseMod","Colored Map","Colored Powertips","Highlight Path","Minty Spire (QoL Compilation)","Quick Restart","Transform Curses"],"gold_per_floor":[14,27,40,40,40,40,75,87,176,222,251,290,302,341,353,439,451,474,486,548,77,87,87,106,106,106,140,152,152,167,167,167,243,243,262,276,293,293,293,293,293,293,293,309,336,336,13,13,13,13,13],"floor_reached":50,"language":"ENG","playtime":2077,"items_purged":[],"score":1089,"play_id":"8a7229f6-9ab0-4af6-a87c-c09fe92fe27b","local_time":"20210119145858","is_ascension_mode":true,"campfire_choices":[{"data":"ClearTheMind","floor":6.0,"key":"SMITH"},{"data":"Judgement","floor":8.0,"key":"SMITH"},{"data":"BowlingBash","floor":13.0,"key":"SMITH"},{"floor":15.0,"key":"REST"},{"data":"Devotion","floor":23.0,"key":"SMITH"},{"floor":25.0,"key":"REST"},{"floor":29.0,"key":"REST"},{"floor":32.0,"key":"REST"},{"floor":40,"key":"REST"},{"floor":41,"key":"REST"},{"data":"DevaForm","floor":42,"key":"SMITH"},{"floor":46,"key":"REST"},{"floor":49,"key":"REST"}],"circlet_count":0,"master_deck":["AscendersBane","Strike_P","Strike_P","Defend_P","Defend_P","Defend_P","Eruption+1","Vigilance","CarveReality","BowlingBash+1","ClearTheMind+1","Judgement+1","WheelKick","EmptyBody","TalkToTheHand","Consecrate","DevaForm+1","Omniscience+1","Indignation+1","Halt+1","Pray","Devotion+1","Discovery","FearNoEvil","Evaluate","Wallop","Protect+1","Brilliance","Establishment","CurseOfTheBell","PathToVictory+1","Dramatic Entrance","Madness","Madness","Adaptation","Prostrate","Wireheading+1"],"relics":["PureWater","Lizard Tail","MawBank","Meat on the Bone","Dream Catcher","Happy Flower","Dead Branch","Astrolabe","HandDrill","TeardropLocket","Mercury Hourglass","Calling Bell","Toy Ornithopter","Shuriken","WingedGreaves","Ornamental Fan","Juzu Bracelet","Vajra","Medical Kit"],"acts_visited":["Exordium","TheCity","TheBeyond"],"potions_floor_usage":[37,44],"damage_taken":[{"damage":0.0,"enemies":"Cultist","floor":1.0,"turns":2.0},{"damage":0.0,"enemies":"Small Slimes","floor":2.0,"turns":2.0},{"damage":0.0,"enemies":"Jaw Worm","floor":3.0,"turns":3.0},{"damage":0.0,"enemies":"Lagavulin","floor":7.0,"turns":3.0},{"damage":27.0,"enemies":"Gremlin Nob","floor":10.0,"turns":4.0},{"damage":0.0,"enemies":"Exordium Thugs","floor":11.0,"turns":1.0},{"damage":0.0,"enemies":"Lagavulin","floor":12.0,"turns":4.0},{"damage":0.0,"enemies":"Gremlin Nob","floor":14.0,"turns":1.0},{"damage":30.0,"enemies":"The Guardian","floor":16.0,"turns":11.0},{"damage":12.0,"enemies":"Chosen","floor":18.0,"turns":3.0},{"damage":15.0,"enemies":"Spheric Guardian","floor":22.0,"turns":5.0},{"damage":7.0,"enemies":"Snecko","floor":24.0,"turns":4.0},{"damage":40.0,"enemies":"Gremlin Leader","floor":27.0,"turns":5.0},{"damage":21.0,"enemies":"Snake Plant","floor":28.0,"turns":4.0},{"damage":27.0,"enemies":"Cultist and Chosen","floor":30.0,"turns":6.0},{"damage":8.0,"enemies":"Collector","floor":33.0,"turns":6.0},{"damage":5.0,"enemies":"3 Shapes","floor":35.0,"turns":3.0},{"damage":37.0,"enemies":"3 Darklings","floor":36.0,"turns":4.0},{"damage":68,"enemies":"Spire Growth","floor":37,"turns":6},{"damage":26,"enemies":"Transient","floor":44,"turns":5},{"damage":45,"enemies":"Nemesis","floor":45,"turns":7},{"damage":68,"enemies":"Donu and Deca","floor":50,"turns":4}],"seed_played":"-4229039465255546512","potions_obtained":[{"floor":1.0,"key":"EssenceOfSteel"},{"floor":3.0,"key":"Swift Potion"},{"floor":12.0,"key":"SkillPotion"},{"floor":14.0,"key":"PowerPotion"},{"floor":16.0,"key":"SkillPotion"},{"floor":24.0,"key":"EssenceOfSteel"},{"floor":28.0,"key":"LiquidBronze"},{"floor":31.0,"key":"Fruit Juice"},{"floor":31.0,"key":"AttackPotion"},{"floor":33.0,"key":"Regen Potion"},{"floor":36.0,"key":"Swift Potion"},{"floor":37,"key":"Explosive Potion"}],"is_trial":false,"path_per_floor":["M","M","M","$","?","R","E","R","T","E","M","E","R","E","R","B",null,"M","?","?","$","M","R","M","R","T","E","M","R","M","?","R","B",null,"M","M","M","?","?","R","R","R","T","M","E","R","$","?","R","B"],"character_chosen":"WATCHER","items_purchased":["Devotion","HandDrill","Discovery","FearNoEvil","Vajra","Medical Kit"],"campfire_rested":8,"item_purchase_floors":[21,21,21,21,47,47],"current_hp_per_floor":[61,61,61,61,61,61,61,61,61,46,46,46,46,46,66,36,60,48,48,48,48,45,45,38,58,58,30,21,41,26,31,52,44,66,72,47,47,47,34,55,73,73,73,52,19,40,40,30,51,0,0],"gold":13,"neow_bonus":"ONE_RARE_RELIC","is_daily":false,"chose_seed":false,"campfire_upgraded":5,"win_rate":0.0,"timestamp":1611093538,"path_taken":["M","M","M","$","?","R","E","R","T","E","M","E","R","E","R","BOSS","M","?","?","$","M","R","M","R","T","E","M","R","?","?","R","BOSS","M","?","M","?","?","R","R","R","T","M","E","R","?","?","R","BOSS"],"items_purchased_type":["Card","Relic","Card","Card","Relic","Relic"],"build_version":"2020-12-22","purchased_purges":0,"victory":false,"max_hp_per_floor":[68,68,68,68,68,68,68,68,68,68,68,68,68,68,68,68,68,68,68,68,68,68,68,68,68,68,68,68,68,68,73,73,73,73,73,73,73,73,73,73,73,73,73,73,73,73,73,73,73,73,73],"card_choices":[{"not_picked":["Meditate","Protect"],"picked":"CarveReality","floor":1.0},{"not_picked":["Prostrate","ReachHeaven"],"picked":"BowlingBash","floor":2.0},{"not_picked":["LikeWater","Weave"],"picked":"ClearTheMind","floor":3.0},{"not_picked":["FlurryOfBlows","DeceiveReality"],"picked":"Judgement","floor":7.0},{"not_picked":["Adaptation","TalkToTheHand"],"picked":"WheelKick","floor":10.0},{"not_picked":["CrushJoints","FlyingSleeves"],"picked":"EmptyBody","floor":11.0},{"not_picked":["CutThroughFate","EmptyFist","CarveReality"],"picked":"SKIP","floor":12.0},{"not_picked":["Nirvana","WaveOfTheHand"],"picked":"TalkToTheHand","floor":14.0},{"not_picked":["EmptyBody","Indignation"],"picked":"Consecrate","floor":15.0},{"not_picked":["Judgement","LessonLearned"],"picked":"DevaForm","floor":16.0},{"not_picked":["FollowUp","ClearTheMind"],"picked":"Pray","floor":18.0},{"not_picked":["SignatureMove+1","InnerPeace"],"picked":"Evaluate","floor":22.0},{"not_picked":["BowlingBash","ClearTheMind","Halt"],"picked":"SKIP","floor":24.0},{"not_picked":["WheelKick+1","MentalFortress"],"picked":"Wallop","floor":25.0},{"not_picked":["WaveOfTheHand","TalkToTheHand","JustLucky"],"picked":"SKIP","floor":27.0},{"not_picked":["LikeWater","Nirvana"],"picked":"Protect+1","floor":28.0},{"not_picked":["Prostrate","FlyingSleeves"],"picked":"Brilliance","floor":29.0},{"not_picked":["SashWhip","Perseverance","LikeWater"],"picked":"SKIP","floor":30.0},{"not_picked":["Ragnarok","Judgement"],"picked":"Establishment","floor":33.0},{"not_picked":["JustLucky","SashWhip"],"picked":"PathToVictory+1","floor":35.0},{"not_picked":["WaveOfTheHand","CrushJoints","InnerPeace"],"picked":"SKIP","floor":36.0},{"not_picked":["EmptyFist","BowlingBash+1","ClearTheMind"],"picked":"SKIP","floor":37},{"not_picked":["Bandage Up","Deep Breath"],"picked":"Dramatic Entrance","floor":38},{"not_picked":["ThirdEye","Study"],"picked":"Adaptation","floor":40},{"not_picked":["EmptyFist+1","TalkToTheHand"],"picked":"Prostrate","floor":41},{"not_picked":["SashWhip","CutThroughFate"],"picked":"Wireheading+1","floor":44},{"not_picked":["Vengeance","Meditate","CarveReality+1"],"picked":"SKIP","floor":45}],"player_experience":1317701,"relics_obtained":[{"floor":7.0,"key":"MawBank"},{"floor":9.0,"key":"Meat on the Bone"},{"floor":10.0,"key":"Dream Catcher"},{"floor":12.0,"key":"Happy Flower"},{"floor":14.0,"key":"Dead Branch"},{"floor":26.0,"key":"TeardropLocket"},{"floor":27.0,"key":"Mercury Hourglass"},{"floor":34.0,"key":"Toy Ornithopter"},{"floor":34.0,"key":"Shuriken"},{"floor":34.0,"key":"WingedGreaves"},{"floor":43,"key":"Ornamental Fan"},{"floor":45,"key":"Juzu Bracelet"}],"event_choices":[{"damage_healed":0.0,"max_hp_gain":0.0,"max_hp_loss":0.0,"gold_gain":0.0,"event_name":"Living Wall","player_choice":"Grow","floor":5.0,"gold_loss":0.0,"damage_taken":0.0,"cards_upgraded":["Eruption"]},{"damage_healed":0.0,"max_hp_gain":0.0,"max_hp_loss":0.0,"gold_gain":0.0,"event_name":"Beggar","player_choice":"Ignored","floor":19.0,"gold_loss":0.0,"damage_taken":0.0},{"damage_healed":0.0,"max_hp_gain":0.0,"max_hp_loss":0.0,"gold_gain":50.0,"event_name":"Golden Shrine","player_choice":"Pray","floor":20.0,"gold_loss":0.0,"damage_taken":0.0},{"damage_healed":0.0,"max_hp_gain":0.0,"max_hp_loss":0.0,"gold_gain":0.0,"event_name":"Lab","player_choice":"Got Potions","floor":31.0,"gold_loss":0.0,"damage_taken":0.0},{"damage_healed":0,"gold_gain":0,"player_choice":"Memory 1","damage_taken":0,"max_hp_gain":0,"max_hp_loss":0,"event_name":"SensoryStone","floor":38,"gold_loss":0},{"damage_healed":0,"gold_gain":0,"player_choice":"Embrace Madness","damage_taken":13,"max_hp_gain":0,"max_hp_loss":0,"event_name":"Winding Halls","floor":39,"gold_loss":0,"cards_obtained":["Madness","Madness"]},{"damage_healed":0,"gold_gain":0,"player_choice":"Damaged","damage_taken":10,"max_hp_gain":0,"max_hp_loss":0,"event_name":"Wheel of Change","floor":48,"gold_loss":0}],"is_beta":false,"boss_relics":[{"not_picked":["Coffee Dripper","Ectoplasm"],"picked":"Astrolabe"},{"not_picked":["Runic Pyramid","Cursed Key"],"picked":"Calling Bell"}],"items_purged_floors":[],"is_endless":false,"potions_floor_spawned":[1,3,12,14,16,24,28,33,36,37],"killed_by":"Donu and Deca","ascension_level":16}}