{"host":"9h1qbmp5h1ch7u4r","time":1611015418,"event":{"mods":["BaseMod","Minty Spire (QoL Compilation)","StSLib","The Cursed"],"gold_per_floor":[118,118,128,147,167,206,206,235,260,285,310,310,336,376,376,488,488,512,512,512,524,524,566,566,610,637,637,47,47,70,91,91,203,203,231,231,240,297,297,297,317,342,368,368,391,450,492,505,505,505,505,505,213,247,247],"floor_reached":56,"language":"ENG","playtime":3645,"items_purged":["TheCursedMod:Strike_TheCursed+1","TheCursedMod:ForbiddenAlchemy"],"score":1263,"play_id":"101a2a82-1c50-44de-a2bc-b5edbead9962","local_time":"20210118191658","is_ascension_mode":false,"campfire_choices":[{"data":"TheCursedMod:CursedWand","floor":7.0,"key":"SMITH"},{"data":"TheCursedMod:LuckyCharm","floor":12.0,"key":"SMITH"},{"data":"TheCursedMod:FleshFromBone","floor":15.0,"key":"SMITH"},{"data":"TheCursedMod:Evocation","floor":24.0,"key":"SMITH"},{"floor":32.0,"key":"REST"},{"data":"TheCursedMod:StingEye","floor":40.0,"key":"SMITH"},{"data":"TheCursedMod:ManaCirculation","floor":44.0,"key":"SMITH"},{"floor":49,"key":"RECALL"},{"data":"TheCursedMod:CircleOfAbyss","floor":52,"key":"SMITH"}],"circlet_count":0,"master_deck":["TheCursedMod:Strike_TheCursed+1","TheCursedMod:Strike_TheCursed+1","TheCursedMod:Strike_TheCursed+1","TheCursedMod:Defend_TheCursed+1","TheCursedMod:Defend_TheCursed+1","TheCursedMod:Defend_TheCursed+1","TheCursedMod:Defend_TheCursed+1","TheCursedMod:CursedWand+1","TheCursedMod:CleanUpWorkshop","TheCursedMod:Dregs","The Bomb+1","TheCursedMod:CursedAmulet","TheCursedMod:WearCloak","TheCursedMod:BlessingInDisguise","TheCursedMod:FleshFromBone+1","TheCursedMod:LuckyCharm+1","TheCursedMod:SoulCrush","TheCursedMod:ManaCirculation+1","TheCursedMod:CircleOfAbyss+1","TheCursedMod:Evocation+1","TheCursedMod:HellsGateOpen+1","TheCursedMod:SpitefulStrike","TheCursedMod:SpitefulPlan","TheCursedMod:DoubleShield","TheCursedMod:StingEye+1","TheCursedMod:HellfireBreathing","Writhe","TheCursedMod:RapidMovement+1","TheCursedMod:SpitefulStrike+1","TheCursedMod:SmokeScreen+1","TheCursedMod:CursedAmulet+1","TheCursedMod:RapidMovement+1","TheCursedMod:LuckyCharm","TheCursedMod:CursedArmor","TheCursedMod:StingEye+1"],"relics":["TheCursedMod:BlackMagic101","Smiling Mask","CeramicFish","Akabeko","Dream Catcher","Mango","Sozu","Juzu Bracelet","Bronze Scales","TheCursedMod:SoulVessel","PreservedInsect","Toy Ornithopter","TheCursedMod:FourLeafCloverCharm","Torii","Ornamental Fan","Art of War","Calipers","Blue Candle","Lee\u0027s Waffle","Shuriken"],"acts_visited":["Exordium","TheCity","TheBeyond","TheEnding"],"potions_floor_usage":[],"damage_taken":[{"damage":1.0,"enemies":"Small Slimes","floor":1.0,"turns":3.0},{"damage":5.0,"enemies":"Jaw Worm","floor":3.0,"turns":6.0},{"damage":0.0,"enemies":"2 Louse","floor":4.0,"turns":4.0},{"damage":12.0,"enemies":"Lots of Slimes","floor":5.0,"turns":3.0},{"damage":4.0,"enemies":"3 Sentries","floor":6.0,"turns":7.0},{"damage":8.0,"enemies":"Exordium Thugs","floor":8.0,"turns":3.0},{"damage":0.0,"enemies":"Looter","floor":10.0,"turns":4.0},{"damage":14.0,"enemies":"Lagavulin","floor":11.0,"turns":5.0},{"damage":0.0,"enemies":"Blue Slaver","floor":13.0,"turns":5.0},{"damage":1.0,"enemies":"Gremlin Nob","floor":14.0,"turns":5.0},{"damage":20.0,"enemies":"Slime Boss","floor":16.0,"turns":9.0},{"damage":1.0,"enemies":"Shell Parasite","floor":18.0,"turns":6.0},{"damage":12.0,"enemies":"Spheric Guardian","floor":21.0,"turns":5.0},{"damage":28.0,"enemies":"Book of Stabbing","floor":23.0,"turns":8.0},{"damage":19.0,"enemies":"Gremlin Leader","floor":25.0,"turns":10.0},{"damage":2.0,"enemies":"Cultist and Chosen","floor":31.0,"turns":3.0},{"damage":34.0,"enemies":"Collector","floor":33.0,"turns":13.0},{"damage":9.0,"enemies":"3 Shapes","floor":35.0,"turns":4.0},{"damage":57.0,"enemies":"2 Orb Walkers","floor":38.0,"turns":6.0},{"damage":1.0,"enemies":"Orb Walker","floor":41.0,"turns":3.0},{"damage":10.0,"enemies":"Giant Head","floor":42.0,"turns":9.0},{"damage":20,"enemies":"Jaw Worm Horde","floor":45,"turns":7},{"damage":0,"enemies":"Mind Bloom Boss Battle","floor":46,"turns":8},{"damage":1,"enemies":"Nemesis","floor":47,"turns":8},{"damage":0,"enemies":"Maw","floor":48,"turns":10},{"damage":13,"enemies":"Time Eater","floor":50,"turns":14},{"damage":3,"enemies":"Shield and Spear","floor":54,"turns":8},{"damage":20,"enemies":"The Heart","floor":55,"turns":13}],"seed_played":"25363383863743670","potions_obtained":[{"floor":5.0,"key":"Regen Potion"},{"floor":8.0,"key":"Fire Potion"},{"floor":10.0,"key":"Regen Potion"},{"floor":11.0,"key":"PowerPotion"}],"is_trial":false,"path_per_floor":["M","?","M","M","M","E","R","M","T","M","E","R","M","E","R","B",null,"M","?","?","M","?","E","R","E","T","?","$","$","T","M","R","B",null,"M","?","?","?","?","R","M","E","T","R","M","?","E","M","R","B",null,"R","$","E","B",null],"character_chosen":"THE_CURSED","items_purchased":["TheCursedMod:SoulVessel","TheCursedMod:SpitefulPlan","TheCursedMod:DoubleShield","PreservedInsect","TheCursedMod:LuckyCharm","TheCursedMod:CursedArmor","Lee\u0027s Waffle"],"campfire_rested":1,"item_purchase_floors":[28,28,28,28,53,53,53],"current_hp_per_floor":[53,50,45,45,33,44,44,36,36,36,22,22,22,35,35,30,89,88,88,88,76,76,48,48,29,29,29,29,29,29,29,55,34,89,82,82,89,37,37,37,39,44,44,44,32,38,45,60,60,58,89,89,96,96,96],"gold":247,"neow_bonus":"RANDOM_COLORLESS_2","is_daily":false,"chose_seed":false,"campfire_upgraded":7,"win_rate":0.0,"timestamp":1611015418,"path_taken":["M","?","M","M","M","E","R","M","T","M","E","R","M","E","R","BOSS","M","?","?","M","?","E","R","E","T","?","?","$","?","M","R","BOSS","M","?","?","?","?","R","M","E","T","R","M","?","E","M","R","BOSS","R","$","E","BOSS"],"items_purchased_type":["Relic","Card","Card","Relic","Card","Card","Relic"],"build_version":"2020-12-22","purchased_purges":2,"victory":true,"max_hp_per_floor":[75,75,75,75,75,75,75,75,75,75,75,75,75,89,89,89,89,89,89,89,89,89,89,89,89,89,89,89,89,89,89,89,89,89,89,89,89,89,89,89,89,89,89,89,89,89,89,89,89,89,89,89,96,96,96],"card_choices":[{"not_picked":["Magnetism","Transmutation"],"picked":"The Bomb","floor":0.0},{"not_picked":["TheCursedMod:CircleOfBlood","TheCursedMod:Grudge","TheCursedMod:RavingStaff"],"picked":"SKIP","floor":1.0},{"not_picked":["TheCursedMod:RapidMovement","TheCursedMod:FuryStrike"],"picked":"TheCursedMod:CursedAmulet","floor":3.0},{"not_picked":["TheCursedMod:Stretching","TheCursedMod:CursedMace"],"picked":"TheCursedMod:WearCloak","floor":4.0},{"not_picked":["TheCursedMod:CursedMace","TheCursedMod:RavingStaff","TheCursedMod:SpreadPlague"],"picked":"SKIP","floor":5.0},{"not_picked":["TheCursedMod:FleshFromBone","TheCursedMod:ReleasedKnowledge"],"picked":"TheCursedMod:BlessingInDisguise","floor":6.0},{"not_picked":["TheCursedMod:CursedMace","TheCursedMod:CursedAmulet"],"picked":"TheCursedMod:FleshFromBone","floor":8.0},{"not_picked":["TheCursedMod:SpreadPlague","TheCursedMod:StingEye"],"picked":"TheCursedMod:LuckyCharm","floor":10.0},{"not_picked":["TheCursedMod:ReleasedStrength","TheCursedMod:CursedStaff","TheCursedMod:CircleOfFocus"],"picked":"SKIP","floor":11.0},{"not_picked":["TheCursedMod:CircleOfFlame","TheCursedMod:CircleOfWindfury"],"picked":"TheCursedMod:SoulCrush","floor":13.0},{"not_picked":["TheCursedMod:CursedBoomerang","TheCursedMod:CursedAmulet"],"picked":"TheCursedMod:ManaCirculation","floor":14.0},{"not_picked":["TheCursedMod:ParallelWorld","TheCursedMod:DemonSword"],"picked":"TheCursedMod:CircleOfAbyss","floor":16.0},{"not_picked":["TheCursedMod:FleshFromBone","TheCursedMod:Torture"],"picked":"TheCursedMod:Evocation","floor":18.0},{"not_picked":["TheCursedMod:SpreadPlague","TheCursedMod:SoulCrush","TheCursedMod:HellsGateOpen"],"picked":"SKIP","floor":21.0},{"not_picked":["TheCursedMod:Wield","TheCursedMod:AshesToAshes"],"picked":"TheCursedMod:HellsGateOpen+1","floor":23.0},{"not_picked":["TheCursedMod:VitalStrike","TheCursedMod:TacticalStrike"],"picked":"TheCursedMod:SpitefulStrike","floor":25.0},{"not_picked":["TheCursedMod:CursedShiv","TheCursedMod:CursedMace"],"picked":"TheCursedMod:StingEye","floor":31.0},{"not_picked":["TheCursedMod:ManaCirculation","TheCursedMod:UltimatePain"],"picked":"TheCursedMod:ForbiddenAlchemy","floor":33.0},{"not_picked":["TheCursedMod:FleshFromBone+1","TheCursedMod:CursedMace"],"picked":"TheCursedMod:HellfireBreathing","floor":35.0},{"not_picked":["TheCursedMod:CursedBoomerang","TheCursedMod:Stigma+1"],"picked":"TheCursedMod:RapidMovement+1","floor":38.0},{"not_picked":["TheCursedMod:AbyssShockwave+1","TheCursedMod:CircleOfFlame+1"],"picked":"TheCursedMod:SpitefulStrike+1","floor":41.0},{"not_picked":["TheCursedMod:SpitefulStrike","TheCursedMod:CircleOfWindfury","TheCursedMod:Stigma"],"picked":"SKIP","floor":42.0},{"not_picked":["TheCursedMod:CursedShiv","TheCursedMod:Torture"],"picked":"TheCursedMod:SmokeScreen+1","floor":45},{"not_picked":["TheCursedMod:CircleOfCorruption","TheCursedMod:Stretching+1"],"picked":"TheCursedMod:CursedAmulet+1","floor":46},{"not_picked":["TheCursedMod:Hemoplague","TheCursedMod:ManaCirculation"],"picked":"TheCursedMod:RapidMovement+1","floor":47},{"not_picked":["TheCursedMod:EmpowerCircles+1","TheCursedMod:SmokeScreen+1","TheCursedMod:FleshFromBone"],"picked":"SKIP","floor":48},{"not_picked":["TheCursedMod:CursedAmulet","TheCursedMod:Obscuration+1"],"picked":"TheCursedMod:StingEye+1","floor":54}],"player_experience":930029,"relics_obtained":[{"floor":6.0,"key":"CeramicFish"},{"floor":9.0,"key":"Akabeko"},{"floor":11.0,"key":"Dream Catcher"},{"floor":14.0,"key":"Mango"},{"floor":23.0,"key":"Juzu Bracelet"},{"floor":25.0,"key":"Bronze Scales"},{"floor":30.0,"key":"Toy Ornithopter"},{"floor":38.0,"key":"Torii"},{"floor":42.0,"key":"Ornamental Fan"},{"floor":43.0,"key":"Art of War"},{"floor":46,"key":"Calipers"},{"floor":47,"key":"Blue Candle"},{"floor":54,"key":"Shuriken"}],"event_choices":[{"damage_healed":0.0,"max_hp_gain":0.0,"max_hp_loss":0.0,"gold_gain":0.0,"event_name":"Scrap Ooze","player_choice":"Success","floor":2.0,"gold_loss":0.0,"damage_taken":3.0,"relics_obtained":["Smiling Mask"]},{"damage_healed":0.0,"max_hp_gain":0.0,"max_hp_loss":0.0,"gold_gain":0.0,"event_name":"Back to Basics","player_choice":"Simplicity","floor":19.0,"gold_loss":0.0,"damage_taken":0.0,"cards_upgraded":["TheCursedMod:Strike_TheCursed","TheCursedMod:Strike_TheCursed","TheCursedMod:Strike_TheCursed","TheCursedMod:Strike_TheCursed","TheCursedMod:Defend_TheCursed","TheCursedMod:Defend_TheCursed","TheCursedMod:Defend_TheCursed","TheCursedMod:Defend_TheCursed"]},{"damage_healed":0.0,"max_hp_gain":0.0,"max_hp_loss":0.0,"gold_gain":0.0,"event_name":"Ghosts","player_choice":"Ignored","floor":20.0,"gold_loss":0.0,"damage_taken":0.0},{"damage_healed":0.0,"max_hp_gain":0.0,"max_hp_loss":0.0,"gold_gain":0.0,"event_name":"The Woman in Blue","player_choice":"Bought 0 Potions","floor":22.0,"gold_loss":0.0,"damage_taken":0.0},{"damage_healed":0.0,"max_hp_gain":0.0,"max_hp_loss":0.0,"gold_gain":0.0,"event_name":"Upgrade Shrine","player_choice":"Upgraded","floor":27.0,"gold_loss":0.0,"damage_taken":0.0,"cards_upgraded":["The Bomb"]},{"damage_healed":0.0,"max_hp_gain":0.0,"max_hp_loss":0.0,"gold_gain":0.0,"event_name":"Tomb of Lord Red Mask","player_choice":"Ignored","floor":36.0,"gold_loss":0.0,"damage_taken":0.0},{"damage_healed":22.0,"max_hp_gain":0.0,"max_hp_loss":0.0,"gold_gain":0.0,"event_name":"Winding Halls","player_choice":"Writhe","floor":37.0,"gold_loss":0.0,"damage_taken":0.0,"cards_obtained":["Writhe"]},{"damage_healed":0.0,"max_hp_gain":0.0,"max_hp_loss":0.0,"gold_gain":0.0,"event_name":"Mysterious Sphere","player_choice":"Fight","floor":38.0,"gold_loss":0.0,"damage_taken":0.0},{"damage_healed":0.0,"max_hp_gain":0.0,"max_hp_loss":0.0,"gold_gain":0.0,"event_name":"The Moai Head","player_choice":"Ignored","floor":39.0,"gold_loss":0.0,"damage_taken":0.0},{"damage_healed":0,"gold_gain":0,"player_choice":"Fight","damage_taken":0,"max_hp_gain":0,"max_hp_loss":0,"event_name":"MindBloom","floor":46,"gold_loss":0}],"is_beta":false,"boss_relics":[{"not_picked":["Tiny House","SacredBark"],"picked":"Sozu"},{"not_picked":["Empty Cage","Runic Dome"],"picked":"TheCursedMod:FourLeafCloverCharm"}],"items_purged_floors":[28,53],"is_endless":false,"potions_floor_spawned":[5,8,10,11,21,25,42,47,48],"ascension_level":0}}