{"host":"rspt8ghchagqewrq","time":1611071208,"event":{"mods":["AchievementEnabler","BaseMod","Colored Map","Colored Powertips","Minty Spire (QoL Compilation)"],"gold_per_floor":[115,115,115,126,126,126,158,158,185,198,212,222,232,242,242,338,338,353,353,353,268,286,320,338,350,350,362,362,380,399,419,419,515,515,532,38,50,12,32,32,32,48,48,48,68,80,80,107,107,107,107],"floor_reached":50,"language":"FRA","playtime":2996,"items_purged":["Decay"],"score":602,"play_id":"093807d1-6d4d-4345-b1ec-ca85caf3136d","local_time":"20210119164648","is_ascension_mode":false,"campfire_choices":[{"data":"Survivor","floor":6.0,"key":"SMITH"},{"data":"Deadly Poison","floor":8.0,"key":"SMITH"},{"floor":15.0,"key":"REST"},{"floor":32.0,"key":"REST"},{"data":"Noxious Fumes","floor":40.0,"key":"SMITH"},{"floor":44.0,"key":"REST"},{"data":"Burst","floor":49.0,"key":"SMITH"}],"circlet_count":0,"master_deck":["Strike_G+1","Strike_G+1","Strike_G+1","Defend_G+1","Defend_G+1","Defend_G+1","Defend_G+1","Survivor+1","Neutralize","Quick Slash","PiercingWail","Deadly Poison+1","Deflect","Bane","Glass Knife","Poisoned Stab","Bane","Corpse Explosion","Glass Knife+1","Dagger Spray+1","Dagger Spray+1","Dagger Spray","Bane+1","Crippling Poison","Bane+1","Bane+1","Leg Sweep+1","Masterful Stab+1","Catalyst+1","Deflect+1","Burst+1","Flying Knee+1","Poisoned Stab+1","Noxious Fumes+1","Deflect","Catalyst","Deflect","Parasite","Flying Knee+1"],"relics":["Ring of the Snake","Vajra","Lizard Tail","Happy Flower","PreservedInsect","Astrolabe","Orichalcum","Molten Egg 2","Paper Crane","Busted Crown","Snake Skull","ClockworkSouvenir","Darkstone Periapt","Pantograph"],"acts_visited":["Exordium","TheCity","TheBeyond"],"potions_floor_usage":[50,50],"damage_taken":[{"damage":3.0,"enemies":"Jaw Worm","floor":1.0,"turns":4.0},{"damage":0.0,"enemies":"Cultist","floor":4.0,"turns":3.0},{"damage":21.0,"enemies":"Lagavulin","floor":7.0,"turns":10.0},{"damage":0.0,"enemies":"2 Louse","floor":10.0,"turns":2.0},{"damage":0.0,"enemies":"Blue Slaver","floor":11.0,"turns":3.0},{"damage":4.0,"enemies":"2 Fungi Beasts","floor":12.0,"turns":4.0},{"damage":1.0,"enemies":"3 Louse","floor":13.0,"turns":3.0},{"damage":0.0,"enemies":"Exordium Thugs","floor":14.0,"turns":4.0},{"damage":7.0,"enemies":"Hexaghost","floor":16.0,"turns":9.0},{"damage":0.0,"enemies":"3 Byrds","floor":18.0,"turns":3.0},{"damage":8.0,"enemies":"2 Thieves","floor":22.0,"turns":2.0},{"damage":24.0,"enemies":"Slavers","floor":23.0,"turns":2.0},{"damage":21.0,"enemies":"Sentry and Sphere","floor":24.0,"turns":4.0},{"damage":0.0,"enemies":"Snake Plant","floor":25.0,"turns":2.0},{"damage":9.0,"enemies":"Snecko","floor":27.0,"turns":3.0},{"damage":0.0,"enemies":"Cultist and Chosen","floor":29.0,"turns":3.0},{"damage":4.0,"enemies":"Snake Plant","floor":30.0,"turns":3.0},{"damage":0.0,"enemies":"Chosen and Byrds","floor":31.0,"turns":4.0},{"damage":83.0,"enemies":"Collector","floor":33.0,"turns":8.0},{"damage":6.0,"enemies":"3 Darklings","floor":35.0,"turns":2.0},{"damage":9.0,"enemies":"3 Shapes","floor":37.0,"turns":2.0},{"damage":9.0,"enemies":"Jaw Worm Horde","floor":39.0,"turns":2.0},{"damage":1.0,"enemies":"Writhing Mass","floor":42.0,"turns":4.0},{"damage":0.0,"enemies":"4 Shapes","floor":45.0,"turns":5.0},{"damage":3.0,"enemies":"Spire Growth","floor":46.0,"turns":3.0},{"damage":12.0,"enemies":"Reptomancer","floor":48.0,"turns":4.0},{"damage":83,"enemies":"Time Eater","floor":50,"turns":9}],"seed_played":"7629528920173591472","potions_obtained":[{"floor":4.0,"key":"AttackPotion"},{"floor":7.0,"key":"SkillPotion"},{"floor":10.0,"key":"GamblersBrew"},{"floor":11.0,"key":"Swift Potion"},{"floor":16.0,"key":"GamblersBrew"},{"floor":22.0,"key":"Ancient Potion"},{"floor":24.0,"key":"SteroidPotion"},{"floor":25.0,"key":"Strength Potion"},{"floor":29.0,"key":"SkillPotion"},{"floor":31.0,"key":"DistilledChaos"},{"floor":46.0,"key":"SpeedPotion"},{"floor":48.0,"key":"SpeedPotion"}],"is_trial":false,"path_per_floor":["M","?","?","M","T","R","E","R","T","M","M","M","M","M","R","B",null,"M","?","?","?","M","E","M","M","T","M","?","M","M","M","R","B",null,"M","$","M","$","M","R","$","M","T","R","M","M","?","E","R","B"],"character_chosen":"THE_SILENT","items_purchased":["Snake Skull","ClockworkSouvenir","Poisoned Stab+1","Noxious Fumes","Catalyst"],"campfire_rested":3,"item_purchase_floors":[36,36,36,36,38],"current_hp_per_floor":[74,79,54,54,54,54,33,33,33,33,33,29,28,28,52,45,82,82,82,82,82,74,50,29,29,29,20,20,20,16,16,40,7,82,76,76,67,67,58,58,58,57,57,81,81,78,78,66,66,0,0],"gold":107,"neow_bonus":"TEN_PERCENT_HP_BONUS","is_daily":false,"chose_seed":false,"campfire_upgraded":4,"win_rate":0.0,"timestamp":1611071208,"path_taken":["M","?","?","M","?","R","E","R","T","M","M","M","?","M","R","BOSS","M","?","?","?","M","E","M","M","T","M","?","M","M","M","R","BOSS","M","$","M","$","M","R","$","M","T","R","M","M","?","E","R","BOSS"],"items_purchased_type":["Relic","Relic","Card","Card","Card"],"build_version":"2020-12-22","purchased_purges":1,"victory":false,"max_hp_per_floor":[77,82,82,82,82,82,82,82,82,82,82,82,82,82,82,82,82,82,82,82,82,82,82,82,82,82,82,82,82,82,82,82,82,82,82,82,82,82,82,82,82,82,82,82,82,82,82,82,82,82,82],"card_choices":[{"not_picked":["Underhanded Strike","Eviscerate"],"picked":"Quick Slash","floor":1.0},{"not_picked":["Acrobatics","Prepared"],"picked":"PiercingWail","floor":4.0},{"not_picked":["Slice","Outmaneuver"],"picked":"Deadly Poison","floor":7.0},{"not_picked":["Reflex","Escape Plan"],"picked":"Deflect","floor":10.0},{"not_picked":["Predator","Sucker Punch"],"picked":"Bane","floor":11.0},{"not_picked":["Outmaneuver","Prepared"],"picked":"Glass Knife","floor":12.0},{"not_picked":["Leg Sweep","Dodge and Roll"],"picked":"Poisoned Stab","floor":13.0},{"not_picked":["Acrobatics","Underhanded Strike"],"picked":"Bane","floor":14.0},{"not_picked":["Malaise","A Thousand Cuts"],"picked":"Corpse Explosion","floor":16.0},{"not_picked":["Caltrops","Dagger Throw"],"picked":"Dagger Spray","floor":18.0},{"not_picked":["Dash","Infinite Blades"],"picked":"Bane+1","floor":22.0},{"not_picked":["A Thousand Cuts","Deflect"],"picked":"Crippling Poison","floor":23.0},{"not_picked":["Footwork+1","Dagger Throw+1"],"picked":"Bane+1","floor":24.0},{"not_picked":["Backflip","Calculated Gamble"],"picked":"Bane+1","floor":25.0},{"not_picked":["Blade Dance","Calculated Gamble"],"picked":"Leg Sweep+1","floor":27.0},{"not_picked":["Glass Knife+1","Cloak And Dagger+1"],"picked":"Masterful Stab+1","floor":29.0},{"not_picked":["Choke+1","Dagger Throw+1"],"picked":"Catalyst+1","floor":30.0},{"not_picked":["Deadly Poison","Blade Dance"],"picked":"Deflect+1","floor":31.0},{"not_picked":["Malaise","Doppelganger"],"picked":"Burst","floor":33.0},{"not_picked":[],"picked":"Flying Knee+1","floor":35.0},{"not_picked":[],"picked":"Deflect","floor":37.0},{"not_picked":[],"picked":"Deflect","floor":39.0},{"not_picked":["Outmaneuver+1"],"picked":"SKIP","floor":42.0},{"not_picked":[],"picked":"Flying Knee+1","floor":45.0},{"not_picked":["Eviscerate+1"],"picked":"SKIP","floor":46.0},{"not_picked":["Tactician+1"],"picked":"SKIP","floor":48.0}],"player_experience":53944,"relics_obtained":[{"floor":5.0,"key":"Lizard Tail"},{"floor":7.0,"key":"Happy Flower"},{"floor":9.0,"key":"PreservedInsect"},{"floor":23.0,"key":"Molten Egg 2"},{"floor":26.0,"key":"Paper Crane"},{"floor":43.0,"key":"Darkstone Periapt"},{"floor":48.0,"key":"Pantograph"}],"event_choices":[{"damage_healed":0.0,"max_hp_gain":5.0,"max_hp_loss":0.0,"gold_gain":0.0,"event_name":"Big Fish","player_choice":"Donut","floor":2.0,"gold_loss":0.0,"damage_taken":0.0},{"damage_healed":0.0,"max_hp_gain":0.0,"max_hp_loss":0.0,"gold_gain":0.0,"event_name":"Scrap Ooze","player_choice":"Success","floor":3.0,"gold_loss":0.0,"damage_taken":25.0,"relics_obtained":["Vajra"]},{"damage_healed":0.0,"max_hp_gain":0.0,"max_hp_loss":0.0,"gold_gain":0.0,"event_name":"Back to Basics","player_choice":"Simplicity","floor":19.0,"gold_loss":0.0,"damage_taken":0.0,"cards_upgraded":["Strike_G","Strike_G","Strike_G","Defend_G","Defend_G","Defend_G","Defend_G"]},{"damage_healed":0.0,"max_hp_gain":0.0,"max_hp_loss":0.0,"gold_gain":0.0,"event_name":"Beggar","player_choice":"Ignored","floor":20.0,"gold_loss":0.0,"damage_taken":0.0},{"damage_healed":0.0,"max_hp_gain":0.0,"max_hp_loss":0.0,"gold_gain":0.0,"event_name":"Addict","player_choice":"Obtained Relic","floor":21.0,"gold_loss":85.0,"damage_taken":0.0,"relics_obtained":["Orichalcum"]},{"damage_healed":0.0,"max_hp_gain":0.0,"max_hp_loss":0.0,"gold_gain":0.0,"event_name":"Forgotten Altar","player_choice":"Smashed Altar","floor":28.0,"gold_loss":0.0,"damage_taken":0.0,"cards_obtained":["Decay"]},{"damage_healed":0.0,"max_hp_gain":0.0,"max_hp_loss":0.0,"gold_gain":0.0,"event_name":"NoteForYourself","player_choice":"Ignored","floor":47.0,"gold_loss":0.0,"damage_taken":0.0}],"is_beta":false,"boss_relics":[{"not_picked":["Ectoplasm","Runic Dome"],"picked":"Astrolabe"},{"not_picked":["Fusion Hammer","SacredBark"],"picked":"Busted Crown"}],"items_purged_floors":[36],"is_endless":false,"potions_floor_spawned":[4,7,10,11,12,16,22,24,25,29,31,46,48],"killed_by":"Time Eater","ascension_level":0}}