{"host":"l60rmjjsfi0fipmi","time":1611024017,"event":{"mods":["BaseMod","Colored Map","DeckTracker","Highlight Path","Minty Spire (QoL Compilation)","StSLib","The Cursed","The Servant 0.9.4"],"gold_per_floor":[119,15,15,26,42,42,75,75,101,113,138,63,163,173,173,275,275,291,304,317,68,88,88,99,99,123,123,139,154,154,165,165,262,262,282,282,94,104,104,104,123,149,176,187,187,187,205,3,3,3],"floor_reached":51,"language":"ENG","playtime":4019,"items_purged":["TheCursedMod:Defend_TheCursed","TheCursedMod:ManaCirculation"],"score":795,"play_id":"58770e63-e489-4b78-9836-6af3f9033e3f","local_time":"20210118214017","is_ascension_mode":true,"campfire_choices":[{"data":"TheCursedMod:Hemoplague","floor":6,"key":"SMITH"},{"floor":8,"key":"REST"},{"floor":15,"key":"REST"},{"floor":23,"key":"REST"},{"floor":25,"key":"REST"},{"data":"TheCursedMod:HellfireBreathing","floor":27,"key":"SMITH"},{"data":"TheCursedMod:DemonicPact","floor":30,"key":"SMITH"},{"floor":32,"key":"REST"},{"data":"Apotheosis","floor":40,"key":"SMITH"},{"data":"TheCursedMod:SpitefulPlan","floor":46,"key":"SMITH"},{"data":"TheCursedMod:CursedSpellbook","floor":49,"key":"SMITH"}],"circlet_count":0,"master_deck":["TheCursedMod:CursedWand+1","TheCursedMod:CleanUpWorkshop","TheCursedMod:Dregs","TheCursedMod:CursedSpellbook+1","TheCursedMod:TacticalStrike","TheCursedMod:Hemoplague+1","TheCursedMod:SpitefulPlan+1","TheCursedMod:RapidMovement+1","TheCursedMod:VitalStrike","TheCursedMod:Neurasthenia","TheCursedMod:CursedRelics","TheCursedMod:DemonicPact+1","TheCursedMod:DemonSword","TheCursedMod:HellfireBreathing+1","TheCursedMod:CursedShiv","TheCursedMod:DarkBarrier+1","TheCursedMod:SmokeScreen","TheCursedMod:CursedShiv","CurseOfTheBell","TheCursedMod:Obscuration+1","Apotheosis+1"],"relics":["TheCursedMod:BlackMagic101","Pen Nib","Strawberry","Lantern","Pandora\u0027s Box","Cauldron","Vajra","Calling Bell","TheCursedMod:Tack","Meat on the Bone","Thread and Needle","Akabeko","War Paint","Bag of Preparation"],"acts_visited":["Exordium","TheCity","TheBeyond"],"potions_floor_usage":[16,16,19,21,22,24,24,24,24,29,29,33,33,41,50,50],"damage_taken":[{"damage":0,"enemies":"Cultist","floor":1,"turns":3},{"damage":0,"enemies":"Small Slimes","floor":4,"turns":4},{"damage":5,"enemies":"2 Louse","floor":5,"turns":2},{"damage":37,"enemies":"Gremlin Nob","floor":7,"turns":5},{"damage":1,"enemies":"Blue Slaver","floor":10,"turns":5},{"damage":12,"enemies":"Lagavulin","floor":11,"turns":5},{"damage":6,"enemies":"Large Slime","floor":14,"turns":5},{"damage":48,"enemies":"Slime Boss","floor":16,"turns":11},{"damage":13,"enemies":"Chosen","floor":18,"turns":4},{"damage":16,"enemies":"Spheric Guardian","floor":19,"turns":5},{"damage":20,"enemies":"Centurion and Healer","floor":20,"turns":5},{"damage":16,"enemies":"Cultist and Chosen","floor":22,"turns":6},{"damage":24,"enemies":"Snake Plant","floor":24,"turns":4},{"damage":0,"enemies":"Centurion and Healer","floor":28,"turns":4},{"damage":14,"enemies":"Shelled Parasite and Fungi","floor":29,"turns":3},{"damage":8,"enemies":"Cultist and Chosen","floor":31,"turns":5},{"damage":44,"enemies":"Automaton","floor":33,"turns":8},{"damage":0,"enemies":"3 Shapes","floor":35,"turns":4},{"damage":20,"enemies":"3 Darklings","floor":38,"turns":5},{"damage":39,"enemies":"Spire Growth","floor":41,"turns":4},{"damage":10,"enemies":"4 Shapes","floor":44,"turns":5},{"damage":0,"enemies":"Maw","floor":47,"turns":8},{"damage":37,"enemies":"Awakened One","floor":50,"turns":11}],"seed_played":"-5131467760323111191","potions_obtained":[{"floor":5,"key":"SkillPotion"},{"floor":10,"key":"SteroidPotion"},{"floor":14,"key":"ColorlessPotion"},{"floor":21,"key":"Fruit Juice"},{"floor":21,"key":"Regen Potion"},{"floor":21,"key":"EntropicBrew"},{"floor":21,"key":"SkillPotion"},{"floor":22,"key":"BlessingOfTheForge"},{"floor":24,"key":"Energy Potion"},{"floor":29,"key":"BlessingOfTheForge"},{"floor":31,"key":"Swift Potion"},{"floor":41,"key":"FearPotion"}],"is_trial":false,"path_per_floor":["M","$","?","M","M","R","E","R","T","M","E","$","?","M","R","B",null,"M","M","M","$","M","R","M","R","T","R","M","M","R","M","R","B",null,"M","?","$","M","?","R","M","T","T","M","?","R","M","$","R","B",null],"character_chosen":"THE_CURSED","items_purchased":["TheCursedMod:TacticalStrike","TheCursedMod:Hemoplague","Cauldron","Apotheosis","Block Potion","Bag of Preparation"],"campfire_rested":5,"item_purchase_floors":[2,2,21,37,48,48],"current_hp_per_floor":[75,75,60,60,55,55,18,40,47,46,34,34,34,28,52,4,63,50,34,14,19,18,44,20,46,46,46,46,41,41,33,59,15,69,69,69,69,49,49,49,22,22,22,24,76,76,76,76,76,39],"gold":3,"neow_bonus":"UPGRADE_CARD","is_daily":false,"chose_seed":false,"campfire_upgraded":6,"win_rate":0.0,"timestamp":1611024017,"path_taken":["M","$","?","M","M","R","E","R","T","M","E","$","?","M","R","BOSS","M","M","?","$","M","R","M","R","T","R","M","M","R","M","R","BOSS","M","?","$","M","?","R","M","?","T","M","?","R","M","?","R","BOSS"],"items_purchased_type":["Card","Card","Relic","Card","Potion","Relic"],"build_version":"2020-12-22","purchased_purges":2,"victory":true,"max_hp_per_floor":[75,75,75,75,75,75,75,75,82,82,82,82,82,82,82,82,82,82,82,82,87,87,87,87,87,87,87,87,87,87,87,87,87,87,87,87,87,87,87,87,87,87,87,87,76,76,76,76,76,76],"card_choices":[{"not_picked":["TheCursedMod:SurpriseAttack","TheCursedMod:Stigma"],"picked":"TheCursedMod:CursedSpellbook","floor":1},{"not_picked":["TheCursedMod:RapidMovement","TheCursedMod:ReleasedKnowledge"],"picked":"TheCursedMod:SpitefulPlan","floor":4},{"not_picked":["TheCursedMod:TacticalStrike","TheCursedMod:CursedShiv"],"picked":"TheCursedMod:RapidMovement","floor":5},{"not_picked":["TheCursedMod:CircleOfFlame","TheCursedMod:Stigma","TheCursedMod:SurpriseAttack"],"picked":"SKIP","floor":7},{"not_picked":["TheCursedMod:Obscuration","TheCursedMod:CursedArmor"],"picked":"TheCursedMod:VitalStrike","floor":10},{"not_picked":["TheCursedMod:Hemoplague","TheCursedMod:RavingStaff","TheCursedMod:ForbiddenAlchemy"],"picked":"SKIP","floor":11},{"not_picked":["TheCursedMod:RavingStaff","TheCursedMod:SpitefulStrike","TheCursedMod:WearCloak"],"picked":"SKIP","floor":14},{"not_picked":["TheCursedMod:ForbiddenAlchemy","TheCursedMod:OutForBlood"],"picked":"TheCursedMod:ManaCirculation","floor":16},{"not_picked":["TheCursedMod:Obscuration","TheCursedMod:CursedMace"],"picked":"TheCursedMod:SmokeScreen","floor":18},{"not_picked":["TheCursedMod:CursedBlade","TheCursedMod:CircleOfFlame","TheCursedMod:Evocation"],"picked":"SKIP","floor":19},{"not_picked":["TheCursedMod:SmokeScreen","TheCursedMod:Torture","TheCursedMod:CursedStaff"],"picked":"SKIP","floor":20},{"not_picked":["TheCursedMod:CircleOfCorruption","TheCursedMod:Stigma","TheCursedMod:ParallelWorld"],"picked":"SKIP","floor":22},{"not_picked":["TheCursedMod:CircleOfFlame","TheCursedMod:Stigma"],"picked":"TheCursedMod:CursedShiv","floor":24},{"not_picked":["TheCursedMod:SoulReap","TheCursedMod:CircleOfWindfury","TheCursedMod:Stigma"],"picked":"SKIP","floor":28},{"not_picked":["TheCursedMod:SoulCrush","TheCursedMod:Wield","TheCursedMod:CursedShiv"],"picked":"SKIP","floor":29},{"not_picked":["TheCursedMod:DemonicPact","TheCursedMod:Stigma","TheCursedMod:Torture"],"picked":"SKIP","floor":31},{"not_picked":["TheCursedMod:BloodBarrier","TheCursedMod:CircleOfCorruption+1"],"picked":"TheCursedMod:Obscuration+1","floor":35},{"not_picked":["TheCursedMod:CursedAmulet","TheCursedMod:Stigma+1","TheCursedMod:UltimatePain"],"picked":"SKIP","floor":38},{"not_picked":["TheCursedMod:RavingStaff+1","TheCursedMod:Stretching+1","TheCursedMod:ManaBullet"],"picked":"SKIP","floor":41},{"not_picked":["TheCursedMod:Stretching","TheCursedMod:TacticalStrike+1","TheCursedMod:RapidMovement"],"picked":"SKIP","floor":44},{"not_picked":["TheCursedMod:Grudge+1","TheCursedMod:SpitefulStrike+1","TheCursedMod:CursedBlade+1"],"picked":"SKIP","floor":47}],"player_experience":493509,"relics_obtained":[{"floor":7,"key":"Pen Nib"},{"floor":9,"key":"Strawberry"},{"floor":11,"key":"Lantern"},{"floor":26,"key":"Vajra"},{"floor":34,"key":"TheCursedMod:Tack"},{"floor":34,"key":"Meat on the Bone"},{"floor":34,"key":"Thread and Needle"},{"floor":42,"key":"Akabeko"},{"floor":43,"key":"War Paint"}],"event_choices":[{"damage_healed":0,"gold_gain":0,"player_choice":"Entered Light","damage_taken":15,"max_hp_gain":0,"max_hp_loss":0,"event_name":"Shining Light","floor":3,"gold_loss":0,"cards_upgraded":["TheCursedMod:Strike_TheCursed","TheCursedMod:Defend_TheCursed"]},{"damage_healed":0,"gold_gain":100,"player_choice":"Pray","damage_taken":0,"max_hp_gain":0,"max_hp_loss":0,"event_name":"Golden Shrine","floor":13,"gold_loss":0},{"damage_healed":0,"gold_gain":0,"player_choice":"Ignored","damage_taken":0,"max_hp_gain":0,"max_hp_loss":0,"event_name":"Tomb of Lord Red Mask","floor":36,"gold_loss":0},{"damage_healed":0,"gold_gain":0,"player_choice":"Ignored","damage_taken":0,"max_hp_gain":0,"max_hp_loss":0,"event_name":"Mysterious Sphere","floor":39,"gold_loss":0},{"damage_healed":76,"gold_gain":0,"player_choice":"Heal","damage_taken":0,"max_hp_gain":0,"max_hp_loss":11,"event_name":"The Moai Head","floor":45,"gold_loss":0}],"is_beta":false,"boss_relics":[{"not_picked":["Coffee Dripper","Black Star"],"picked":"Pandora\u0027s Box"},{"not_picked":["Astrolabe","Tiny House"],"picked":"Calling Bell"}],"items_purged_floors":[12,21],"is_endless":false,"potions_floor_spawned":[5,10,14,22,24,29,31,41],"ascension_level":5}}