{"host":"vm38gssijriejdfn","time":1611089219,"event":{"mods":["100% Spire Juice","AchievementEnabler","Act Like it!","BaseMod","Better Match","Better Note","Better Sensory Stone","Better Synergies","Better Vampires","CCEM","Colored Map","Colored Powertips","Fireblade Mod","Gensokyo","GifTheSpireLib","Gold Saver","Hallownest","Infinite Spire","Magitek Elite","Minty Spire (QoL Compilation)","Rare Cards Sparkle","Reimu??????","Spicy Shops","StSLib","The Administrix","The Animator","The Exalted","The Marked","Wandering Minibosses","???Mod?????????"],"gold_per_floor":[747,747,443,368,368,393,409,409,433,458,331,331,364,380,380,479,479,498,508,458,469,247,282,282,316,370,370,382,371,583,583,583,688,688,708,618,618,637,651,653,684,436,462,462,262,298,298,326,326,328],"floor_reached":51,"language":"ENG","playtime":7453,"items_purged":["theMarked:Strike","theMarked:Strike","theMarked:MaelstromOfLightning","theMarked:SoldierForm","theMarked:SwordAndMagic"],"score":1023,"play_id":"adb079c4-ae0b-43c6-b54b-69f1a8f5973e","local_time":"20210119144659","is_ascension_mode":true,"campfire_choices":[{"data":"theMarked:MagicAdept","floor":15,"key":"SMITH"},{"data":"theMarked:ReduceFriction","floor":24,"key":"SMITH"},{"floor":27,"key":"REST"},{"data":"theMarked:Challenge","floor":32,"key":"SMITH"},{"data":"theMarked:Parry","floor":44,"key":"SMITH"},{"floor":47,"key":"REST"},{"data":"theMarked:EnhanceMovement","floor":49,"key":"SMITH"}],"circlet_count":0,"master_deck":["theMarked:SoldierOfQuellstein","theMarked:Generate","theMarked:Overcharge","Hallownest:skillGreenpathMap","theMarked:ReduceFriction+1","theMarked:MagicAdept+1","theMarked:Challenge+1","Gensokyo:TekeTeke","theMarked:EternalStudent","Gensokyo:ShootingStar","theMarked:EmpowerWeapon+1","Gensokyo:CustomPotion","infinitespire:Collect","Gensokyo:UnlikelyAid+1","theMarked:Electrocute+1","theMarked:Parry+1","Gensokyo:SpontaneousHumanCombustion","theMarked:EnhanceMovement+1"],"relics":["theMarked:BronzeBlade","NeowsBlessing","Membership Card","RuthlessExorcism:ReiMu","Tea:ReiMu","CCEMRelics:JestersCrown","Shuriken","CaptainsWheel","Mastiff:ReiMu","Thread and Needle","Darkstone Periapt","infinitespire:Midas Blood","Tintinnabulum","Gensokyo:RedStar","Empty Cage","Vajra","Orichalcum","theMarked:Winder","CCEMRelics:Pendulum","Bottled Flame","Molten Egg 2"],"acts_visited":["Hallownest:Greenpath","Gensokyo:Gensokyoer","Gensokyo:Gensokyoest"],"potions_floor_usage":[16,16,18,33,38,40,40,46,50],"damage_taken":[{"damage":0,"enemies":"Hallownest:monsterHuskWarrior","floor":1,"turns":1},{"damage":0,"enemies":"Hallownest:eliteCrystalGuardian","floor":6,"turns":1},{"damage":0,"enemies":"Hallownest:2_Tiktiks_and_1_Crawlid","floor":7,"turns":1},{"damage":2,"enemies":"Hallownest:eliteVengeflyKing","floor":10,"turns":6},{"damage":0,"enemies":"Hallownest:monsterMarmu","floor":12,"turns":2},{"damage":0,"enemies":"Hallownest:eliteMossKnight","floor":13,"turns":2},{"damage":0,"enemies":"Hallownest:2_MossCreeps","floor":14,"turns":2},{"damage":9,"enemies":"Hallownest:BossFalseKnight","floor":16,"turns":6},{"damage":10,"enemies":"Gensokyo:3_Dogs","floor":18,"turns":3},{"damage":0,"enemies":"Gensokyo:CosmicMonolith","floor":19,"turns":2},{"damage":39,"enemies":"Gensokyo:Slime_Group","floor":21,"turns":4},{"damage":0,"enemies":"Gensokyo:Koishi","floor":23,"turns":3},{"damage":15,"enemies":"Gensokyo:Tenshi","floor":25,"turns":3},{"damage":2,"enemies":"Gensokyo:Monolith_and_Dog","floor":28,"turns":4},{"damage":0,"enemies":"Gensokyo:Chomper_and_Gloop","floor":30,"turns":3},{"damage":17,"enemies":"Gensokyo:Eiki","floor":33,"turns":4},{"damage":0,"enemies":"Gensokyo:3_Boulders","floor":35,"turns":1},{"damage":0,"enemies":"Gensokyo:AncientGuardian","floor":38,"turns":2},{"damage":6,"enemies":"Gensokyo:Sharpion","floor":39,"turns":2},{"damage":9,"enemies":"Gensokyo:Sharpion","floor":40,"turns":5},{"damage":0,"enemies":"Nightmare","floor":41,"turns":6},{"damage":59,"enemies":"Gensokyo:Marisa","floor":46,"turns":3},{"damage":0,"enemies":"Gensokyo:Doremy","floor":48,"turns":3},{"damage":8,"enemies":"Gensokyo:Shinki","floor":50,"turns":4}],"seed_played":"6199770380791614264","potions_obtained":[{"floor":1,"key":"AttackPotion"},{"floor":6,"key":"PowerPotion"},{"floor":7,"key":"ColorlessPotion"},{"floor":16,"key":"Explosive Potion"},{"floor":18,"key":"ZuzhouPotion:ReiMu"},{"floor":21,"key":"Explosive Potion"},{"floor":28,"key":"Energy Potion"},{"floor":33,"key":"Energy Potion"},{"floor":38,"key":"Strength Potion"},{"floor":39,"key":"Fire Potion"},{"floor":41,"key":"PowerPotion"},{"floor":48,"key":"Ancient Potion"}],"is_trial":false,"path_per_floor":["M","?","$","?","?","E","M","?","T","E","$","?","E","M","R","B",null,"M","M","?","M","COS","E","R","E","T","R","M","?","M","?","R","B",null,"M","?","AVR","M","M","?","NM","$","T","R","COS","E","R","E","R","B",null],"character_chosen":"THE_DEFAULT","items_purchased":["Membership Card","theMarked:Overcharge","RuthlessExorcism:ReiMu","CaptainsWheel","Mastiff:ReiMu","theMarked:Winder","theMarked:Parry"],"campfire_rested":2,"item_purchase_floors":[3,3,3,11,11,42,42],"current_hp_per_floor":[70,70,70,70,63,63,63,63,63,61,61,61,61,61,61,52,63,53,53,60,21,21,21,21,6,6,28,27,67,68,69,70,53,70,70,70,70,70,64,65,66,67,68,69,70,11,33,34,35,28],"gold":328,"neow_bonus":"THREE_ENEMY_KILL","is_daily":false,"chose_seed":false,"campfire_upgraded":5,"win_rate":0.0,"timestamp":1611089219,"path_taken":["M","?","$","?","?","E","?","?","T","E","?","?","E","M","R","BOSS","M","M","?","M","COS","E","R","E","T","R","M","?","M","?","R","BOSS","M","?","AVR","M","M","?","NM","?","T","R","COS","E","R","E","R","BOSS"],"items_purchased_type":["Relic","Card","Relic","Relic","Relic","Relic","Card"],"build_version":"2020-12-22","purchased_purges":5,"victory":true,"max_hp_per_floor":[70,70,70,70,63,63,63,63,63,63,63,63,63,63,63,63,63,63,63,70,70,70,70,70,70,70,70,70,70,70,70,70,70,70,70,70,70,70,70,70,70,70,70,70,70,70,70,70,70,70],"card_choices":[{"not_picked":["theMarked:RepellingDischarge","theMarked:ResourceFulStrike"],"picked":"theMarked:Generate","floor":1},{"not_picked":["theMarked:ElectricStrings","theMarked:ShockingTouch"],"picked":"theMarked:SwordAndMagic","floor":6},{"not_picked":["theMarked:TwofoldDefense","theMarked:Improvise","theMarked:ElectricStrings"],"picked":"SKIP","floor":7},{"not_picked":["theMarked:Seal","theMarked:Improvise"],"picked":"theMarked:ReduceFriction","floor":10},{"not_picked":["theMarked:WastefulAttack","theMarked:ContemptForTheProud"],"picked":"theMarked:MagicAdept","floor":13},{"not_picked":["theMarked:ChainLightning","theMarked:SwordAndMagic"],"picked":"theMarked:MaelstromOfLightning","floor":14},{"not_picked":["theMarked:MuscleMemory","theMarked:TurnInvisible"],"picked":"theMarked:Challenge","floor":16},{"not_picked":["theMarked:Improvise","theMarked:ContemptForTheProud+1","theMarked:StartUp+1"],"picked":"SKIP","floor":18},{"not_picked":["theMarked:Opportunist+1","theMarked:Frustration"],"picked":"theMarked:PowerFlow","floor":19},{"not_picked":["theMarked:SwordAndMagic","theMarked:Opportunist","theMarked:ChainLightning"],"picked":"SKIP","floor":21},{"not_picked":["theMarked:Parry","theMarked:ResourceFulStrike","theMarked:MaelstromOfLightning"],"picked":"SKIP","floor":23},{"not_picked":["theMarked:BanishingStrike","theMarked:ResourceFulStrike","theMarked:WastefulDefense+1"],"picked":"SKIP","floor":25},{"not_picked":["theMarked:Static","theMarked:WastefulDefense+1"],"picked":"theMarked:EternalStudent","floor":28},{"not_picked":["theMarked:Improvise","theMarked:Static","theMarked:BanishingStrike"],"picked":"SKIP","floor":30},{"not_picked":[],"picked":"Gensokyo:ShootingStar","floor":33},{"not_picked":["theMarked:Vacuum","theMarked:MagicAdept"],"picked":"theMarked:SoldierForm","floor":33},{"not_picked":["theMarked:ResourceFulStrike","theMarked:Frustration+1"],"picked":"theMarked:EmpowerWeapon+1","floor":35},{"not_picked":["theMarked:EmpowerWeapon+1","theMarked:Parkour","theMarked:ParalyzingBlade"],"picked":"SKIP","floor":38},{"not_picked":["theMarked:EmpowerWeapon+1","theMarked:Parkour","theMarked:ParalyzingBlade"],"picked":"SKIP","floor":38},{"not_picked":["theMarked:WastefulAttack+1","theMarked:Levitate","theMarked:Electrify+1"],"picked":"SKIP","floor":39},{"not_picked":["Gensokyo:RisingWorld+1","Gensokyo:Dawn+1"],"picked":"Gensokyo:UnlikelyAid+1","floor":40},{"not_picked":["theMarked:ParalyzingBlade+1","theMarked:StartUp"],"picked":"theMarked:Electrocute+1","floor":41},{"not_picked":["theMarked:SoldierForm","theMarked:KeepCalmAndFightOn+1","theMarked:MaelstromOfLightning"],"picked":"SKIP","floor":46},{"not_picked":["theMarked:WastefulAttack+1","theMarked:CreepingChasm"],"picked":"theMarked:EnhanceMovement","floor":48}],"player_experience":2688951,"relics_obtained":[{"floor":6,"key":"Tea:ReiMu"},{"floor":9,"key":"CCEMRelics:JestersCrown"},{"floor":10,"key":"Shuriken"},{"floor":13,"key":"Thread and Needle"},{"floor":23,"key":"Darkstone Periapt"},{"floor":25,"key":"infinitespire:Midas Blood"},{"floor":26,"key":"Tintinnabulum"},{"floor":41,"key":"Orichalcum"},{"floor":43,"key":"CCEMRelics:Pendulum"},{"floor":46,"key":"Bottled Flame"},{"floor":48,"key":"Molten Egg 2"}],"event_choices":[],"is_beta":false,"boss_relics":[{"not_picked":["theMarked:Eyepatch","Sozu"],"picked":"theMarked:BronzeBlade"},{"not_picked":["Velvet Choker","Pandora\u0027s Box"],"picked":"Empty Cage"}],"items_purged_floors":[3,11,37,42,42],"is_endless":false,"potions_floor_spawned":[1,6,7,16,18,21,28,33,38,39,41,48],"ascension_level":1}}