{"host":"pmq2bjxo3k17mhrw","time":1611070847,"event":{"mods":["BaseMod","Minty Spire (QoL Compilation)","Replay The Spire","StSLib"],"gold_per_floor":[116,116,116,127,127,153,153,184,184,202,202,222,252,267,267,364,364,382,322,179,193,209,209,234,234,234,49,60,60,60,77,77,172,172,186,200,51,67,86,86,115,45,45,45,45],"floor_reached":44,"language":"ZHS","playtime":2436,"items_purged":[],"score":729,"play_id":"b8b39f24-aad6-41d0-8bd8-23ec0bdbb100","local_time":"20210119234047","is_ascension_mode":true,"campfire_choices":[{"data":"Zap","floor":11,"key":"SMITH"},{"data":"Hologram","floor":15,"key":"SMITH"},{"data":"Fission","floor":23,"key":"SMITH"},{"data":"Heatsinks","floor":25,"key":"SMITH"},{"data":"Aggregate","floor":29,"key":"SMITH"},{"data":"Creative AI","floor":40,"key":"SMITH"}],"circlet_count":0,"master_deck":["Zap+1","Dualcast","Go for the Eyes","Chill+1","Cold Snap","Aggregate+1","Ball Lightning","Hologram+1","Fission+1","Chill","Heatsinks+1","BootSequence","Steam","Crystallizer","Doom and Gloom+1","Conserve Battery","Undo","Compile Driver","Skim","Biased Cognition","AbeCurse","Panic Button","Coolheaded","Creative AI+1","Coolheaded","Hologram+1","FIFO Queue+1","Defragment"],"relics":["Cracked Core","NeowsBlessing","Onion Ring","ReplayFunnel","Divine Protection","Turnip","War Paint","Pandora\u0027s Box","DataDisk","PreservedInsect","Gremlin Horn","Guide Book","Abe\u0027s Treasure","Orrery","Potion Belt","Bag of Preparation"],"acts_visited":["Exordium","TheCity","TheBeyond"],"potions_floor_usage":[13,16,22,28,33,33],"damage_taken":[{"damage":0,"enemies":"2 Louse","floor":1,"turns":1},{"damage":0,"enemies":"Jaw Worm","floor":4,"turns":1},{"damage":0,"enemies":"3 Sentries","floor":6,"turns":1},{"damage":27,"enemies":"Lagavulin","floor":8,"turns":8},{"damage":0,"enemies":"Small Slimes","floor":10,"turns":4},{"damage":0,"enemies":"Gremlin Gang","floor":12,"turns":5},{"damage":21,"enemies":"Gremlin Nob","floor":13,"turns":4},{"damage":0,"enemies":"3 Louse","floor":14,"turns":3},{"damage":10,"enemies":"Fading Forest","floor":16,"turns":11},{"damage":0,"enemies":"Chosen","floor":18,"turns":6},{"damage":0,"enemies":"Shell Parasite","floor":21,"turns":4},{"damage":0,"enemies":"Sentry and Sphere","floor":22,"turns":6},{"damage":12,"enemies":"Gremlin Leader","floor":24,"turns":7},{"damage":15,"enemies":"Shelled Parasite and Fungi","floor":28,"turns":5},{"damage":0,"enemies":"Cultist and Chosen","floor":31,"turns":5},{"damage":31,"enemies":"Automaton","floor":33,"turns":8},{"damage":8,"enemies":"3 Shapes","floor":35,"turns":5},{"damage":0,"enemies":"Orb Walker","floor":36,"turns":3},{"damage":29,"enemies":"Sphere and 2 Shapes","floor":38,"turns":8},{"damage":0,"enemies":"4 Shapes","floor":39,"turns":9},{"damage":36,"enemies":"Nemesis","floor":41,"turns":9}],"seed_played":"8919056458609626821","potions_obtained":[{"floor":8,"key":"CultistPotion"},{"floor":10,"key":"FocusPotion"},{"floor":13,"key":"LiquidBronze"},{"floor":14,"key":"Fruit Juice"},{"floor":16,"key":"Block Potion"},{"floor":24,"key":"Elixir"},{"floor":28,"key":"FocusPotion"},{"floor":33,"key":"Elixir"},{"floor":38,"key":"SpeedPotion"},{"floor":41,"key":"Swift Potion"}],"is_trial":false,"path_per_floor":["M","?","?","M","?","E","?","E","T","M","R","M","E","M","R","B",null,"M","?","$","M","M","R","E","R","T","$","M","R","?","M","R","B",null,"M","M","$","M","M","R","E","$","T","?"],"character_chosen":"DEFECT","items_purchased":["DataDisk","Skim","Guide Book","Orrery","Defragment"],"campfire_rested":0,"item_purchase_floors":[20,27,27,37,42],"current_hp_per_floor":[68,68,73,73,73,73,73,46,46,46,46,46,25,25,25,15,64,64,64,64,64,64,64,52,52,52,52,42,42,42,42,95,64,87,79,79,79,50,50,50,14,14,14,0,0],"gold":45,"neow_bonus":"THREE_ENEMY_KILL","is_daily":false,"chose_seed":false,"campfire_upgraded":6,"win_rate":0.0,"timestamp":1611070847,"path_taken":["M","?","?","M","?","E","?","E","T","?","R","M","E","?","R","BOSS","M","?","$","M","M","R","E","R","T","$","M","R","?","M","R","BOSS","M","?","$","M","M","R","E","$","T","?"],"items_purchased_type":["Relic","Card","Relic","Relic","Card"],"build_version":"2020-12-22","purchased_purges":0,"victory":false,"max_hp_per_floor":[75,75,80,80,80,80,80,80,80,80,80,80,80,80,80,80,80,80,80,80,80,80,80,80,80,80,80,85,85,85,85,95,95,95,95,95,95,95,95,95,95,95,95,95,95],"card_choices":[{"not_picked":["Gash","Rebound"],"picked":"Go for the Eyes","floor":1},{"not_picked":["Double Energy","Rip and Tear"],"picked":"Chill","floor":4},{"not_picked":["ReplayTheSpireMod:System Scan","ReplaySolidLightProjector"],"picked":"Cold Snap","floor":6},{"not_picked":["Steam","Reinforced Body"],"picked":"Aggregate","floor":8},{"not_picked":["Streamline","Hyperbeam"],"picked":"Ball Lightning","floor":10},{"not_picked":["Panic Button","ReplayTheSpireMod:GoodbyeWorld"],"picked":"Hologram","floor":12},{"not_picked":["Sweeping Beam","Gash"],"picked":"Machine Learning","floor":13},{"not_picked":["Blizzard","Scrape","Tempest"],"picked":"SKIP","floor":14},{"not_picked":["Thunder Strike","Multi-Cast"],"picked":"Fission","floor":16},{"not_picked":["Cold Snap","Ball Lightning"],"picked":"Doom and Gloom+1","floor":18},{"not_picked":["Gash","Leap"],"picked":"Conserve Battery","floor":21},{"not_picked":["Lockon","Storm+1"],"picked":"Undo","floor":22},{"not_picked":["Streamline","Blizzard"],"picked":"Compile Driver","floor":24},{"not_picked":["Conserve Battery","Streamline","Redo"],"picked":"SKIP","floor":28},{"not_picked":["Darkness","Steam Power","Leap"],"picked":"SKIP","floor":31},{"not_picked":["Thunder Strike","ReplayRNGCard"],"picked":"Biased Cognition","floor":33},{"not_picked":["Stack+1","Conserve Battery+1","Steam"],"picked":"SKIP","floor":35},{"not_picked":["Static Discharge","BasicCrystalCard+1"],"picked":"Panic Button","floor":36},{"not_picked":["Compile Driver+1","Conserve Battery+1"],"picked":"Coolheaded","floor":37},{"not_picked":["Stack","Cold Snap"],"picked":"Creative AI","floor":37},{"not_picked":["Ball Lightning+1","Redo+1"],"picked":"Coolheaded","floor":37},{"not_picked":["ReplayRNGCard","Heatsinks"],"picked":"Hologram+1","floor":37},{"not_picked":["Stack+1","Redo","Gash"],"picked":"SKIP","floor":38},{"not_picked":["ReplayTheSpireMod:System Scan+1","BasicCrystalCard+1","Streamline"],"picked":"SKIP","floor":39},{"not_picked":["Blizzard+1","Reboot"],"picked":"FIFO Queue+1","floor":41}],"player_experience":213755,"relics_obtained":[{"floor":6,"key":"Onion Ring"},{"floor":8,"key":"Divine Protection"},{"floor":9,"key":"Turnip"},{"floor":13,"key":"War Paint"},{"floor":24,"key":"PreservedInsect"},{"floor":26,"key":"Gremlin Horn"},{"floor":41,"key":"Potion Belt"},{"floor":43,"key":"Bag of Preparation"}],"event_choices":[{"damage_healed":0,"gold_gain":0,"player_choice":"Donut","damage_taken":0,"max_hp_gain":5,"max_hp_loss":0,"event_name":"Big Fish","floor":3,"gold_loss":0},{"cards_removed":["Steam Power"],"damage_healed":0,"gold_gain":0,"player_choice":"Gave Card","damage_taken":0,"relics_obtained":["ReplayFunnel"],"max_hp_gain":0,"max_hp_loss":0,"event_name":"WeMeetAgain","floor":7,"gold_loss":0},{"cards_removed":["ReplayTheSpireMod:System Scan"],"damage_healed":0,"gold_gain":0,"player_choice":"Purged","damage_taken":0,"max_hp_gain":0,"max_hp_loss":0,"event_name":"Purifier","floor":30,"gold_loss":0},{"cards_removed":["Machine Learning"],"damage_healed":43,"gold_gain":0,"player_choice":"Offered Rare","damage_taken":0,"max_hp_gain":10,"max_hp_loss":0,"event_name":"Bonfire Elementals","floor":32,"gold_loss":0}],"is_beta":false,"boss_relics":[{"not_picked":["Replay:Drink Me","Fusion Hammer"],"picked":"Pandora\u0027s Box"},{"not_picked":["Kintsugi","Tiny House"],"picked":"Abe\u0027s Treasure"}],"items_purged_floors":[],"is_endless":false,"potions_floor_spawned":[8,10,13,14,16,24,28,33,38,41],"ascension_level":8}}