{"host":"3oax8yz66k5njorr","time":1611058555,"event":{"mods":["AchievementEnabler","BaseMod","Colored Map","Colored Powertips","DeckTracker","Minty Spire (QoL Compilation)","Rare Cards Sparkle"],"gold_per_floor":[117,127,55,68,79,79,79,79,79,93,113,128,128,148,148,250,250,270,270,286,60,60,60],"floor_reached":22,"language":"KOR","playtime":922,"items_purged":["Strike_B"],"score":180,"play_id":"2b3dd106-79ed-48b7-9499-1b3ed3f35f38","local_time":"20210119211555","is_ascension_mode":false,"campfire_choices":[{"data":"Zap","floor":6,"key":"SMITH"},{"data":"Defragment","floor":8,"key":"SMITH"},{"data":"Dualcast","floor":13,"key":"SMITH"},{"data":"Go for the Eyes","floor":15,"key":"SMITH"}],"circlet_count":0,"master_deck":["Strike_B","Strike_B","Strike_B","Defend_B","Defend_B","Defend_B","Defend_B","Zap+1","Dualcast+1","Streamline","Stack","Defragment+1","Conserve Battery","Hologram","Go for the Eyes+1","Capacitor","Seek","Gash+1"],"relics":["Cracked Core","Potion Belt","Pear","Runic Pyramid","Bag of Preparation"],"acts_visited":["Exordium","TheCity"],"potions_floor_usage":[5,11,16,20],"damage_taken":[{"damage":1,"enemies":"Jaw Worm","floor":1,"turns":3},{"damage":2,"enemies":"2 Louse","floor":2,"turns":2},{"damage":1,"enemies":"Cultist","floor":4,"turns":3},{"damage":6,"enemies":"3 Louse","floor":5,"turns":4},{"damage":6,"enemies":"Large Slime","floor":10,"turns":6},{"damage":0,"enemies":"Gremlin Gang","floor":11,"turns":3},{"damage":11,"enemies":"Exordium Wildlife","floor":12,"turns":3},{"damage":2,"enemies":"Blue Slaver","floor":14,"turns":3},{"damage":21,"enemies":"Slime Boss","floor":16,"turns":10},{"damage":13,"enemies":"Chosen","floor":18,"turns":5},{"damage":26,"enemies":"3 Byrds","floor":20,"turns":5},{"damage":33,"enemies":"Snecko","floor":22,"turns":6}],"seed_played":"-5669620240766502352","potions_obtained":[{"floor":1,"key":"Block Potion"},{"floor":10,"key":"AttackPotion"},{"floor":12,"key":"PowerPotion"},{"floor":18,"key":"PowerPotion"}],"is_trial":false,"path_per_floor":["M","M","$","M","M","R","$","R","T","M","M","M","R","M","R","B",null,"M","?","M","$","M"],"character_chosen":"DEFECT","items_purchased":["Defragment","Bag of Preparation"],"campfire_rested":0,"item_purchase_floors":[3,21],"current_hp_per_floor":[74,72,72,71,65,65,65,65,75,69,69,58,58,56,56,35,85,72,56,30,30,0,0],"gold":60,"neow_bonus":"RANDOM_COMMON_RELIC","is_daily":false,"chose_seed":false,"campfire_upgraded":4,"win_rate":0.0,"timestamp":1611058555,"path_taken":["M","M","$","M","M","R","$","R","T","M","M","M","R","M","R","BOSS","M","?","M","$","M"],"items_purchased_type":["Card","Relic"],"build_version":"2020-12-22","purchased_purges":1,"victory":false,"max_hp_per_floor":[75,75,75,75,75,75,75,75,85,85,85,85,85,85,85,85,85,85,85,85,85,85,85],"card_choices":[{"not_picked":["FTL","Barrage"],"picked":"Streamline","floor":1},{"not_picked":["Static Discharge","Rebound"],"picked":"Stack","floor":2},{"not_picked":["Doom and Gloom","Redo"],"picked":"Conserve Battery","floor":4},{"not_picked":["Storm","Redo","Turbo"],"picked":"SKIP","floor":5},{"not_picked":["Storm","Redo","Turbo"],"picked":"SKIP","floor":5},{"not_picked":["Cold Snap","Tempest"],"picked":"Hologram","floor":10},{"not_picked":["Steam","Turbo"],"picked":"Go for the Eyes","floor":11},{"not_picked":["Fission","Redo","Steam"],"picked":"SKIP","floor":12},{"not_picked":["Force Field","Beam Cell"],"picked":"Capacitor","floor":14},{"not_picked":["Thunder Strike","Multi-Cast"],"picked":"Seek","floor":16},{"not_picked":["Steam","Go for the Eyes","Turbo+1"],"picked":"SKIP","floor":18},{"not_picked":["Double Energy","Leap+1"],"picked":"Gash+1","floor":20}],"player_experience":65637,"relics_obtained":[{"floor":9,"key":"Pear"}],"event_choices":[{"damage_healed":0,"gold_gain":0,"player_choice":"Obtained Book","damage_taken":16,"max_hp_gain":0,"max_hp_loss":0,"event_name":"Cursed Tome","floor":19,"gold_loss":0}],"is_beta":false,"boss_relics":[{"not_picked":["Snecko Eye","Nuclear Battery"],"picked":"Runic Pyramid"}],"items_purged_floors":[21],"is_endless":false,"potions_floor_spawned":[1,10,12,18],"killed_by":"Snecko","ascension_level":0}}