{"host":"r10yh36zs2k9z1sa","time":1611071828,"event":{"mods":["Astrologer","BaseMod","Colored Map","Hermit","Marisa¡]Ãú«B¡@Å]²z¨F¡^","Minty Spire (QoL Compilation)","Permanent Neow","Remilia¡]Á¢¦Ì²ú?¡^","StSLib","The Animator","The Bug Knight","The Cursed","The Gatherer","The Hierophant","The Necromancer","The Runesmith","The Servant 0.9.4"],"gold_per_floor":[18,18,18,18,28,55,82,155,167,193,205,229,251,283,295,408,420,451,478,589,614,626,638,650,662,674,686,505,523,196,227,227,332,332,344,394,409,409,464,494,494,527,552,567,592,612,623,141,141,141],"floor_reached":51,"language":"ZHS","playtime":4328,"items_purged":["Shame","Defend_S","Defend_S"],"score":1149,"play_id":"0e983b87-5b92-4161-8c9f-52d09bf9e09c","local_time":"20210119235708","is_ascension_mode":true,"campfire_choices":[{"floor":15,"key":"REST"},{"data":"Moondial","floor":23,"key":"SMITH"},{"data":"Solidify","floor":25,"key":"SMITH"},{"data":"Moondial","floor":32,"key":"SMITH"},{"data":"Luminosity","floor":49,"key":"SMITH"}],"circlet_count":0,"master_deck":["Strike_S","Strike_S","Strike_S","Strike_S","Defend_S","Defend_S","KidneyShot","Exchange","TheWorld+1","BottledTime","Manipulate","Potential","SilverMatrix","Defy","InstantArmor","SilverBlades","BottledTime","BestPractice","ShiftingGears","FastForward","Sunlight","BottledTime","SoulSculpture","Solidify+1","Ricochet+1","Moondial+1","MurderousAura","MoonPhase+1","Gluttony_TH","Moondial+1","BottledTime","SpecialFormula","WasteNot","SilverMatrix","DancingSilver+1","DualDimension+1","WasteNot+1","Flash of Steel","Luminosity+1","InstantArmor+1","MoonPhase+1","Read","Luminosity+1"],"relics":["SplendidAttire","Prayer Wheel","PaperSwan","MawBank","Gremlin Horn","Blood Vial","MutagenicStrength","Pocketwatch","StrikeDummy","Lee\u0027s Waffle","Omamori","Philosopher\u0027s Stone","Lizard Tail","Girya","Mercury Hourglass","ScarletDevilRocket","Ancient Tea Set","Kunai","Pan","Bag of Marbles"],"acts_visited":["Exordium","TheCity","TheBeyond"],"potions_floor_usage":[8,16,39,45,47,50,50],"damage_taken":[{"damage":2,"enemies":"Jaw Worm","floor":1,"turns":4},{"damage":0,"enemies":"Cultist","floor":5,"turns":3},{"damage":32,"enemies":"Gremlin Nob","floor":6,"turns":5},{"damage":0,"enemies":"2 Louse","floor":7,"turns":4},{"damage":9,"enemies":"3 Sentries","floor":8,"turns":6},{"damage":7,"enemies":"Exordium Wildlife","floor":10,"turns":3},{"damage":0,"enemies":"3 Louse","floor":12,"turns":2},{"damage":3,"enemies":"Exordium Thugs","floor":13,"turns":4},{"damage":0,"enemies":"Looter","floor":14,"turns":3},{"damage":9,"enemies":"Slime Boss","floor":16,"turns":9},{"damage":1,"enemies":"Spheric Guardian","floor":18,"turns":3},{"damage":0,"enemies":"3 Byrds","floor":19,"turns":2},{"damage":10,"enemies":"Centurion and Healer","floor":21,"turns":2},{"damage":0,"enemies":"Sentry and Sphere","floor":29,"turns":4},{"damage":8,"enemies":"Gremlin Leader","floor":31,"turns":4},{"damage":2,"enemies":"Automaton","floor":33,"turns":8},{"damage":0,"enemies":"Orb Walker","floor":35,"turns":1},{"damage":0,"enemies":"Mind Bloom Boss Battle","floor":36,"turns":5},{"damage":0,"enemies":"3 Shapes","floor":37,"turns":3},{"damage":4,"enemies":"2 Orb Walkers","floor":39,"turns":4},{"damage":0,"enemies":"Giant Head","floor":40,"turns":8},{"damage":0,"enemies":"Reptomancer","floor":42,"turns":4},{"damage":0,"enemies":"Sphere and 2 Shapes","floor":44,"turns":1},{"damage":0,"enemies":"Giant Head","floor":45,"turns":5},{"damage":0,"enemies":"Transient","floor":46,"turns":5},{"damage":0,"enemies":"Jaw Worm Horde","floor":47,"turns":4},{"damage":16,"enemies":"Donu and Deca","floor":50,"turns":7}],"seed_played":"609181805466847790","potions_obtained":[{"floor":1,"key":"Strength Potion"},{"floor":5,"key":"LiquidBronze"},{"floor":8,"key":"FairyPotion"},{"floor":14,"key":"SkillPotion"},{"floor":16,"key":"Energy Potion"},{"floor":18,"key":"Dexterity Potion"},{"floor":40,"key":"SpeedPotion"},{"floor":42,"key":"Swift Potion"},{"floor":46,"key":"Explosive Potion"},{"floor":47,"key":"ColorlessPotion"}],"is_trial":false,"path_per_floor":["M","?","$","T","M","E","M","?","T","M","?","M","M","M","R","B",null,"M","M","?","M","?","R","?","R","T","?","$","M","$","E","R","B",null,"M","?","M","?","?","E","?","E","T","M","E","M","M","$","R","B",null],"character_chosen":"THE_SERVANT","items_purchased":["Moondial","BottledTime","WasteNot","Lee\u0027s Waffle","Pan","Bag of Marbles","Luminosity"],"campfire_rested":1,"item_purchase_floors":[28,28,30,30,48,48,48],"current_hp_per_floor":[57,57,57,57,57,25,25,16,16,11,11,13,12,14,33,26,55,56,58,58,50,50,50,50,50,50,65,65,67,87,84,84,87,87,87,87,87,87,83,87,87,87,87,87,87,87,87,87,87,76],"gold":141,"neow_bonus":"THREE_RARE_CARDS","is_daily":false,"chose_seed":false,"campfire_upgraded":4,"win_rate":0.0,"timestamp":1611071828,"path_taken":["M","?","$","?","M","E","M","?","T","?","?","?","M","M","R","BOSS","M","M","?","M","?","R","?","R","T","?","$","M","$","E","R","BOSS","M","?","M","?","?","E","?","E","T","M","E","M","M","$","R","BOSS"],"items_purchased_type":["Card","Card","Card","Relic","Relic","Relic","Card"],"build_version":"2020-12-22","purchased_purges":3,"victory":true,"max_hp_per_floor":[65,65,65,65,65,65,65,65,65,65,65,65,65,65,65,65,65,65,65,65,65,65,65,65,65,65,80,80,80,87,87,87,87,87,87,87,87,87,87,87,87,87,87,87,87,87,87,87,87,87],"card_choices":[{"not_picked":["SilverMatrix","ForgedInTime"],"picked":"TheWorld","floor":0},{"not_picked":["Reset","Revamp"],"picked":"BottledTime","floor":1},{"not_picked":["Ricochet","BottledTime"],"picked":"Manipulate","floor":5},{"not_picked":["Replace","TimeWarp"],"picked":"Potential","floor":5},{"not_picked":["Sabotage","BottledTime"],"picked":"SilverMatrix","floor":6},{"not_picked":["Rewind","Unruled"],"picked":"Defy","floor":7},{"not_picked":["Ricochet","Advance"],"picked":"InstantArmor","floor":7},{"not_picked":["Snipe","Alleviate"],"picked":"SilverBlades","floor":10},{"not_picked":["BottledTime","Advance","Defy"],"picked":"SKIP","floor":10},{"not_picked":["Advance","Defy"],"picked":"BottledTime","floor":10},{"not_picked":["Deadline","Potential"],"picked":"BestPractice","floor":12},{"not_picked":["Replace","DoubleEdge"],"picked":"ShiftingGears","floor":12},{"not_picked":["Hightail","TimeWarp"],"picked":"FastForward","floor":13},{"not_picked":["DualDimension","Defy"],"picked":"Sunlight","floor":13},{"not_picked":["Alleviate","Unruled"],"picked":"BottledTime","floor":14},{"not_picked":["BottledTime","Ricochet"],"picked":"SoulSculpture","floor":14},{"not_picked":["LightFlow","FloweringNight"],"picked":"Solidify","floor":16},{"not_picked":["Starlight+1","Revamp+1"],"picked":"Ricochet+1","floor":18},{"not_picked":["Spin","Snipe","GearUp+1"],"picked":"SKIP","floor":18},{"not_picked":["Gouge","FastForward"],"picked":"Moondial","floor":19},{"not_picked":["Unruled","Replace","Shuttle"],"picked":"SKIP","floor":19},{"not_picked":["Potential","MoonPhase"],"picked":"MurderousAura","floor":21},{"not_picked":["Alleviate","Revamp"],"picked":"MoonPhase+1","floor":21},{"not_picked":["Moonlight","Alleviate"],"picked":"SpecialFormula","floor":29},{"not_picked":["SpecialFormula","DoubleEdge","Revamp+1"],"picked":"SKIP","floor":29},{"not_picked":["Ricochet","ReturningBlade","TimeTheft"],"picked":"SKIP","floor":31},{"not_picked":["FloweringNight","FlawlessForm"],"picked":"SilverMatrix","floor":33},{"not_picked":["Potential+1","Ricochet"],"picked":"DancingSilver+1","floor":35},{"not_picked":["Potential+1","ShatteredReality+1","TimeWarp"],"picked":"SKIP","floor":35},{"not_picked":["Desolation+1","Defy+1"],"picked":"DualDimension+1","floor":36},{"not_picked":["Rearm+1","Ricochet"],"picked":"WasteNot+1","floor":37},{"not_picked":["FanOfKnives","TimeWarp","DoubleEdge"],"picked":"SKIP","floor":37},{"not_picked":["HandOfGreed","Mind Blast"],"picked":"Flash of Steel","floor":38},{"not_picked":["ShatteredReality","BottledTime+1"],"picked":"Luminosity+1","floor":39},{"not_picked":["Replace","SurpressingFire","SpecialFormula"],"picked":"SKIP","floor":40},{"not_picked":["Replace","SurpressingFire","SpecialFormula"],"picked":"SKIP","floor":40},{"not_picked":["Misdirection","SurpressingFire+1","ReturningBlade"],"picked":"SKIP","floor":42},{"not_picked":["BottledTime","ShatteredReality+1"],"picked":"InstantArmor+1","floor":44},{"not_picked":["TimeWarp+1","Ricochet+1","Shuttle"],"picked":"SKIP","floor":44},{"not_picked":["ReturningBlade","BestPractice"],"picked":"MoonPhase+1","floor":45},{"not_picked":["StarChef","Defy+1"],"picked":"Read","floor":46},{"not_picked":["Starlight","Potential","MurderousAura"],"picked":"SKIP","floor":46},{"not_picked":["ShatteredReality","Desolation","Alleviate+1"],"picked":"SKIP","floor":47},{"not_picked":["DoubleEdge","Alleviate","SurpressingFire+1"],"picked":"SKIP","floor":47}],"player_experience":252480,"relics_obtained":[{"floor":4,"key":"PaperSwan"},{"floor":6,"key":"MawBank"},{"floor":8,"key":"Gremlin Horn"},{"floor":9,"key":"Blood Vial"},{"floor":26,"key":"StrikeDummy"},{"floor":31,"key":"Omamori"},{"floor":36,"key":"Lizard Tail"},{"floor":39,"key":"Girya"},{"floor":40,"key":"Mercury Hourglass"},{"floor":42,"key":"ScarletDevilRocket"},{"floor":43,"key":"Ancient Tea Set"},{"floor":45,"key":"Kunai"}],"event_choices":[{"damage_healed":0,"gold_gain":0,"player_choice":"Gave Potion","damage_taken":0,"relics_obtained":["Prayer Wheel"],"max_hp_gain":0,"max_hp_loss":0,"event_name":"WeMeetAgain","floor":2,"gold_loss":0},{"damage_healed":0,"gold_gain":0,"player_choice":"Searched \u00271\u0027 times","damage_taken":0,"max_hp_gain":0,"max_hp_loss":0,"event_name":"Dead Adventurer","floor":8,"gold_loss":0},{"damage_healed":0,"gold_gain":0,"player_choice":"Upgraded","damage_taken":0,"max_hp_gain":0,"max_hp_loss":0,"event_name":"Upgrade Shrine","floor":11,"gold_loss":0,"cards_upgraded":["TheWorld"]},{"damage_healed":0,"gold_gain":99,"player_choice":"Stole From Cult","damage_taken":0,"max_hp_gain":0,"max_hp_loss":0,"event_name":"Nest","floor":20,"gold_loss":0},{"damage_healed":0,"gold_gain":0,"player_choice":"Inject Mutagens","damage_taken":0,"relics_obtained":["MutagenicStrength"],"max_hp_gain":0,"max_hp_loss":0,"event_name":"Drug Dealer","floor":22,"gold_loss":0},{"damage_healed":0,"gold_gain":0,"player_choice":"Stole Relic","damage_taken":0,"relics_obtained":["Pocketwatch"],"max_hp_gain":0,"max_hp_loss":0,"event_name":"Addict","floor":24,"gold_loss":0,"cards_obtained":["Shame"]},{"damage_healed":0,"gold_gain":0,"player_choice":"Fight","damage_taken":0,"max_hp_gain":0,"max_hp_loss":0,"event_name":"MindBloom","floor":36,"gold_loss":0},{"damage_healed":0,"gold_gain":0,"player_choice":"Memory 1","damage_taken":0,"max_hp_gain":0,"max_hp_loss":0,"event_name":"SensoryStone","floor":38,"gold_loss":0},{"damage_healed":0,"gold_gain":0,"player_choice":"Fight","damage_taken":0,"max_hp_gain":0,"max_hp_loss":0,"event_name":"Mysterious Sphere","floor":39,"gold_loss":0},{"damage_healed":0,"gold_gain":0,"player_choice":"Ignored","damage_taken":0,"max_hp_gain":0,"max_hp_loss":0,"event_name":"SecretPortal","floor":41,"gold_loss":0}],"is_beta":false,"boss_relics":[{"not_picked":["Velvet Choker","Empty Cage"],"picked":"SplendidAttire"},{"not_picked":["Snecko Eye","SlaversCollar"],"picked":"Philosopher\u0027s Stone"}],"items_purged_floors":[28,30,48],"is_endless":false,"potions_floor_spawned":[1,5,8,14,16,18,37,40,42,46,47],"ascension_level":6}}