{"host":"6p0attdrtjqaih7v","time":1611084864,"event":{"mods":["2.2 Compatiblity","AchievementEnabler","Bard","BaseMod","Better Skull","Better Third Choice","Colored Powertips","Hermit","Highlight Path","Jorbs\u0027s Wanderer Trilogy","Key Reminder","Minty Spire (QoL Compilation)","Permanent Neow","Quick Restart","Random Character Button","Relic Stats","Replay The Spire","Robot Space Explorer","StSLib"],"gold_per_floor":[18,18,18,36,52,84,84,119,174,192,219,219,246,31,40,149,149,175,196,225,245,274,283,317,338,375,396,428,73,173,194,194,304,304,332,164,175,225,325,325,339,91,118,130,130,154,167,189,189,189],"floor_reached":51,"language":"ENG","playtime":2906,"items_purged":["RobotSpaceExplorer:Strike+1","RobotSpaceExplorer:Defend"],"score":1107,"play_id":"90b91a15-09ba-4b21-b16c-5e7e095bf827","local_time":"20210119143424","is_ascension_mode":true,"campfire_choices":[{"data":"RobotSpaceExplorer:Asteroid","floor":7,"key":"SMITH"},{"data":"RobotSpaceExplorer:Discharger","floor":12,"key":"SMITH"},{"data":"RobotSpaceExplorer:ToxicBomb","floor":15,"key":"SMITH"},{"data":"RobotSpaceExplorer:IronShell","floor":23,"key":"SMITH"},{"data":"RobotSpaceExplorer:Electropulse","floor":25,"key":"SMITH"},{"data":"RobotSpaceExplorer:Electroshield","floor":27,"key":"SMITH"},{"data":"RobotSpaceExplorer:ExhaustFan","floor":32,"key":"SMITH"},{"data":"RobotSpaceExplorer:PowerCollector","floor":40,"key":"SMITH"},{"data":"Impatience","floor":45,"key":"SMITH"},{"floor":49,"key":"REST"}],"circlet_count":0,"master_deck":["AscendersBane","RobotSpaceExplorer:Defend","RobotSpaceExplorer:Defend","RobotSpaceExplorer:Defend","RobotSpaceExplorer:Scan+1","RobotSpaceExplorer:MiniLasers+1","RobotSpaceExplorer:Asteroid+1","RobotSpaceExplorer:Electropulse+1","RobotSpaceExplorer:MiniDrones","RobotSpaceExplorer:Discharger+1","RobotSpaceExplorer:ScrapMissile","RobotSpaceExplorer:JunkDive","Impervious+1","ReplayTheSpireMod:From All Sides+1","RobotSpaceExplorer:ScrapToss","RobotSpaceExplorer:IronShell+1","RobotSpaceExplorer:TrailblazerForm","RobotSpaceExplorer:ShockKick+1","RobotSpaceExplorer:MiniDrones+1","RobotSpaceExplorer:Probe","RobotSpaceExplorer:Probe","RobotSpaceExplorer:SurgingShield","RobotSpaceExplorer:DroneSwarm","RobotSpaceExplorer:Electroshield+1","RobotSpaceExplorer:MetalStrike","Impatience+1","RobotSpaceExplorer:ExhaustFan+1","RobotSpaceExplorer:MetalStrike+1","RobotSpaceExplorer:PowerCollector+1","RobotSpaceExplorer:ScrapMissile+1"],"relics":["RobotSpaceExplorer:RoboCore","Eternal Feather","CeramicFish","Smiling Mask","Singing Bowl","Replay:PocketPolymizer","Vajra","ReplayTheSpireMod:DimensionalGlitch","MawBank","Bronze Scales","Potion Belt","Pocketwatch","Bottled Flame","Ring of Chaos","RobotSpaceExplorer:RingOfTheNewt","Nunchaku","ReplayTheSpireMod:Shallot","Anchor","Replay:Accelerometer"],"acts_visited":["Exordium","TheCity","TheBeyond"],"potions_floor_usage":[6,6,22,24,28,30,30,30,33,37,37,46,47,48,50],"damage_taken":[{"damage":0,"enemies":"Jaw Worm","floor":1,"turns":2},{"damage":0,"enemies":"2 Louse","floor":4,"turns":2},{"damage":0,"enemies":"Cultist","floor":5,"turns":2},{"damage":0,"enemies":"Lagavulin","floor":6,"turns":3},{"damage":5,"enemies":"3 Sentries","floor":8,"turns":5},{"damage":0,"enemies":"2 Fungi Beasts","floor":11,"turns":3},{"damage":7,"enemies":"Gremlin Nob","floor":13,"turns":4},{"damage":15,"enemies":"The Guardian","floor":16,"turns":12},{"damage":0,"enemies":"Spheric Guardian","floor":18,"turns":2},{"damage":0,"enemies":"3 Byrds","floor":19,"turns":2},{"damage":6,"enemies":"Centurion and Healer","floor":20,"turns":4},{"damage":0,"enemies":"Shelled Parasite and Fungi","floor":21,"turns":3},{"damage":6,"enemies":"Snecko","floor":22,"turns":3},{"damage":3,"enemies":"Gremlin Leader","floor":24,"turns":8},{"damage":10,"enemies":"Centurion and Healer","floor":28,"turns":5},{"damage":7,"enemies":"Colosseum Slavers","floor":30,"turns":3},{"damage":15,"enemies":"Colosseum Nobs","floor":30,"turns":4},{"damage":8,"enemies":"Sentry and Sphere","floor":31,"turns":4},{"damage":12,"enemies":"Collector","floor":33,"turns":10},{"damage":13,"enemies":"3 Darklings","floor":35,"turns":3},{"damage":0,"enemies":"Orb Walker","floor":37,"turns":3},{"damage":3,"enemies":"Mind Bloom Boss Battle","floor":38,"turns":6},{"damage":22,"enemies":"4 Shapes","floor":41,"turns":12},{"damage":1,"enemies":"Transient","floor":44,"turns":5},{"damage":4,"enemies":"Spire Growth","floor":46,"turns":4},{"damage":22,"enemies":"3 Darklings","floor":47,"turns":12},{"damage":5,"enemies":"4 Shapes","floor":48,"turns":4},{"damage":38,"enemies":"Awakened One","floor":50,"turns":11}],"seed_played":"8774154313927034870","potions_obtained":[{"floor":4,"key":"ColorlessPotion"},{"floor":5,"key":"Fire Potion"},{"floor":8,"key":"Toxic Potion"},{"floor":13,"key":"Swift Potion"},{"floor":19,"key":"SkillPotion"},{"floor":22,"key":"EssenceOfSteel"},{"floor":31,"key":"RobotSpaceExplorer:RecyclePotion"},{"floor":38,"key":"Weak Potion"},{"floor":41,"key":"SteroidPotion"},{"floor":44,"key":"DistilledChaos"},{"floor":47,"key":"Elixir"}],"is_trial":false,"path_per_floor":["M","?","?","M","M","E","R","E","T","?","M","R","E","$","R","B",null,"M","M","M","M","M","R","E","R","T","R","M","$","?","M","R","B",null,"M","$","M","?","?","R","M","$","T","M","R","M","M","M","R","B",null],"character_chosen":"RobotSpaceExplorer","items_purchased":["Vajra","RobotSpaceExplorer:IronShell","Impatience","Potion Belt","EntropicBrew","RobotSpaceExplorer:PowerCollector","PowerPotion","ReplayTheSpireMod:Shallot"],"campfire_rested":1,"item_purchase_floors":[14,14,29,29,29,36,36,42],"current_hp_per_floor":[68,68,53,53,53,53,62,57,57,21,21,33,28,28,40,25,64,64,64,58,60,54,69,68,81,81,81,71,71,51,43,58,46,74,61,61,63,62,62,77,57,57,57,58,73,69,49,44,89,51],"gold":189,"neow_bonus":"THREE_RARE_CARDS","is_daily":false,"chose_seed":false,"campfire_upgraded":9,"win_rate":0.0,"timestamp":1611084864,"path_taken":["M","?","?","M","M","E","R","E","T","?","M","R","E","$","R","BOSS","M","M","M","M","M","R","E","R","T","R","M","$","?","M","R","BOSS","M","$","M","?","?","R","?","$","T","M","R","M","M","M","R","BOSS"],"items_purchased_type":["Relic","Card","Card","Relic","Potion","Card","Potion","Relic"],"build_version":"2020-12-22","purchased_purges":2,"victory":true,"max_hp_per_floor":[75,75,75,75,75,75,75,75,75,75,75,75,77,77,77,77,77,77,77,77,79,79,79,81,81,81,81,81,81,83,83,83,83,83,83,83,85,87,87,87,89,89,89,91,91,91,93,93,93,93],"relic_stats":{"Nunchaku":[13],"Singing Bowl":18,"counters":[28,141],"CeramicFish":198,"Bronze Scales":[82],"Eternal Feather":124,"Smiling Mask":75,"MawBank":60,"obtain_stats":[{"Potion Belt":29,"Replay:Accelerometer":48,"Replay:PocketPolymizer":13,"Singing Bowl":10,"CeramicFish":8,"Vajra":14,"RobotSpaceExplorer:RoboCore":0,"Eternal Feather":6,"RobotSpaceExplorer:RingOfTheNewt":38,"Ring of Chaos":34,"Smiling Mask":9,"MawBank":24,"Bottled Flame":30,"Nunchaku":38,"Anchor":43,"ReplayTheSpireMod:Shallot":42,"Bronze Scales":26,"ReplayTheSpireMod:DimensionalGlitch":17,"Pocketwatch":30},{"Potion Belt":15,"Replay:Accelerometer":27,"Replay:PocketPolymizer":7,"Singing Bowl":5,"CeramicFish":5,"Vajra":7,"RobotSpaceExplorer:RoboCore":0,"Eternal Feather":4,"RobotSpaceExplorer:RingOfTheNewt":22,"Ring of Chaos":19,"Smiling Mask":5,"MawBank":14,"Bottled Flame":17,"Nunchaku":22,"Anchor":23,"ReplayTheSpireMod:Shallot":23,"Bronze Scales":14,"ReplayTheSpireMod:DimensionalGlitch":8,"Pocketwatch":17},{"Potion Belt":60,"Replay:Accelerometer":130,"Replay:PocketPolymizer":21,"Singing Bowl":14,"CeramicFish":14,"Vajra":21,"RobotSpaceExplorer:RoboCore":0,"Eternal Feather":9,"RobotSpaceExplorer:RingOfTheNewt":93,"Ring of Chaos":81,"Smiling Mask":14,"MawBank":55,"Bottled Flame":67,"Nunchaku":93,"Anchor":105,"ReplayTheSpireMod:Shallot":105,"Bronze Scales":55,"ReplayTheSpireMod:DimensionalGlitch":33,"Pocketwatch":67}],"Pocketwatch":[47]},"card_choices":[{"not_picked":["RobotSpaceExplorer:Comet","RobotSpaceExplorer:Exploration"],"picked":"RobotSpaceExplorer:Asteroid","floor":0},{"not_picked":["RobotSpaceExplorer:PowerCollector","RobotSpaceExplorer:ImprovisedAttack"],"picked":"RobotSpaceExplorer:Electropulse","floor":1},{"not_picked":["RobotSpaceExplorer:TurboDodge","RobotSpaceExplorer:Ammunition"],"picked":"RobotSpaceExplorer:MiniDrones","floor":4},{"not_picked":["RobotSpaceExplorer:Autoloader","RobotSpaceExplorer:ImprovisedAttack"],"picked":"RobotSpaceExplorer:Discharger","floor":5},{"not_picked":["RobotSpaceExplorer:Pulsar","RobotSpaceExplorer:FranticSearch"],"picked":"RobotSpaceExplorer:ScrapMissile","floor":6},{"not_picked":["RobotSpaceExplorer:Arsenal","RobotSpaceExplorer:PowerGlove"],"picked":"RobotSpaceExplorer:JunkDive","floor":8},{"not_picked":["RobotSpaceExplorer:Electropulse","RobotSpaceExplorer:LuckyStrike"],"picked":"RobotSpaceExplorer:ScrapToss","floor":11},{"not_picked":["RobotSpaceExplorer:FranticSearch","RobotSpaceExplorer:ImprovisedAttack","RobotSpaceExplorer:HighVoltage"],"picked":"Singing Bowl","floor":13},{"not_picked":["RobotSpaceExplorer:Scanner","RobotSpaceExplorer:ChargingLaser"],"picked":"RobotSpaceExplorer:TrailblazerForm","floor":16},{"not_picked":["RobotSpaceExplorer:ScrapMissile+1","RobotSpaceExplorer:DoubleBlock"],"picked":"RobotSpaceExplorer:ShockKick+1","floor":18},{"not_picked":["RobotSpaceExplorer:DualCore","RobotSpaceExplorer:StarDust"],"picked":"RobotSpaceExplorer:MiniDrones+1","floor":19},{"not_picked":["RobotSpaceExplorer:Ammunition","RobotSpaceExplorer:TurboDodge+1"],"picked":"RobotSpaceExplorer:Probe","floor":20},{"not_picked":["RobotSpaceExplorer:ScrapMissile","RobotSpaceExplorer:PowerGlove","RobotSpaceExplorer:Counterblock"],"picked":"Singing Bowl","floor":21},{"not_picked":["RobotSpaceExplorer:MiniBoosters","RobotSpaceExplorer:SwiftStep"],"picked":"RobotSpaceExplorer:Probe","floor":22},{"not_picked":["RobotSpaceExplorer:Counterblock","RobotSpaceExplorer:SlimeMissile+1","RobotSpaceExplorer:ScrapMissile"],"picked":"Singing Bowl","floor":24},{"not_picked":["RobotSpaceExplorer:GlueShot","RobotSpaceExplorer:ScrapMissile"],"picked":"RobotSpaceExplorer:MetalStrike","floor":28},{"not_picked":["RobotSpaceExplorer:MiniBoosters","RobotSpaceExplorer:GlueShot","RobotSpaceExplorer:Scanner"],"picked":"Singing Bowl","floor":30},{"not_picked":["RobotSpaceExplorer:ScrapMissile","RobotSpaceExplorer:Pulsar"],"picked":"RobotSpaceExplorer:ExhaustFan","floor":31},{"not_picked":["RobotSpaceExplorer:Asteroid","RobotSpaceExplorer:Scanner"],"picked":"RobotSpaceExplorer:Exploration","floor":33},{"not_picked":["RobotSpaceExplorer:ScrapMissile+1","RobotSpaceExplorer:SurgingShield"],"picked":"RobotSpaceExplorer:MetalStrike+1","floor":35},{"not_picked":["RobotSpaceExplorer:StunGrenade","RobotSpaceExplorer:ShovelStrike","RobotSpaceExplorer:MetalStrike"],"picked":"Singing Bowl","floor":37},{"not_picked":["RobotSpaceExplorer:GlueShot+1","RobotSpaceExplorer:MetalStrike","RobotSpaceExplorer:ScrapMissile"],"picked":"Singing Bowl","floor":38},{"not_picked":["RobotSpaceExplorer:ImprovisedAttack","RobotSpaceExplorer:MiniBoosters","RobotSpaceExplorer:Counterblock+1"],"picked":"Singing Bowl","floor":41},{"not_picked":["RobotSpaceExplorer:Probe+1","RobotSpaceExplorer:Pulsar","RobotSpaceExplorer:StarLightning"],"picked":"Singing Bowl","floor":44},{"not_picked":["RobotSpaceExplorer:SwiftStep","RobotSpaceExplorer:Smokescreen+1"],"picked":"RobotSpaceExplorer:Exploration","floor":46},{"not_picked":["RobotSpaceExplorer:SlimeMissile+1","RobotSpaceExplorer:BigMissile+1","RobotSpaceExplorer:SwiftStep"],"picked":"Singing Bowl","floor":47},{"not_picked":["RobotSpaceExplorer:Counterblock","RobotSpaceExplorer:FranticSearch"],"picked":"RobotSpaceExplorer:ScrapMissile+1","floor":48}],"player_experience":880286,"relics_obtained":[{"floor":6,"key":"Eternal Feather"},{"floor":8,"key":"CeramicFish"},{"floor":9,"key":"Smiling Mask"},{"floor":13,"key":"Replay:PocketPolymizer"},{"floor":24,"key":"MawBank"},{"floor":26,"key":"Bronze Scales"},{"floor":30,"key":"Pocketwatch"},{"floor":30,"key":"Bottled Flame"},{"floor":38,"key":"RobotSpaceExplorer:RingOfTheNewt"},{"floor":38,"key":"Nunchaku"},{"floor":43,"key":"Anchor"},{"floor":48,"key":"Replay:Accelerometer"}],"event_choices":[{"damage_healed":0,"gold_gain":0,"player_choice":"Entered Light","damage_taken":15,"max_hp_gain":0,"max_hp_loss":0,"event_name":"Shining Light","floor":3,"gold_loss":0,"cards_upgraded":["RobotSpaceExplorer:Strike","RobotSpaceExplorer:MiniLasers"]},{"damage_healed":0,"gold_gain":1,"player_choice":"Card Card Relic ","damage_taken":36,"max_hp_gain":0,"max_hp_loss":0,"event_name":"betterThird:BetterScrap","floor":10,"gold_loss":0,"cards_obtained":["Impervious","ReplayTheSpireMod:From All Sides"]},{"damage_healed":0,"gold_gain":0,"player_choice":"Fight","damage_taken":0,"max_hp_gain":0,"max_hp_loss":0,"event_name":"Colosseum","floor":30,"gold_loss":0},{"damage_healed":0,"gold_gain":0,"player_choice":"Fought Nobs","damage_taken":0,"max_hp_gain":0,"max_hp_loss":0,"event_name":"Colosseum","floor":30,"gold_loss":0},{"damage_healed":0,"gold_gain":0,"player_choice":"Fight","damage_taken":0,"max_hp_gain":0,"max_hp_loss":0,"event_name":"MindBloom","floor":38,"gold_loss":0},{"damage_healed":0,"gold_gain":100,"player_choice":"Pray","damage_taken":0,"max_hp_gain":0,"max_hp_loss":0,"event_name":"Golden Shrine","floor":39,"gold_loss":0}],"is_beta":false,"boss_relics":[{"not_picked":["Snecko Heart","Replay:Ancient Bell"],"picked":"ReplayTheSpireMod:DimensionalGlitch"},{"not_picked":["Velvet Choker","Pandora\u0027s Box"],"picked":"Ring of Chaos"}],"items_purged_floors":[29,36],"is_endless":false,"potions_floor_spawned":[4,5,8,13,19,21,22,31,38,41,44,47],"ascension_level":11}}