{"host":"df48i9djcn92c5sx","time":1611065136,"event":{"mods":["BaseMod","Downfall","Marisa£®ÏF”Í°°ƒß¿Ì…≥£©","Minty Spire (QoL Compilation)","READ ME - Guardian Mod","READ ME - Snecko Mod","Reimu£®≤©¿ˆ¡È√Œ£©","Remilia£®¿Ÿ√◊¿Ú—«£©","Shop Mod","StSLib","The Jungle","The Servant 0.9.4"],"gold_per_floor":[99,114,131,131,145,145,145,208,35,35,52,52,78,105,120,222,222,222,239,249,269,269,289,289,284,284,269,269,469,484,117,127,127,127],"floor_reached":33,"language":"ZHS","playtime":1661,"items_purged":[],"score":261,"play_id":"98aae526-3ad3-4a8c-920b-ecbe908f7c23","local_time":"20210119220536","is_ascension_mode":true,"campfire_choices":[{"data":"bronze:Replicate","floor":1,"key":"SMITH"},{"data":"bronze:DarkDash","floor":6,"key":"SMITH"},{"floor":12,"key":"REST"},{"data":"bronze:Mutator","floor":18,"key":"SMITH"},{"data":"bronze:Constructor","floor":26,"key":"SMITH"},{"data":"bronze:Iterate","floor":28,"key":"SMITH"}],"circlet_count":0,"master_deck":["bronze:Strike","bronze:Strike","bronze:Strike","bronze:Strike","bronze:Defend","bronze:Defend","bronze:Defend","bronze:Defend","bronze:Replicate+1","bronze:Goto","bronze:Overload","bronze:DarkDash+1","bronze:Boost","bronze:DelayedGuard","bronze:InfiniteLoop","bronze:Iterate+1","bronze:FollowUp","bronze:Break","bronze:Shell","bronze:Mutator+1","bronze:WhirlingStrike","bronze:WildBeam+1","bronze:Constructor+1","bronze:BurnOut","bronze:Fortify","bronze:CutThrough+1","bronze:HardenedForm"],"relics":["SlaversCollar","Eternal Feather","Ancient Tea Set","Gremlin Horn","ScarletDevilRocket","Odd Mushroom","expansioncontent:StudyCardRelic","AntiCross","Membership Card","StrikeDummy","bronze:ProtectiveGoggles"],"acts_visited":["Exordium","TheCity"],"potions_floor_usage":[8,11,13,33,33],"damage_taken":[{"damage":1,"enemies":"Jaw Worm","floor":2,"turns":5},{"damage":4,"enemies":"2 Louse","floor":3,"turns":3},{"damage":0,"enemies":"Small Slimes","floor":5,"turns":4},{"damage":21,"enemies":"3 Sentries","floor":8,"turns":9},{"damage":5,"enemies":"downfall:FleeingMerchant","floor":9,"turns":4},{"damage":0,"enemies":"2 Fungi Beasts","floor":11,"turns":2},{"damage":27,"enemies":"Lagavulin","floor":13,"turns":4},{"damage":1,"enemies":"The Mushroom Lair","floor":14,"turns":4},{"damage":10,"enemies":"Lots of Slimes","floor":15,"turns":4},{"damage":18,"enemies":"WA_ARCHETYPE_RETAIN","floor":16,"turns":7},{"damage":21,"enemies":"Chosen","floor":19,"turns":7},{"damage":0,"enemies":"Snecko","floor":20,"turns":4},{"damage":20,"enemies":"Chosen and Byrds","floor":21,"turns":5},{"damage":15,"enemies":"Shelled Parasite and Fungi","floor":23,"turns":5},{"damage":5,"enemies":"Snecko","floor":25,"turns":4},{"damage":0,"enemies":"downfall:FleeingMerchant","floor":27,"turns":4},{"damage":18,"enemies":"Snake Plant","floor":30,"turns":2},{"damage":19,"enemies":"downfall:FleeingMerchant","floor":31,"turns":4},{"damage":0,"enemies":"3 Cultists","floor":32,"turns":3},{"damage":58,"enemies":"DF_ARCHETYPE_CLAW","floor":33,"turns":6}],"seed_played":"-9120209878398264451","potions_obtained":[{"floor":2,"key":"Swift Potion"},{"floor":8,"key":"DistilledChaos"},{"floor":11,"key":"Strength Potion"},{"floor":20,"key":"DuplicationPotion"},{"floor":23,"key":"Energy Potion"}],"is_trial":false,"path_per_floor":["R","M","M","?","M","R","T","?","$","?","M","R","E","?","M","B",null,"R","M","M","M","?","M","T","M","R","$","R","?","M","$","M","B"],"character_chosen":"THE_AUTOMATON","items_purchased":["bronze:InfiniteLoop","Membership Card","StrikeDummy","bronze:ProtectiveGoggles"],"campfire_rested":1,"item_purchase_floors":[9,31,31,31],"current_hp_per_floor":[70,69,65,65,65,65,65,44,39,27,27,57,30,29,19,1,70,70,49,49,29,70,55,55,50,62,62,70,70,52,33,33,0,0],"gold":127,"neow_bonus":"BOSS_RELIC","is_daily":false,"chose_seed":false,"campfire_upgraded":5,"win_rate":0.0,"timestamp":1611065136,"path_taken":["R","M","M","?","M","R","T","?","$","?","M","R","E","?","M","BOSS","R","M","M","M","?","M","T","?","R","$","R","?","M","$","M","BOSS"],"items_purchased_type":["Card","Relic","Relic","Relic"],"build_version":"2020-12-22","purchased_purges":0,"victory":false,"max_hp_per_floor":[70,70,70,70,70,70,70,70,70,70,70,70,70,70,70,70,70,70,70,70,70,70,70,70,70,70,70,70,70,70,70,70,70,70],"card_choices":[{"not_picked":["bronze:Shield","bronze:Branch"],"picked":"bronze:Overload","floor":2},{"not_picked":["bronze:OilSpill","bronze:Turbo"],"picked":"bronze:CloningBeam","floor":3},{"not_picked":["bronze:Branch","bronze:Optimize"],"picked":"bronze:DarkDash","floor":5},{"not_picked":["bronze:CloningBeam","bronze:Constructor"],"picked":"bronze:Boost","floor":8},{"not_picked":["bronze:Overheat","bronze:Turbo"],"picked":"bronze:DelayedGuard","floor":9},{"not_picked":["bronze:BugBarrage","bronze:Shield"],"picked":"bronze:Iterate","floor":11},{"not_picked":["bronze:BugBarrage","bronze:Optimize"],"picked":"bronze:FollowUp","floor":13},{"not_picked":["bronze:Turbo","bronze:Invalidate"],"picked":"bronze:Break","floor":14},{"not_picked":["bronze:InfiniteBeams","bronze:Overload"],"picked":"bronze:Shell","floor":15},{"not_picked":["bronze:AlphaBuild","bronze:Format"],"picked":"bronze:Mutator","floor":16},{"not_picked":["bronze:BitShift","bronze:Invalidate"],"picked":"bronze:WhirlingStrike","floor":19},{"not_picked":["bronze:Overheat","bronze:Frontload"],"picked":"bronze:WildBeam+1","floor":20},{"not_picked":["bronze:BitShift","bronze:Turbo","bronze:Separator"],"picked":"SKIP","floor":21},{"not_picked":["bronze:DelayedGuard","bronze:Allocate"],"picked":"bronze:Constructor","floor":23},{"not_picked":["bronze:Frontload+1","bronze:Invalidate"],"picked":"bronze:BurnOut","floor":25},{"not_picked":["bronze:ItsAFeature","bronze:Invalidate"],"picked":"bronze:Fortify","floor":27},{"not_picked":["bronze:Flail","bronze:Branch"],"picked":"bronze:CutThrough+1","floor":30},{"not_picked":["bronze:WildBeam","bronze:WhirlingStrike"],"picked":"bronze:HardenedForm","floor":31},{"not_picked":["bronze:Turbo","bronze:Refactor","bronze:ChosenStrike"],"picked":"SKIP","floor":32}],"player_experience":1440508,"relics_obtained":[{"floor":7,"key":"Eternal Feather"},{"floor":8,"key":"Ancient Tea Set"},{"floor":13,"key":"ScarletDevilRocket"},{"floor":14,"key":"Odd Mushroom"},{"floor":24,"key":"AntiCross"}],"event_choices":[{"damage_healed":0,"gold_gain":0,"player_choice":"Success","damage_taken":12,"relics_obtained":["Gremlin Horn"],"max_hp_gain":0,"max_hp_loss":0,"event_name":"Scrap Ooze","floor":10,"gold_loss":0},{"damage_healed":0,"gold_gain":0,"player_choice":"Fought Mushrooms","damage_taken":0,"max_hp_gain":0,"max_hp_loss":0,"event_name":"Mushrooms","floor":14,"gold_loss":0},{"cards_removed":["bronze:CloningBeam"],"damage_healed":41,"gold_gain":0,"player_choice":"Offered Uncommon","damage_taken":0,"max_hp_gain":0,"max_hp_loss":0,"event_name":"Bonfire Elementals","floor":22,"gold_loss":0}],"is_beta":false,"boss_relics":[{"not_picked":["Tiny House","Runic Dome"],"picked":"expansioncontent:StudyCardRelic"}],"items_purged_floors":[],"is_endless":false,"potions_floor_spawned":[2,8,11,20,23],"killed_by":"DF_ARCHETYPE_CLAW","ascension_level":1}}