{"host":"qk2y4749gcwu4ddj","time":1611069189,"event":{"mods":["Arknights The Spire","BaseMod","Hunter ¡‘»À","Minty Spire (QoL Compilation)","Replay The Spire","Spicy Shops","StSLib","The Cursed","The Runesmith","[GremlinLeader]The Maniac","°æ“≈ŒÔø®≈∆°øREMEMod"],"gold_per_floor":[117,129,129,145,165,193,193,207,207,207,220,220,238,252,252,347,347,319,433,433,448,101,126,126,160,160,171,198,198,214,233,233,332,332,350,350,350,360,372,372,407,407,407,422,80,80,94,107,107,107],"floor_reached":51,"language":"ZHS","playtime":3658,"items_purged":["TheCursedMod:Strike_TheCursed","TheCursedMod:Strike_TheCursed","TheCursedMod:Defend_TheCursed"],"score":743,"play_id":"a94bd4b2-6ddc-497f-888d-731ac6f6bf01","local_time":"20210119231309","is_ascension_mode":false,"campfire_choices":[{"floor":7,"key":"REST"},{"floor":10,"key":"REST"},{"floor":12,"key":"REST"},{"data":"TheCursedMod:Hemoplague","floor":15,"key":"SMITH"},{"floor":24,"key":"REST"},{"floor":29,"key":"REST"},{"floor":32,"key":"DIG"},{"floor":40,"key":"REST"},{"floor":42,"key":"REST"},{"floor":49,"key":"REST"}],"circlet_count":0,"master_deck":["TheCursedMod:Strike_TheCursed","TheCursedMod:Strike_TheCursed","TheCursedMod:Defend_TheCursed+1","TheCursedMod:Defend_TheCursed+1","TheCursedMod:Defend_TheCursed+1","TheCursedMod:CursedWand+1","TheCursedMod:CleanUpWorkshop+1","ReplayTheSpireMod:IOU","TheCursedMod:CursedBlade","TheCursedMod:CircleOfBlood","TheCursedMod:WearCloak","TheCursedMod:Hemoplague+1","TheCursedMod:RapidMovement+1","TheCursedMod:CursedBlade","TheCursedMod:CursedAmulet+1","TheCursedMod:LuckyCharm","TheCursedMod:CursedArmor+1","TheCursedMod:ForbiddenAlchemy+1","TheCursedMod:Torture+1","TheCursedMod:BloodBarrier+1","Spreading Infection","TheCursedMod:NeowsMight+1","TheCursedMod:LuckyCharm","TheCursedMod:SpreadPlague+1","TheCursedMod:SurpriseAttack","TheCursedMod:TroublousMinions+1","TheCursedMod:SpitefulStrike","TheCursedMod:VoidForm","TheCursedMod:Grudge+1","TheCursedMod:SpitefulPray+1","TheCursedMod:OutForBlood","TheCursedMod:SpitefulPray+1","TheCursedMod:Evocation+1"],"relics":["TheCursedMod:BlackMagicAdvanced","REME_ComplimentaryCards","Runesmith:Locket","Toxic Egg 2","Onion Ring","SacredBark","ReplayTheSpireMod:CursedCoin","Gremlin Food","Sundial","Omamori","Replay:Rubber Ducky","Unceasing Top","Du-Vu Doll","Pantograph","Membership Card","Garlic"],"acts_visited":["Exordium","TheCity","TheBeyond"],"potions_floor_usage":[18,18,18,25,25,25,28,28,28,30,31,33,33,33,33,33,39,39,39,39,39,41,41,41,41,47,47,50,50],"damage_taken":[{"damage":7,"enemies":"Small Slimes","floor":1,"turns":5},{"damage":6,"enemies":"2 Louse","floor":2,"turns":2},{"damage":4,"enemies":"Cultist","floor":4,"turns":5},{"damage":2,"enemies":"2 Fungi Beasts","floor":5,"turns":4},{"damage":43,"enemies":"Gremlin Nob","floor":6,"turns":6},{"damage":9,"enemies":"Large Slime","floor":8,"turns":8},{"damage":1,"enemies":"Lots of Slimes","floor":11,"turns":2},{"damage":0,"enemies":"Blue Slaver","floor":13,"turns":4},{"damage":2,"enemies":"Looter","floor":14,"turns":3},{"damage":20,"enemies":"Fading Forest","floor":16,"turns":11},{"damage":17,"enemies":"2 Thieves","floor":18,"turns":5},{"damage":25,"enemies":"3 Byrds","floor":21,"turns":4},{"damage":7,"enemies":"REME_1_Revenger","floor":23,"turns":6},{"damage":33,"enemies":"Gremlin Leader","floor":25,"turns":9},{"damage":29,"enemies":"Shelled Parasite and Fungi","floor":27,"turns":5},{"damage":23,"enemies":"REME_1_Revenger","floor":28,"turns":6},{"damage":0,"enemies":"Snecko","floor":30,"turns":5},{"damage":4,"enemies":"3 Cultists","floor":31,"turns":5},{"damage":0,"enemies":"Automaton","floor":33,"turns":9},{"damage":28,"enemies":"3 Darklings","floor":35,"turns":5},{"damage":8,"enemies":"3 Shapes","floor":38,"turns":8},{"damage":13,"enemies":"Writhing Mass","floor":39,"turns":5},{"damage":10,"enemies":"Nemesis","floor":41,"turns":7},{"damage":0,"enemies":"Maw","floor":44,"turns":8},{"damage":0,"enemies":"Sphere and 2 Shapes","floor":47,"turns":5},{"damage":4,"enemies":"3 Darklings","floor":48,"turns":4},{"damage":49,"enemies":"Time Eater","floor":50,"turns":17}],"seed_played":"435612488374358143","potions_obtained":[{"floor":2,"key":"FairyPotion"},{"floor":5,"key":"Venom Potion"},{"floor":11,"key":"Regen Potion"},{"floor":16,"key":"Cursed Concoction"},{"floor":23,"key":"Adrenaline Potion"},{"floor":27,"key":"Energy Potion"},{"floor":28,"key":"Languid Potion"},{"floor":31,"key":"Explosive Potion"},{"floor":39,"key":"Block Potion"},{"floor":41,"key":"LifebloodPotion"},{"floor":47,"key":"Fire Potion"}],"is_trial":false,"path_per_floor":["M","M","$","M","M","E","R","M","T","R","M","R","M","M","R","B",null,"M","?","?","M","$","E","R","E","T","M","E","R","M","M","R","B",null,"M","?","?","M","M","R","E","R","T","M","$","?","M","M","R","B",null],"character_chosen":"THE_CURSED","items_purchased":["ReplayTheSpireMod:CursedCoin","TheCursedMod:NeowsMight+1","TheCursedMod:LuckyCharm","Membership Card","Garlic"],"campfire_rested":8,"item_purchase_floors":[22,22,22,45,45],"current_hp_per_floor":[68,62,62,60,60,21,43,38,38,60,59,75,75,73,73,55,75,75,75,75,52,52,47,69,44,44,15,45,67,71,69,69,69,75,49,49,49,41,30,52,46,68,68,68,68,68,68,68,75,26],"gold":107,"neow_bonus":"ONE_RARE_RELIC","is_daily":false,"chose_seed":false,"campfire_upgraded":1,"win_rate":0.0,"timestamp":1611069189,"path_taken":["M","M","$","M","M","E","R","M","T","R","M","R","M","M","R","BOSS","M","?","?","M","$","E","R","E","T","M","E","R","M","?","R","BOSS","M","?","?","M","M","R","E","R","T","M","$","?","?","M","R","BOSS"],"items_purchased_type":["Relic","Card","Card","Relic","Relic"],"build_version":"2020-12-22","purchased_purges":3,"victory":true,"max_hp_per_floor":[75,75,75,75,75,75,75,75,75,75,75,75,75,75,75,75,75,75,75,75,75,75,75,75,75,75,75,75,75,75,75,75,75,75,75,75,75,75,75,75,75,75,75,75,75,75,75,75,75,75],"card_choices":[{"not_picked":["TheCursedMod:SaltUponWound","TheCursedMod:RavingStaff"],"picked":"TheCursedMod:CursedBlade","floor":1},{"not_picked":["TheCursedMod:CursedAmulet","TheCursedMod:FleshFromBone"],"picked":"TheCursedMod:CircleOfBlood","floor":2},{"not_picked":["TheCursedMod:CircleOfBlood","TheCursedMod:SurpriseAttack"],"picked":"TheCursedMod:WearCloak","floor":4},{"not_picked":["TheCursedMod:CircleOfFlame","TheCursedMod:HellfireBreathing"],"picked":"TheCursedMod:Hemoplague","floor":5},{"not_picked":["TheCursedMod:BlessingInDisguise+1","TheCursedMod:SoulCrush"],"picked":"TheCursedMod:RapidMovement+1","floor":6},{"not_picked":["TheCursedMod:CircleOfFlame+1","TheCursedMod:Obscuration+1"],"picked":"TheCursedMod:CursedBlade","floor":8},{"not_picked":["TheCursedMod:CursedStaff","TheCursedMod:CircleOfBlood+1"],"picked":"TheCursedMod:CursedAmulet+1","floor":11},{"not_picked":["TheCursedMod:Wield","TheCursedMod:StingEye"],"picked":"TheCursedMod:LuckyCharm","floor":13},{"not_picked":["TheCursedMod:CircleOfBlood+1","TheCursedMod:SmokeScreen+1"],"picked":"TheCursedMod:CursedArmor+1","floor":14},{"not_picked":["TheCursedMod:AntiAging+1","TheCursedMod:DarkBarrier+1"],"picked":"TheCursedMod:ForbiddenAlchemy+1","floor":16},{"not_picked":["TheCursedMod:RavingStaff","TheCursedMod:CursedAmulet+1","TheCursedMod:SaltUponWound+1"],"picked":"SKIP","floor":18},{"not_picked":["TheCursedMod:Mangle","TheCursedMod:CircleOfBlood+1"],"picked":"TheCursedMod:Torture+1","floor":19},{"not_picked":["TheCursedMod:CursedAmulet+1","TheCursedMod:VitalStrike+1"],"picked":"TheCursedMod:BloodBarrier+1","floor":19},{"not_picked":["TheCursedMod:RapidMovement+1","TheCursedMod:CursedAmulet+1","TheCursedMod:FleshFromBone+1"],"picked":"SKIP","floor":21},{"not_picked":["TheCursedMod:RapidMovement+1","TheCursedMod:CircleOfBlood+1","TheCursedMod:ReleasedKnowledge+1"],"picked":"SKIP","floor":23},{"not_picked":["TheCursedMod:CircleOfBlood+1","TheCursedMod:ReleasedStrength+1"],"picked":"TheCursedMod:SpreadPlague+1","floor":25},{"not_picked":["TheCursedMod:FleshFromBone+1","TheCursedMod:BloodBarrier+1","TheCursedMod:CursedMace"],"picked":"SKIP","floor":27},{"not_picked":["TheCursedMod:Neurasthenia+1","TheCursedMod:CursedBoomerang+1"],"picked":"TheCursedMod:SurpriseAttack","floor":28},{"not_picked":["TheCursedMod:HellfireBreathing","TheCursedMod:TacticalStrike"],"picked":"TheCursedMod:TroublousMinions+1","floor":30},{"not_picked":["TheCursedMod:Obscuration+1","TheCursedMod:VitalStrike"],"picked":"TheCursedMod:SpitefulStrike","floor":31},{"not_picked":["TheCursedMod:UltimatePain+1","TheCursedMod:ManaCirculation"],"picked":"TheCursedMod:VoidForm","floor":33},{"not_picked":["TheCursedMod:Obscuration+1","TheCursedMod:CursedMace+1","TheCursedMod:CursedBlade+1"],"picked":"SKIP","floor":35},{"not_picked":["TheCursedMod:CircleOfFocus+1","TheCursedMod:BlessingInDisguise+1","TheCursedMod:VitalStrike+1"],"picked":"SKIP","floor":38},{"not_picked":["TheCursedMod:CursedAmulet+1","TheCursedMod:LuckyCharm+1"],"picked":"TheCursedMod:Grudge+1","floor":39},{"not_picked":["TheCursedMod:RapidMovement+1","TheCursedMod:Obscuration+1"],"picked":"TheCursedMod:SpitefulPray+1","floor":41},{"not_picked":["TheCursedMod:WearCloak+1","TheCursedMod:SpitefulStrike"],"picked":"TheCursedMod:OutForBlood","floor":44},{"not_picked":["TheCursedMod:Wield+1","TheCursedMod:CursedAmulet+1"],"picked":"TheCursedMod:SpitefulPray+1","floor":47},{"not_picked":["TheCursedMod:CircleOfFlame+1","TheCursedMod:SpitefulPray+1"],"picked":"TheCursedMod:Evocation+1","floor":48}],"player_experience":177100,"relics_obtained":[{"floor":6,"key":"Toxic Egg 2"},{"floor":9,"key":"Onion Ring"},{"floor":23,"key":"Gremlin Food"},{"floor":25,"key":"Sundial"},{"floor":26,"key":"Omamori"},{"floor":28,"key":"Replay:Rubber Ducky"},{"floor":32,"key":"Unceasing Top"},{"floor":41,"key":"Du-Vu Doll"},{"floor":43,"key":"Pantograph"}],"event_choices":[{"cards_removed":["ReplayTheSpireMod:Splinters","ReplayTheSpireMod:IOU","TheCursedMod:Dregs"],"damage_healed":0,"gold_gain":0,"player_choice":"Removed Curses","damage_taken":0,"max_hp_gain":0,"max_hp_loss":0,"event_name":"Fountain of Cleansing","floor":20,"gold_loss":0},{"damage_healed":0,"gold_gain":0,"player_choice":"Ignored","damage_taken":0,"max_hp_gain":0,"max_hp_loss":0,"event_name":"Tomb of Lord Red Mask","floor":37,"gold_loss":0},{"damage_healed":0,"gold_gain":0,"player_choice":"Ignored","damage_taken":0,"max_hp_gain":0,"max_hp_loss":0,"event_name":"SecretPortal","floor":46,"gold_loss":0}],"is_beta":false,"boss_relics":[{"not_picked":["Runic Dome","REME_DuelDisc"],"picked":"SacredBark"},{"not_picked":["Fusion Hammer","Sozu"],"picked":"TheCursedMod:BlackMagicAdvanced"}],"items_purged_floors":[22,22,45],"is_endless":false,"potions_floor_spawned":[2,5,11,13,16,23,27,28,31,39,41,47,48],"ascension_level":0}}