{"host":"lcnwkjlokfwcnxxu","time":1611086997,"event":{"mods":["BaseMod","Colored Map","Downfall","Duelist Mod","GifTheSpireLib","Infinite Spire","Minty Spire (QoL Compilation)","Quick Restart","StSLib"],"gold_per_floor":[144,35,49,59,73,73,87,118,142,160,9,9,9,9,9,112,112,123,123,158,158,178,178,206,221,221,221,232,259,293,305,305,408,408,428,478,490,502,502,502,519,550,550,550,570,570,0,13,13,13],"floor_reached":51,"language":"ENG","playtime":3190,"items_purged":["theDuelist:CastleWalls","theDuelist:Sparks","theDuelist:Sparks"],"score":744,"play_id":"d1eb17db-5f70-4918-833f-a23d86a62dc0","local_time":"20210119120957","is_ascension_mode":false,"campfire_choices":[{"data":"theDuelist:MythicalBeast","floor":6,"key":"SMITH"},{"data":"theDuelist:InjectionFairy","floor":13,"key":"SMITH"},{"data":"theDuelist:ThousandEyesIdol","floor":15,"key":"SMITH"},{"data":"theDuelist:RainbowMagician","floor":27,"key":"SMITH"},{"data":"theDuelist:VoidVanishment","floor":32,"key":"SMITH"},{"data":"theDuelist:Yami","floor":40,"key":"SMITH"},{"data":"theDuelist:DarkPaladin","floor":46,"key":"SMITH"},{"data":"theDuelist:SkilledDarkMagician","floor":49,"key":"SMITH"}],"circlet_count":0,"master_deck":["theDuelist:DarkMagician","theDuelist:MysticalElf","theDuelist:MysticalElf","theDuelist:NeoMagic","theDuelist:NeoMagic","theDuelist:InjectionFairy+1","theDuelist:MythicalBeast+1","theDuelist:VoidVanishment+1","theDuelist:FrontierWiseman","theDuelist:SkilledDarkMagician+1","theDuelist:DarkPaladin+1","theDuelist:ThousandEyesIdol+1","theDuelist:RainbowMagician+1","theDuelist:ThousandEyesRestrict+1","theDuelist:MysticalElf+1","theDuelist:Yami+1"],"relics":["theDuelist:MillenniumPuzzle","theDuelist:CardPoolRelic","theDuelist:CardPoolBasicRelic","theDuelist:BoosterPackPoolRelic","theDuelist:CardPoolAddRelic","theDuelist:CardPoolMinusRelic","theDuelist:CardPoolSaveRelic","theDuelist:CardPoolOptionsRelic","NeowsBlessing","theDuelist:ResummonBranch","theDuelist:ZombieRelic","Busted Crown","theDuelist:LoadedDice","infinitespire:CheckeredPen","Toxic Egg 2","theDuelist:StoneExxod","infinitespire:BottledMercury","SacredBark","Turnip","Sling","Lizard Tail","Gremlin Horn","Frozen Egg 2","Red Mask"],"acts_visited":["Exordium","TheCity","TheBeyond"],"potions_floor_usage":[18,36,38,42,48,50,50],"damage_taken":[{"damage":0,"enemies":"Small Slimes","floor":1,"turns":2},{"damage":0,"enemies":"Cultist","floor":3,"turns":1},{"damage":0,"enemies":"Jaw Worm","floor":4,"turns":1},{"damage":5,"enemies":"Blue Slaver","floor":5,"turns":4},{"damage":14,"enemies":"3 Louse","floor":7,"turns":5},{"damage":6,"enemies":"Gremlin Nob","floor":8,"turns":4},{"damage":0,"enemies":"Exordium Thugs","floor":10,"turns":5},{"damage":15,"enemies":"Hexaghost","floor":16,"turns":8},{"damage":2,"enemies":"Chosen","floor":18,"turns":3},{"damage":7,"enemies":"Spheric Guardian","floor":22,"turns":4},{"damage":10,"enemies":"theDuelist:KaibaA2","floor":24,"turns":4},{"damage":8,"enemies":"Chosen and Byrds","floor":25,"turns":6},{"damage":9,"enemies":"Centurion and Healer","floor":28,"turns":5},{"damage":25,"enemies":"Gremlin Leader","floor":30,"turns":10},{"damage":5,"enemies":"Snecko","floor":31,"turns":5},{"damage":0,"enemies":"Collector","floor":33,"turns":7},{"damage":0,"enemies":"3 Shapes","floor":35,"turns":5},{"damage":6,"enemies":"Mind Bloom Boss Battle","floor":36,"turns":7},{"damage":2,"enemies":"Orb Walker","floor":37,"turns":4},{"damage":10,"enemies":"Writhing Mass","floor":38,"turns":5},{"damage":3,"enemies":"Maw","floor":41,"turns":5},{"damage":15,"enemies":"Reptomancer","floor":42,"turns":4},{"damage":1,"enemies":"4 Shapes","floor":45,"turns":4},{"damage":14,"enemies":"Spire Growth","floor":48,"turns":4},{"damage":44,"enemies":"infinitespire:MassOfShapes","floor":50,"turns":6}],"seed_played":"2263526418971553752","potions_obtained":[{"floor":4,"key":"SneckoOil"},{"floor":7,"key":"theDuelist:TokenPotion"},{"floor":10,"key":"theDuelist:SteelBrew"},{"floor":18,"key":"theDuelist:SummonFuryPotion"},{"floor":25,"key":"theDuelist:StunPotion"},{"floor":28,"key":"Swift Potion"},{"floor":31,"key":"theDuelist:VampireVial"},{"floor":38,"key":"theDuelist:FlamingBottle"},{"floor":41,"key":"PowerPotion"},{"floor":42,"key":"theDuelist:FireBottle"}],"is_trial":false,"path_per_floor":["M","$","M","M","M","R","M","E","T","M","$","?","R","?","R","B",null,"M","$","?","?","M","AVR","E","M","T","R","M","T","E","M","R","B",null,"M","?","M","M","AVR","R","M","E","T","T","M","R","?","M","R","B",null],"character_chosen":"THE_DUELIST","items_purchased":["theDuelist:MythicalBeast","theDuelist:ThousandEyesIdol"],"campfire_rested":0,"item_purchase_floors":[2,11],"current_hp_per_floor":[80,80,80,80,80,80,71,69,69,73,73,66,66,66,66,61,78,81,81,81,81,74,74,74,81,81,81,81,81,56,56,56,71,81,81,80,79,69,69,69,76,71,71,71,79,79,79,65,65,21],"gold":13,"neow_bonus":"THREE_ENEMY_KILL","is_daily":false,"chose_seed":false,"campfire_upgraded":8,"win_rate":0.0,"timestamp":1611086997,"path_taken":["M","$","M","M","M","R","M","E","T","M","$","?","R","?","R","BOSS","M","$","?","?","M","AVR","E","M","T","R","M","?","E","M","R","BOSS","M","?","M","M","AVR","R","M","E","T","?","M","R","?","?","R","BOSS"],"items_purchased_type":["Card","Card"],"build_version":"2020-12-22","purchased_purges":3,"victory":true,"max_hp_per_floor":[80,80,80,80,80,80,80,80,80,80,80,80,80,80,80,78,78,81,81,81,81,81,81,81,81,81,81,81,81,81,81,81,81,81,81,81,81,81,81,81,81,81,81,81,81,81,81,81,81,81],"card_choices":[{"not_picked":["theDuelist:LegendaryExodia","theDuelist:BlueDragonSummoner"],"picked":"theDuelist:InjectionFairy","floor":1},{"not_picked":["theDuelist:MagicalBlast","theDuelist:GiantTrunade"],"picked":"theDuelist:VoidVanishment","floor":3},{"not_picked":["theDuelist:NeoMagic","theDuelist:AncientElf"],"picked":"theDuelist:FrontierWiseman","floor":4},{"not_picked":["theDuelist:SangaThunder","theDuelist:MysticalElf"],"picked":"theDuelist:SkilledDarkMagician","floor":5},{"not_picked":["theDuelist:GreyGreedOni","theDuelist:RainbowOverdragon","theDuelist:RedHeadedOni"],"picked":"SKIP","floor":7},{"not_picked":["theDuelist:EvilswarmHeliotrope","theDuelist:GemArmadillo","theDuelist:MagicHoleGolem"],"picked":"SKIP","floor":8},{"not_picked":["theDuelist:WitchBlackRose","theDuelist:RainbowMagician"],"picked":"theDuelist:DarkPaladin","floor":10},{"not_picked":["theDuelist:RainbowDarkDragon","theDuelist:IrisEarthMother"],"picked":"theDuelist:RainbowMagician","floor":16},{"not_picked":["theDuelist:RainbowMagician+1"],"picked":"SKIP","floor":18},{"not_picked":["theDuelist:BlizzardWarrior"],"picked":"SKIP","floor":22},{"not_picked":["theDuelist:ExodiaLL+1"],"picked":"SKIP","floor":24},{"not_picked":["theDuelist:DokiDoki+1"],"picked":"SKIP","floor":25},{"not_picked":["theDuelist:SwordsBurning","theDuelist:GateGuardian"],"picked":"theDuelist:ThousandEyesRestrict+1","floor":28},{"not_picked":["theDuelist:CircleFireKings+1"],"picked":"SKIP","floor":30},{"not_picked":[],"picked":"theDuelist:MysticalElf+1","floor":31},{"not_picked":[],"picked":"theDuelist:Yami","floor":35},{"not_picked":["theDuelist:LegendaryExodia"],"picked":"SKIP","floor":37},{"not_picked":["theDuelist:GauntletWarrior+1"],"picked":"SKIP","floor":38},{"not_picked":["theDuelist:ApprenticeIllusionMagician"],"picked":"SKIP","floor":41},{"not_picked":["theDuelist:MysticalElf+1"],"picked":"SKIP","floor":42},{"not_picked":["theDuelist:Graverobber+1"],"picked":"SKIP","floor":45},{"not_picked":["theDuelist:RainbowMagician"],"picked":"SKIP","floor":48}],"player_experience":89957,"relics_obtained":[{"floor":8,"key":"theDuelist:ResummonBranch"},{"floor":9,"key":"theDuelist:ZombieRelic"},{"floor":24,"key":"infinitespire:CheckeredPen"},{"floor":26,"key":"Toxic Egg 2"},{"floor":29,"key":"theDuelist:StoneExxod"},{"floor":30,"key":"infinitespire:BottledMercury"},{"floor":36,"key":"Turnip"},{"floor":42,"key":"Lizard Tail"},{"floor":43,"key":"Gremlin Horn"},{"floor":44,"key":"Frozen Egg 2"}],"event_choices":[{"cards_removed":["theDuelist:CastleWalls"],"damage_healed":0,"gold_gain":0,"player_choice":"Card Removal","damage_taken":7,"max_hp_gain":0,"max_hp_loss":0,"event_name":"Golden Wing","floor":12,"gold_loss":0},{"damage_healed":0,"gold_gain":0,"player_choice":"0 cards matched","damage_taken":0,"max_hp_gain":0,"max_hp_loss":0,"event_name":"Match and Keep!","floor":14,"gold_loss":0,"cards_obtained":[]},{"damage_healed":0,"gold_gain":0,"player_choice":"Sold Sparks for 35 Gold.","duelist":true,"damage_taken":0,"max_hp_gain":0,"max_hp_loss":0,"event_name":"Card Trader","floor":20,"gold_loss":0},{"damage_healed":0,"gold_gain":0,"player_choice":"Ignored","damage_taken":0,"max_hp_gain":0,"max_hp_loss":0,"event_name":"Ghosts","floor":21,"gold_loss":0},{"damage_healed":0,"gold_gain":0,"player_choice":"Fight","damage_taken":0,"max_hp_gain":0,"max_hp_loss":0,"event_name":"MindBloom","floor":36,"gold_loss":0},{"damage_healed":0,"gold_gain":0,"player_choice":"Paid","damage_taken":0,"relics_obtained":["Red Mask"],"max_hp_gain":0,"max_hp_loss":0,"event_name":"Tomb of Lord Red Mask","floor":47,"gold_loss":570}],"is_beta":false,"boss_relics":[{"not_picked":["Velvet Choker","Ectoplasm"],"picked":"Busted Crown"},{"not_picked":["theDuelist:MillenniumKey","Runic Pyramid"],"picked":"SacredBark"}],"items_purged_floors":[2,11,23],"is_endless":false,"potions_floor_spawned":[4,7,10,18,25,28,31,38,41,42],"ascension_level":0}}