{"host":"k3cqai9776irl0xe","time":1611043028,"event":{"mods":["BaseMod","Duelist Mod","GifTheSpireLib","Minty Spire (QoL Compilation)","StSLib","The Alterego","The Bug Knight"],"gold_per_floor":[116,116,134,152,162,162,172,186,257,257,284,284,311,331,331,436,436,455,475,475,475,92,126,126,146,172,172,247,267,76,88,88,191,191,203,223,275,294,294,325,325,335,335,335,370,84,104,117,117,117],"floor_reached":51,"language":"ENG","playtime":6076,"items_purged":["alterego_mod:Defend","alterego_mod:Smother"],"score":766,"play_id":"ba9a0bca-0b7c-48c0-b58e-7597f642d585","local_time":"20210119025708","is_ascension_mode":false,"campfire_choices":[{"data":"alterego_mod:Exercise","floor":6,"key":"SMITH"},{"data":"alterego_mod:Lift","floor":12,"key":"SMITH"},{"data":"alterego_mod:Support","floor":15,"key":"SMITH"},{"data":"alterego_mod:AlterEgo","floor":24,"key":"SMITH"},{"data":"alterego_mod:Mirror","floor":32,"key":"SMITH"},{"data":"Writhe","floor":41,"key":"PURGE"},{"data":"alterego_mod:Alter","floor":44,"key":"SMITH"},{"data":"alterego_mod:SideboobHour","floor":49,"key":"SMITH"}],"circlet_count":0,"master_deck":["alterego_mod:Strike","alterego_mod:Strike","alterego_mod:Defend+1","alterego_mod:Impale","alterego_mod:BigMeatyClaws","alterego_mod:BrynhildrsRune","alterego_mod:ChallengeComplete+1","alterego_mod:RidiculouslyBig","alterego_mod:Exercise+1","alterego_mod:Support+1","alterego_mod:HighServant","alterego_mod:Lift+1","alterego_mod:Cushion+1","alterego_mod:Alter+1","alterego_mod:AlterEgo+1","alterego_mod:Bounce","alterego_mod:Mirror+1","alterego_mod:Jiggle","alterego_mod:Lingerie","alterego_mod:BustOut","alterego_mod:Undulate+1","alterego_mod:Bounce+1","alterego_mod:Undulate+1","alterego_mod:Rake","Madness","Madness","alterego_mod:Exercise+1","alterego_mod:SideboobHour+1","alterego_mod:SuperDuperMasochism+1","alterego_mod:IndependentAction","alterego_mod:PurpleHair+1"],"relics":["alterego_mod:MasochisticConstitution","Question Card","Shuriken","Mango","Philosopher\u0027s Stone","Nilry\u0027s Codex","Vajra","Happy Flower","Orichalcum","Nunchaku","War Paint","Membership Card","Runic Pyramid","Peace Pipe","MealTicket","Eternal Feather","HollowMod:PaleOreRelic","alterego_mod:SistersRibbon","HollowMod:LifeEnderRelic"],"acts_visited":["Exordium","TheCity","TheBeyond"],"potions_floor_usage":[19,23,33,37,38,38],"damage_taken":[{"damage":4,"enemies":"Jaw Worm","floor":1,"turns":6},{"damage":0,"enemies":"Cultist","floor":3,"turns":5},{"damage":6,"enemies":"Small Slimes","floor":4,"turns":7},{"damage":5,"enemies":"2 Fungi Beasts","floor":5,"turns":5},{"damage":16,"enemies":"Looter","floor":7,"turns":5},{"damage":3,"enemies":"Red Slaver","floor":8,"turns":7},{"damage":21,"enemies":"Gremlin Nob","floor":11,"turns":6},{"damage":2,"enemies":"3 Sentries","floor":13,"turns":10},{"damage":0,"enemies":"Exordium Thugs","floor":14,"turns":6},{"damage":39,"enemies":"Hexaghost","floor":16,"turns":11},{"damage":1,"enemies":"Shell Parasite","floor":18,"turns":6},{"damage":22,"enemies":"2 Thieves","floor":19,"turns":5},{"damage":39,"enemies":"Slavers","floor":23,"turns":7},{"damage":13,"enemies":"Cultist and Chosen","floor":25,"turns":7},{"damage":0,"enemies":"Centurion and Healer","floor":29,"turns":6},{"damage":42,"enemies":"Snake Plant","floor":31,"turns":6},{"damage":5,"enemies":"Champ","floor":33,"turns":7},{"damage":31,"enemies":"Orb Walker","floor":35,"turns":4},{"damage":15,"enemies":"3 Darklings","floor":36,"turns":8},{"damage":26,"enemies":"2 Orb Walkers","floor":37,"turns":4},{"damage":41,"enemies":"Sphere and 2 Shapes","floor":38,"turns":7},{"damage":24,"enemies":"Nemesis","floor":40,"turns":7},{"damage":0,"enemies":"Writhing Mass","floor":42,"turns":8},{"damage":103,"enemies":"Giant Head","floor":45,"turns":11},{"damage":4,"enemies":"4 Shapes","floor":47,"turns":5},{"damage":2,"enemies":"Transient","floor":48,"turns":5},{"damage":67,"enemies":"Awakened One","floor":50,"turns":10}],"seed_played":"-2337043199931232464","potions_obtained":[{"floor":1,"key":"Swift Potion"},{"floor":3,"key":"LiquidBronze"},{"floor":4,"key":"Energy Potion"},{"floor":7,"key":"FearPotion"},{"floor":19,"key":"Block Potion"},{"floor":25,"key":"FearPotion"},{"floor":31,"key":"PowerPotion"},{"floor":33,"key":"Explosive Potion"},{"floor":37,"key":"Explosive Potion"},{"floor":42,"key":"LiquidMemories"},{"floor":45,"key":"LiquidMemories"}],"is_trial":false,"path_per_floor":["M","?","M","M","M","R","M","M","T","?","E","R","E","M","R","B",null,"M","M","?","?","$","E","R","M","T","?","?","M","$","M","R","B",null,"M","M","?","M","?","E","R","M","T","R","E","$","M","M","R","B",null],"character_chosen":"The_Alterego","items_purchased":["alterego_mod:BustOut","Vajra","Happy Flower","Membership Card","alterego_mod:IndependentAction","alterego_mod:SistersRibbon","HollowMod:LifeEnderRelic"],"campfire_rested":0,"item_purchase_floors":[22,22,22,30,46,46,46],"current_hp_per_floor":[71,71,71,66,69,69,61,66,66,59,39,39,59,59,59,54,92,92,71,71,55,55,68,68,84,84,84,75,75,75,45,45,41,98,68,58,42,102,89,86,86,102,102,103,84,99,96,95,106,77],"gold":117,"neow_bonus":"TRANSFORM_CARD","is_daily":false,"chose_seed":false,"campfire_upgraded":7,"win_rate":0.0,"timestamp":1611043028,"path_taken":["M","?","M","?","M","R","M","M","T","?","E","R","E","M","R","BOSS","M","M","?","?","$","E","R","M","T","?","?","?","?","M","R","BOSS","M","M","?","M","?","E","R","?","T","R","E","$","M","M","R","BOSS"],"items_purchased_type":["Card","Relic","Relic","Relic","Card","Relic","Relic"],"build_version":"2020-12-22","purchased_purges":2,"victory":true,"max_hp_per_floor":[71,71,71,72,73,73,74,75,75,75,76,76,91,91,91,92,92,93,94,94,94,94,95,95,96,96,96,96,96,96,97,97,98,98,99,100,101,102,102,103,103,103,103,103,104,104,105,106,106,107],"card_choices":[{"not_picked":["alterego_mod:Swimsuit","alterego_mod:PerceptionDisorder"],"picked":"alterego_mod:RidiculouslyBig","floor":1},{"not_picked":["alterego_mod:MagicResistance","alterego_mod:ChallengeComplete"],"picked":"alterego_mod:Exercise","floor":3},{"not_picked":["alterego_mod:Belts","alterego_mod:MagicResistance"],"picked":"alterego_mod:Support","floor":4},{"not_picked":["alterego_mod:Bounce","alterego_mod:TrashNCrash"],"picked":"alterego_mod:Smother","floor":5},{"not_picked":["alterego_mod:Bloomers","alterego_mod:BustOut"],"picked":"alterego_mod:HighServant","floor":7},{"not_picked":["alterego_mod:DiscoLights","alterego_mod:MaintainEyeContact"],"picked":"alterego_mod:Lift","floor":8},{"not_picked":["alterego_mod:Cycle","alterego_mod:BustOut","alterego_mod:Collar"],"picked":"alterego_mod:Cushion","floor":11},{"not_picked":["alterego_mod:ChallengeComplete","alterego_mod:RocketPunch","alterego_mod:GoddessCore"],"picked":"alterego_mod:Alter","floor":13},{"not_picked":["alterego_mod:BiFurious","alterego_mod:Maid","alterego_mod:Punishment","alterego_mod:Cycle"],"picked":"SKIP","floor":14},{"not_picked":["alterego_mod:InsideBaseball","alterego_mod:GIGAMILK","alterego_mod:Vow"],"picked":"alterego_mod:AlterEgo","floor":16},{"not_picked":["alterego_mod:Pet","alterego_mod:Punishment","alterego_mod:MagicResistance"],"picked":"alterego_mod:Bounce","floor":18},{"not_picked":["alterego_mod:Skirt","alterego_mod:DiscoLights","alterego_mod:IndependentAction"],"picked":"alterego_mod:Mirror","floor":19},{"not_picked":["alterego_mod:Crossover","alterego_mod:Rip","alterego_mod:Cooking"],"picked":"alterego_mod:Undulate+1","floor":23},{"not_picked":["alterego_mod:GachaTicket","alterego_mod:TrashNCrash","alterego_mod:Nekomimi"],"picked":"alterego_mod:Bounce+1","floor":25},{"not_picked":["alterego_mod:Jiggle+1","alterego_mod:AlterEgo","alterego_mod:SakuraLabyrinth","alterego_mod:Skirt"],"picked":"SKIP","floor":29},{"not_picked":["alterego_mod:Maid","alterego_mod:DiscoLights","alterego_mod:Cycle"],"picked":"alterego_mod:Undulate+1","floor":31},{"not_picked":["alterego_mod:Venus","alterego_mod:STier","alterego_mod:Lift"],"picked":"alterego_mod:Rake","floor":33},{"not_picked":["alterego_mod:Cycle+1","alterego_mod:Rip+1","alterego_mod:PerceptionDisorder","alterego_mod:BustOut+1"],"picked":"SKIP","floor":35},{"not_picked":["alterego_mod:Cooking+1","alterego_mod:HighServant","alterego_mod:Undulate+1","alterego_mod:MagicResistance"],"picked":"SKIP","floor":36},{"not_picked":["alterego_mod:DeftHands","alterego_mod:IndependentAction","alterego_mod:PresenceConcealment+1","alterego_mod:DiscoLights"],"picked":"SKIP","floor":38},{"not_picked":["alterego_mod:Bloomers","alterego_mod:DeftHands+1","alterego_mod:Cooking+1"],"picked":"alterego_mod:Exercise+1","floor":40},{"not_picked":["alterego_mod:1TonWallop+1","alterego_mod:Complex+1","alterego_mod:Cooking+1"],"picked":"alterego_mod:SideboobHour","floor":42},{"not_picked":["alterego_mod:Undulate+1","alterego_mod:Cycle","alterego_mod:SakuraLabyrinth+1"],"picked":"alterego_mod:SuperDuperMasochism+1","floor":45},{"not_picked":["alterego_mod:Table+1","alterego_mod:TrashNCrash","alterego_mod:Collar","alterego_mod:DustData+1"],"picked":"SKIP","floor":47},{"not_picked":["alterego_mod:MaintainEyeContact","alterego_mod:Undulate","alterego_mod:Punishment"],"picked":"alterego_mod:PurpleHair+1","floor":48}],"player_experience":36936,"relics_obtained":[{"floor":9,"key":"Question Card"},{"floor":11,"key":"Shuriken"},{"floor":13,"key":"Mango"},{"floor":21,"key":"Nilry\u0027s Codex"},{"floor":23,"key":"Orichalcum"},{"floor":26,"key":"Nunchaku"},{"floor":37,"key":"Peace Pipe"},{"floor":40,"key":"MealTicket"},{"floor":43,"key":"Eternal Feather"},{"floor":45,"key":"HollowMod:PaleOreRelic"}],"event_choices":[{"damage_healed":0,"gold_gain":0,"player_choice":"Upgraded","damage_taken":0,"max_hp_gain":0,"max_hp_loss":0,"event_name":"Upgrade Shrine","floor":2,"gold_loss":0,"cards_upgraded":["alterego_mod:ChallengeComplete"]},{"cards_removed":["alterego_mod:Strike"],"damage_healed":0,"gold_gain":0,"player_choice":"Card Removal","damage_taken":7,"max_hp_gain":0,"max_hp_loss":0,"event_name":"Golden Wing","floor":10,"gold_loss":0},{"damage_healed":0,"gold_gain":0,"cards_transformed":["alterego_mod:Strike","alterego_mod:Defend"],"player_choice":"Became Test Subject","damage_taken":0,"max_hp_gain":0,"max_hp_loss":0,"event_name":"Drug Dealer","floor":20,"gold_loss":0,"cards_obtained":["alterego_mod:Jiggle","alterego_mod:Lingerie"]},{"damage_healed":0,"gold_gain":0,"player_choice":"Obtained Book","damage_taken":16,"max_hp_gain":0,"max_hp_loss":0,"event_name":"Cursed Tome","floor":21,"gold_loss":0},{"damage_healed":0,"gold_gain":0,"player_choice":"Opened","damage_taken":0,"relics_obtained":["War Paint"],"max_hp_gain":0,"max_hp_loss":0,"event_name":"The Mausoleum","floor":27,"gold_loss":0,"cards_obtained":["Writhe"]},{"damage_healed":0,"gold_gain":75,"player_choice":"Touch","damage_taken":9,"max_hp_gain":0,"max_hp_loss":0,"event_name":"FaceTrader","floor":28,"gold_loss":0},{"damage_healed":0,"gold_gain":0,"player_choice":"Fight","damage_taken":0,"max_hp_gain":0,"max_hp_loss":0,"event_name":"Mysterious Sphere","floor":37,"gold_loss":0},{"damage_healed":0,"gold_gain":0,"player_choice":"Embrace Madness","damage_taken":13,"max_hp_gain":0,"max_hp_loss":0,"event_name":"Winding Halls","floor":39,"gold_loss":0,"cards_obtained":["Madness","Madness"]}],"is_beta":false,"boss_relics":[{"not_picked":["Snecko Eye","Fusion Hammer"],"picked":"Philosopher\u0027s Stone"},{"not_picked":["Cursed Key","Astrolabe"],"picked":"Runic Pyramid"}],"items_purged_floors":[30,46],"is_endless":false,"potions_floor_spawned":[1,3,4,7,19,25,31,33,37,42,45,47],"ascension_level":0}}