{"host":"yv7ijgyl7mqt7c0r","time":1611025808,"event":{"mods":["100% Spire Juice","2.2 Compatiblity","Act Like it!","Aspiration","BaseMod","Bestiary","Better Note","Better Skull","CapriCore","Conspire","DeckTracker","Elementarium","Energized Spire","Friendly Minions","Gensokyo","GifTheSpireLib","Hallownest","KinomotoSakuraMod(????)","Mari Mod (Legacy)","Mari\u0027s V1 Patch","Marisa????????","Menagerie","Minty Spire (QoL Compilation)","Prisma Mod","Random Character Button","Reimu??????","Remilia_Scarlet Moed?????·?????3.3.5","StSLib","Stuff the Spire","The Alterego","The Bug Knight","The Factory","The Jungle","The Senshi","The Servant 0.9.4","TheVelvet","Wandering Minibosses","Yakumo Yukari mod","Yuyuko"],"gold_per_floor":[135,30,50,50,50,83,83,102,126,126,174,208,208,220,220,321,371,385,385,126,39,50,80,80,111,111,130,80,80,94,110,110,215,215,227,227,242,25,74,74,89,0,24,24,38,58,58,75,75,75],"floor_reached":51,"language":"ENG","playtime":5473,"items_purged":[],"score":720,"play_id":"15daf0de-c14b-4874-b895-3dd4c882e948","local_time":"20210118211008","is_ascension_mode":false,"campfire_choices":[{"data":"Observe_purple_1","floor":7,"key":"SMITH"},{"data":"OmniscientAndOmnipotent_Monster_purple","floor":10,"key":"SMITH"},{"floor":13,"key":"REST"},{"data":"StateErode_purple","floor":15,"key":"SMITH"},{"data":"LoveAcrossDimensions_purple","floor":24,"key":"SMITH"},{"floor":29,"key":"REST"},{"data":"MonsterNeedle_purple","floor":32,"key":"SMITH"},{"floor":40,"key":"REST"},{"data":"EighthInstrument_OneDividesIntoTwo_purple","floor":44,"key":"SMITH"},{"floor":47,"key":"REST"},{"data":"Anti_communist_purple","floor":49,"key":"SMITH"}],"circlet_count":0,"master_deck":["AT_purpleEX","AT_purpleEX+1","AT_purpleEX","AT_purpleEX","Defend_purpleEX","Defend_purpleEX","Defend_purpleEX","Defend_purpleEX","Observe_purple_1+1","Observe_purple_2","MetroBOOM_purple","CommonSense_AntiCommonSense_purple+1","Boundary_DreamRealityDamnation_purple+1","PurpleNeedle_purple","WangLiang_LineAndCurveDreams_purple","OmniscientAndOmnipotent_Monster_purple+1","Mirror_FormAndEmptin_purple","StateErode_purple+1","LoveAcrossDimensions_purple+1","Nest_LightFlightworm_purple","RuleDissolution_purple","MonsterNeedle_purple+1","ButterflyHabitatTemple_purple+1","EighthInstrument_OneDividesIntoTwo_purple+1","Bait_HighSpeedFlying_purple+1","OmniscientAndOmnipotent_Monster_purple+1","MonsterNeedle_purple+1","OmniscientAndOmnipotent_Monster_purple","Umbrella_purple+1","D_absorption_purple","WorldDissolvedintheRealm_purple+1","MNeedle_purple","Boundary_of_Extermination_purpleEX+1","WingOfChimera_purple+1","AdvanceAttack_purple+1","WorldDissolvedintheRealm_purple","Anti_communist_purple+1"],"relics":["Boundary_crack","Memoryfragments_purpleEX","NeowsBlessing","Antimatter_spacedebris","StuffTheSpire:HeavyRock","Bronze Scales","HollowMod:StagPassRelic","Tiny House","Ancient Tea Set","Oddly Smooth Stone","Regal Pillow","Frozen Egg 2","Whetstone","energizedSpire:DeadBattery","Nunchaku","Art of War","Red Mask","conspire:TopHat"],"acts_visited":["Exordium","TheCity","TheBeyond"],"potions_floor_usage":[16,25,25],"damage_taken":[{"damage":0,"enemies":"Cultist","floor":1,"turns":1},{"damage":0,"enemies":"conspire:RoseBush","floor":3,"turns":1},{"damage":21,"enemies":"HollowMod:MossKnight","floor":6,"turns":1},{"damage":3,"enemies":"Small Slimes","floor":8,"turns":3},{"damage":27,"enemies":"Gremlin Nob","floor":12,"turns":4},{"damage":4,"enemies":"Exordium Thugs","floor":14,"turns":2},{"damage":12,"enemies":"Slime Boss","floor":16,"turns":7},{"damage":10,"enemies":"Chosen","floor":18,"turns":4},{"damage":28,"enemies":"conspire:FuzzyDice","floor":22,"turns":7},{"damage":15,"enemies":"conspire:Head Lice","floor":23,"turns":9},{"damage":15,"enemies":"conspire:SneckoGhost","floor":25,"turns":5},{"damage":8,"enemies":"Shelled Parasite and Fungi","floor":27,"turns":4},{"damage":0,"enemies":"Cultist and Chosen","floor":30,"turns":3},{"damage":1,"enemies":"Centurion and Healer","floor":31,"turns":5},{"damage":45,"enemies":"Champ","floor":33,"turns":7},{"damage":42,"enemies":"3 Darklings","floor":35,"turns":4},{"damage":4,"enemies":"Orb Walker","floor":37,"turns":2},{"damage":0,"enemies":"3 Darklings","floor":41,"turns":2},{"damage":7,"enemies":"4 Shapes","floor":45,"turns":4},{"damage":9,"enemies":"Writhing Mass","floor":46,"turns":4},{"damage":0,"enemies":"3 Darklings","floor":48,"turns":2},{"damage":49,"enemies":"Awakened One","floor":50,"turns":9}],"seed_played":"267881774130409606","potions_obtained":[{"floor":1,"key":"Block Potion"},{"floor":6,"key":"LiquidMemories"},{"floor":12,"key":"Block Potion"},{"floor":17,"key":"ColorlessPotion"},{"floor":27,"key":"LiquidBronze"},{"floor":31,"key":"SmokeBomb"},{"floor":33,"key":"Regen Potion"},{"floor":46,"key":"PowerPotion"}],"is_trial":false,"path_per_floor":["M","$","M","?","?","E","R","M","T","R","T","E","R","M","R","B",null,"M","?","$","?","M","E","R","E","T","M","?","R","M","M","R","B",null,"M","?","M","$","T","R","M","?","T","R","M","M","R","M","R","B",null],"character_chosen":"Youkari","items_purchased":["CommonSense_AntiCommonSense_purple","Boundary_DreamRealityDamnation_purple","MonsterNeedle_purple","Ancient Tea Set","ButterflyHabitatTemple_purple","Boundary_of_Extermination_purpleEX+1","Nunchaku"],"campfire_rested":4,"item_purchase_floors":[2,2,20,20,20,38,38],"current_hp_per_floor":[70,70,70,70,70,49,49,47,47,47,47,21,42,41,41,33,75,68,68,68,68,45,35,35,20,20,15,15,52,53,54,54,9,75,34,27,23,23,23,60,60,60,60,60,53,45,75,75,75,29],"gold":75,"neow_bonus":"THREE_ENEMY_KILL","is_daily":false,"chose_seed":false,"campfire_upgraded":7,"win_rate":0.0,"timestamp":1611025808,"path_taken":["M","?","?","?","?","E","R","?","T","R","?","E","R","M","R","BOSS","M","?","$","?","M","E","R","E","T","M","?","R","M","M","R","BOSS","M","?","M","$","?","R","M","?","T","R","M","M","R","M","R","BOSS"],"items_purchased_type":["Card","Card","Card","Relic","Card","Card","Relic"],"build_version":"2020-12-22","purchased_purges":0,"victory":true,"max_hp_per_floor":[70,70,70,70,70,70,70,70,70,70,70,70,70,70,70,70,75,75,75,75,75,75,75,75,75,75,75,75,75,75,75,75,75,75,75,75,75,75,75,75,75,75,75,75,75,75,75,75,75,75],"card_choices":[{"not_picked":["ButterflyHabitatTemple_purple","Boundary_of_Extermination_purpleEX"],"picked":"MetroBOOM_purple","floor":1},{"not_picked":["OmniscientAndOmnipotent_Monster_purple","ExistenceContinue_purple"],"picked":"PurpleNeedle_purple","floor":3},{"not_picked":["RuptureOfTimeAndSpace_purple","Monsters_DoubleDeathButterfly_purple"],"picked":"WangLiang_LineAndCurveDreams_purple","floor":6},{"not_picked":["Mirror_FormAndEmptin_purple","Worldmountain_purple"],"picked":"OmniscientAndOmnipotent_Monster_purple","floor":8},{"not_picked":["Yakumo_Ran_purple","Realm_recovery_purpleEX"],"picked":"Mirror_FormAndEmptin_purple","floor":12},{"not_picked":["Line_surface_state_purple","StateDuplicate_purple"],"picked":"StateErode_purple","floor":14},{"not_picked":["WasteWire_Metro_purple","Theboundaryofcreation_purpleEX"],"picked":"LoveAcrossDimensions_purple","floor":16},{"not_picked":["MeetDecomposer_purple","MetroBOOM_purple"],"picked":"Nest_LightFlightworm_purple","floor":17},{"not_picked":["Yakumo_Ran_purple","ExistenceContinue_purple"],"picked":"RuleDissolution_purple","floor":18},{"not_picked":["Realm_recovery_purpleEX","Mirror_FourBoundary_purple"],"picked":"EighthInstrument_OneDividesIntoTwo_purple","floor":22},{"not_picked":["SfantasyHide_purple","StateErode_purple+1"],"picked":"Bait_HighSpeedFlying_purple+1","floor":23},{"not_picked":["Bait_HighSpeedFlying_purple","Worldmountain_purple"],"picked":"OmniscientAndOmnipotent_Monster_purple+1","floor":25},{"not_picked":["Umbrella_purple+1","DimensionStaggered_purple"],"picked":"MonsterNeedle_purple","floor":27},{"not_picked":["Umbrella_purple","Mirror_FormAndEmptin_purple+1"],"picked":"OmniscientAndOmnipotent_Monster_purple","floor":30},{"not_picked":["Mirror_FormAndEmptin_purple","Realm_recovery_purpleEX"],"picked":"Umbrella_purple+1","floor":31},{"not_picked":["WangLiang_LineAndCurveDreams_purple+1","Price_of_realm_purpleEX"],"picked":"D_absorption_purple","floor":33},{"not_picked":["AdvanceAttack_purple+1","Mirror_FormAndEmptin_purple+1"],"picked":"WorldDissolvedintheRealm_purple+1","floor":35},{"not_picked":["StateErode_purple+1","Mirror_FourBoundary_purple+1"],"picked":"MNeedle_purple","floor":37},{"not_picked":["DimensionStaggered_purple","MonsterNeedle_purple+1"],"picked":"WingOfChimera_purple+1","floor":41},{"not_picked":["RealityDreamConfluencek_purple","Boundary_ObjectiveBoundary_purple"],"picked":"AdvanceAttack_purple+1","floor":45},{"not_picked":["AdvanceAttack_purple","Mirror_WaveAndshot_purple+1"],"picked":"WorldDissolvedintheRealm_purple","floor":46},{"not_picked":["ExistenceContinue_purple","Worldmountain_purple+1"],"picked":"Anti_communist_purple","floor":48}],"player_experience":524193,"relics_obtained":[{"floor":6,"key":"Antimatter_spacedebris"},{"floor":9,"key":"StuffTheSpire:HeavyRock"},{"floor":11,"key":"Bronze Scales"},{"floor":12,"key":"HollowMod:StagPassRelic"},{"floor":23,"key":"Regal Pillow"},{"floor":25,"key":"Frozen Egg 2"},{"floor":26,"key":"Whetstone"},{"floor":39,"key":"Art of War"},{"floor":43,"key":"conspire:TopHat"}],"event_choices":[{"damage_healed":0,"gold_gain":0,"player_choice":"Leave","damage_taken":0,"max_hp_gain":0,"max_hp_loss":0,"event_name":"The Cleric","floor":4,"gold_loss":0},{"damage_healed":0,"gold_gain":0,"player_choice":"Ignored","damage_taken":0,"max_hp_gain":0,"max_hp_loss":0,"event_name":"Golden Wing","floor":5,"gold_loss":0},{"damage_healed":0,"gold_gain":0,"player_choice":"Leave","damage_taken":0,"max_hp_gain":0,"max_hp_loss":0,"event_name":"FaceTraderEventEX","floor":19,"gold_loss":0},{"damage_healed":0,"gold_gain":0,"player_choice":"Paid Gold","damage_taken":0,"relics_obtained":["Oddly Smooth Stone"],"max_hp_gain":0,"max_hp_loss":0,"event_name":"WeMeetAgain","floor":21,"gold_loss":87},{"damage_healed":0,"gold_gain":0,"player_choice":"Bet on Murderer","damage_taken":0,"max_hp_gain":0,"max_hp_loss":0,"event_name":"The Joust","floor":28,"gold_loss":50},{"damage_healed":0,"gold_gain":0,"player_choice":"Damaged","damage_taken":7,"max_hp_gain":0,"max_hp_loss":0,"event_name":"Wheel of Change","floor":36,"gold_loss":0},{"damage_healed":0,"gold_gain":0,"player_choice":"Paid","damage_taken":0,"relics_obtained":["Red Mask"],"max_hp_gain":0,"max_hp_loss":0,"event_name":"Tomb of Lord Red Mask","floor":42,"gold_loss":89}],"is_beta":false,"boss_relics":[{"not_picked":["Runic Dome","StuffTheSpire:RunicConfusion"],"picked":"Tiny House"},{"not_picked":["energizedSpire:EnergizedDie","aspiration:SecretTechniqueScroll"],"picked":"energizedSpire:DeadBattery"}],"items_purged_floors":[],"is_endless":false,"potions_floor_spawned":[1,6,12,18,27,31,33,37,46,48],"ascension_level":0}}