{"host":"7sni158j623xchr2","time":1611078950,"event":{"mods":["BaseMod","Colored Map","Highlight Path","Minty Spire (QoL Compilation)","Permanent Neow","Potion Indicator Mod","Rare Cards Sparkle","Relic Sorter","Relic Stats","StSLib","everything is the same but u backflip on backflip"],"gold_per_floor":[20,39,39,56,6,39,39,70,70,142,142,154,1,35,35,139,166,191,214,129,155,80,107,107,107,107,132,32,62,78,119,119,216,216,236,265,1264,1264,1264,1295,1295,1325,1352,1386,1408,716,726,747,747,747,747,747,97,133,133],"floor_reached":56,"language":"ENG","playtime":2225,"items_purged":["Strike_G","Defend_G","Strike_G","Defend_G"],"score":1619,"play_id":"eb4fed86-cce1-4cf6-a586-097696efdbba","local_time":"20210119115550","is_ascension_mode":true,"campfire_choices":[{"data":"Terror","floor":7,"key":"SMITH"},{"data":"Dash","floor":11,"key":"SMITH"},{"data":"Malaise","floor":15,"key":"SMITH"},{"data":"Burst","floor":24,"key":"SMITH"},{"data":"Corpse Explosion","floor":32,"key":"SMITH"},{"data":"Bullet Time","floor":41,"key":"SMITH"},{"floor":49,"key":"RECALL"},{"data":"Crippling Poison","floor":52,"key":"SMITH"}],"circlet_count":0,"master_deck":["Defend_G","Survivor","Neutralize+1","Malaise+1","Dagger Spray+1","Dash+1","PiercingWail","Terror+1","Corpse Explosion+1","PiercingWail","Burst+1","Bullet Time+1","PiercingWail+1","Bullet Time+1","Prepared+1","Backflip","Bane+1","Deadly Poison+1","Footwork+1","Dodge and Roll+1","Acrobatics+1","PiercingWail","Well Laid Plans","Thinking Ahead","Crippling Poison+1","Burst","Flash of Steel","Backflip","Burst"],"relics":["Ring of the Snake","Art of War","Meat on the Bone","White Beast Statue","Regal Pillow","CeramicFish","PreservedInsect","Tiny Chest","Astrolabe","Pen Nib","Ancient Tea Set","Snake Skull","Matryoshka","Bag of Marbles","Ninja Scroll","Nunchaku","Omamori","Coffee Dripper","Bag of Preparation","Happy Flower","Potion Belt","Vajra","Gambling Chip","Lantern","Oddly Smooth Stone","Whetstone"],"acts_visited":["Exordium","TheCity","TheBeyond","TheEnding"],"potions_floor_usage":[6,8,8,30,35,50,50,50,55,55,55,55,55,55,55,55,55,55,55,55],"damage_taken":[{"damage":0,"enemies":"Cultist","floor":1,"turns":4},{"damage":1,"enemies":"2 Louse","floor":2,"turns":2},{"damage":0,"enemies":"Jaw Worm","floor":4,"turns":4},{"damage":30,"enemies":"Lagavulin","floor":6,"turns":8},{"damage":0,"enemies":"Gremlin Nob","floor":8,"turns":5},{"damage":7,"enemies":"Lagavulin Event","floor":10,"turns":9},{"damage":0,"enemies":"Red Slaver","floor":12,"turns":4},{"damage":3,"enemies":"Lagavulin","floor":14,"turns":6},{"damage":4,"enemies":"Hexaghost","floor":16,"turns":11},{"damage":0,"enemies":"Shell Parasite","floor":18,"turns":8},{"damage":0,"enemies":"Spheric Guardian","floor":21,"turns":7},{"damage":0,"enemies":"Slavers","floor":23,"turns":2},{"damage":6,"enemies":"Snake Plant","floor":27,"turns":4},{"damage":0,"enemies":"Book of Stabbing","floor":29,"turns":4},{"damage":1,"enemies":"Cultist and Chosen","floor":30,"turns":5},{"damage":0,"enemies":"Slavers","floor":31,"turns":1},{"damage":29,"enemies":"Collector","floor":33,"turns":9},{"damage":0,"enemies":"3 Darklings","floor":35,"turns":1},{"damage":0,"enemies":"3 Shapes","floor":36,"turns":3},{"damage":10,"enemies":"Giant Head","floor":40,"turns":8},{"damage":14,"enemies":"Nemesis","floor":42,"turns":5},{"damage":0,"enemies":"Giant Head","floor":44,"turns":4},{"damage":14,"enemies":"3 Darklings","floor":45,"turns":4},{"damage":0,"enemies":"Sphere and 2 Shapes","floor":47,"turns":5},{"damage":10,"enemies":"Spire Growth","floor":48,"turns":4},{"damage":31,"enemies":"Awakened One","floor":50,"turns":16},{"damage":0,"enemies":"Shield and Spear","floor":54,"turns":3},{"damage":43,"enemies":"The Heart","floor":55,"turns":9}],"seed_played":"-293468255107804347","potions_obtained":[{"floor":2,"key":"DuplicationPotion"},{"floor":4,"key":"SteroidPotion"},{"floor":6,"key":"Energy Potion"},{"floor":10,"key":"CunningPotion"},{"floor":12,"key":"SpeedPotion"},{"floor":14,"key":"Energy Potion"},{"floor":16,"key":"Dexterity Potion"},{"floor":23,"key":"LiquidMemories"},{"floor":30,"key":"LiquidMemories"},{"floor":35,"key":"CunningPotion"},{"floor":42,"key":"GamblersBrew"},{"floor":44,"key":"DuplicationPotion"}],"is_trial":false,"path_per_floor":["M","M","?","M","?","E","R","E","T","?","R","M","$","E","R","B",null,"M","T","?","M","$","E","R","T","T","M","$","E","M","E","R","B",null,"M","M","?","?","T","E","R","E","T","E","M","$","M","M","R","B",null,"R","$","E","B",null],"character_chosen":"THE_SILENT","items_purchased":["PreservedInsect","Lantern","EntropicBrew","Well Laid Plans","Thinking Ahead","Crippling Poison","Oddly Smooth Stone","Flash of Steel","Backflip","CunningPotion","SneckoOil","SteroidPotion"],"campfire_rested":0,"item_purchase_floors":[13,46,46,46,46,46,53,53,53,53,53,53],"current_hp_per_floor":[70,69,51,51,51,21,21,33,33,38,38,38,38,47,47,43,70,70,70,70,70,70,70,70,70,70,64,64,64,63,63,63,46,70,70,70,70,70,70,60,60,46,46,46,44,44,44,46,46,27,70,70,70,70,39],"gold":133,"neow_bonus":"THREE_RARE_CARDS","is_daily":false,"chose_seed":false,"campfire_upgraded":7,"win_rate":0.0,"timestamp":1611078950,"path_taken":["M","M","?","M","?","E","R","E","T","?","R","M","?","E","R","BOSS","M","?","?","M","?","E","R","?","T","?","$","E","M","E","R","BOSS","M","M","?","?","?","E","R","E","T","E","M","$","M","?","R","BOSS","R","$","E","BOSS"],"items_purchased_type":["Relic","Relic","Potion","Card","Card","Card","Relic","Card","Card","Potion","Potion","Potion"],"build_version":"2020-12-22","purchased_purges":4,"victory":true,"max_hp_per_floor":[70,70,70,70,70,70,70,70,70,70,70,70,70,70,70,70,70,70,70,70,70,70,70,70,70,70,70,70,70,70,70,70,70,70,70,70,70,70,70,70,70,70,70,70,70,70,70,70,70,70,70,70,70,70,70],"relic_stats":{"Regal Pillow":0,"Happy Flower":[16],"counters":[28,155],"CeramicFish":180,"Astrolabe":["PiercingWail","Bullet Time","Prepared"],"PreservedInsect":512,"Pen Nib":[17],"Snake Skull":[60],"Bag of Preparation":[0],"Whetstone":["Neutralize","Dagger Spray"],"Nunchaku":[15],"Gambling Chip":[12],"Tiny Chest":2,"Art of War":[22],"obtain_stats":[{"Regal Pillow":9,"Lantern":46,"CeramicFish":10,"Vajra":43,"Snake Skull":23,"Bag of Preparation":39,"Whetstone":54,"Ancient Tea Set":20,"Nunchaku":29,"Matryoshka":25,"Ninja Scroll":26,"Gambling Chip":44,"Tiny Chest":14,"Ring of the Snake":0,"Potion Belt":42,"Happy Flower":40,"Astrolabe":17,"Oddly Smooth Stone":53,"PreservedInsect":13,"Pen Nib":19,"Omamori":31,"White Beast Statue":8,"Art of War":3,"Bag of Marbles":26,"Coffee Dripper":34,"Meat on the Bone":6},{"Regal Pillow":5,"Lantern":23,"CeramicFish":6,"Vajra":21,"Snake Skull":12,"Bag of Preparation":19,"Whetstone":27,"Ancient Tea Set":10,"Nunchaku":14,"Matryoshka":12,"Ninja Scroll":12,"Gambling Chip":22,"Tiny Chest":8,"Ring of the Snake":0,"Potion Belt":21,"Happy Flower":20,"Astrolabe":9,"Oddly Smooth Stone":26,"PreservedInsect":7,"Pen Nib":10,"Omamori":16,"White Beast Statue":5,"Art of War":2,"Bag of Marbles":12,"Coffee Dripper":17,"Meat on the Bone":4},{"Regal Pillow":23,"Lantern":118,"CeramicFish":32,"Vajra":110,"Snake Skull":70,"Bag of Preparation":97,"Whetstone":146,"Ancient Tea Set":61,"Nunchaku":78,"Matryoshka":70,"Ninja Scroll":70,"Gambling Chip":114,"Tiny Chest":42,"Ring of the Snake":0,"Potion Belt":110,"Happy Flower":105,"Astrolabe":53,"Oddly Smooth Stone":143,"PreservedInsect":36,"Pen Nib":61,"Omamori":84,"White Beast Statue":23,"Art of War":6,"Bag of Marbles":70,"Coffee Dripper":93,"Meat on the Bone":18}],"Ring of the Snake":[56],"Meat on the Bone":96},"card_choices":[{"not_picked":["Tools of the Trade","A Thousand Cuts"],"picked":"Malaise","floor":0},{"not_picked":["Slice","Outmaneuver"],"picked":"Dagger Spray","floor":1},{"not_picked":["Masterful Stab","Bouncing Flask"],"picked":"Dash","floor":2},{"not_picked":["Quick Slash","Accuracy"],"picked":"PiercingWail","floor":4},{"not_picked":["Reflex","Endless Agony"],"picked":"Terror","floor":6},{"not_picked":["Eviscerate","Flying Knee"],"picked":"Corpse Explosion","floor":8},{"not_picked":["Sucker Punch","Dagger Spray"],"picked":"PiercingWail","floor":10},{"not_picked":["Slice","Cloak And Dagger","Infinite Blades"],"picked":"SKIP","floor":12},{"not_picked":["Backstab","Flying Knee"],"picked":"Burst","floor":14},{"not_picked":["Night Terror","Corpse Explosion"],"picked":"Bullet Time","floor":16},{"not_picked":["Noxious Fumes","Slice"],"picked":"Backflip","floor":18},{"not_picked":["Deflect+1","PiercingWail+1"],"picked":"Bane+1","floor":21},{"not_picked":["Outmaneuver","Prepared","Bane+1"],"picked":"SKIP","floor":23},{"not_picked":["Underhanded Strike","Skewer"],"picked":"Deadly Poison+1","floor":27},{"not_picked":["Outmaneuver","Dagger Throw+1","Caltrops+1"],"picked":"SKIP","floor":29},{"not_picked":["Calculated Gamble","Flying Knee","Accuracy"],"picked":"SKIP","floor":30},{"not_picked":["Escape Plan","Eviscerate"],"picked":"Footwork+1","floor":31},{"not_picked":["Slice+1","Outmaneuver"],"picked":"Dodge and Roll+1","floor":35},{"not_picked":["Backflip","Prepared"],"picked":"Acrobatics+1","floor":36},{"not_picked":["Heel Hook","Underhanded Strike","Predator"],"picked":"SKIP","floor":40},{"not_picked":["All Out Attack","Finisher+1","Skewer"],"picked":"SKIP","floor":42},{"not_picked":["Underhanded Strike+1","Blade Dance+1","Terror+1"],"picked":"SKIP","floor":44},{"not_picked":["Flechettes+1","Skewer+1"],"picked":"PiercingWail","floor":45},{"not_picked":["Backstab","Dodge and Roll+1","Reflex+1"],"picked":"SKIP","floor":47},{"not_picked":["Blade Dance","Bane"],"picked":"Burst","floor":48},{"not_picked":["Bane","Envenom"],"picked":"Burst","floor":54}],"player_experience":1646834,"relics_obtained":[{"floor":6,"key":"Meat on the Bone"},{"floor":8,"key":"White Beast Statue"},{"floor":9,"key":"Regal Pillow"},{"floor":10,"key":"CeramicFish"},{"floor":14,"key":"Tiny Chest"},{"floor":19,"key":"Pen Nib"},{"floor":23,"key":"Snake Skull"},{"floor":25,"key":"Matryoshka"},{"floor":26,"key":"Bag of Marbles"},{"floor":26,"key":"Ninja Scroll"},{"floor":29,"key":"Nunchaku"},{"floor":31,"key":"Omamori"},{"floor":39,"key":"Bag of Preparation"},{"floor":40,"key":"Happy Flower"},{"floor":42,"key":"Potion Belt"},{"floor":43,"key":"Vajra"},{"floor":44,"key":"Gambling Chip"},{"floor":54,"key":"Whetstone"}],"event_choices":[{"damage_healed":0,"gold_gain":0,"player_choice":"Success","damage_taken":18,"relics_obtained":["Art of War"],"max_hp_gain":0,"max_hp_loss":0,"event_name":"Scrap Ooze","floor":3,"gold_loss":0},{"cards_removed":["Defend_G"],"damage_healed":0,"gold_gain":0,"player_choice":"Card Removal","damage_taken":0,"max_hp_gain":0,"max_hp_loss":0,"event_name":"The Cleric","floor":5,"gold_loss":50},{"damage_healed":0,"gold_gain":0,"player_choice":"Searched \u00272\u0027 times","damage_taken":0,"max_hp_gain":0,"max_hp_loss":0,"event_name":"Dead Adventurer","floor":10,"gold_loss":0},{"damage_healed":0,"gold_gain":0,"player_choice":"Obtained Relic","damage_taken":0,"relics_obtained":["Ancient Tea Set"],"max_hp_gain":0,"max_hp_loss":0,"event_name":"Addict","floor":20,"gold_loss":85},{"damage_healed":0,"gold_gain":999,"player_choice":"Gold","damage_taken":0,"max_hp_gain":0,"max_hp_loss":0,"event_name":"MindBloom","floor":37,"gold_loss":0,"cards_obtained":["Normality","Normality"]},{"cards_removed":["Defend_G"],"damage_healed":0,"gold_gain":0,"player_choice":"Removed Skill","damage_taken":0,"max_hp_gain":0,"max_hp_loss":0,"event_name":"Falling","floor":38,"gold_loss":0}],"is_beta":false,"boss_relics":[{"not_picked":["Ectoplasm","Busted Crown"],"picked":"Astrolabe"},{"not_picked":["Tiny House","WristBlade"],"picked":"Coffee Dripper"}],"items_purged_floors":[22,28,46,53],"is_endless":false,"potions_floor_spawned":[2,4,6,10,12,14,16,18,21,23,27,29,30,31,33,35,36,40,42,44,45,47,48,54],"ascension_level":1}}