{"host":"yttw759xqm3gosmj","time":1611089295,"event":{"mods":["AchievementEnabler","Aspiration","Bartender","BaseMod","Bestiary","Better Note","Better Third Choice","BetterRewards","Clockwork Mod","Colored Map","Colorless Booster Pack","Conspire","Custom Start","Dark Map","Dio Mod","Energized Spire","Fiend Mod","GifTheSpireLib","Glutton Mod","Googly Eyes","Hermit","Hubris","Infinite Spire","Ironclad Rager","Mimic Mod","Minty Spire (QoL Compilation)","MostiFishMod","Rare Cards Sparkle","RatMod","Replay The Spire","Retaliation","Shade Mod","Shop Mod","Somnambulant","Spicy Shops","Spikes Relics","Spire Birthday Party","StSLib","Stuff the Spire","The Alterego","The Animator","The Bladedancer","The Cursed","The Edgeheg","The Forsaken","The Hierophant","The Judge","The Jungle","The Marked","The Necromancer","The Poker Player","The Servant 0.9.4","The Trickster","TheSwordswoman","TheVacant","Trackpad","Unceasing Turn Reminder","Useless Jewels Mod","Waifu the Spire","WarShipGirlsR/????R mod","egg","slay the spire mod where everything is the same but ironclad has a cowboy hat","thorton","vexMod","??????REMEMod"],"gold_per_floor":[128,32,32,32,57,57,57,57,57,76,29,29,48,79,79,175,175,192,48,48,48,48,48,48,76,123,0,0,0,26,38,38,171,171,186,186,197,197,44,74,74,217,248,248,302,302,316,346,346,346,346,346,11,35,35],"floor_reached":56,"language":"ENG","playtime":3510,"items_purged":["Hallucinations","Pain"],"score":1549,"play_id":"146d4e4d-a550-4eb3-a2b4-e9c1ea5c8691","local_time":"20210119154815","is_ascension_mode":false,"campfire_choices":[{"floor":6,"key":"REST"},{"floor":8,"key":"REST"},{"floor":15,"key":"REST"},{"floor":23,"key":"RECALL"},{"floor":28,"key":"REST"},{"data":"Pain","floor":32,"key":"PURGE"},{"floor":41,"key":"REST"},{"floor":49,"key":"REST"},{"data":"ReplayTheSpireMod:Black Plague","floor":52,"key":"SMITH"}],"circlet_count":0,"master_deck":["animator:Strike_OnePunchMan","animator:Defend_OnePunchMan","animator:Genos","animator:MumenRider","MostiFishMod:PerfectForm","animator:GuildGirl","animator:Strike_AccelWorld","animator:Strike_GoblinSlayer","animator:Strike_HitsugiNoChaika+1","animator:Defend_OnePunchMan","animator:Defend_Konosuba","animator:Defend_OwariNoSeraph","animator:Evileye","ReplayTheSpireMod:Repulse+1","animator:Archer","animator:Verdia+1","Apotheosis+1","animator:Shizu+1","animator:Sloth","animator:Saber+1","animator:TakanashiRikka+1","animator:Strike_OnePunchMan","animator:Defend_OnePunchMan","animator:Genos","animator:MumenRider","MostiFishMod:PerfectForm+1","animator:GuildGirl","animator:Strike_AccelWorld","animator:Strike_GoblinSlayer","animator:Strike_HitsugiNoChaika+1","animator:Defend_OnePunchMan","animator:Defend_Konosuba","animator:Defend_OwariNoSeraph","animator:Evileye","ReplayTheSpireMod:Repulse+1","animator:Archer","animator:Verdia+1","Apotheosis+1","animator:Shizu+1","animator:Sloth","animator:Saber+1","animator:TakanashiRikka+1","animator:Boros+1","ReplayTheSpireMod:Black Plague+1","infinitespire:Starlight","animator:RinTohsaka","animator:RoryMercury+1","animator:RoryMercury+1","animator:RoyMustang+1","animator:Vesta+1","animator:Kuroyukihime","animator:HigakiRinne+1","AbeCurse","Shame","WordoMod:IllWill","animator:HomuraAkemi+1","animator:MisaKurobane","hubris:Fate","animator:Tyuule+1","animator:Ara+1","animator:Elesis+2","animator:Aqua","animator:Spearman+1","animator:Kazuma+1","animator:Add","animator:ChlammyZell+1","animator:CowGirl","animator:Emilia+1","animator:MumenRider"],"relics":["animator:LivingPicture","animator:ColorlessFragment","REME_ComplimentaryCards","DaveBox","animator:PurgingStone","SentryEyes","Power_Wrist","Lizard Tail","MerchantsRug","StuffTheSpire:Kangaroo","SynthV:TestCard","WarpedTongs","Pet Ghost","Golden Egg","CosmicIsotope","trackpad:PocketGalaxy","Eternal Feather","conspire:SpecialSausage","hubris:TenFootPole","rat:PhantomDancer","rat:KircheisShard","Replay:Grab Bag","Abe\u0027s Treasure","Replay:Bronze Core","ReplayTheSpireMod:SealedPack","hubris:Icosahedron","Frozen Egg 2","ArrowTower","animator:ShionDessert","TwistedFunnel","animator:Buoy"],"acts_visited":["Exordium","TheCity","TheBeyond","TheEnding"],"potions_floor_usage":[16,25,33,33,33,33,33,33,42,45,49,54,54,55],"damage_taken":[{"damage":0,"enemies":"conspire:RoseBush","floor":1,"turns":1},{"damage":3,"enemies":"2 Louse","floor":5,"turns":2},{"damage":0,"enemies":"Cultist","floor":10,"turns":1},{"damage":10,"enemies":"Blue Slaver","floor":13,"turns":2},{"damage":0,"enemies":"2 Fungi Beasts","floor":14,"turns":2},{"damage":29,"enemies":"Hexaghost","floor":16,"turns":7},{"damage":9,"enemies":"Shell Parasite","floor":18,"turns":3},{"damage":21,"enemies":"Book of Stabbing","floor":25,"turns":4},{"damage":24,"enemies":"Replay:Snechameleon","floor":30,"turns":2},{"damage":2,"enemies":"Chosen","floor":31,"turns":2},{"damage":26,"enemies":"conspire:MysteriousRune","floor":33,"turns":5},{"damage":17,"enemies":"3 Shapes","floor":35,"turns":3},{"damage":33,"enemies":"3 Darklings","floor":37,"turns":4},{"damage":13,"enemies":"Reptomancer","floor":40,"turns":4},{"damage":10,"enemies":"Transient","floor":42,"turns":5},{"damage":0,"enemies":"Sphere and 2 Shapes","floor":43,"turns":4},{"damage":2,"enemies":"infinitespire:Three Voidlings","floor":44,"turns":3},{"damage":26,"enemies":"2 Orb Walkers","floor":45,"turns":3},{"damage":13,"enemies":"Sphere and 2 Shapes","floor":47,"turns":2},{"damage":31,"enemies":"Jaw Worm Horde","floor":48,"turns":3},{"damage":26,"enemies":"Donu and Deca","floor":50,"turns":5},{"damage":48,"enemies":"Shield and Spear","floor":54,"turns":5},{"damage":44,"enemies":"Kars","floor":55,"turns":7}],"seed_played":"1291536852547585746","potions_obtained":[{"floor":1,"key":"SpeedPotion"},{"floor":5,"key":"Cursed Concoction"},{"floor":16,"key":"FearPotion"},{"floor":18,"key":"Languid Potion"},{"floor":24,"key":"SkillPotion"},{"floor":24,"key":"Ancient Potion"},{"floor":24,"key":"EntropicBrew"},{"floor":30,"key":"ColorlessPotion"},{"floor":33,"key":"SpeedPotion"},{"floor":37,"key":"Regen Potion"},{"floor":40,"key":"REME_GoldPotion"},{"floor":48,"key":"REME_GoldPotion"}],"is_trial":false,"path_per_floor":["M","?","?","?","M","R","?","R","T","M","$","?","M","M","R","B",null,"M","$","?","?","AVR","R","?","E","T","$","R","?","E","M","R_BF","B",null,"M","?","M","?","$","E","R","M","MIM","?","?","T","M","M","R","B",null,"R","$","E","B",null],"character_chosen":"THE_ANIMATOR","items_purchased":["animator:ColorlessFragment","Power_Wrist","Lizard Tail","MerchantsRug","animator:Verdia","trackpad:PocketGalaxy","animator:RoryMercury","animator:RoyMustang","animator:Elesis","animator:Emilia","Energy Potion","TwistedFunnel"],"campfire_rested":6,"item_purchase_floors":[0,0,0,0,11,19,27,27,39,53,53,53],"current_hp_per_floor":[35,35,35,35,32,51,39,58,58,58,58,58,48,48,66,37,66,57,57,57,57,57,66,66,45,45,45,66,66,42,40,66,50,66,59,59,26,26,26,13,66,57,59,57,47,47,34,18,67,43,67,67,67,21,20],"gold":35,"neow_bonus":"","is_daily":false,"chose_seed":false,"campfire_upgraded":1,"win_rate":0.0,"timestamp":1611089295,"path_taken":["M","?","?","?","?","R","?","R","T","M","$","?","M","M","R","BOSS","M","$","?","?","AVR","R","?","E","T","$","R","?","E","M","R_BF","BOSS","M","?","M","?","$","E","R","M","MIM","?","?","?","M","?","R","BOSS","R","$","E","BOSS"],"items_purchased_type":["Relic","Relic","Relic","Relic","Card","Relic","Card","Card","Card","Card","Potion","Relic"],"build_version":"2020-12-22","purchased_purges":2,"victory":true,"max_hp_per_floor":[66,66,66,66,66,66,66,66,66,66,66,66,66,66,66,66,66,66,66,66,66,66,66,66,66,66,66,66,66,66,66,66,66,66,66,66,66,66,66,66,66,67,67,67,67,67,67,67,67,67,67,67,67,67,67],"card_choices":[{"not_picked":["animator:Emonzaemon","animator:PandorasActor"],"picked":"animator:GuildGirl","floor":1},{"not_picked":["animator:Mitsurugi","animator:Guy","animator:Kazuma","animator:ZankiKiguchi"],"picked":"animator:Evileye","floor":5},{"not_picked":["animator:EmiyaShirou","animator:ShinjiMatou","animator:Caster","animator:Illya"],"picked":"animator:Archer","floor":10},{"not_picked":["animator:Genos","animator:CowGirl","animator:MaesHughes","animator:YunYun"],"picked":"animator:Shizu","floor":13},{"not_picked":["animator:Spearman","animator:Nanami","animator:HighElfArcher","animator:TukaLunaMarceau"],"picked":"animator:Sloth","floor":14},{"not_picked":["animator:Sora","animator:Wiz","animator:Eris","animator:Rimuru"],"picked":"animator:Saber","floor":16},{"not_picked":["animator:MisakiNakahara","animator:MamizouFutatsuiwa","animator:Kuroyukihime","animator:NononJakuzure"],"picked":"animator:TakanashiRikka","floor":18},{"not_picked":["animator:DolaCouronne","animator:Togame","animator:Genos","animator:Ciel"],"picked":"animator:RinTohsaka","floor":25},{"not_picked":["animator:Layla","animator:GazelDwargon","animator:MetalKnight","animator:RoyMustang"],"picked":"animator:Vesta+1","floor":30},{"not_picked":["animator:Magilou","animator:LimeBell","animator:MamizouFutatsuiwa","animator:QuestionMark"],"picked":"animator:Kuroyukihime","floor":31},{"not_picked":["animator:GoblinSlayer","animator:Shizu","animator:AcuraShin","animator:Rimuru"],"picked":"animator:HigakiRinne","floor":33},{"not_picked":["theForsaken:Penitence","blademaster:Zephyr","Fiend:FiendFortify","thethorton:CreditCard"],"picked":"WordoMod:IllWill","floor":34},{"not_picked":["animator:SwordMaiden","animator:Eris","animator:Kyubey","animator:Biyorigo"],"picked":"animator:HomuraAkemi","floor":34},{"not_picked":["animator:NononJakuzure","animator:Canti","animator:Kagari","animator:MisakiNakahara"],"picked":"animator:MisaKurobane","floor":34},{"not_picked":["infinitespire:SevenWalls","hubris:Rewind","infinitespire:Menacing","infinitespire:SealOfDarkness+"],"picked":"hubris:Fate","floor":34},{"not_picked":["animator:Azekura","animator:MaesHughes","animator:Alexander+1","animator:SuzuneAmano"],"picked":"animator:Tyuule+1","floor":35},{"not_picked":["animator:Verdia+1","animator:DolaRiku","animator:Layla","animator:Millim"],"picked":"animator:Ara+1","floor":37},{"not_picked":["animator:Kazuma","animator:Mitsurugi","animator:Megumin","animator:YunYun"],"picked":"animator:Aqua","floor":40},{"not_picked":["animator:Raven+1","animator:ZankiKiguchi+1","animator:RoyMustang","animator:Souei"],"picked":"animator:Spearman+1","floor":42},{"not_picked":["animator:Kuribayashi+1","animator:Guy+1","animator:Gluttony+1","animator:Jibril"],"picked":"animator:Kazuma+1","floor":43},{"not_picked":["animator:Vesta","animator:AcuraAkari","animator:Konayuki","animator:Ain+1"],"picked":"animator:Add","floor":45},{"not_picked":["animator:Verdia","animator:Witch","animator:CowGirl+1","animator:Ain"],"picked":"animator:ChlammyZell+1","floor":47},{"not_picked":["animator:Priestess","animator:GuildGirl+1","animator:LizardPriest","animator:Spearman"],"picked":"animator:CowGirl","floor":48},{"not_picked":["animator:Tatsumaki","animator:Rider+1","animator:Guy+1","animator:Entoma"],"picked":"animator:MumenRider","floor":54}],"player_experience":124636,"relics_obtained":[{"floor":1,"key":"SynthV:TestCard"},{"floor":9,"key":"Golden Egg"},{"floor":25,"key":"hubris:TenFootPole"},{"floor":26,"key":"rat:PhantomDancer"},{"floor":30,"key":"rat:KircheisShard"},{"floor":40,"key":"Frozen Egg 2"},{"floor":45,"key":"ArrowTower"},{"floor":46,"key":"animator:ShionDessert"},{"floor":54,"key":"animator:Buoy"}],"event_choices":[{"damage_healed":0,"gold_gain":0,"player_choice":"Rummage","damage_taken":0,"relics_obtained":["WarpedTongs"],"max_hp_gain":0,"max_hp_loss":0,"event_name":"Accursed Blacksmith","floor":4,"gold_loss":0,"cards_obtained":["Pain"]},{"damage_healed":58,"gold_gain":0,"player_choice":"Embrace","damage_taken":0,"max_hp_gain":0,"max_hp_loss":66,"event_name":"betterThird:BetterShining","floor":12,"gold_loss":0},{"damage_healed":0,"gold_gain":0,"player_choice":"2 cards matched","damage_taken":0,"max_hp_gain":0,"max_hp_loss":0,"event_name":"Match and Keep!","floor":21,"gold_loss":0,"cards_obtained":["Hallucinations","animator:Boros"]},{"damage_healed":0,"gold_gain":0,"player_choice":"Got Potions","damage_taken":0,"max_hp_gain":0,"max_hp_loss":0,"event_name":"Lab","floor":24,"gold_loss":0},{"damage_healed":0,"gold_gain":0,"player_choice":"Leave","damage_taken":0,"max_hp_gain":0,"max_hp_loss":0,"event_name":"conspire:Investor","floor":29,"gold_loss":0},{"damage_healed":0,"gold_gain":0,"player_choice":"Fight","damage_taken":0,"max_hp_gain":0,"max_hp_loss":0,"event_name":"Mysterious Sphere","floor":45,"gold_loss":0}],"is_beta":false,"boss_relics":[{"not_picked":["hubris:BlackHole","Runic Dome"],"picked":"CosmicIsotope"},{"not_picked":["Replay:Fungal Core","aspiration:ServantSkillbook"],"picked":"Replay:Grab Bag"},{"not_picked":["Philosopher\u0027s Stone","Replay:Cursed D8"],"picked":"Abe\u0027s Treasure"},{"not_picked":["StuffTheSpire:ModemDavis","energizedSpire:OgreHead"],"picked":"Replay:Bronze Core"},{"not_picked":["Silver_Glasses","RhineCircuit"],"picked":"ReplayTheSpireMod:SealedPack"}],"items_purged_floors":[22,53],"is_endless":false,"potions_floor_spawned":[1,5,16,18,30,33,37,40,44,48],"ascension_level":0}}