{"host":"id1lehtnb7dzklac","time":1611028331,"event":{"mods":["AchievementEnabler","BaseMod","Bestiary","Block Reminder","Colored Map","Highlight Path","Minty Spire (QoL Compilation)","Permanent Neow","Random Character Button","StSLib","slay the spire mod where everything is the same but ironclad has a cowboy hat"],"gold_per_floor":[115,135,151,168,118,153,153,170,194,222,233,244,244,112,112,112,112],"floor_reached":16,"language":"ENG","playtime":515,"items_purged":["Strike_P"],"score":120,"play_id":"bf45cd27-7792-4b24-9bbc-4a26fe714a3e","local_time":"20210119115211","is_ascension_mode":true,"campfire_choices":[{"data":"FlyingSleeves","floor":7.0,"key":"SMITH"},{"data":"EmptyFist","floor":15,"key":"SMITH"}],"circlet_count":0,"master_deck":["Strike_P","Strike_P","Strike_P","Defend_P","Defend_P","Defend_P","Eruption","Vigilance","FlyingSleeves+1","Protect","SashWhip","EmptyFist+1","WheelKick"],"relics":["SacredBark","Darkstone Periapt","Pen Nib","Smiling Mask"],"acts_visited":["Exordium"],"potions_floor_usage":[12],"damage_taken":[{"damage":0.0,"enemies":"Small Slimes","floor":1.0,"turns":3.0},{"damage":1.0,"enemies":"2 Louse","floor":2.0,"turns":4.0},{"damage":0.0,"enemies":"Cultist","floor":3.0,"turns":2.0},{"damage":0.0,"enemies":"Large Slime","floor":4.0,"turns":3.0},{"damage":28.0,"enemies":"Gremlin Nob","floor":6.0,"turns":3.0},{"damage":2.0,"enemies":"Looter","floor":8.0,"turns":2.0},{"damage":5.0,"enemies":"Lagavulin","floor":10.0,"turns":4.0},{"damage":22,"enemies":"Exordium Thugs","floor":11,"turns":6},{"damage":10,"enemies":"Lots of Slimes","floor":12,"turns":3},{"damage":3,"enemies":"The Guardian","floor":16,"turns":8}],"seed_played":"-8707219555334805751","potions_obtained":[{"floor":3.0,"key":"GamblersBrew"},{"floor":6.0,"key":"Ancient Potion"},{"floor":8.0,"key":"AttackPotion"},{"floor":10.0,"key":"Strength Potion"},{"floor":13,"key":"DistilledChaos"},{"floor":13,"key":"SkillPotion"}],"is_trial":false,"path_per_floor":["M","M","M","M","?","E","R","M","T","E","M","M","?","$","R","B"],"character_chosen":"WATCHER","items_purchased":["WheelKick"],"campfire_rested":0,"item_purchase_floors":[14],"current_hp_per_floor":[72,71,71,71,71,43,43,41,41,36,14,4,4,4,4,1,1],"gold":112,"neow_bonus":"BOSS_RELIC","is_daily":false,"chose_seed":false,"campfire_upgraded":2,"win_rate":0.0,"timestamp":1611028331,"path_taken":["M","M","M","M","?","E","R","M","T","E","M","M","?","$","R","BOSS"],"items_purchased_type":["Card"],"build_version":"2020-12-22","purchased_purges":1,"victory":false,"max_hp_per_floor":[72,72,72,72,72,72,72,72,72,72,72,72,72,72,72,72,72],"card_choices":[{"not_picked":["Crescendo","Consecrate"],"picked":"FlyingSleeves","floor":1.0},{"not_picked":["EmptyBody","Evaluate","ThirdEye"],"picked":"SKIP","floor":2.0},{"not_picked":["Evaluate","FlyingSleeves"],"picked":"Protect","floor":3.0},{"not_picked":["JustLucky","SandsOfTime"],"picked":"SashWhip","floor":4.0},{"not_picked":["Sanctity","Prostrate","FlyingSleeves"],"picked":"SKIP","floor":6.0},{"not_picked":["Halt","Crescendo","JustLucky"],"picked":"SKIP","floor":8.0},{"not_picked":["ThirdEye","CrushJoints"],"picked":"EmptyFist","floor":10.0},{"not_picked":["Blasphemy","JustLucky","Crescendo"],"picked":"SKIP","floor":11},{"not_picked":["Evaluate","Protect","Fasting2"],"picked":"SKIP","floor":12}],"player_experience":238488,"relics_obtained":[{"floor":6.0,"key":"Darkstone Periapt"},{"floor":9.0,"key":"Pen Nib"},{"floor":10.0,"key":"Smiling Mask"}],"event_choices":[{"cards_removed":["Defend_P"],"damage_healed":0.0,"max_hp_gain":0.0,"max_hp_loss":0.0,"gold_gain":0.0,"event_name":"The Cleric","player_choice":"Card Removal","floor":5.0,"gold_loss":50.0,"damage_taken":0.0},{"damage_healed":0,"gold_gain":0,"player_choice":"Got Potions","damage_taken":0,"max_hp_gain":0,"max_hp_loss":0,"event_name":"Lab","floor":13,"gold_loss":0}],"is_beta":false,"boss_relics":[],"items_purged_floors":[14],"is_endless":false,"potions_floor_spawned":[3,6,8,10],"killed_by":"The Guardian","ascension_level":1}}