{"host":"k653q14gphaoox56","time":1611023944,"event":{"mods":["BaseMod","Colored Map","Conspire","DeckTracker","Hubris","Infinite Spire","Minty Spire (QoL Compilation)","Replay The Spire","StSLib"],"gold_per_floor":[112,125,234,11,24,24,24,24,95,95,110,124,124,139,139,237,237,204,204,204,221,201,229,244,244,290,290,305,324,324,344,344,344,344],"floor_reached":33,"language":"ENG","playtime":1551,"items_purged":[],"score":334,"play_id":"e2473e41-6780-414f-9d49-725b4b94a34a","local_time":"20210118213904","is_ascension_mode":false,"campfire_choices":[{"data":"Flex","floor":6,"key":"SMITH"},{"data":"Sword Boomerang","floor":10,"key":"SMITH"},{"data":"Thunderclap","floor":13,"key":"SMITH"},{"data":"Thunderclap","floor":15,"key":"SMITH"},{"floor":25,"key":"REST"},{"data":"infinitespire:UltimateForm","floor":27,"key":"SMITH"},{"floor":32,"key":"REST"}],"circlet_count":0,"master_deck":["Strike_R","Strike_R","Strike_R","Strike_R","Defend_R+1","Defend_R","Defend_R","Defend_R","Bash","Iron Wave","Sword Boomerang+1","ReplayTheSpireMod:Strike From Hell","Flame Barrier+1","Reckless Charge","Flex+1","Ghostly Armor+1","Shrug It Off","Thunderclap+1","Thunderclap+1","Double Tap","Doubt","Bash","Demon Form","Enlightenment+1","infinitespire:UltimateForm+1","hubris:ReadiedAction+1","ReplayTheSpireMod:Limb From Limb","Carnage","Heavy Blade","Pommel Strike","Limit Break","hubris:InfiniteBlow+2","infinitespire:Punishment","Wild Strike"],"relics":["Burning Blood","hubris:ChampionShield","Gremlin Food","Pear","ReplayTheSpireMod:SealedPack","hubris:DeckOfHolding","Omamori","MealTicket","hubris:IronBody"],"acts_visited":["Exordium","TheCity"],"potions_floor_usage":[16,16,23,23,23,29,33],"damage_taken":[{"damage":6,"enemies":"Cultist","floor":1,"turns":3},{"damage":8,"enemies":"2 Louse","floor":2,"turns":3},{"damage":1,"enemies":"Jaw Worm","floor":5,"turns":3},{"damage":0,"enemies":"Looter","floor":11,"turns":2},{"damage":0,"enemies":"Exordium Thugs","floor":12,"turns":4},{"damage":0,"enemies":"2 Fungi Beasts","floor":14,"turns":3},{"damage":0,"enemies":"Slime Boss","floor":16,"turns":5},{"damage":20,"enemies":"2 Thieves","floor":18,"turns":5},{"damage":0,"enemies":"Chosen","floor":21,"turns":4},{"damage":29,"enemies":"conspire:SneckoGhost","floor":23,"turns":8},{"damage":19,"enemies":"Snecko","floor":24,"turns":5},{"damage":23,"enemies":"conspire:HollyBat","floor":28,"turns":7},{"damage":31,"enemies":"Centurion and Healer","floor":29,"turns":6},{"damage":24,"enemies":"Snake Plant","floor":31,"turns":3},{"damage":55,"enemies":"Collector","floor":33,"turns":3}],"seed_played":"-9155336618965456110","potions_obtained":[{"floor":1,"key":"DuplicationPotion"},{"floor":2,"key":"Block Potion"},{"floor":14,"key":"SneckoOil"},{"floor":18,"key":"SkillPotion"},{"floor":21,"key":"SkillPotion"},{"floor":22,"key":"Fire Potion"},{"floor":24,"key":"GamblersBrew"},{"floor":31,"key":"ColorlessPotion"}],"is_trial":false,"path_per_floor":["M","M","?","$","M","R","?","?","T","R","M","M","R","M","R","B",null,"M","?","?","M","?","E","M","R","T","R","M","M","AVR","M","R","B"],"character_chosen":"IRONCLAD","items_purchased":["Gremlin Food","Reckless Charge"],"campfire_rested":2,"item_purchase_floors":[4,4],"current_hp_per_floor":[88,86,86,86,88,88,88,88,98,98,98,98,98,98,98,98,98,84,84,84,90,90,67,54,83,83,83,66,41,41,23,52,0,0],"gold":344,"neow_bonus":"TEN_PERCENT_HP_BONUS","is_daily":false,"chose_seed":false,"campfire_upgraded":5,"win_rate":0.0,"timestamp":1611023944,"path_taken":["M","M","?","$","?","R","?","?","T","R","?","M","R","M","R","BOSS","M","?","?","M","?","E","M","R","T","R","M","M","AVR","?","R","BOSS"],"items_purchased_type":["Relic","Card"],"build_version":"2020-12-22","purchased_purges":0,"victory":false,"max_hp_per_floor":[88,88,88,88,88,88,88,88,98,98,98,98,98,98,98,98,98,98,98,98,98,98,98,98,98,98,98,98,98,98,98,98,98,98],"card_choices":[{"not_picked":["Massacre","Havoc"],"picked":"Iron Wave","floor":1},{"not_picked":["conspire:Charge","Shrug It Off"],"picked":"Sword Boomerang","floor":2},{"not_picked":["Dropkick","Sentinel"],"picked":"ReplayTheSpireMod:Strike From Hell","floor":3},{"not_picked":["Twin Strike","Battle Trance"],"picked":"Flame Barrier","floor":3},{"not_picked":["Dual Wield","Seeing Red"],"picked":"Flex","floor":5},{"not_picked":["Massacre","Demonic Infusion"],"picked":"Shrug It Off","floor":11},{"not_picked":["Body Slam","Disarm"],"picked":"Thunderclap","floor":12},{"not_picked":["Pommel Strike","ReplayTheSpireMod:Corrosion Curse"],"picked":"Thunderclap","floor":14},{"not_picked":["conspire:HitWhereItHurts","Fiend Fire"],"picked":"Double Tap","floor":16},{"not_picked":["Zap","Survivor"],"picked":"Bash","floor":17},{"not_picked":["conspire:HitWhereItHurts","Offering"],"picked":"Demon Form","floor":17},{"not_picked":["Finesse","Replay:BasicMightCard"],"picked":"Enlightenment","floor":17},{"not_picked":["infinitespire:Punishment","infinitespire:TheBestDefense"],"picked":"infinitespire:UltimateForm","floor":17},{"not_picked":["Havoc","Flex"],"picked":"hubris:ReadiedAction+1","floor":18},{"not_picked":["Thunderclap+1","Shockwave"],"picked":"ReplayTheSpireMod:Limb From Limb","floor":21},{"not_picked":["Offering","Life Link+1"],"picked":"Carnage","floor":23},{"not_picked":["Iron Wave","conspire:ExplosiveBarrier+1"],"picked":"Heavy Blade","floor":24},{"not_picked":["hubris:CleavingFinish","conspire:ExplosiveBarrier"],"picked":"Pommel Strike","floor":28},{"not_picked":["Pummel","True Grit"],"picked":"Limit Break","floor":29},{"not_picked":["Power Through","Body Slam"],"picked":"Wild Strike","floor":31}],"player_experience":130028,"relics_obtained":[{"floor":3,"key":"hubris:ChampionShield"},{"floor":9,"key":"Pear"},{"floor":23,"key":"Omamori"},{"floor":26,"key":"MealTicket"}],"event_choices":[{"damage_healed":0,"gold_gain":0,"player_choice":"Bought 1 Potion","damage_taken":0,"max_hp_gain":0,"max_hp_loss":0,"event_name":"The Woman in Blue","floor":22,"gold_loss":0}],"is_beta":false,"boss_relics":[{"not_picked":["hubris:HollowSoul","Ring of Chaos"],"picked":"ReplayTheSpireMod:SealedPack"}],"items_purged_floors":[],"is_endless":false,"potions_floor_spawned":[1,2,14,18,21,24,31],"killed_by":"Collector","ascension_level":0}}