{"host":"y9jgkjnf95sujozk","time":1611067963,"event":{"mods":["2.2 Compatiblity","AchievementEnabler","Act Like it!","BaseMod","BetterRewards","Block Reminder","Colored Map","Colored Powertips","Decade(王小明)","Downfall","Friendly Minions","Gensokyo","GifTheSpireLib","Hallownest","Hermit","Highlight Path","HololiveMod","Hubris","Infinite Spire","Jorbs\u0027s Wanderer Trilogy","Koishi","Marisa（霧雨　魔理沙）","Minty Spire (QoL Compilation)","Quick Restart","Random Character Button","Rare Cards Sparkle","Reimu（博??梦）","Remilia（蕾米莉?）","Shop Mod","StSLib","SuperFastMode","The Animator","The Bug Knight","The Cursed","The Disciple","The Hierophant","The Jungle","The Senshi","The Servant 0.9.4","[IsaacMod]以撒尖塔"],"gold_per_floor":[116,130,130,148,168,168,200,216,216,216,216,184,184,184,184,283,283,297,257,357,66,66,66,84,84,164,174,193,193,211,211,211,308,308,327,327,147,147,147,147],"floor_reached":38,"language":"ENG","playtime":1067,"items_purged":["Parasite","Pain"],"score":549,"play_id":"85b33a3c-119e-4e4f-81dd-c1f4f68bc861","local_time":"20210119155243","is_ascension_mode":false,"campfire_choices":[{"floor":6,"key":"REST"},{"floor":10,"key":"REST"},{"data":"champ:BladeFlurry","floor":13,"key":"SMITH"},{"data":"champ:PerfectedStrike","floor":15,"key":"SMITH"},{"floor":23,"key":"REST"},{"data":"champ:PreciseThrust","floor":25,"key":"SMITH"},{"floor":32,"key":"REST"}],"circlet_count":1,"master_deck":["champ:Defend","champ:Defend","champ:Defend","champ:Defend","champ:Execute","champ:Taunt","champ:FanOfKnives+1","champ:PerfectedStrike","champ:PerfectedStrike","champ:DefensiveShout","champ:BladeFlurry","champ:Lariat","champ:PerfectedStrike+1","champ:BladeFlurry+1","Hallownest:curseDreamersLament","champ:GladiatorForm","champ:DeathBlow","downfall:Bewildered","CurseOfTheBell","Normality","champ:IgnorePain","champ:FlashCut","Transmutation","champ:PreciseThrust+1","champ:BerserkersShout","champ:TornadoPunch","champ:CrownThrow+1","Bite","Bite","Bite","Bite","Bite","champ:IgnorePain","champ:FlashCut"],"relics":["champ:ChampionCrown","HushsDoor","Happy Flower","Chaos","theSenshi:SailorFukuRelic","infinitespire:Beetle Shell","hubris:Icosahedron","Hallownest:TeacherSealRelic","Darkstone Periapt","ZunR:ReiMu","Calling Bell","champ:DefensiveTrainingManual","GuppysTail","PureWhite:ReiMu","Lizard Tail","Circlet","hubris:CrystalStatue","hubris:Backtick","Burning Blood","Hallownest:StagBellRelic1"],"acts_visited":["Exordium","TheCity","TheCity"],"potions_floor_usage":[7,16,33,33,33],"damage_taken":[{"damage":7,"enemies":"Hallownest:monsterHuskGuard","floor":1,"turns":2},{"damage":16,"enemies":"Hallownest:2_Tiktiks_and_1_Crawlid","floor":2,"turns":4},{"damage":0,"enemies":"Hallownest:2_MossCreeps","floor":4,"turns":4},{"damage":15,"enemies":"Hallownest:monsterAspidMother","floor":5,"turns":3},{"damage":23,"enemies":"Hallownest:eliteVengeflyKing","floor":7,"turns":4},{"damage":45,"enemies":"Hallownest:Guard_and_Warrior","floor":8,"turns":6},{"damage":0,"enemies":"Hallownest:MossCreep_and_Mosskin","floor":12,"turns":4},{"damage":49,"enemies":"Hallownest:BossFalseKnight","floor":16,"turns":8},{"damage":17,"enemies":"Spheric Guardian","floor":18,"turns":2},{"damage":2,"enemies":"2 Thieves","floor":24,"turns":4},{"damage":37,"enemies":"Snecko","floor":27,"turns":6},{"damage":21,"enemies":"Snake Plant","floor":28,"turns":4},{"damage":18,"enemies":"Centurion and Healer","floor":30,"turns":6},{"damage":121,"enemies":"Champ","floor":33,"turns":18},{"damage":120,"enemies":"Hallownest:3_Siblings","floor":35,"turns":12},{"damage":71,"enemies":"Hiden Room Battle","floor":38,"turns":6}],"seed_played":"-6488609543175137377","potions_obtained":[{"floor":4,"key":"Fire Potion"},{"floor":12,"key":"AttackPotion"},{"floor":16,"key":"EssenceOfSteel"},{"floor":27,"key":"Dexterity Potion"},{"floor":28,"key":"Dexterity Potion"}],"is_trial":false,"path_per_floor":["M","M","?","M","M","R","E","M","T","R","?","M","R","?","R","B",null,"M","?","?","$","?","R","M","R","T","M","M","AVR","M","?","R","B",null,"M","?","?","?"],"character_chosen":"THE_CHAMP","items_purchased":["champ:FanOfKnives","champ:FlashCut","Transmutation"],"campfire_rested":4,"item_purchase_floors":[0,21,21],"current_hp_per_floor":[83,72,72,72,72,90,82,67,67,90,90,90,90,90,90,56,90,78,78,113,113,113,122,122,122,122,95,74,79,71,71,88,8,88,78,81,81,0,0,0],"gold":147,"neow_bonus":"","is_daily":false,"chose_seed":false,"campfire_upgraded":3,"win_rate":0.0,"timestamp":1611067963,"path_taken":["M","M","?","?","M","R","E","M","T","R","?","M","R","?","R","BOSS","M","?","?","$","?","R","M","R","T","?","M","AVR","M","?","R","BOSS","M","?","?","?"],"items_purchased_type":["Card","Card","Card"],"build_version":"2020-12-22","purchased_purges":2,"victory":false,"max_hp_per_floor":[90,90,90,90,90,90,90,90,90,90,90,90,90,90,90,90,90,90,90,125,122,122,122,122,122,122,122,122,127,127,88,88,88,88,88,91,91,91,91,91],"card_choices":[{"not_picked":[],"picked":"Bomb","floor":0},{"not_picked":["champ:RisingSlash","champ:BerserkersShout"],"picked":"champ:PerfectedStrike","floor":1},{"not_picked":["champ:Circumvent","champ:Parry"],"picked":"champ:PerfectedStrike","floor":2},{"not_picked":["champ:FanOfKnives","champ:DefensiveStyle"],"picked":"champ:DefensiveShout","floor":4},{"not_picked":["champ:ShieldSigil","champ:CrownThrow"],"picked":"champ:BladeFlurry","floor":5},{"not_picked":["champ:DancingMaster","champ:Haymaker"],"picked":"champ:Lariat","floor":7},{"not_picked":["champ:EnGarde","champ:CalledShot"],"picked":"champ:PerfectedStrike","floor":8},{"not_picked":["champ:HeartStrike","champ:CrownThrow"],"picked":"champ:BladeFlurry","floor":12},{"not_picked":["champ:IgnorePain","champ:StrikeOfGenius"],"picked":"champ:GladiatorForm","floor":16},{"not_picked":["champ:FocusedBerserking","champ:Shatter"],"picked":"champ:DeathBlow","floor":18},{"not_picked":["champ:BringItOn","champ:DeathBlow"],"picked":"champ:PreciseThrust","floor":24},{"not_picked":["champ:DeathBlow","champ:ViciousMockery+1"],"picked":"champ:BerserkersShout","floor":27},{"not_picked":["champ:AdrenalArmor","champ:BerserkerStyle"],"picked":"champ:TornadoPunch","floor":28},{"not_picked":["champ:Haymaker","champ:ShieldSigil+1"],"picked":"champ:CrownThrow+1","floor":30},{"not_picked":["champ:HeavySlash","champ:Improvising"],"picked":"champ:IgnorePain","floor":33},{"not_picked":["champ:Circumvent+1","champ:GutPunch+1"],"picked":"champ:FlashCut","floor":35}],"player_experience":155185,"relics_obtained":[{"floor":7,"key":"theSenshi:SailorFukuRelic"},{"floor":9,"key":"infinitespire:Beetle Shell"},{"floor":20,"key":"champ:DefensiveTrainingManual"},{"floor":20,"key":"GuppysTail"},{"floor":20,"key":"PureWhite:ReiMu"},{"floor":26,"key":"Lizard Tail"}],"event_choices":[{"damage_healed":0,"gold_gain":0,"player_choice":"Keep O-miki","damage_taken":0,"relics_obtained":["ZunR:ReiMu"],"max_hp_gain":0,"max_hp_loss":0,"event_name":"ZunEvent","floor":19,"gold_loss":40},{"damage_healed":0,"gold_gain":0,"player_choice":"Ignored","damage_taken":0,"max_hp_gain":0,"max_hp_loss":0,"event_name":"Transmorgrifier","floor":22,"gold_loss":0},{"damage_healed":0,"gold_gain":0,"player_choice":"Became a vampire","damage_taken":0,"max_hp_gain":0,"max_hp_loss":39,"event_name":"Vampires","floor":31,"gold_loss":0,"cards_obtained":["Bite","Bite","Bite","Bite","Bite"]},{"damage_healed":0,"gold_gain":0,"player_choice":"Fight","damage_taken":0,"max_hp_gain":0,"max_hp_loss":0,"event_name":"HidenRoomEvent","floor":38,"gold_loss":0}],"is_beta":false,"boss_relics":[{"not_picked":["RuthlessExorcism:ReiMu","Ornamental Fan"],"picked":"Darkstone Periapt"},{"not_picked":[]},{"not_picked":["TuHaoJin","Centennial Puzzle"],"picked":"hubris:Backtick"},{"not_picked":[]}],"items_purged_floors":[21,29],"is_endless":false,"potions_floor_spawned":[4,12,16,27,28],"killed_by":"Hiden Room Battle","ascension_level":0}}