{"host":"0mk07bycsqo1qk03","time":1611041876,"event":{"mods":["BaseMod","Downfall","Hermit","Hubris","Minty Spire (QoL Compilation)","StSLib","The Cursed"],"gold_per_floor":[109,124,136,149,224,224,251,251,251,251,267,267,267,286,286,407,407,420,420,420,420,340,340],"floor_reached":22,"language":"ENG","playtime":675,"items_purged":[],"score":294,"play_id":"2058ef13-19ea-4a16-bcb4-b85259c1455d","local_time":"20210119083756","is_ascension_mode":true,"campfire_choices":[{"data":"Noxious Fumes","floor":6,"key":"SMITH"},{"floor":10,"key":"REST"},{"floor":13,"key":"REST"},{"data":"Bane","floor":15,"key":"SMITH"}],"circlet_count":0,"master_deck":["AscendersBane","Strike_G","Strike_G","Strike_G","Strike_G","Defend_G","Defend_G","Defend_G","Defend_G","Defend_G","Survivor","Neutralize","Leg Sweep","Noxious Fumes+1","Dagger Throw","Underhanded Strike","Bane+1","Burst","Deflect","Dash","Malaise"],"relics":["Ring of the Snake","Sundial","Golden Idol","Bottled Flame","Pocketwatch","hubris:TerracottaHorce","Nilry\u0027s Codex"],"acts_visited":["Exordium","TheCity"],"potions_floor_usage":[16,22],"damage_taken":[{"damage":0,"enemies":"Small Slimes","floor":1,"turns":6},{"damage":2,"enemies":"2 Louse","floor":2,"turns":5},{"damage":0,"enemies":"Jaw Worm","floor":3,"turns":5},{"damage":4,"enemies":"Blue Slaver","floor":4,"turns":4},{"damage":24,"enemies":"3 Sentries","floor":7,"turns":7},{"damage":0,"enemies":"2 Fungi Beasts","floor":11,"turns":3},{"damage":3,"enemies":"Large Slime","floor":14,"turns":4},{"damage":11,"enemies":"Hexaghost","floor":16,"turns":11},{"damage":1,"enemies":"Shell Parasite","floor":18,"turns":6},{"damage":7,"enemies":"2 Thieves","floor":22,"turns":3}],"seed_played":"-5255788610607421526","potions_obtained":[{"floor":3,"key":"Fire Potion"},{"floor":11,"key":"Ancient Potion"},{"floor":14,"key":"Regen Potion"},{"floor":16,"key":"AttackPotion"}],"is_trial":false,"path_per_floor":["M","M","M","M","?","R","E","?","T","R","M","?","R","M","R","B",null,"M","?","?","?","M"],"character_chosen":"THE_SILENT","items_purchased":[],"campfire_rested":2,"item_purchase_floors":[],"current_hp_per_floor":[63,61,61,57,46,46,22,5,5,26,26,14,35,32,32,36,62,61,61,40,10,3,3],"gold":340,"neow_bonus":"TRANSFORM_CARD","is_daily":false,"chose_seed":false,"campfire_upgraded":2,"win_rate":0.0,"timestamp":1611041876,"path_taken":["M","M","M","M","?","R","E","?","T","R","?","?","R","M","R","BOSS","M","?","?","?","M"],"items_purchased_type":[],"build_version":"2020-12-22","purchased_purges":0,"victory":false,"max_hp_per_floor":[70,70,70,70,70,70,70,70,70,70,70,70,70,70,70,70,70,70,70,70,70,70,70],"card_choices":[{"not_picked":["Deflect","Underhanded Strike"],"picked":"Noxious Fumes","floor":1},{"not_picked":["Outmaneuver","All Out Attack"],"picked":"Dagger Throw","floor":2},{"not_picked":["Prepared","Cloak And Dagger"],"picked":"Underhanded Strike","floor":3},{"not_picked":["Dash","Flying Knee"],"picked":"Bane","floor":4},{"not_picked":["Dagger Throw","hubris:SlightOfHand"],"picked":"Burst","floor":7},{"not_picked":["Endless Agony","Riddle With Holes"],"picked":"Deflect","floor":11},{"not_picked":["Slice","Cloak And Dagger"],"picked":"Dash","floor":14},{"not_picked":["Tools of the Trade","Bullet Time"],"picked":"Malaise","floor":16},{"not_picked":["Flechettes","Blade Dance","Deflect+1"],"picked":"SKIP","floor":18}],"player_experience":915809,"relics_obtained":[{"floor":7,"key":"Sundial"},{"floor":9,"key":"Bottled Flame"},{"floor":20,"key":"Nilry\u0027s Codex"}],"event_choices":[{"damage_healed":0,"gold_gain":75,"player_choice":"Gather Gold","damage_taken":11,"max_hp_gain":0,"max_hp_loss":0,"event_name":"World of Goop","floor":5,"gold_loss":0},{"damage_healed":0,"gold_gain":0,"player_choice":"Take Damage","damage_taken":17,"relics_obtained":["Golden Idol"],"max_hp_gain":0,"max_hp_loss":0,"event_name":"Golden Idol","floor":8,"gold_loss":0},{"damage_healed":0,"gold_gain":0,"player_choice":"Success","damage_taken":12,"relics_obtained":["Pocketwatch"],"max_hp_gain":0,"max_hp_loss":0,"event_name":"Scrap Ooze","floor":12,"gold_loss":0},{"damage_healed":0,"gold_gain":0,"player_choice":"Ignored","damage_taken":0,"max_hp_gain":0,"max_hp_loss":0,"event_name":"The Mausoleum","floor":19,"gold_loss":0},{"damage_healed":0,"gold_gain":0,"player_choice":"Obtained Book","damage_taken":21,"max_hp_gain":0,"max_hp_loss":0,"event_name":"Cursed Tome","floor":20,"gold_loss":0}],"is_beta":false,"boss_relics":[{"not_picked":["Coffee Dripper","Sozu"],"picked":"hubris:TerracottaHorce"}],"items_purged_floors":[],"is_endless":false,"potions_floor_spawned":[3,11,14,16,18],"killed_by":"2 Thieves","ascension_level":12}}