{"host":"9b7hrp48q3pna783","time":1611061323,"event":{"mods":["BaseMod","Colored Map","Colored Powertips","Highlight Path","Minty Spire (QoL Compilation)","Relic Stats"],"gold_per_floor":[110,125,200,220,245,245,276,276,276,150,150,150,168,182,182,285,285,304,321,183,183,195,195,223,223,223,234,126,225,248,261,261,261,261],"floor_reached":33,"language":"ENG","playtime":1158,"items_purged":["Strike_B","Strike_B","Strike_B"],"score":292,"play_id":"084f77bc-3d2f-4b93-8ab1-155dee2f6c27","local_time":"20210119080203","is_ascension_mode":true,"campfire_choices":[{"data":"Zap","floor":6,"key":"SMITH"},{"data":"Redo","floor":8,"key":"SMITH"},{"data":"Dualcast","floor":12,"key":"SMITH"},{"data":"Doom and Gloom","floor":15,"key":"SMITH"},{"data":"Barrage","floor":23,"key":"SMITH"},{"data":"Chaos","floor":25,"key":"SMITH"},{"floor":32,"key":"RECALL"}],"circlet_count":0,"master_deck":["Strike_B","Defend_B","Defend_B","Defend_B","Defend_B","Zap+1","Dualcast+1","Redo+1","Doom and Gloom+1","Conserve Battery","Capacitor","Electrodynamics","Barrage+1","Capacitor","Chaos+1","Compile Driver+1","Skim","FTL+1"],"relics":["Cracked Core","NeowsBlessing","Smiling Mask","Lantern","White Beast Statue","HornCleat","Sozu","Mercury Hourglass","The Courier","Ancient Tea Set"],"acts_visited":["Exordium","TheCity"],"potions_floor_usage":[7,16,16,22,22],"damage_taken":[{"damage":0,"enemies":"2 Louse","floor":1,"turns":1},{"damage":0,"enemies":"Jaw Worm","floor":2,"turns":1},{"damage":0,"enemies":"Small Slimes","floor":4,"turns":1},{"damage":25,"enemies":"3 Sentries","floor":7,"turns":11},{"damage":0,"enemies":"Looter","floor":13,"turns":3},{"damage":0,"enemies":"3 Louse","floor":14,"turns":2},{"damage":21,"enemies":"The Guardian","floor":16,"turns":6},{"damage":6,"enemies":"3 Byrds","floor":18,"turns":2},{"damage":20,"enemies":"2 Thieves","floor":19,"turns":3},{"damage":29,"enemies":"Centurion and Healer","floor":22,"turns":4},{"damage":14,"enemies":"Gremlin Leader","floor":24,"turns":5},{"damage":0,"enemies":"3 Cultists","floor":27,"turns":3},{"damage":9,"enemies":"Sentry and Sphere","floor":31,"turns":5},{"damage":16,"enemies":"Champ","floor":33,"turns":5}],"seed_played":"5407960836721408686","potions_obtained":[{"floor":2,"key":"BlessingOfTheForge"},{"floor":7,"key":"Regen Potion"},{"floor":13,"key":"FocusPotion"},{"floor":14,"key":"EssenceOfDarkness"},{"floor":16,"key":"Weak Potion"}],"is_trial":false,"path_per_floor":["M","M","?","M","T","R","E","R","T","$","?","R","M","M","R","B",null,"M","M","$","?","M","R","E","R","T","M","$","?","T","M","R","B"],"character_chosen":"DEFECT","items_purchased":["Doom and Gloom","Barrage","Capacitor","Skim"],"campfire_rested":0,"item_purchase_floors":[10,20,20,28],"current_hp_per_floor":[75,75,64,64,64,64,39,39,39,39,27,27,27,27,27,6,75,69,49,49,49,32,32,18,18,18,18,18,18,18,9,9,0,0],"gold":261,"neow_bonus":"THREE_ENEMY_KILL","is_daily":false,"chose_seed":false,"campfire_upgraded":6,"win_rate":0.0,"timestamp":1611061323,"path_taken":["M","M","?","M","?","R","E","R","T","$","?","R","M","M","R","BOSS","M","M","$","?","M","R","E","R","T","M","$","?","?","M","R","BOSS"],"items_purchased_type":["Card","Card","Card","Card"],"build_version":"2020-12-22","purchased_purges":3,"victory":false,"max_hp_per_floor":[75,75,75,75,75,75,75,75,75,75,75,75,75,75,75,75,75,75,75,75,75,75,75,75,75,75,75,75,75,75,75,75,75,75],"relic_stats":{"Sozu":6,"counters":[14,52],"Smiling Mask":125,"obtain_stats":[{"Sozu":17,"Lantern":7,"HornCleat":11,"NeowsBlessing":0,"The Courier":24,"Cracked Core":0,"Smiling Mask":5,"Ancient Tea Set":30,"White Beast Statue":9,"Mercury Hourglass":21},{"Sozu":7,"Lantern":4,"HornCleat":4,"NeowsBlessing":0,"The Courier":11,"Cracked Core":0,"Smiling Mask":3,"Ancient Tea Set":12,"White Beast Statue":4,"Mercury Hourglass":9},{"Sozu":25,"Lantern":14,"HornCleat":14,"NeowsBlessing":0,"The Courier":39,"Cracked Core":0,"Smiling Mask":3,"Ancient Tea Set":42,"White Beast Statue":14,"Mercury Hourglass":30}],"Mercury Hourglass":[84]},"card_choices":[{"not_picked":["Ball Lightning","Turbo"],"picked":"Redo","floor":1},{"not_picked":["Reprogram","Beam Cell","Redo"],"picked":"SKIP","floor":2},{"not_picked":["Hello World","Steam","Chill"],"picked":"SKIP","floor":4},{"not_picked":["Beam Cell","All For One","Rebound"],"picked":"SKIP","floor":7},{"not_picked":["Turbo","Force Field"],"picked":"Conserve Battery","floor":13},{"not_picked":["Genetic Algorithm","Sweeping Beam"],"picked":"Capacitor","floor":14},{"not_picked":["Hyperbeam","Machine Learning"],"picked":"Electrodynamics","floor":16},{"not_picked":["Steam","Leap","Redo"],"picked":"SKIP","floor":18},{"not_picked":["Leap","Conserve Battery","Storm"],"picked":"SKIP","floor":19},{"not_picked":["Steam","Heatsinks","Turbo"],"picked":"SKIP","floor":22},{"not_picked":["Steam","Heatsinks","Turbo"],"picked":"SKIP","floor":22},{"not_picked":["Hello World","Beam Cell"],"picked":"Chaos","floor":24},{"not_picked":["Hologram+1","Beam Cell"],"picked":"Compile Driver+1","floor":27},{"not_picked":["Amplify","Rip and Tear+1"],"picked":"FTL+1","floor":31}],"player_experience":95909,"relics_obtained":[{"floor":5,"key":"Smiling Mask"},{"floor":7,"key":"Lantern"},{"floor":9,"key":"White Beast Statue"},{"floor":24,"key":"The Courier"},{"floor":30,"key":"Ancient Tea Set"}],"event_choices":[{"damage_healed":0,"gold_gain":75,"player_choice":"Gather Gold","damage_taken":11,"max_hp_gain":0,"max_hp_loss":0,"event_name":"World of Goop","floor":3,"gold_loss":0},{"damage_healed":0,"gold_gain":0,"player_choice":"Success","damage_taken":12,"relics_obtained":["HornCleat"],"max_hp_gain":0,"max_hp_loss":0,"event_name":"Scrap Ooze","floor":11,"gold_loss":0},{"damage_healed":0,"gold_gain":0,"player_choice":"Opened","damage_taken":0,"relics_obtained":["Mercury Hourglass"],"max_hp_gain":0,"max_hp_loss":0,"event_name":"The Mausoleum","floor":21,"gold_loss":0},{"damage_healed":0,"gold_gain":99,"player_choice":"Stole From Cult","damage_taken":0,"max_hp_gain":0,"max_hp_loss":0,"event_name":"Nest","floor":29,"gold_loss":0}],"is_beta":false,"boss_relics":[{"not_picked":["Fusion Hammer","Black Star"],"picked":"Sozu"}],"items_purged_floors":[10,20,28],"is_endless":false,"potions_floor_spawned":[2,7,13,14,16,18,19,22,24,27,31],"killed_by":"Champ","ascension_level":2}}