{"host":"r6jigiblrojhp6xe","time":1611093301,"event":{"mods":["AchievementEnabler","BaseMod","DeckTracker","Hermit","Minty Spire (QoL Compilation)","Quick Restart","Rare Cards Sparkle","Relic Stats","StSLib","SuperFastMode","The Cursed","The Hierophant","everything is the same but u backflip on backflip"],"gold_per_floor":[118,118,193,207,207,207,132,132,132,146,178,178,178,195,195,295,295,306,322,336,347,167,167,167,167,167,167,193,213,213,226,226,226,226],"floor_reached":33,"language":"KOR","playtime":1900,"items_purged":["hermit:Strike_Hermit","hermit:Defend_Hermit"],"score":340,"play_id":"893d6e9e-0d06-4319-b053-61cd8dd727a8","local_time":"20210120065501","is_ascension_mode":false,"campfire_choices":[{"data":"hermit:Roulette","floor":6,"key":"SMITH"},{"data":"hermit:Snapshot","floor":8,"key":"SMITH"},{"data":"hermit:NoHoldsBarred","floor":13,"key":"SMITH"},{"data":"hermit:Maintenance","floor":15,"key":"SMITH"},{"data":"hermit:Snipe","floor":23,"key":"SMITH"},{"data":"hermit:BlackWind","floor":25,"key":"SMITH"},{"floor":27,"key":"DIG"},{"floor":32,"key":"DIG"}],"circlet_count":0,"master_deck":["hermit:Strike_Hermit","hermit:Strike_Hermit","hermit:Strike_Hermit","hermit:Defend_Hermit","hermit:Defend_Hermit","hermit:Defend_Hermit","hermit:Snapshot+1","hermit:Covet","hermit:Roulette+1","hermit:NoHoldsBarred+1","hermit:Maintenance+1","hermit:BlackWind+1","hermit:WideOpen+1","hermit:Snipe+1","hermit:Enervate","Writhe","hermit:Enervate","hermit:Maintenance+1","hermit:EyeOfTheStorm"],"relics":["hermit:Momento","NeowsBlessing","hermit:RedScarf","Darkstone Periapt","Incense Burner","Vajra","Sundial","SacredBark","Oddly Smooth Stone","Shovel","HornCleat","Pen Nib","Thread and Needle"],"acts_visited":["Exordium","TheCity"],"potions_floor_usage":[14,29,33],"damage_taken":[{"damage":0,"enemies":"2 Louse","floor":1,"turns":1},{"damage":0,"enemies":"Jaw Worm","floor":4,"turns":1},{"damage":0,"enemies":"Cultist","floor":10,"turns":1},{"damage":40,"enemies":"3 Sentries","floor":11,"turns":6},{"damage":8,"enemies":"Exordium Thugs","floor":14,"turns":2},{"damage":0,"enemies":"The Guardian","floor":16,"turns":10},{"damage":3,"enemies":"Shell Parasite","floor":18,"turns":6},{"damage":22,"enemies":"3 Byrds","floor":19,"turns":5},{"damage":27,"enemies":"Shelled Parasite and Fungi","floor":20,"turns":3},{"damage":0,"enemies":"Snecko","floor":21,"turns":2},{"damage":4,"enemies":"Book of Stabbing","floor":28,"turns":3},{"damage":0,"enemies":"Snake Plant","floor":29,"turns":2},{"damage":2,"enemies":"Centurion and Healer","floor":31,"turns":4},{"damage":52,"enemies":"Automaton","floor":33,"turns":6}],"seed_played":"4844102836421287732","potions_obtained":[{"floor":1,"key":"Ancient Potion"},{"floor":11,"key":"Fire Potion"},{"floor":14,"key":"Block Potion"},{"floor":18,"key":"AttackPotion"}],"is_trial":false,"path_per_floor":["M","?","?","M","T","R","$","R","T","M","E","T","R","M","R","B",null,"M","M","M","M","$","R","?","R","T","R","E","M","?","M","R","B"],"character_chosen":"HERMIT","items_purchased":["hermit:Enervate"],"campfire_rested":0,"item_purchase_floors":[22],"current_hp_per_floor":[75,68,57,57,57,57,57,57,57,57,17,17,17,9,9,9,75,72,50,23,23,23,23,29,29,29,29,25,25,25,23,23,0,0],"gold":226,"neow_bonus":"THREE_ENEMY_KILL","is_daily":false,"chose_seed":false,"campfire_upgraded":6,"win_rate":0.0,"timestamp":1611093301,"path_taken":["M","?","?","M","?","R","$","R","T","?","E","?","R","M","R","BOSS","M","M","M","M","$","R","?","R","T","R","E","M","?","M","R","BOSS"],"items_purchased_type":["Card"],"build_version":"2020-12-22","purchased_purges":2,"victory":false,"max_hp_per_floor":[75,75,75,75,75,75,75,75,75,75,75,75,75,75,75,75,75,75,75,75,75,75,75,81,81,81,81,81,81,81,81,81,81,81],"relic_stats":{"Darkstone Periapt":6,"Shovel":2,"counters":[14,52],"Sundial":[10],"Pen Nib":[2],"obtain_stats":[{"Darkstone Periapt":5,"NeowsBlessing":0,"SacredBark":17,"Vajra":11,"Oddly Smooth Stone":24,"Thread and Needle":32,"Pen Nib":28,"Incense Burner":9,"Shovel":26,"HornCleat":27,"Sundial":12,"hermit:RedScarf":2,"hermit:Momento":0},{"Darkstone Periapt":2,"NeowsBlessing":0,"SacredBark":6,"Vajra":4,"Oddly Smooth Stone":10,"Thread and Needle":13,"Pen Nib":11,"Incense Burner":2,"Shovel":10,"HornCleat":10,"Sundial":4,"hermit:RedScarf":1,"hermit:Momento":0},{"Darkstone Periapt":2,"NeowsBlessing":0,"SacredBark":21,"Vajra":9,"Oddly Smooth Stone":37,"Thread and Needle":46,"Pen Nib":40,"Incense Burner":2,"Shovel":37,"HornCleat":37,"Sundial":9,"hermit:RedScarf":1,"hermit:Momento":0}]},"card_choices":[{"not_picked":["hermit:Determination","hermit:HoleUp","hermit:Coalescence"],"picked":"SKIP","floor":1},{"not_picked":["hermit:Ricochet","hermit:HoleUp"],"picked":"hermit:Roulette","floor":4},{"not_picked":["hermit:Roulette","hermit:PistolWhip"],"picked":"hermit:NoHoldsBarred","floor":10},{"not_picked":["hermit:FullyLoaded","hermit:Feint","hermit:PistolWhip"],"picked":"SKIP","floor":11},{"not_picked":["hermit:SprayPray","hermit:Gambit"],"picked":"hermit:Maintenance","floor":14},{"not_picked":["hermit:Adapt","hermit:FatalDesire"],"picked":"hermit:BlackWind","floor":16},{"not_picked":["hermit:TrackingShot+1","hermit:Ricochet+1"],"picked":"hermit:WideOpen+1","floor":18},{"not_picked":["hermit:ItchyTrigger","hermit:SprayPray+1"],"picked":"hermit:Snipe","floor":19},{"not_picked":["hermit:Coalescence+1","hermit:Roulette","hermit:NoHoldsBarred"],"picked":"SKIP","floor":20},{"not_picked":["hermit:TrackingShot","hermit:TakeCover","hermit:WideOpen"],"picked":"SKIP","floor":21},{"not_picked":["hermit:Desperado","hermit:Enervate","hermit:NoHoldsBarred"],"picked":"SKIP","floor":28},{"not_picked":["hermit:Desperado","hermit:NoHoldsBarred"],"picked":"hermit:Enervate","floor":28},{"not_picked":["hermit:EternalForm","hermit:Manifest","hermit:Glare"],"picked":"SKIP","floor":29},{"not_picked":["hermit:Malice","hermit:Feint"],"picked":"hermit:EyeOfTheStorm","floor":31}],"player_experience":587351,"relics_obtained":[{"floor":5,"key":"Darkstone Periapt"},{"floor":9,"key":"Incense Burner"},{"floor":11,"key":"Vajra"},{"floor":12,"key":"Sundial"},{"floor":26,"key":"Shovel"},{"floor":27,"key":"HornCleat"},{"floor":28,"key":"Pen Nib"},{"floor":32,"key":"Thread and Needle"}],"event_choices":[{"damage_healed":0,"gold_gain":0,"player_choice":"Success","damage_taken":7,"relics_obtained":["hermit:RedScarf"],"max_hp_gain":0,"max_hp_loss":0,"event_name":"Scrap Ooze","floor":2,"gold_loss":0},{"damage_healed":0,"gold_gain":75,"player_choice":"Gather Gold","damage_taken":11,"max_hp_gain":0,"max_hp_loss":0,"event_name":"World of Goop","floor":3,"gold_loss":0},{"damage_healed":0,"gold_gain":0,"player_choice":"Opened","damage_taken":0,"relics_obtained":["Oddly Smooth Stone"],"max_hp_gain":0,"max_hp_loss":0,"event_name":"The Mausoleum","floor":24,"gold_loss":0,"cards_obtained":["Writhe"]},{"damage_healed":0,"gold_gain":0,"player_choice":"Copied","damage_taken":0,"max_hp_gain":0,"max_hp_loss":0,"event_name":"Duplicator","floor":30,"gold_loss":0,"cards_obtained":["hermit:Maintenance"]}],"is_beta":false,"boss_relics":[{"not_picked":["Fusion Hammer","Runic Dome"],"picked":"SacredBark"}],"items_purged_floors":[7,22],"is_endless":false,"potions_floor_spawned":[1,11,14,18,21],"killed_by":"Automaton","ascension_level":0}}