{"host":"g5ztulhog0otympt","time":1611063540,"event":{"mods":["AchievementEnabler","BaseMod","Downfall","Hermit","Minty Spire (QoL Compilation)","StSLib","The Cursed"],"gold_per_floor":[113,113,127,127,138,138,167,180,180,180,192,192,267,267,267,368,368,382,152,152,170,170,170],"floor_reached":22,"language":"ENG","playtime":535,"items_purged":[],"score":184,"play_id":"48e62317-3232-4d59-a386-0e9e6d9f6db2","local_time":"20210119153900","is_ascension_mode":false,"campfire_choices":[{"data":"Gash","floor":6,"key":"SMITH"},{"floor":12,"key":"REST"},{"data":"Dualcast","floor":15,"key":"SMITH"}],"circlet_count":0,"master_deck":["Strike_B","Strike_B","Strike_B","Defend_B","Defend_B","Defend_B","Zap","Dualcast+1","Gash+1","Conserve Battery","Sunder+1","Cold Snap+1","Cold Snap+1","Creative AI","Amplify+1","Loop+1","Aggregate+1","Sunder+1","Panache","Gash+1","Doom and Gloom+1"],"relics":["Cracked Core","Pen Nib","Molten Egg 2","Omamori","Juzu Bracelet","Astrolabe"],"acts_visited":["Exordium","TheCity"],"potions_floor_usage":[7,22],"damage_taken":[{"damage":1,"enemies":"2 Louse","floor":1,"turns":3},{"damage":1,"enemies":"Jaw Worm","floor":3,"turns":4},{"damage":0,"enemies":"Cultist","floor":5,"turns":3},{"damage":32,"enemies":"3 Sentries","floor":7,"turns":10},{"damage":1,"enemies":"3 Louse","floor":8,"turns":3},{"damage":2,"enemies":"Blue Slaver","floor":11,"turns":2},{"damage":42,"enemies":"The Guardian","floor":16,"turns":10},{"damage":13,"enemies":"3 Byrds","floor":18,"turns":6},{"damage":33,"enemies":"Shell Parasite","floor":21,"turns":4},{"damage":31,"enemies":"Centurion and Healer","floor":22,"turns":3}],"seed_played":"1039341046811451929","potions_obtained":[{"floor":5,"key":"SneckoOil"},{"floor":7,"key":"hexamod:SoulburnPotion"},{"floor":8,"key":"Dexterity Potion"},{"floor":18,"key":"Explosive Potion"}],"is_trial":false,"path_per_floor":["M","?","M","T","M","R","E","M","T","?","M","R","?","?","R","B",null,"M","$","?","M","M"],"character_chosen":"DEFECT","items_purchased":["Panache","Gash+1"],"campfire_rested":1,"item_purchase_floors":[19,19],"current_hp_per_floor":[74,74,73,73,73,73,41,40,40,40,38,60,49,67,67,25,75,62,62,62,29,0,0],"gold":170,"neow_bonus":"RANDOM_COMMON_RELIC","is_daily":false,"chose_seed":false,"campfire_upgraded":2,"win_rate":0.0,"timestamp":1611063540,"path_taken":["M","?","M","?","M","R","E","M","T","?","M","R","?","?","R","BOSS","M","$","?","M","M"],"items_purchased_type":["Card","Card"],"build_version":"2020-12-22","purchased_purges":0,"victory":false,"max_hp_per_floor":[75,75,75,75,75,75,75,75,75,75,75,75,75,75,75,75,75,75,75,75,75,75,75],"card_choices":[{"not_picked":["Leap","Go for the Eyes"],"picked":"Reinforced Body","floor":1},{"not_picked":["Hologram","Genetic Algorithm"],"picked":"Gash","floor":3},{"not_picked":["Reinforced Body","Rebound+1"],"picked":"Conserve Battery","floor":5},{"not_picked":["Hello World","Redo"],"picked":"Sunder+1","floor":7},{"not_picked":["Streamline+1","Coolheaded"],"picked":"Cold Snap+1","floor":8},{"not_picked":["Go for the Eyes+1","Leap"],"picked":"Cold Snap+1","floor":11},{"not_picked":["Reboot","Rainbow"],"picked":"Creative AI","floor":16},{"not_picked":["Beam Cell+1","Coolheaded"],"picked":"Sunder+1","floor":18},{"not_picked":["Stack","Auto Shields"],"picked":"Doom and Gloom+1","floor":21}],"player_experience":102420,"relics_obtained":[{"floor":4,"key":"Molten Egg 2"},{"floor":7,"key":"Omamori"},{"floor":9,"key":"Juzu Bracelet"}],"event_choices":[{"damage_healed":0,"gold_gain":0,"player_choice":"Ignored","damage_taken":0,"max_hp_gain":0,"max_hp_loss":0,"event_name":"Golden Wing","floor":2,"gold_loss":0},{"damage_healed":0,"gold_gain":0,"player_choice":"Ignored","damage_taken":0,"max_hp_gain":0,"max_hp_loss":0,"event_name":"Liars Game","floor":10,"gold_loss":0},{"damage_healed":0,"gold_gain":75,"player_choice":"Gather Gold","damage_taken":11,"max_hp_gain":0,"max_hp_loss":0,"event_name":"World of Goop","floor":13,"gold_loss":0},{"damage_healed":18,"gold_gain":0,"player_choice":"Healed and dodged fight","damage_taken":0,"max_hp_gain":0,"max_hp_loss":0,"event_name":"Mushrooms","floor":14,"gold_loss":0,"cards_obtained":["Parasite"]},{"damage_healed":0,"gold_gain":0,"player_choice":"Ignored","damage_taken":0,"max_hp_gain":0,"max_hp_loss":0,"event_name":"Ghosts","floor":20,"gold_loss":0}],"is_beta":false,"boss_relics":[{"not_picked":["Cursed Key","Ectoplasm"],"picked":"Astrolabe"}],"items_purged_floors":[],"is_endless":false,"potions_floor_spawned":[5,7,8,18],"killed_by":"Centurion and Healer","ascension_level":0}}