{"host":"sc0o2qwpf9j16a4i","time":1611079251,"event":{"mods":["AchievementEnabler","BaseMod","BetterRewards","Block Reminder","Colored Map","Colored Powertips","Custom Start","Highlight Path","Minty Spire (QoL Compilation)","Relic Stats"],"gold_per_floor":[118,130,143,143,68,68,107,126,126,159,159,183,183,202,202,292,292,311,311,23,42,63,107,107,107,107],"floor_reached":25,"language":"ENG","playtime":793,"items_purged":["Strike_G"],"score":716,"play_id":"acbfbd51-2630-4d8e-8d2b-61c6a2756e92","local_time":"20210119200051","is_ascension_mode":true,"campfire_choices":[{"floor":6,"key":"REST"},{"floor":11,"key":"REST"},{"floor":15,"key":"REST"},{"data":"Adrenaline","floor":24,"key":"SMITH"}],"circlet_count":0,"master_deck":["AscendersBane","Strike_G","Strike_G","Defend_G","Defend_G","Defend_G","Defend_G","Defend_G","Survivor","Neutralize","Noxious Fumes","Adrenaline+1","Deadly Poison","Skewer","Bane","Deflect","Dodge and Roll","PiercingWail","Footwork+1","Dash","Escape Plan","Footwork+1","Leg Sweep","Footwork+1","Corpse Explosion"],"relics":["Ring of the Snake","Strange Spoon","The Specimen","Happy Flower","Bottled Lightning","Medical Kit","Golden Idol","Frozen Egg 2","Paper Crane","Snake Skull","Philosopher\u0027s Stone","Blood Vial","Lantern"],"acts_visited":["Exordium","TheCity"],"potions_floor_usage":[8,16,23,25],"damage_taken":[{"damage":0,"enemies":"Cultist","floor":1,"turns":3},{"damage":0,"enemies":"Jaw Worm","floor":2,"turns":4},{"damage":0,"enemies":"Small Slimes","floor":3,"turns":2},{"damage":21,"enemies":"Gremlin Nob","floor":7,"turns":4},{"damage":0,"enemies":"Gremlin Gang","floor":8,"turns":5},{"damage":12,"enemies":"Lagavulin","floor":10,"turns":6},{"damage":0,"enemies":"Red Slaver","floor":12,"turns":3},{"damage":0,"enemies":"Exordium Wildlife","floor":14,"turns":5},{"damage":3,"enemies":"The Guardian","floor":16,"turns":9},{"damage":8,"enemies":"Chosen","floor":18,"turns":6},{"damage":0,"enemies":"Shell Parasite","floor":21,"turns":6},{"damage":6,"enemies":"Shelled Parasite and Fungi","floor":22,"turns":7},{"damage":0,"enemies":"Book of Stabbing","floor":23,"turns":7},{"damage":57,"enemies":"Cultist and Chosen","floor":25,"turns":5}],"seed_played":"4755713527341565185","potions_obtained":[{"floor":1,"key":"Fire Potion"},{"floor":10,"key":"Strength Potion"},{"floor":16,"key":"Dexterity Potion"},{"floor":21,"key":"Dexterity Potion"},{"floor":22,"key":"GhostInAJar"}],"is_trial":false,"path_per_floor":["M","M","M","?","$","R","E","M","T","E","R","M","?","M","R","B",null,"M","?","$","M","M","E","R","M"],"character_chosen":"THE_SILENT","items_purchased":["Noxious Fumes","Adrenaline","Strange Spoon","The Specimen","Happy Flower","Bottled Lightning","Medical Kit","Footwork+1","Leg Sweep","Blood Vial"],"campfire_rested":3,"item_purchase_floors":[0,0,0,0,0,0,0,20,20,20],"current_hp_per_floor":[18,18,18,18,18,36,15,15,15,3,21,21,21,21,39,36,54,46,46,46,48,44,46,46,0,0],"gold":107,"neow_bonus":"","is_daily":false,"chose_seed":false,"campfire_upgraded":1,"win_rate":0.0,"timestamp":1611079251,"path_taken":["M","M","M","?","$","R","E","M","T","E","R","M","?","?","R","BOSS","M","?","$","M","?","E","R","M"],"items_purchased_type":["Card","Card","Relic","Relic","Relic","Relic","Relic","Card","Card","Relic"],"build_version":"2020-12-22","purchased_purges":1,"victory":false,"max_hp_per_floor":[66,66,66,60,60,60,60,60,60,60,60,60,60,60,60,60,60,60,60,60,60,60,60,60,60,60],"relic_stats":{"Blood Vial":8,"Strange Spoon":[14],"Happy Flower":[35],"counters":[116,613],"Golden Idol":67,"Snake Skull":[54],"Medical Kit":[19],"obtain_stats":[{"TwistedFunnel":0,"Gremlin Horn":12,"Whetstone":13,"Boot":20,"Sling":0,"Blood Vial":20,"MealTicket":0,"Philosopher\u0027s Stone":34,"Toxic Egg 2":39,"Pear":45,"Happy Flower":26,"Blue Candle":9,"Astrolabe":17,"Velvet Choker":17,"Oddly Smooth Stone":9,"Eternal Feather":28,"Pen Nib":13,"Letter Opener":7,"War Paint":6,"Paper Crane":9,"Akabeko":4,"WarpedTongs":29,"Du-Vu Doll":12,"Shuriken":9,"Bronze Scales":9,"Pandora\u0027s Box":17,"Molten Egg 2":42,"Nloth\u0027s Gift":19,"Regal Pillow":9,"Lantern":7,"Mango":28,"StoneCalendar":0,"Snake Skull":10,"Bag of Preparation":11,"Cursed Key":17,"Matryoshka":30,"Ninja Scroll":14,"Tiny Chest":30,"WingedGreaves":7,"Chemical X":11,"Ring of the Snake":0,"Runic Pyramid":34,"Lee\u0027s Waffle":0,"NeowsBlessing":0,"The Specimen":0,"Golden Idol":13,"PreservedInsect":14,"Omamori":11,"Frozen Egg 2":7,"MawBank":7,"Medical Kit":0,"White Beast Statue":9,"Mercury Hourglass":10,"Strange Spoon":0,"Bloody Idol":22,"Orrery":29,"Turnip":9,"Bottled Lightning":29,"Toy Ornithopter":24},{"TwistedFunnel":20,"Gremlin Horn":17,"Whetstone":41,"Boot":8,"Sling":13,"Blood Vial":112,"MealTicket":13,"Philosopher\u0027s Stone":94,"Toxic Egg 2":66,"Pear":100,"Happy Flower":9,"Blue Candle":15,"Astrolabe":43,"Velvet Choker":6,"Oddly Smooth Stone":55,"Eternal Feather":47,"Pen Nib":77,"Letter Opener":24,"War Paint":15,"Paper Crane":107,"Akabeko":22,"WarpedTongs":10,"Du-Vu Doll":33,"Shuriken":32,"Bronze Scales":25,"Pandora\u0027s Box":58,"Molten Egg 2":67,"Nloth\u0027s Gift":59,"Regal Pillow":39,"Lantern":55,"Mango":10,"StoneCalendar":50,"Snake Skull":108,"Bag of Preparation":5,"Cursed Key":88,"Matryoshka":92,"Ninja Scroll":19,"Tiny Chest":11,"WingedGreaves":4,"Chemical X":56,"Ring of the Snake":0,"Runic Pyramid":64,"Lee\u0027s Waffle":50,"NeowsBlessing":0,"The Specimen":102,"Golden Idol":5,"PreservedInsect":87,"Omamori":32,"Frozen Egg 2":106,"MawBank":38,"Medical Kit":102,"White Beast Statue":85,"Mercury Hourglass":85,"Strange Spoon":102,"Bloody Idol":8,"Orrery":62,"Turnip":4,"Bottled Lightning":48,"Toy Ornithopter":9},{"TwistedFunnel":130,"Gremlin Horn":111,"Whetstone":225,"Boot":40,"Sling":86,"Blood Vial":588,"MealTicket":86,"Philosopher\u0027s Stone":494,"Toxic Egg 2":368,"Pear":533,"Happy Flower":47,"Blue Candle":97,"Astrolabe":239,"Velvet Choker":28,"Oddly Smooth Stone":307,"Eternal Feather":267,"Pen Nib":405,"Letter Opener":149,"War Paint":97,"Paper Crane":559,"Akabeko":142,"WarpedTongs":53,"Du-Vu Doll":204,"Shuriken":199,"Bronze Scales":153,"Pandora\u0027s Box":325,"Molten Egg 2":374,"Nloth\u0027s Gift":328,"Regal Pillow":220,"Lantern":307,"Mango":53,"StoneCalendar":284,"Snake Skull":565,"Bag of Preparation":18,"Cursed Key":455,"Matryoshka":475,"Ninja Scroll":121,"Tiny Chest":62,"WingedGreaves":11,"Chemical X":310,"Ring of the Snake":0,"Runic Pyramid":361,"Lee\u0027s Waffle":284,"NeowsBlessing":0,"The Specimen":541,"Golden Idol":18,"PreservedInsect":448,"Omamori":199,"Frozen Egg 2":554,"MawBank":218,"Medical Kit":541,"White Beast Statue":438,"Mercury Hourglass":438,"Strange Spoon":541,"Bloody Idol":40,"Orrery":343,"Turnip":11,"Bottled Lightning":273,"Toy Ornithopter":47}],"Ring of the Snake":[96]},"card_choices":[{"not_picked":["Outmaneuver","Bane"],"picked":"Deadly Poison","floor":1},{"not_picked":["Blade Dance","Sucker Punch"],"picked":"Skewer","floor":2},{"not_picked":["Cloak And Dagger","Dagger Spray","Bane"],"picked":"SKIP","floor":3},{"not_picked":["Cloak And Dagger","Dagger Spray"],"picked":"Bane","floor":3},{"not_picked":["Flying Knee","Phantasmal Killer"],"picked":"Deflect","floor":7},{"not_picked":["Bane","Flechettes"],"picked":"Dodge and Roll","floor":8},{"not_picked":["Dodge and Roll","All Out Attack"],"picked":"PiercingWail","floor":10},{"not_picked":["Underhanded Strike","Dagger Spray","Slice"],"picked":"SKIP","floor":12},{"not_picked":["Infinite Blades+1","Finisher"],"picked":"Dash","floor":14},{"not_picked":["Blade Dance","Quick Slash"],"picked":"Escape Plan","floor":18},{"not_picked":["Deflect+1","Prepared"],"picked":"Footwork+1","floor":21},{"not_picked":["Backstab","Dagger Throw+1"],"picked":"Corpse Explosion","floor":22},{"not_picked":["Riddle With Holes","Dagger Throw","Masterful Stab"],"picked":"SKIP","floor":23}],"player_experience":762498,"relics_obtained":[{"floor":7,"key":"Frozen Egg 2"},{"floor":9,"key":"Paper Crane"},{"floor":10,"key":"Snake Skull"},{"floor":23,"key":"Lantern"}],"event_choices":[{"damage_healed":0,"gold_gain":0,"player_choice":"Lose Max HP","damage_taken":0,"relics_obtained":["Golden Idol"],"max_hp_gain":0,"max_hp_loss":6,"event_name":"Golden Idol","floor":4,"gold_loss":0},{"damage_healed":0,"gold_gain":0,"cards_transformed":["Strike_G"],"player_choice":"Transformed","damage_taken":0,"max_hp_gain":0,"max_hp_loss":0,"event_name":"Transmorgrifier","floor":13,"gold_loss":0,"cards_obtained":["Footwork"]},{"cards_removed":["Strike_G"],"damage_healed":0,"gold_gain":0,"player_choice":"Offered Basic","damage_taken":0,"max_hp_gain":0,"max_hp_loss":0,"event_name":"Bonfire Elementals","floor":19,"gold_loss":0}],"is_beta":false,"boss_relics":[{"not_picked":["HoveringKite","Runic Dome"],"picked":"Philosopher\u0027s Stone"}],"items_purged_floors":[5],"is_endless":false,"potions_floor_spawned":[1,10,16,21,22],"killed_by":"Cultist and Chosen","ascension_level":20}}