{"host":"609l7sx3bs4zmbf1","time":1611026650,"event":{"mods":["AchievementEnabler","Aspiration","BaseMod","Bestiary","Better Altar","Better Match","Better Note","Better Sensory Stone","Better Skull","Better Third Choice","BetterRewards","Conspire","GifTheSpireLib","Hero for Fun","Hubris","Minty Spire (QoL Compilation)","Rare Cards Sparkle","Spicy Shops","StSLib","Stuff the Spire","The Blue Laboratory","Uncapped","Waifu the Spire","vexMod"],"gold_per_floor":[113,124,99,114,114,114,147,166,166,166,166,166,166,195,195,366,366,378,391,666,702,749,749,784,784,784,803,803,821,866,902,902,1042,1042,1091,579,677,677,677,677,711,711,734,748,748,748,4,4,4,57,57,57,8,123,185,185],"floor_reached":55,"language":"ENG","playtime":7056,"items_purged":["Regret"],"score":712,"play_id":"23e644c5-a6bd-4104-a406-cde520859a06","local_time":"20210118212410","is_ascension_mode":false,"campfire_choices":[{"floor":6.0,"key":"RECALL"},{"floor":11.0,"key":"REST"},{"floor":15.0,"key":"REST"},{"floor":23.0,"key":"REST"},{"floor":25.0,"key":"REST"},{"floor":28.0,"key":"REST"},{"floor":32.0,"key":"REST"},{"floor":40.0,"key":"REST"},{"floor":45.0,"key":"REST"},{"floor":49,"key":"REST"},{"data":"BootSequence","floor":52,"key":"SMITH"}],"circlet_count":0,"master_deck":["Strike_B","Strike_B","Strike_B","Strike_B","Defend_B","Defend_B","Defend_B","Defend_B","Zap","Dualcast","Core Surge","Ball Lightning","Storm","BootSequence+1","Turbo","Darkness","Parasite","Lockon","Biased Cognition","Barrage","Cold Snap","conspire:Rain+1","White Noise","White Noise","Conserve Battery+1","Conserve Battery","Seek","Capacitor","Fission","Sweeping Beam+1","Capacitor","Redo","Buffer","hubris:Ukulele+1","Sunder","Lockon","Apotheosis+1","StuffTheSpire:ForEach+1"],"relics":["Cracked Core","Darkstone Periapt","hubris:Towel","DataDisk","vexMod:ConsolationPrize","hubris:Icosahedron","Nuclear Battery","StuffTheSpire:Expresso","Tiny Chest","DollysMirror","Emotion Chip","Toxic Egg 2","StuffTheSpire:HeavyRock","StuffTheSpire:MayFlowers","hubris:HerbalPaste","conspire:Dentures"],"acts_visited":["Exordium","TheCity","TheBeyond","TheEnding"],"potions_floor_usage":[50,50,55],"damage_taken":[{"damage":0.0,"enemies":"Cultist","floor":1.0,"turns":3.0},{"damage":6.0,"enemies":"Jaw Worm","floor":2.0,"turns":3.0},{"damage":0.0,"enemies":"2 Louse","floor":4.0,"turns":1.0},{"damage":30.0,"enemies":"3 Sentries","floor":7.0,"turns":7.0},{"damage":0.0,"enemies":"2 Fungi Beasts","floor":8.0,"turns":2.0},{"damage":9.0,"enemies":"Large Slime","floor":14.0,"turns":5.0},{"damage":70.0,"enemies":"Hexaghost","floor":16.0,"turns":10.0},{"damage":0.0,"enemies":"Chosen","floor":18.0,"turns":3.0},{"damage":0.0,"enemies":"3 Byrds","floor":19.0,"turns":4.0},{"damage":24.0,"enemies":"3 Cultists","floor":21.0,"turns":6.0},{"damage":29.0,"enemies":"Centurion and Healer","floor":22.0,"turns":4.0},{"damage":23.0,"enemies":"Snake Plant","floor":24.0,"turns":4.0},{"damage":7.0,"enemies":"Chosen and Byrds","floor":27.0,"turns":4.0},{"damage":5.0,"enemies":"Centurion and Healer","floor":29.0,"turns":5.0},{"damage":16.0,"enemies":"Book of Stabbing","floor":30.0,"turns":4.0},{"damage":17.0,"enemies":"3 Cultists","floor":31.0,"turns":4.0},{"damage":38.0,"enemies":"hubris:MusketHawk","floor":33.0,"turns":6.0},{"damage":32.0,"enemies":"3 Darklings","floor":35.0,"turns":5.0},{"damage":44.0,"enemies":"2 Orb Walkers","floor":37.0,"turns":5.0},{"damage":19.0,"enemies":"3 Shapes","floor":41.0,"turns":5.0},{"damage":2.0,"enemies":"Transient","floor":44.0,"turns":5.0},{"damage":53,"enemies":"Time Eater","floor":50,"turns":8},{"damage":86,"enemies":"Shield and Spear","floor":54,"turns":6},{"damage":62,"enemies":"The Heart","floor":55,"turns":3}],"seed_played":"-4813454192077991967","potions_obtained":[{"floor":14.0,"key":"Dexterity Potion"},{"floor":16.0,"key":"Swift Potion"},{"floor":21.0,"key":"ColorlessPotion"},{"floor":24.0,"key":"blueLaboratory:BottleOfVodka"},{"floor":27.0,"key":"SkillPotion"},{"floor":30.0,"key":"Explosive Potion"},{"floor":31.0,"key":"AttackPotion"},{"floor":33.0,"key":"blueLaboratory:BottleOfVodka"},{"floor":44.0,"key":"blueLaboratory:CoolantVial"}],"is_trial":false,"path_per_floor":["M","M","?","M","?","R","E","M","T","T","R","?","?","M","R","B",null,"M","M","?","M","M","R","M","R","T","M","R","M","E","M","R","B",null,"M","$","?","?","?","R","M","T","T","M","R","?","$","?","R","B",null,"R","$","E","B"],"character_chosen":"DEFECT","items_purchased":["DollysMirror","Redo","Melter","Buffer","Apotheosis+1","StuffTheSpire:MayFlowers","hubris:HerbalPaste","FocusPotion"],"campfire_rested":9,"item_purchase_floors":[36,36,36,36,47,47,47,53],"current_hp_per_floor":[75,69,69,69,69,69,39,39,39,39,61,61,81,72,81,11,81,81,81,87,63,34,60,37,63,63,56,82,77,61,44,70,32,87,55,55,11,11,11,37,18,18,18,16,42,42,42,42,68,21,87,87,87,4,24,24],"gold":185,"neow_bonus":"ONE_RANDOM_RARE_CARD","is_daily":false,"chose_seed":false,"campfire_upgraded":1,"win_rate":0.0,"timestamp":1611026650,"path_taken":["M","M","?","M","?","R","E","M","T","?","R","?","?","M","R","BOSS","M","M","?","M","?","R","M","R","T","M","R","M","E","M","R","BOSS","M","$","?","?","?","R","M","?","T","?","R","?","$","?","R","BOSS","R","$","E","BOSS"],"items_purchased_type":["Relic","Card","Card","Card","Card","Relic","Relic","Potion"],"build_version":"2020-12-22","purchased_purges":1,"victory":false,"max_hp_per_floor":[75,75,75,75,75,75,75,75,75,75,75,75,81,81,81,81,81,81,81,87,87,87,87,87,87,87,87,87,87,87,87,87,87,87,87,87,87,87,87,87,87,87,87,87,87,87,87,87,87,87,87,87,87,87,87,87],"card_choices":[{"not_picked":["StuffTheSpire:LoadUp","Compile Driver"],"picked":"Ball Lightning","floor":1.0},{"not_picked":["conspire:Rain","Ball Lightning"],"picked":"Storm","floor":2.0},{"not_picked":["StuffTheSpire:GlassShard","Leap"],"picked":"BootSequence","floor":4.0},{"not_picked":["conspire:SharedLibrary","Leap"],"picked":"Turbo","floor":7.0},{"not_picked":["Rebound","StuffTheSpire:Plugnplay"],"picked":"Darkness","floor":8.0},{"not_picked":["Turbo","Stack"],"picked":"Lockon","floor":14.0},{"not_picked":["Amplify","hubris:Prefetch"],"picked":"Biased Cognition","floor":16.0},{"not_picked":["Turbo","StuffTheSpire:Plugnplay"],"picked":"Barrage","floor":18.0},{"not_picked":["Rebound","Reinforced Body"],"picked":"Cold Snap","floor":19.0},{"not_picked":["Consume+1","Hologram"],"picked":"conspire:Rain+1","floor":21.0},{"not_picked":["Cold Snap+1","Machine Learning"],"picked":"White Noise","floor":22.0},{"not_picked":["Undo","Steam+1"],"picked":"White Noise","floor":24.0},{"not_picked":["StuffTheSpire:LoadUp","Compile Driver"],"picked":"Conserve Battery+1","floor":27.0},{"not_picked":["Thunder Strike","Tempest"],"picked":"Conserve Battery","floor":29.0},{"not_picked":["Compile Driver","Rebound"],"picked":"Seek","floor":30.0},{"not_picked":["Coolheaded","Rip and Tear"],"picked":"Capacitor","floor":31.0},{"not_picked":["Biased Cognition","All For One"],"picked":"Fission","floor":33.0},{"not_picked":["Compile Driver","Turbo+1"],"picked":"Sweeping Beam+1","floor":35.0},{"not_picked":["Ball Lightning","Stack"],"picked":"hubris:Ukulele+1","floor":37.0},{"not_picked":["Biased Cognition","Sweeping Beam"],"picked":"Sunder","floor":41.0},{"not_picked":["Heatsinks","Compile Driver"],"picked":"Lockon","floor":44.0},{"not_picked":["Compile Driver+1","hubris:PowerSurge"],"picked":"StuffTheSpire:ForEach+1","floor":54}],"player_experience":406534,"relics_obtained":[{"floor":7.0,"key":"DataDisk"},{"floor":10.0,"key":"vexMod:ConsolationPrize"},{"floor":26.0,"key":"StuffTheSpire:Expresso"},{"floor":30.0,"key":"Tiny Chest"},{"floor":37.0,"key":"Emotion Chip"},{"floor":42.0,"key":"Toxic Egg 2"},{"floor":43.0,"key":"StuffTheSpire:HeavyRock"},{"floor":54,"key":"conspire:Dentures"}],"event_choices":[{"damage_healed":18.0,"max_hp_gain":0.0,"max_hp_loss":0.0,"gold_gain":0.0,"event_name":"Mushrooms","player_choice":"Healed and dodged fight","floor":13.0,"gold_loss":0.0,"damage_taken":0.0,"cards_obtained":["Parasite"]},{"damage_healed":0.0,"max_hp_gain":0.0,"max_hp_loss":0.0,"gold_gain":275.0,"event_name":"Golden Shrine","player_choice":"Desecrate","floor":20.0,"gold_loss":0.0,"damage_taken":0.0,"cards_obtained":["Regret"]},{"damage_healed":0.0,"max_hp_gain":0.0,"max_hp_loss":0.0,"gold_gain":0.0,"event_name":"Mysterious Sphere","player_choice":"Fight","floor":37.0,"gold_loss":0.0,"damage_taken":0.0},{"damage_healed":0.0,"max_hp_gain":0.0,"max_hp_loss":0.0,"gold_gain":0.0,"event_name":"Tomb of Lord Red Mask","player_choice":"Ignored","floor":38.0,"gold_loss":0.0,"damage_taken":0.0},{"cards_removed":["Melter"],"damage_healed":0.0,"max_hp_gain":0.0,"max_hp_loss":0.0,"gold_gain":0.0,"event_name":"Falling","player_choice":"Removed Attack","floor":39.0,"gold_loss":0.0,"damage_taken":0.0},{"damage_healed":0.0,"max_hp_gain":0.0,"max_hp_loss":0.0,"gold_gain":0.0,"event_name":"conspire:Investor","player_choice":"Leave","floor":46.0,"gold_loss":0.0,"damage_taken":0.0}],"is_beta":false,"boss_relics":[{"not_picked":["Busted Crown","aspiration:RunicSpoon"],"picked":"Nuclear Battery"},{"not_picked":["hubris:Stopwatch","vexMod:MysteryBossChallenge","Coffee Dripper"]}],"items_purged_floors":[36],"is_endless":false,"potions_floor_spawned":[14,16,21,24,27,30,31,33,44],"killed_by":"The Heart","ascension_level":0}}