{"host":"ojme7g6xlqwffsso","time":1611038255,"event":{"mods":["BaseMod","Better Third Choice","Infinite Spire","Lobotomy","Minty Spire (QoL Compilation)","Quick Restart","Replay The Spire","Shop Mod","StSLib"],"gold_per_floor":[113,113,131,131,131,131,164,164,213,230,248,74,90,121,121,218,218,228,153,203,217,316,316,350,361,361,371,371,400,414,428,428,530,530,544,557,570,570,570,600,600,600,600,600,634,634,650,665,665,665,665],"floor_reached":50,"language":"ENG","playtime":2571,"items_purged":["Defend_G","LittlePrince"],"score":650,"play_id":"bf42cd2f-eac9-4b30-9b4c-0ffaa6fd345c","local_time":"20210119153735","is_ascension_mode":false,"campfire_choices":[{"data":"Neutralize","floor":6,"key":"SMITH"},{"data":"Quick Slash","floor":8,"key":"SMITH"},{"data":"Envenom","floor":23,"key":"SMITH"},{"data":"infinitespire:Collect","floor":28,"key":"SMITH"},{"data":"After Image","floor":32,"key":"SMITH"},{"data":"Cloak And Dagger","floor":41,"key":"SMITH"},{"data":"Replay:Bag of Tricks","floor":44,"key":"SMITH"},{"floor":49,"key":"RECALL"}],"circlet_count":0,"master_deck":["Apo_Pray","Apo_SoulSlash","Apo_Charge","Apo_Charge","Apo_Charge","Apo_Charge","Apo_Beam","Apo_Beam","Apo_Beam","Apo_Execute","Apo_Slash","Apo_Slash","Apo_SoulSlash","MeltingLove","Quick Slash+1"],"relics":["Ring of the Snake","CogitoBucket","Onion Ring","Replay:Accelerometer","Bag of Preparation","Bird Faced Urn","Juzu Bracelet","Abe\u0027s Treasure","BackwardClock","ClockworkSouvenir","Tiny House","Du-Vu Doll","Strawberry","Bronze Scales","ResearcherNote","Painkiller Herb","AtMidnight","ChangeAnything","Runic Pyramid","Pantograph","HornCleat","Centennial Puzzle","ApostleMask"],"acts_visited":["Exordium","TheCity","TheBeyond"],"potions_floor_usage":[16,33,37,50],"damage_taken":[{"damage":0,"enemies":"2 Louse","floor":1,"turns":2},{"damage":7,"enemies":"infinitespire:Voidling","floor":3,"turns":4},{"damage":26,"enemies":"Lagavulin","floor":7,"turns":7},{"damage":0,"enemies":"Jaw Worm","floor":10,"turns":2},{"damage":0,"enemies":"Looter","floor":11,"turns":2},{"damage":3,"enemies":"Replay:BlueRogue","floor":14,"turns":4},{"damage":23,"enemies":"Hexaghost","floor":16,"turns":10},{"damage":0,"enemies":"3 Byrds","floor":18,"turns":1},{"damage":0,"enemies":"Spheric Guardian","floor":21,"turns":1},{"damage":28,"enemies":"Book of Stabbing","floor":24,"turns":5},{"damage":15,"enemies":"Shelled Parasite and Fungi","floor":25,"turns":5},{"damage":2,"enemies":"Centurion and Healer","floor":27,"turns":4},{"damage":9,"enemies":"Replay:Snechameleon","floor":29,"turns":5},{"damage":24,"enemies":"Snecko","floor":30,"turns":6},{"damage":5,"enemies":"Shelled Parasite and Fungi","floor":31,"turns":4},{"damage":9,"enemies":"Champ","floor":33,"turns":7},{"damage":0,"enemies":"3 Darklings","floor":35,"turns":2},{"damage":0,"enemies":"Orb Walker","floor":36,"turns":2},{"damage":21,"enemies":"Writhing Mass","floor":37,"turns":5},{"damage":12,"enemies":"Giant Head","floor":40,"turns":6},{"damage":1,"enemies":"Nemesis","floor":45,"turns":5},{"damage":3,"enemies":"Transient","floor":47,"turns":5},{"damage":0,"enemies":"Spire Growth","floor":48,"turns":2},{"damage":40,"enemies":"infinitespire:MassOfShapes","floor":50,"turns":1}],"seed_played":"999945916821531142","potions_obtained":[{"floor":10,"key":"Strength Potion"},{"floor":14,"key":"Block Potion"},{"floor":16,"key":"EssenceOfSteel"},{"floor":20,"key":"Poison Potion"},{"floor":25,"key":"PowerPotion"},{"floor":37,"key":"Fruit Juice"},{"floor":45,"key":"Energy Potion"}],"is_trial":false,"path_per_floor":["M","?","M","?","?","R","E","R","T","M","M","$","?","E","R","B",null,"M","?","AVR","M","?","R","E","M","T","M","R","E","M","M","R","B",null,"?","?","?","?","AVR","E","T","?","T","T","E","?","?","?","T","B"],"character_chosen":"THE_SILENT","items_purchased":["After Image","Escape Plan"],"campfire_rested":0,"item_purchase_floors":[12,12],"current_hp_per_floor":[70,70,70,70,70,70,47,47,47,56,65,65,48,59,59,49,70,70,70,75,75,75,75,51,49,56,65,65,75,78,77,77,73,82,82,82,70,59,59,72,72,51,51,51,78,87,84,84,84,44,44],"gold":665,"neow_bonus":"","is_daily":false,"chose_seed":false,"campfire_upgraded":7,"win_rate":0.0,"timestamp":1611038255,"path_taken":["M","?","M","?","?","R","E","R","T","M","?","$","?","E","R","BOSS","M","?","AVR","M","?","R","E","M","T","M","R","E","M","M","R","BOSS","?","?","?","?","AVR","E","T","?","T","T","E","?","?","?","T","BOSS"],"items_purchased_type":["Card","Card"],"build_version":"2020-12-22","purchased_purges":2,"victory":false,"max_hp_per_floor":[70,70,70,70,70,70,70,70,70,70,70,70,70,70,70,70,70,70,70,75,75,75,75,75,75,82,82,82,82,82,82,82,82,82,82,82,87,87,87,87,87,87,87,87,87,87,87,87,87,87,87],"card_choices":[{"not_picked":["BigBadWolf","MHz"],"picked":"UniverseFragment","floor":1},{"not_picked":["Prepared","Sneak Up"],"picked":"Underhanded Strike","floor":1},{"not_picked":["Slice","Outmaneuver"],"picked":"Bouncing Flask","floor":3},{"not_picked":["WallGazer","FairyFestival"],"picked":"Wellcheers","floor":3},{"not_picked":["Bane","Deflect"],"picked":"Quick Slash","floor":7},{"not_picked":["VoidDream","CrumblingArmor"],"picked":"QueenOfHatred","floor":7},{"not_picked":["Prepared","Outmaneuver"],"picked":"Bane","floor":10},{"not_picked":["CrumblingArmor","DespairKnight","PunishingBird"],"picked":"Singing Bowl","floor":10},{"not_picked":["CrumblingArmor","PunishingBird"],"picked":"SpiderBud","floor":10},{"not_picked":["Infinite Blades","Dodge and Roll"],"picked":"Dagger Throw","floor":11},{"not_picked":["Prepared","Slice"],"picked":"Cloak And Dagger","floor":13},{"not_picked":["Slice","Poisoned Stab"],"picked":"Envenom","floor":14},{"not_picked":["Murderer","WallGazer"],"picked":"BigBadWolf","floor":14},{"not_picked":["Atom Bomb","Unload"],"picked":"Die Die Die","floor":16},{"not_picked":["VoidDream","CherryBlossoms"],"picked":"QueenBee","floor":18},{"not_picked":["Slice","Dodge and Roll","Eviscerate"],"picked":"SKIP","floor":18},{"not_picked":["ReplayTheSpireMod:Shiv Toss","Dodge and Roll"],"picked":"Bane","floor":20},{"not_picked":["Footwork+1","Sucker Punch"],"picked":"Calculated Gamble+1","floor":21},{"not_picked":["Deadly Poison","Quick Slash"],"picked":"Hidden Blade+1","floor":24},{"not_picked":["Deadly Poison","Dagger Throw"],"picked":"Escape Plan","floor":25},{"not_picked":["Laetitia","BeautyBeast"],"picked":"CherryBlossoms","floor":25},{"not_picked":["Dagger Spray","Expertise","Crippling Poison"],"picked":"SKIP","floor":27},{"not_picked":["Heel Hook","infinitespire:Neurotoxin"],"picked":"After Image","floor":29},{"not_picked":["GreedKing","LittleHelper"],"picked":"BlackSwan","floor":29},{"not_picked":["Calculated Gamble","Underhanded Strike"],"picked":"Flying Knee+1","floor":30},{"not_picked":["CrumblingArmor","Bloodbath"],"picked":"LittlePrince","floor":30},{"not_picked":["ReplayTheSpireMod:Shiv Toss","Poisoned Stab"],"picked":"Dagger Throw","floor":31},{"not_picked":["Poison Darts","Venomology"],"picked":"Replay:Bag of Tricks","floor":33},{"not_picked":["PunishingBird","CrumblingArmor","Variant"],"picked":"Singing Bowl","floor":33},{"not_picked":["LongBird","Variant"],"picked":"LaLuna","floor":33},{"not_picked":["Dagger Throw","Dodge and Roll"],"picked":"Blade Dance","floor":35},{"not_picked":["FairyFestival","CrumblingArmor"],"picked":"BodiesMountain","floor":35},{"not_picked":["Noxious Fumes","PiercingWail"],"picked":"Concentrate","floor":36},{"not_picked":["HeroicMonk","HappyTeddy"],"picked":"Rudolta","floor":37},{"not_picked":["Dagger Throw","Corpse Explosion","Deadly Poison+1"],"picked":"SKIP","floor":37},{"not_picked":["BlackArmy","Woodsman"],"picked":"PlagueDoctor","floor":40},{"not_picked":["Concentrate","Setup"],"picked":"Leg Sweep+1","floor":40},{"not_picked":["infinitespire:Starlight","infinitespire:TheBestDefense"],"picked":"infinitespire:Collect","floor":42},{"not_picked":["MHz","RedShoes"],"picked":"HeroicMonk","floor":45},{"not_picked":["Masterful Stab","Bane","Slice"],"picked":"SKIP","floor":45},{"not_picked":["DreamingCurrent","FieryBird"],"picked":"MeltingLove","floor":47},{"not_picked":["Deflect","Sucker Punch+1"],"picked":"Quick Slash+1","floor":47},{"not_picked":["Well Laid Plans","Sneak Up+1","Deadly Poison"],"picked":"SKIP","floor":48}],"player_experience":770746,"relics_obtained":[{"floor":2,"key":"Onion Ring"},{"floor":7,"key":"Replay:Accelerometer"},{"floor":9,"key":"Bag of Preparation"},{"floor":13,"key":"Bird Faced Urn"},{"floor":14,"key":"Juzu Bracelet"},{"floor":24,"key":"Du-Vu Doll"},{"floor":26,"key":"Strawberry"},{"floor":29,"key":"Bronze Scales"},{"floor":37,"key":"AtMidnight"},{"floor":40,"key":"HornCleat"},{"floor":45,"key":"Centennial Puzzle"}],"event_choices":[{"damage_healed":0,"gold_gain":0,"player_choice":"Upgraded","damage_taken":0,"max_hp_gain":0,"max_hp_loss":0,"event_name":"Upgrade Shrine","floor":5,"gold_loss":0,"cards_upgraded":["Bouncing Flask"]},{"cards_removed":["Strike_G"],"damage_healed":0,"gold_gain":0,"player_choice":"Gave Gold","damage_taken":0,"max_hp_gain":0,"max_hp_loss":0,"event_name":"Beggar","floor":19,"gold_loss":75},{"damage_healed":0,"gold_gain":99,"player_choice":"Steal","damage_taken":0,"max_hp_gain":0,"max_hp_loss":0,"event_name":"betterThird:BetterNest","floor":22,"gold_loss":0},{"damage_healed":0,"gold_gain":0,"player_choice":"Embrace Madness","damage_taken":11,"max_hp_gain":0,"max_hp_loss":0,"event_name":"Winding Halls","floor":38,"gold_loss":0,"cards_obtained":["Madness","Madness"]}],"is_beta":false,"boss_relics":[{"not_picked":["Ring of the Serpent","Busted Crown"],"picked":"Abe\u0027s Treasure"},{"not_picked":["SlaversCollar","WristBlade"],"picked":"Painkiller Herb"}],"items_purged_floors":[20,39],"is_endless":false,"potions_floor_spawned":[10,14,16,21,25,27,29,37,45],"killed_by":"infinitespire:MassOfShapes","ascension_level":0}}