{"host":"qmdto9qm3vjov9no","time":1611085382,"event":{"mods":["2.2 Compatiblity","AchievementEnabler","Alarm Clock","BaseMod","Block Reminder","Colored Map","Colored Powertips","Downfall","Highlight Path","Minty Spire (QoL Compilation)","Potion Indicator Mod","Quick Restart","Random Character Button","Rare Cards Sparkle","Relic Sorter","Relic Stats","StSLib","Synergy Search","Unceasing Turn Reminder"],"gold_per_floor":[99,112,112,112,126,126,180,200,200,231,131,131,146,164,183,280,280,280,298,298,309,18,18,18,18,45,45,30,30,30,40,55,159,159,59,7,57,72,86,86,86,86,101,1,20,20,20,32,47,47,47,78,11,11,11,11,11,11],"floor_reached":56,"language":"ENG","playtime":5795,"items_purged":["Slimebound:Strike_Slimebound"],"score":767,"play_id":"38cc4233-4709-4948-8fb0-b1584b6f699e","local_time":"20210119124302","is_ascension_mode":false,"campfire_choices":[{"data":"Slimebound:CorrosiveSpit","floor":1.0,"key":"SMITH"},{"data":"Slimebound:Split","floor":6.0,"key":"SMITH"},{"data":"Slimebound:GoopSpray","floor":9.0,"key":"SMITH"},{"data":"Slimebound:SplitAcid","floor":11.0,"key":"SMITH"},{"data":"Slimebound:PrepareCrush","floor":18.0,"key":"SMITH"},{"data":"Slimebound:LeechLife","floor":23.0,"key":"SMITH"},{"floor":30.0,"key":"RECALL"},{"data":"Slimebound:Teamwork","floor":35.0,"key":"SMITH"},{"data":"Slimebound:LeadByExample","floor":40.0,"key":"SMITH"},{"data":"Slimebound:AcidTongue","floor":44.0,"key":"SMITH"},{"data":"Slimebound:TongueLash","floor":47.0,"key":"SMITH"},{"data":"Slimebound:LeadByExample","floor":54,"key":"SMITH"}],"circlet_count":0,"master_deck":["Slimebound:Tackle","Slimebound:Defend_Slimebound","Slimebound:Defend_Slimebound","Slimebound:Defend_Slimebound","Slimebound:Defend_Slimebound","Slimebound:Split+1","Slimebound:CorrosiveSpit+1","Slimebound:AcidTongue+1","Slimebound:LeechEnergy","Slimebound:GoopSpray+1","Slimebound:SplitAcid+1","Slimebound:Schlurp","Slimebound:LeechEnergy","Slimebound:SplitMire","Slimebound:PrepareCrush+1","Slimebound:Nibble","Slimebound:ItLooksTasty","Slimebound:LivingWall","Slimebound:LeechLife+1","Slimebound:TongueLash+1","Slimebound:SamplingLick+1","Slimebound:ProtectTheBoss+1","Slimebound:LivingWall+1","Slimebound:Teamwork+1","Slimebound:Equalize+1","Slimebound:LeadByExample+1","Slimebound:SplitSpecialist+1","Slimebound:SamplingLick+1","Slimebound:GoopSpray+1","Slimebound:Prepare+1","Slimebound:HauntingLick","Slimebound:SplitBruiser+1","Slimebound:LeadByExample+1"],"relics":["Slimebound:AbsorbEndCombat","Strawberry","Akabeko","downfall:HeartBlessingGreen","sneckomod:SneckoTalon","downfall:RedIOU","SacredBark","downfall:HeartBlessingRed","CaptainsWheel","Gambling Chip","Slimebound:PotencyRelic","downfall:HeartBlessingBlue","sneckomod:BlankCard"],"acts_visited":["Exordium","TheCity","TheBeyond","TheEnding"],"potions_floor_usage":[52,55,55,56],"damage_taken":[{"damage":3.0,"enemies":"2 Louse","floor":2.0,"turns":4.0},{"damage":5.0,"enemies":"Small Slimes","floor":5.0,"turns":5.0},{"damage":1.0,"enemies":"Jaw Worm","floor":8.0,"turns":5.0},{"damage":15.0,"enemies":"3 Sentries","floor":10.0,"turns":5.0},{"damage":7.0,"enemies":"Red Slaver","floor":13.0,"turns":2.0},{"damage":4.0,"enemies":"Large Slime","floor":14.0,"turns":5.0},{"damage":0.0,"enemies":"3 Louse","floor":15.0,"turns":2.0},{"damage":11.0,"enemies":"DF_ARCHETYPE_STREAMLINE","floor":16.0,"turns":9.0},{"damage":2.0,"enemies":"3 Byrds","floor":19.0,"turns":3.0},{"damage":0.0,"enemies":"Shell Parasite","floor":21.0,"turns":4.0},{"damage":0.0,"enemies":"downfall:FleeingMerchant","floor":22.0,"turns":4.0},{"damage":40.0,"enemies":"Slavers","floor":26.0,"turns":4.0},{"damage":0.0,"enemies":"downfall:FleeingMerchant","floor":28.0,"turns":4.0},{"damage":19.0,"enemies":"Cultist and Chosen","floor":31.0,"turns":5.0},{"damage":12.0,"enemies":"3 Cultists","floor":32.0,"turns":4.0},{"damage":79.0,"enemies":"WA_ARCHETYPE_CALM","floor":33.0,"turns":10.0},{"damage":0.0,"enemies":"downfall:FleeingMerchant","floor":36.0,"turns":4.0},{"damage":2.0,"enemies":"downfall:FleeingMerchant","floor":37.0,"turns":5.0},{"damage":12.0,"enemies":"3 Shapes","floor":38.0,"turns":7.0},{"damage":3.0,"enemies":"3 Darklings","floor":39.0,"turns":3.0},{"damage":16.0,"enemies":"Writhing Mass","floor":43.0,"turns":4.0},{"damage":0.0,"enemies":"Transient","floor":45.0,"turns":5.0},{"damage":11.0,"enemies":"Spire Growth","floor":48.0,"turns":4.0},{"damage":5.0,"enemies":"Writhing Mass","floor":49.0,"turns":5.0},{"damage":23,"enemies":"SI_POISON_ARCHETYPE","floor":50,"turns":7},{"damage":106,"enemies":"downfall:CharBossMerchant","floor":52,"turns":9},{"damage":9,"enemies":"downfall:NeowBoss","floor":55,"turns":15},{"damage":111,"enemies":"downfall:NeowBossFinal","floor":56,"turns":6}],"seed_played":"4161560187592890294","potions_obtained":[{"floor":2.0,"key":"Swift Potion"},{"floor":5.0,"key":"PowerPotion"},{"floor":10.0,"key":"SpeedPotion"},{"floor":16.0,"key":"Energy Potion"},{"floor":26.0,"key":"SkillPotion"},{"floor":32.0,"key":"CultistPotion"},{"floor":33.0,"key":"AttackPotion"},{"floor":38.0,"key":"DistilledChaos"},{"floor":39.0,"key":"EssenceOfSteel"},{"floor":49.0,"key":"Guardian:BlockOnCardUsePotion"},{"floor":52,"key":"Regen Potion"}],"is_trial":false,"path_per_floor":["R","M","?","?","M","R","T","M","R","E","R","?","M","M","M","B",null,"R","M","?","M","$","R","T","?","E","?","$","?","R","M","M","B",null,"R","?","?","M","M","R","T","?","M","R","M","$","R","M","M","B",null,"E","$","R","B","B"],"character_chosen":"SLIMEBOUND","items_purchased":["Slimebound:LeechLife","AttackPotion","CaptainsWheel","Slimebound:LeadByExample","Slimebound:LeadByExample"],"campfire_rested":0,"item_purchase_floors":[22,22,36,36,53],"current_hp_per_floor":[71,71,76,76,75,75,82,83,83,83,83,83,80,81,83,76,83,83,83,83,83,83,83,83,83,59,59,67,67,67,70,83,42,83,83,83,83,83,83,83,83,83,75,85,93,93,93,92,92,80,93,52,52,52,87,0,0,0],"gold":11,"neow_bonus":"TEN_PERCENT_HP_BONUS","is_daily":false,"chose_seed":false,"campfire_upgraded":11,"win_rate":0.0,"timestamp":1611085382,"path_taken":["R","M","?","?","M","R","T","M","R","E","R","?","M","M","M","BOSS","R","M","?","M","$","R","T","?","E","?","$","?","R","M","M","BOSS","R","?","?","M","M","R","T","?","M","R","?","?","R","M","M","BOSS","E","$","R","BOSS","BOSS"],"items_purchased_type":["Card","Potion","Relic","Card","Card"],"build_version":"2020-12-22","purchased_purges":1,"victory":false,"max_hp_per_floor":[71,71,76,76,76,76,83,83,83,83,83,83,83,83,83,83,83,83,83,83,83,83,83,83,83,83,83,83,83,83,83,83,83,83,83,83,83,83,83,83,83,83,83,93,93,93,93,93,93,93,93,93,93,93,93,93,93,93],"relic_stats":{"counters":[28,147],"Gambling Chip":[19],"obtain_stats":[{"downfall:HeartBlessingRed":35,"SacredBark":34,"sneckomod:BlankCard":52,"downfall:HeartBlessingGreen":11,"sneckomod:SneckoTalon":17,"Akabeko":10,"Slimebound:PotencyRelic":41,"CaptainsWheel":36,"downfall:HeartBlessingBlue":44,"Strawberry":7,"Gambling Chip":37,"MealTicket":26,"downfall:RedIOU":27,"Slimebound:AbsorbEndCombat":0},{"downfall:HeartBlessingRed":16,"SacredBark":16,"sneckomod:BlankCard":26,"downfall:HeartBlessingGreen":4,"sneckomod:SneckoTalon":8,"Akabeko":4,"Slimebound:PotencyRelic":20,"CaptainsWheel":17,"downfall:HeartBlessingBlue":21,"Strawberry":2,"Gambling Chip":18,"MealTicket":12,"downfall:RedIOU":12,"Slimebound:AbsorbEndCombat":0},{"downfall:HeartBlessingRed":74,"SacredBark":74,"sneckomod:BlankCard":126,"downfall:HeartBlessingGreen":18,"sneckomod:SneckoTalon":36,"Akabeko":18,"Slimebound:PotencyRelic":93,"CaptainsWheel":78,"downfall:HeartBlessingBlue":97,"Strawberry":9,"Gambling Chip":83,"MealTicket":51,"downfall:RedIOU":51,"Slimebound:AbsorbEndCombat":0}]},"card_choices":[{"not_picked":["Slimebound:Chomp","Slimebound:PressTheAttack"],"picked":"Slimebound:AcidTongue","floor":2.0},{"not_picked":["Slimebound:ItLooksTasty","Slimebound:ComboTackle"],"picked":"Slimebound:LeechEnergy","floor":5.0},{"not_picked":["Slimebound:GrowthPunch","Slimebound:DisruptingSlam"],"picked":"Slimebound:GoopSpray","floor":8.0},{"not_picked":["Slimebound:WasteNot","Slimebound:Prepare"],"picked":"Slimebound:SplitAcid","floor":10.0},{"not_picked":["Slimebound:ProtectTheBoss","Slimebound:Recollect"],"picked":"Slimebound:Schlurp","floor":13.0},{"not_picked":["Slimebound:ComboTackle","Slimebound:RollThrough"],"picked":"Slimebound:LeechEnergy","floor":14.0},{"not_picked":["Slimebound:FinishingTackle","Slimebound:SamplingLick"],"picked":"Slimebound:SplitMire","floor":15.0},{"not_picked":["Slimebound:DouseInSlime","Slimebound:CheckThePlaybook"],"picked":"Slimebound:PrepareCrush","floor":16.0},{"not_picked":["Slimebound:SplitAcid","Slimebound:SlimeTap"],"picked":"Slimebound:Nibble","floor":19.0},{"not_picked":["Slimebound:FinishingTackle","Slimebound:GoopSpray+1"],"picked":"Slimebound:ItLooksTasty","floor":21.0},{"not_picked":["Slimebound:Schlurp","Slimebound:SlimeSpikes"],"picked":"Slimebound:LivingWall","floor":22.0},{"not_picked":["Slimebound:RejuvenatingLick","Slimebound:GoopTackle"],"picked":"Slimebound:TongueLash","floor":26.0},{"not_picked":["Slimebound:LeechingTouch","Slimebound:AcidTongue+1"],"picked":"Slimebound:SamplingLick+1","floor":28.0},{"not_picked":["Slimebound:GrowthPunch","Slimebound:Gluttony"],"picked":"Slimebound:ProtectTheBoss+1","floor":31.0},{"not_picked":["Slimebound:PressTheAttack","Slimebound:SplitMire"],"picked":"Slimebound:LivingWall+1","floor":32.0},{"not_picked":["Slimebound:Darklings","Slimebound:RallyTheTroops"],"picked":"Slimebound:Teamwork","floor":33.0},{"not_picked":["Slimebound:DivideAndConquer","Slimebound:BestDefense+1"],"picked":"Slimebound:Equalize+1","floor":36.0},{"not_picked":["Slimebound:SlimeBarrage","Slimebound:GoopTackle","Slimebound:DivideAndConquer"],"picked":"SKIP","floor":38.0},{"not_picked":["Slimebound:SplitLeeching","Slimebound:LevelUp"],"picked":"Slimebound:SplitSpecialist+1","floor":39.0},{"not_picked":["Slimebound:SplitMire","Slimebound:Grow+1"],"picked":"Slimebound:SamplingLick+1","floor":43.0},{"not_picked":["Slimebound:FinishingTackle+1","Slimebound:Schlurp"],"picked":"Slimebound:GoopSpray+1","floor":45.0},{"not_picked":["Slimebound:DisruptingSlam","Slimebound:LevelUp"],"picked":"Slimebound:Prepare+1","floor":48.0},{"not_picked":["Slimebound:ServeAndProtect","Slimebound:GoopTackle"],"picked":"Slimebound:HauntingLick","floor":49.0},{"not_picked":["Slimebound:Schlurp+1","Slimebound:ViciousTackle"],"picked":"Slimebound:SplitBruiser+1","floor":52}],"player_experience":182173,"relics_obtained":[{"floor":7.0,"key":"Strawberry"},{"floor":10.0,"key":"Akabeko"},{"floor":26.0,"key":"MealTicket"},{"floor":37.0,"key":"Gambling Chip"},{"floor":41.0,"key":"Slimebound:PotencyRelic"},{"floor":52,"key":"sneckomod:BlankCard"}],"event_choices":[{"damage_healed":0.0,"max_hp_gain":5.0,"max_hp_loss":0.0,"gold_gain":0.0,"event_name":"Big Fish","player_choice":"Donut","floor":3.0,"gold_loss":0.0,"damage_taken":0.0}],"is_beta":false,"boss_relics":[{"not_picked":["Fusion Hammer","expansioncontent:StudyCardRelic"],"picked":"sneckomod:SneckoTalon"},{"not_picked":["Busted Crown","Sozu"],"picked":"SacredBark"}],"items_purged_floors":[22],"is_endless":false,"potions_floor_spawned":[2,5,10,16,26,32,33,38,39,45,49,52],"killed_by":"downfall:NeowBossFinal","ascension_level":0}}