{"host":"8d3fefv2347kqkpz","time":1611052574,"event":{"mods":["100% Spire Juice","AchievementEnabler","Act Like it!","Aspiration","BaseMod","Better Vampires","Colored Map","Colored Powertips","Conspire","GifTheSpireLib","Highlight Path","Mimic Mod","Minty Spire (QoL Compilation)","Quick Restart","Reimu£®≤©¿ˆ¡È√Œ£©","Relic Stats","Remilia£®¿Ÿ√◊¿Ú—«£©","Replay The Spire","Spicy Shops","StSLib","The Gatherer","The Jungle","The Senshi","The Servant 0.9.4","Waifu the Spire","vexMod"],"gold_per_floor":[114,289,289,40,56,56,70,70,70,80,13,13,32,51,51,146,146,159,179,94,94,112,112,37,54,103,103,115,115,132,145,145,245,245,256,256,43,53,256,256,275,120,157,173,173,173],"floor_reached":45,"language":"ZHS","playtime":2530,"items_purged":["Doubt","Strike_S","Strike_S"],"score":409,"play_id":"bee54d64-d390-44e4-838e-b559452c26d3","local_time":"20210119183614","is_ascension_mode":false,"campfire_choices":[{"data":"Luminosity","floor":6,"key":"SMITH"},{"data":"SpecialFormula","floor":8,"key":"SMITH"},{"floor":12,"key":"REST"},{"floor":15,"key":"REST"},{"floor":23,"key":"REST"},{"floor":29,"key":"REST"},{"data":"Ricochet","floor":32,"key":"SMITH"},{"floor":40,"key":"REST"}],"circlet_count":0,"master_deck":["Strike_S","Defend_S+1","Defend_S","Defend_S+1","Defend_S","KidneyShot+1","Exchange","BottledTime","Luminosity+1","RealityMarble","SpecialFormula+1","SurpressingFire","BottledTime+1","SilverBlades+1","Moonlight","Dilation","Ricochet+1","Rearm","Misdirection+1","Solidify","conspire:Banana","Shuttle+1","BottledTime","Barrier+1"],"relics":["Uniform","PreservedInsect","SacredBark","Gremlin Food","aspiration:HiddenCompartment","Replay:PocketPolymizer","Regal Pillow","vexMod:RetaliationKit"],"acts_visited":["Exordium","TheCity","TheBeyond"],"potions_floor_usage":[16],"damage_taken":[{"damage":0.0,"enemies":"2 Louse","floor":1.0,"turns":3.0},{"damage":1,"enemies":"Jaw Worm","floor":5,"turns":4},{"damage":0,"enemies":"Cultist","floor":7,"turns":3},{"damage":28,"enemies":"Exordium Thugs","floor":10,"turns":7},{"damage":12,"enemies":"Blue Slaver","floor":13,"turns":5},{"damage":6,"enemies":"Red Slaver","floor":14,"turns":5},{"damage":8,"enemies":"Fading Forest","floor":16,"turns":11},{"damage":19,"enemies":"3 Byrds","floor":18,"turns":9},{"damage":6,"enemies":"Spheric Guardian","floor":19,"turns":6},{"damage":17,"enemies":"Centurion and Healer","floor":22,"turns":7},{"damage":27,"enemies":"Sentry and Sphere","floor":25,"turns":6},{"damage":10,"enemies":"Snake Plant","floor":28,"turns":7},{"damage":16,"enemies":"Cultist and Chosen","floor":30,"turns":8},{"damage":0,"enemies":"Snecko","floor":31,"turns":5},{"damage":56,"enemies":"Automaton","floor":33,"turns":13},{"damage":9,"enemies":"Orb Walker","floor":35,"turns":4},{"damage":10,"enemies":"3 Darklings","floor":38,"turns":5},{"damage":61,"enemies":"4 Shapes","floor":41,"turns":6},{"damage":0,"enemies":"Writhing Mass","floor":43,"turns":16},{"damage":21,"enemies":"Writhing Mass","floor":44,"turns":11},{"damage":15,"enemies":"Maw","floor":45,"turns":2}],"seed_played":"-7701753018823080771","potions_obtained":[{"floor":5,"key":"Dexterity Potion"},{"floor":13,"key":"LiquidMemories"},{"floor":19,"key":"Elixir"},{"floor":30,"key":"Ancient Potion"}],"is_trial":false,"path_per_floor":["M","?","?","$","M","R","M","R","T","M","$","R","M","M","R","B",null,"M","M","?","?","M","R","?","M","T","?","M","R","M","M","R","B",null,"M","T","$","M","?","R","M","$","MIM","M","M"],"character_chosen":"THE_SERVANT","items_purchased":["Luminosity","BottledTime","conspire:Banana","Regal Pillow"],"campfire_rested":5,"item_purchase_floors":[4,11,37,42],"current_hp_per_floor":[71,71,71,71,70,70,70,70,70,43,43,64,60,62,71,63,71,52,54,54,54,45,66,66,44,44,44,42,63,55,63,63,15,71,62,62,62,61,43,64,4,4,13,1,0,0],"gold":173,"neow_bonus":"TEN_PERCENT_HP_BONUS","is_daily":false,"chose_seed":false,"campfire_upgraded":3,"win_rate":0.0,"timestamp":1611052574,"path_taken":["M","?","?","$","M","R","M","R","T","?","$","R","M","M","R","BOSS","M","M","?","?","?","R","?","M","T","?","M","R","M","M","R","BOSS","M","?","$","M","?","R","?","$","MIM","M","M"],"items_purchased_type":["Card","Card","Card","Relic"],"build_version":"2020-12-22","purchased_purges":3,"victory":false,"max_hp_per_floor":[71,71,71,71,71,71,71,71,71,71,71,71,71,71,71,71,71,71,71,71,71,71,71,71,71,71,71,71,71,71,71,71,71,71,71,71,71,72,72,72,73,73,74,75,75,75],"relic_stats":{"Regal Pillow":0,"counters":[21,143],"PreservedInsect":0,"obtain_stats":[{"Gremlin Food":20,"Regal Pillow":42,"Replay:PocketPolymizer":36,"SacredBark":17,"PreservedInsect":9,"Uniform":0,"aspiration:HiddenCompartment":26,"vexMod:RetaliationKit":43},{"Gremlin Food":9,"Regal Pillow":18,"Replay:PocketPolymizer":16,"SacredBark":7,"PreservedInsect":3,"Uniform":0,"aspiration:HiddenCompartment":11,"vexMod:RetaliationKit":19},{"Gremlin Food":53,"Regal Pillow":114,"Replay:PocketPolymizer":103,"SacredBark":38,"PreservedInsect":10,"Uniform":0,"aspiration:HiddenCompartment":66,"vexMod:RetaliationKit":130}]},"card_choices":[{"not_picked":["Starlight","Unruled"],"picked":"BottledTime","floor":1.0},{"not_picked":["Contraction","TimeWarp"],"picked":"RealityMarble","floor":5},{"not_picked":["FastForward","DualDimension"],"picked":"SpecialFormula","floor":7},{"not_picked":["FastForward","Rearm"],"picked":"SurpressingFire","floor":10},{"not_picked":["Starlight","Alleviate"],"picked":"SilverBlades","floor":13},{"not_picked":["Rearm","ShatteredReality"],"picked":"Moonlight","floor":14},{"not_picked":["KillingDoll","PendulumOfEternity"],"picked":"Dilation","floor":16},{"not_picked":["Starlight","Moonlight+1"],"picked":"Ricochet","floor":18},{"not_picked":["DoubleEdge","ReturningBlade"],"picked":"Rearm","floor":19},{"not_picked":["Starlight","MoonPhase+1","FastForward"],"picked":"SKIP","floor":22},{"not_picked":["Ricochet+1","Potential","Replace"],"picked":"SKIP","floor":25},{"not_picked":["Alleviate","DualDimension"],"picked":"Misdirection+1","floor":28},{"not_picked":["Spin","Defy","Replace"],"picked":"SKIP","floor":30},{"not_picked":["FastForward+1","Potential","Comet"],"picked":"SKIP","floor":31},{"not_picked":["Initiator","Deny"],"picked":"Solidify","floor":33},{"not_picked":["Defy","Ricochet+1","Replace"],"picked":"SKIP","floor":35},{"not_picked":["Advance","Hightail","ShatteredReality"],"picked":"SKIP","floor":38},{"not_picked":["ShatteredReality","Read+1"],"picked":"Shuttle+1","floor":41},{"not_picked":["ShatteredReality+1","Replace"],"picked":"BottledTime","floor":43},{"not_picked":["Ricochet+1","ForgedInTime"],"picked":"Barrier+1","floor":44}],"player_experience":145609,"relics_obtained":[{"floor":9,"key":"PreservedInsect"},{"floor":26,"key":"aspiration:HiddenCompartment"},{"floor":36,"key":"Replay:PocketPolymizer"},{"floor":43,"key":"vexMod:RetaliationKit"}],"event_choices":[{"damage_healed":0.0,"max_hp_gain":0.0,"max_hp_loss":0.0,"gold_gain":175.0,"event_name":"Liars Game","player_choice":"AGREE","floor":2.0,"gold_loss":0.0,"damage_taken":0.0,"cards_obtained":["Doubt"]},{"damage_healed":0.0,"max_hp_gain":0.0,"max_hp_loss":0.0,"gold_gain":0.0,"event_name":"Accursed Blacksmith","player_choice":"Forge","floor":3.0,"gold_loss":0.0,"damage_taken":0.0,"cards_upgraded":["KidneyShot"]},{"damage_healed":0,"gold_gain":0,"player_choice":"Obtained Relic","damage_taken":0,"relics_obtained":["Gremlin Food"],"max_hp_gain":0,"max_hp_loss":0,"event_name":"Addict","floor":20,"gold_loss":85},{"damage_healed":0,"gold_gain":0,"player_choice":"Upgraded","damage_taken":0,"max_hp_gain":0,"max_hp_loss":0,"event_name":"Upgrade Shrine","floor":21,"gold_loss":0,"cards_upgraded":["SilverBlades"]},{"cards_removed":["Strike_S"],"damage_healed":0,"gold_gain":0,"player_choice":"Gave Gold","damage_taken":0,"max_hp_gain":0,"max_hp_loss":0,"event_name":"Beggar","floor":24,"gold_loss":75},{"damage_healed":0,"gold_gain":0,"player_choice":"Bought 0 Potions","damage_taken":0,"max_hp_gain":0,"max_hp_loss":0,"event_name":"The Woman in Blue","floor":27,"gold_loss":0}],"is_beta":false,"boss_relics":[{"not_picked":["vexMod:FluxCapacitor","Replay:Wanted Poster"],"picked":"SacredBark"},{"not_picked":["Snecko Eye","Replay:Ancient Bell","Cursed Key"]}],"items_purged_floors":[4,4,37],"is_endless":false,"potions_floor_spawned":[5,13,19,30,31,33,35,38,44],"killed_by":"Maw","ascension_level":0}}