{"host":"hbel9g7s7ibv8po6","time":1611026840,"event":{"mods":["Act Like it!","BaseMod","Duelist Mod","Minty Spire (QoL Compilation)","StSLib"],"gold_per_floor":[142,142,142,491,510,541,541,575,575,575,575,575],"floor_reached":11,"language":"ENG","playtime":633,"items_purged":[],"score":83,"play_id":"db855ba8-e627-4d53-8165-47b9e4c51613","local_time":"20210119112720","is_ascension_mode":true,"campfire_choices":[{"data":"theDuelist:Sangan","floor":7,"key":"SMITH"},{"floor":10,"key":"DIG"}],"circlet_count":0,"master_deck":["theDuelist:BeaverWarrior","theDuelist:BeaverWarrior","theDuelist:CastleWalls","theDuelist:CastleWalls","theDuelist:FinalFlame","theDuelist:GiantSoldier","theDuelist:GiantSoldier","theDuelist:ScrapFactory","theDuelist:Sparks","theDuelist:Sparks","theDuelist:Sangan+1","theDuelist:DeltaMagnet","theDuelist:CurseAnubis","theDuelist:RainbowKuriboh","theDuelist:GridRod","theDuelist:LightningRodLord","theDuelist:ImperialOrder"],"relics":["theDuelist:MillenniumPuzzle","theDuelist:CardPoolRelic","theDuelist:CardPoolBasicRelic","theDuelist:BoosterPackPoolRelic","theDuelist:CardPoolAddRelic","theDuelist:CardPoolMinusRelic","theDuelist:CardPoolSaveRelic","theDuelist:CardPoolOptionsRelic","NeowsBlessing","Peace Pipe","Magic Flower","Old Coin","Shovel","Ancient Tea Set","theDuelist:ElectricBurst","theDuelist:MillenniumRod"],"acts_visited":["Exordium"],"potions_floor_usage":[],"damage_taken":[{"damage":0,"enemies":"2 Louse","floor":1,"turns":1},{"damage":0,"enemies":"2 Louse","floor":4,"turns":1},{"damage":1,"enemies":"Cultist","floor":5,"turns":1},{"damage":27,"enemies":"3 Sentries","floor":6,"turns":9},{"damage":42,"enemies":"Lagavulin","floor":8,"turns":7},{"damage":10,"enemies":"3 Sentries","floor":11,"turns":2}],"seed_played":"3187737578870471193","potions_obtained":[{"floor":1,"key":"SmokeBomb"}],"is_trial":false,"path_per_floor":["M","?","?","?","M","E","R","E","T","R","E"],"character_chosen":"THE_DUELIST","items_purchased":[],"campfire_rested":0,"item_purchase_floors":[],"current_hp_per_floor":[80,80,80,80,79,52,52,10,10,10,0,0],"gold":575,"neow_bonus":"THREE_ENEMY_KILL","is_daily":false,"chose_seed":false,"campfire_upgraded":1,"win_rate":0.0,"timestamp":1611026840,"path_taken":["M","?","?","?","?","E","R","E","T","R","E"],"items_purchased_type":[],"build_version":"2020-12-22","purchased_purges":0,"victory":false,"max_hp_per_floor":[80,80,80,80,80,80,80,80,80,80,80,80],"card_choices":[{"not_picked":["theDuelist:MeteorDestruction","theDuelist:Hinotama","theDuelist:DoubleTool","theDuelist:CombinationAttack"],"picked":"theDuelist:Sangan","floor":1},{"not_picked":["theDuelist:RainbowNeos","theDuelist:HappyLover","theDuelist:Eva","theDuelist:RainbowOverdragon"],"picked":"theDuelist:RainbowKuriboh","floor":4},{"not_picked":["theDuelist:ImperialOrder","theDuelist:GravityAxe","theDuelist:ElectromagneticShield","theDuelist:MiraculousDescent"],"picked":"theDuelist:GridRod","floor":5},{"not_picked":["theDuelist:ForbiddenChalice","theDuelist:BattleguardKing","theDuelist:ReleaseFromStone","theDuelist:DokiDoki"],"picked":"theDuelist:LightningRodLord","floor":6},{"not_picked":["theDuelist:CoreBlaster","theDuelist:Tuningware","theDuelist:WormApocalypse","theDuelist:SpiritHarp"],"picked":"theDuelist:ImperialOrder","floor":8}],"player_experience":111440,"relics_obtained":[{"floor":4,"key":"Peace Pipe"},{"floor":4,"key":"Magic Flower"},{"floor":4,"key":"Old Coin"},{"floor":6,"key":"Shovel"},{"floor":8,"key":"Ancient Tea Set"},{"floor":9,"key":"theDuelist:ElectricBurst"},{"floor":10,"key":"theDuelist:MillenniumRod"}],"event_choices":[{"damage_healed":0,"gold_gain":0,"player_choice":"Delta Electro","duelist":true,"damage_taken":0,"max_hp_gain":0,"max_hp_loss":0,"event_name":"Egyptian Village","floor":2,"gold_loss":0,"cards_obtained":["Delta Electromagnet Warrior"]},{"damage_healed":0,"gold_gain":0,"player_choice":"Worship - 20% roll at +12 Max HP","duelist":true,"damage_taken":0,"max_hp_gain":0,"max_hp_loss":0,"event_name":"Tomb of the Nameless","floor":3,"gold_loss":0},{"damage_healed":0,"gold_gain":0,"player_choice":"Fight","duelist":true,"damage_taken":0,"max_hp_gain":0,"max_hp_loss":0,"event_name":"Battle City","floor":4,"gold_loss":0}],"is_beta":false,"boss_relics":[],"items_purged_floors":[],"is_endless":false,"potions_floor_spawned":[1],"killed_by":"3 Sentries","ascension_level":1}}