{"host":"9h1qbmp5h1ch7u4r","time":1611081846,"event":{"mods":["Act Like it!","BaseMod","Hallownest","Minty Spire (QoL Compilation)","StSLib","The Bug Knight"],"gold_per_floor":[116,116,135,151,161,161,161,195,266,299,61,61,93,93,93,93,93],"floor_reached":16,"language":"ENG","playtime":867,"items_purged":[],"score":160,"play_id":"771c761c-64ac-478b-8110-c4ce907bddcf","local_time":"20210119134406","is_ascension_mode":true,"campfire_choices":[{"data":"HollowMod:AwokenDreamNail","floor":6,"key":"SMITH"},{"data":"HollowMod:ShapeofUnn","floor":12,"key":"SMITH"},{"data":"HollowMod:MonarchWings","floor":15,"key":"SMITH"}],"circlet_count":1,"master_deck":["HollowMod:NailStrikeStart","HollowMod:NailStrikeStart","HollowMod:NailStrikeStart","HollowMod:NailStrikeStart","HollowMod:QuickDashStart","HollowMod:QuickDashStart","HollowMod:QuickDashStart","HollowMod:QuickDashStart","HollowMod:FocusHealStart","HollowMod:PogoStrike","Dramatic Entrance","HollowMod:ShapeofUnn+1","HollowMod:SharpenedShadows","HollowMod:AwokenDreamNail+1","HollowMod:MonarchWings+1","HollowMod:DashSlash","HollowMod:NewLittleFool"],"relics":["HollowMod:VesselMask","Hallownest:DreamNailRelic","Hallownest:TeacherSealRelic","Ginger","Bottled Tornado","Ancient Tea Set","Mummified Hand","HollowMod:IsmasTear","Circlet"],"acts_visited":["Exordium"],"potions_floor_usage":[13,16],"damage_taken":[{"damage":0,"enemies":"Hallownest:monsterHuskWarrior","floor":1,"turns":3},{"damage":0,"enemies":"2_ Uuma","floor":3,"turns":3},{"damage":0,"enemies":"Hallownest:2_Baldur","floor":4,"turns":3},{"damage":2,"enemies":"Hallownest:monsterFoolEater","floor":5,"turns":3},{"damage":17,"enemies":"Hallownest:eliteCrystalGuardian","floor":8,"turns":8},{"damage":21,"enemies":"Hallownest:eliteVengeflyKing","floor":10,"turns":8},{"damage":0,"enemies":"Hallownest:eliteCrystalGuardian","floor":13,"turns":5},{"damage":78,"enemies":"Hallownest:BossBrokenVessel","floor":16,"turns":12}],"seed_played":"-3418384996649680356","potions_obtained":[{"floor":5,"key":"BlessingOfTheForge"},{"floor":8,"key":"PowerPotion"},{"floor":10,"key":"LiquidMemories"},{"floor":13,"key":"Regen Potion"}],"is_trial":false,"path_per_floor":["M","?","M","M","M","R","?","E","T","E","$","R","E","?","R","B"],"character_chosen":"THE_BUGKNIGHT","items_purchased":["Mummified Hand"],"campfire_rested":0,"item_purchase_floors":[11],"current_hp_per_floor":[75,75,75,75,73,73,73,58,58,47,47,47,57,57,57,0,0],"gold":93,"neow_bonus":"RANDOM_COLORLESS","is_daily":false,"chose_seed":false,"campfire_upgraded":3,"win_rate":0.0,"timestamp":1611081846,"path_taken":["M","?","?","M","M","R","?","E","T","E","$","R","E","?","R","BOSS"],"items_purchased_type":["Relic"],"build_version":"2020-12-22","purchased_purges":0,"victory":false,"max_hp_per_floor":[75,75,75,75,75,75,75,75,75,75,75,75,75,75,75,75,75],"card_choices":[{"not_picked":["Finesse","Mind Blast"],"picked":"Dramatic Entrance","floor":0},{"not_picked":["HollowMod:SoulStrike","HollowMod:LifebloodCocoon"],"picked":"HollowMod:ShapeofUnn","floor":1},{"not_picked":["HollowMod:SoulVessel","HollowMod:ShadowDash"],"picked":"HollowMod:SharpenedShadows","floor":3},{"not_picked":["HollowMod:LuriensSpire","HollowMod:AbyssShriek"],"picked":"HollowMod:AwokenDreamNail","floor":4},{"not_picked":["HollowMod:CrystalDash","HollowMod:InfectedAttack"],"picked":"HollowMod:MonarchWings","floor":5},{"not_picked":["HollowMod:NewJinnsSoul","HollowMod:FastStrike","HollowMod:GreatSlash"],"picked":"SKIP","floor":8},{"not_picked":["HollowMod:GoodIntentions","HollowMod:Grubsong"],"picked":"HollowMod:DashSlash","floor":10},{"not_picked":["HollowMod:VengefulSpirit","HollowMod:MidwifesHunger"],"picked":"HollowMod:NewLittleFool","floor":13}],"player_experience":912054,"relics_obtained":[{"floor":8,"key":"Ginger"},{"floor":9,"key":"Bottled Tornado"},{"floor":10,"key":"Ancient Tea Set"},{"floor":13,"key":"HollowMod:IsmasTear"}],"event_choices":[],"is_beta":false,"boss_relics":[],"items_purged_floors":[],"is_endless":false,"potions_floor_spawned":[5,8,10,13],"killed_by":"Hallownest:BossBrokenVessel","ascension_level":3}}