{"host":"nbmmy2ys5j9alw05","time":1611040063,"event":{"mods":["AchievementEnabler","BaseMod","Bestiary","Better Vampires","Colored Map","Colored Powertips","Googly Eyes","Minty Spire (QoL Compilation)","Quick Restart","StSLib","The Hierophant","The IronCluck","everything is the same but u backflip on backflip"],"gold_per_floor":[110,122,122,138,63,63,89,89,89,89,164,64,64,64,64,64,64],"floor_reached":16,"language":"ENG","playtime":504,"items_purged":["hierophant:Strike_Hierophant","hierophant:Strike_Hierophant"],"score":101,"play_id":"005ce5d7-661a-423f-955e-ecb9c809e803","local_time":"20210118230743","is_ascension_mode":true,"campfire_choices":[{"data":"hierophant:HolyVerse","floor":6,"key":"SMITH"},{"data":"hierophant:Alms","floor":8,"key":"SMITH"},{"data":"hierophant:Punish","floor":10,"key":"SMITH"},{"data":"hierophant:TollTheBells","floor":13,"key":"SMITH"},{"floor":15,"key":"REST"}],"circlet_count":0,"master_deck":["hierophant:Strike_Hierophant","hierophant:Strike_Hierophant","hierophant:Punish+1","hierophant:Defend_Hierophant","hierophant:Defend_Hierophant","hierophant:Defend_Hierophant","hierophant:Defend_Hierophant","hierophant:ChurchCoffers","hierophant:HolyVerse+1","hierophant:Alms+1","hierophant:TollTheBells+1"],"relics":["hierophant:PropheticMaskRelic","NeowsBlessing","Singing Bowl","Pear"],"acts_visited":["Exordium"],"potions_floor_usage":[16],"damage_taken":[{"damage":0,"enemies":"Jaw Worm","floor":1,"turns":1},{"damage":0,"enemies":"Small Slimes","floor":2,"turns":1},{"damage":0,"enemies":"2 Louse","floor":4,"turns":1},{"damage":22,"enemies":"Gremlin Nob","floor":7,"turns":4},{"damage":84,"enemies":"Hexaghost","floor":16,"turns":11}],"seed_played":"-7893357290071248381","potions_obtained":[{"floor":2,"key":"GamblersBrew"},{"floor":7,"key":"Explosive Potion"}],"is_trial":false,"path_per_floor":["M","M","?","M","$","R","E","R","T","R","?","$","R","?","R","B"],"character_chosen":"HIEROPHANT","items_purchased":[],"campfire_rested":1,"item_purchase_floors":[],"current_hp_per_floor":[75,75,75,75,75,75,55,55,65,65,54,54,54,54,80,0,0],"gold":64,"neow_bonus":"THREE_ENEMY_KILL","is_daily":false,"chose_seed":false,"campfire_upgraded":4,"win_rate":0.0,"timestamp":1611040063,"path_taken":["M","M","?","M","?","R","E","R","T","R","?","$","R","?","R","BOSS"],"items_purchased_type":[],"build_version":"2020-12-22","purchased_purges":2,"victory":false,"max_hp_per_floor":[75,75,75,75,75,75,77,77,87,87,87,87,87,87,87,87,87],"card_choices":[{"not_picked":["hierophant:PassingBell","hierophant:FieryStrike"],"picked":"hierophant:HolyVerse","floor":1},{"not_picked":["hierophant:SecretStash","hierophant:DisplayOfPower"],"picked":"hierophant:Alms","floor":2},{"not_picked":["hierophant:RustyCrate","hierophant:HammerAndAnvil"],"picked":"hierophant:TollTheBells","floor":4},{"not_picked":["hierophant:BulkyChest","hierophant:TollTheBells","hierophant:SealAway"],"picked":"Singing Bowl","floor":7}],"player_experience":460736,"relics_obtained":[{"floor":7,"key":"Singing Bowl"},{"floor":9,"key":"Pear"}],"event_choices":[{"damage_healed":0,"gold_gain":0,"player_choice":"Ignored","damage_taken":0,"max_hp_gain":0,"max_hp_loss":0,"event_name":"Liars Game","floor":3,"gold_loss":0},{"damage_healed":0,"gold_gain":75,"player_choice":"Gather Gold","damage_taken":11,"max_hp_gain":0,"max_hp_loss":0,"event_name":"World of Goop","floor":11,"gold_loss":0},{"damage_healed":0,"gold_gain":0,"player_choice":"Fled","damage_taken":0,"max_hp_gain":0,"max_hp_loss":0,"event_name":"Scrap Ooze","floor":14,"gold_loss":0}],"is_beta":false,"boss_relics":[],"items_purged_floors":[5,12],"is_endless":false,"potions_floor_spawned":[2,7],"killed_by":"Hexaghost","ascension_level":1}}