{"host":"17xjy7b7ubl548g2","time":1611034332,"event":{"mods":["2.2 Compatiblity","Act Like it!","Aspiration","Astrologer","Bard","BaseMod","Bestiary","Challenge The Spire","ChefMod","Colored Map","Colored Powertips","Conspire","Elementarium","Energized Spire","Gensokyo","GifTheSpireLib","Halation","Hallownest","Hubris","Infinite Spire","Jedi Mod","Jorbs\u0027s Wanderer Trilogy","Marisa（霧雨　魔理沙）","Marked Mod","Menagerie","Minty Spire (QoL Compilation)","Pale of the Ancients","Permanent Neow","Puzzle Mod","Replay The Spire","Robot Space Explorer","Spicy Shops","StSLib","Stuff the Spire","The Blue Laboratory","The Bug Knight","The Construct","The Disciple","The Factory","The Hayseed","The Hierophant","The Marked","The Runesmith","The Sage","TheFirefly"],"gold_per_floor":[116,136,162,202,27,27,58,58,83,100,117,131,131,156,156,253,253,263,283,395,395,413,441,458,458,485,485,500,533,46,102,102,198,198,214,227,240,240,253,279,279,0,27,60,60,60,93,93,93,93,93,93,19,45,45],"floor_reached":56,"language":"ENG","playtime":5964,"items_purged":["HollowMod:NailStrikeStart","HollowMod:QuickDashStart","Shame","Normality","HollowMod:NailStrikeStart"],"score":1693,"play_id":"ecf57a88-8773-43c2-8878-258003ddd78f","local_time":"20210119003212","is_ascension_mode":true,"campfire_choices":[{"data":"HollowMod:VengefulSpirit","floor":6.0,"key":"SMITH"},{"data":"HollowMod:DashSlash","floor":8.0,"key":"SMITH"},{"data":"HollowMod:HowlingWraiths","floor":13.0,"key":"SMITH"},{"data":"HollowMod:SoulSplash","floor":15.0,"key":"SMITH"},{"data":"HollowMod:Weaversong","floor":25.0,"key":"SMITH"},{"data":"infinitespire:Gouge","floor":32,"key":"SMITH"},{"data":"HollowMod:Weaversong","floor":41,"key":"SMITH"},{"floor":48,"key":"RECALL"},{"data":"HollowMod:NewLastStag","floor":49,"key":"SMITH"},{"data":"HollowMod:PerfectDash","floor":52,"key":"SMITH"}],"circlet_count":0,"master_deck":["HollowMod:NailStrikeStart","HollowMod:NailStrikeStart","HollowMod:QuickDashStart","HollowMod:QuickDashStart","HollowMod:QuickDashStart","HollowMod:FocusHealStart+1","HollowMod:PogoStrike","HollowMod:DashSlash+1","HollowMod:VengefulSpirit+1","HollowMod:GoodIntentions","HollowMod:CrystalDash","HollowMod:GoodIntentions","HollowMod:HowlingWraiths+1","HollowMod:SoulSplash+1","HollowMod:DoubleDash","HollowMod:Weaversong+1","infinitespire:Gouge+1","ReplayTheSpireMod:Trickstab","HollowMod:CycloneSlash","HollowMod:PerfectDash+1","HollowMod:CloakDash","HollowMod:QuirrelsAssistance+1","HollowMod:Weaversong+1","HollowMod:HowlingWraiths+1","HollowMod:NewLastStag+1","HollowMod:DoubleDash+1","HollowMod:MantisMark+1"],"relics":["HollowMod:VesselMask","StoneCalendar","MealTicket","jedi:arcanewood","jedi:crownofsimplicity","Busted Crown","ReplayTheSpireMod:ShopPack","Bag of Preparation","Strawberry","Boot","Oddly Smooth Stone","infinitespire:BottledMercury","aspiration:MobileForge","Juzu Bracelet","HollowMod:LifeEnderRelic","conspire:TopHat","Replay:Rubber Ducky"],"acts_visited":["Exordium","Hallownest:Greenpath","Hallownest:CityofTears","TheEnding"],"potions_floor_usage":[33,35,37,39,40,55,55,55],"damage_taken":[{"damage":0.0,"enemies":"2_ Uuma","floor":1.0,"turns":7.0},{"damage":5.0,"enemies":"Hallownest:monsterHuskGuard","floor":2.0,"turns":4.0},{"damage":3.0,"enemies":"Hallownest:eliteMossKnight","floor":3.0,"turns":4.0},{"damage":0.0,"enemies":"Hallownest:eliteVengeflyKing","floor":7.0,"turns":6.0},{"damage":3.0,"enemies":"Hallownest:2_Baldur","floor":10.0,"turns":4.0},{"damage":0.0,"enemies":"Hallownest:monsterMossCharger","floor":11.0,"turns":4.0},{"damage":0.0,"enemies":"Hallownest:MossCreep_and_Mosskin","floor":12.0,"turns":5.0},{"damage":1.0,"enemies":"Hallownest:eliteMossKnight","floor":14.0,"turns":5.0},{"damage":22.0,"enemies":"Hallownest:BossHornet","floor":16.0,"turns":9.0},{"damage":2.0,"enemies":"Hallownest:Flukemon_and_Top","floor":18.0,"turns":3.0},{"damage":1.0,"enemies":"Hallownest:2_Mistakes","floor":19.0,"turns":3.0},{"damage":4.0,"enemies":"Hallownest:2_Flukemon","floor":22.0,"turns":6.0},{"damage":24.0,"enemies":"Hallownest:eliteSoulWarrior","floor":23.0,"turns":5.0},{"damage":0.0,"enemies":"Hallownest:monsterMisterMushroom","floor":24.0,"turns":3.0},{"damage":4.0,"enemies":"Hallownest:monsterShrumalOgre","floor":28.0,"turns":3.0},{"damage":6,"enemies":"Hallownest:Nosk","floor":29,"turns":5},{"damage":4,"enemies":"Hallownest:Glutton_and_Coward","floor":31,"turns":2},{"damage":4,"enemies":"Hallownest:BossSoulMaster","floor":33,"turns":6},{"damage":4,"enemies":"Hallownest:2_Littles","floor":35,"turns":5},{"damage":11,"enemies":"Hallownest:Shield_Heavy","floor":36,"turns":4},{"damage":27,"enemies":"Hallownest:2_Wandering_and_1_Horned","floor":37,"turns":6},{"damage":0,"enemies":"Hallownest:2_Soldiers_and_1_Guardian","floor":39,"turns":4},{"damage":3,"enemies":"Hallownest:eliteCollector","floor":40,"turns":7},{"damage":0,"enemies":"Hallownest:StalkingDevout","floor":44,"turns":4},{"damage":3,"enemies":"Hallownest:eliteHiveKnight","floor":47,"turns":6},{"damage":41,"enemies":"Hallownest:BossHollowKnight","floor":50,"turns":9},{"damage":15,"enemies":"Shield and Spear","floor":54,"turns":5},{"damage":56,"enemies":"The Heart","floor":55,"turns":9}],"seed_played":"-3335466977693862425","potions_obtained":[{"floor":3.0,"key":"blueLaboratory:NullPotion"},{"floor":10.0,"key":"blueLaboratory:BubblePotion"},{"floor":11.0,"key":"blueLaboratory:BubblePotion"},{"floor":12.0,"key":"blueLaboratory:FruitPreserves"},{"floor":16.0,"key":"blueLaboratory:TrueEctoplasm"},{"floor":18.0,"key":"CultistPotion"},{"floor":22.0,"key":"LiquidMemories"},{"floor":29,"key":"SteroidPotion"},{"floor":31,"key":"LiquidMemories"},{"floor":33,"key":"blueLaboratory:LouseDecoction"},{"floor":35,"key":"blueLaboratory:BottledHope"},{"floor":37,"key":"Swift Potion"},{"floor":44,"key":"Adrenaline Potion"}],"is_trial":false,"path_per_floor":["M","M","?","?","$","R","E","R","T","M","M","M","R","E","R","B",null,"M","M","?","AVR","M","E","M","R","T","?","M","E","$","M","R","B",null,"M","M","M","AVR","M","E","R","?","T","E","$","?","E","R","R","B",null,"R","$","E","B",null],"character_chosen":"THE_BUGKNIGHT","items_purchased":["Oddly Smooth Stone","infinitespire:BottledMercury","HollowMod:QuirrelsAssistance+1","LiquidMemories"],"campfire_rested":0,"item_purchase_floors":[30,30,30,53],"current_hp_per_floor":[75,75,72,72,72,72,75,75,75,74,75,75,75,75,75,66,73,71,75,75,75,71,47,59,59,66,74,82,76,82,78,78,80,82,78,67,46,46,58,65,65,65,65,71,82,82,80,80,80,50,74,74,82,79,35],"gold":45,"neow_bonus":"UPGRADE_CARD","is_daily":false,"chose_seed":false,"campfire_upgraded":9,"win_rate":0.0,"timestamp":1611034332,"path_taken":["M","M","?","?","$","R","E","R","T","M","M","M","R","E","R","BOSS","M","M","?","AVR","M","E","M","R","T","?","?","E","$","M","R","BOSS","M","?","M","AVR","M","E","R","?","T","E","?","?","E","?","R","BOSS","R","$","E","BOSS"],"items_purchased_type":["Relic","Relic","Card","Potion"],"build_version":"2020-12-22","purchased_purges":5,"victory":true,"max_hp_per_floor":[75,75,75,75,75,75,75,75,75,75,75,75,75,75,75,75,75,75,75,75,75,75,75,75,75,82,82,82,82,82,82,82,82,82,82,82,82,82,82,82,82,82,82,82,82,82,82,82,82,82,82,82,82,82,82],"card_choices":[{"not_picked":["HollowMod:SoulEater","HollowMod:DreamGate"],"picked":"HollowMod:DashSlash","floor":1.0},{"not_picked":["HollowMod:InfectedAttack","HollowMod:SharpenedNail"],"picked":"HollowMod:VengefulSpirit","floor":2.0},{"not_picked":["HollowMod:LifebloodCocoon","HollowMod:SharpenedShadows"],"picked":"HollowMod:GoodIntentions","floor":3.0},{"not_picked":["HollowMod:InfectedCysts","HollowMod:GoodIntentions"],"picked":"HollowMod:CrystalDash","floor":7.0},{"not_picked":["HollowMod:MothsMistake","HollowMod:DescendingDark"],"picked":"HollowMod:GoodIntentions","floor":10.0},{"not_picked":["HollowMod:CloakDash","HollowMod:LifebloodCore"],"picked":"HollowMod:HowlingWraiths","floor":11.0},{"not_picked":["HollowMod:NewGlowingWomb","HollowMod:MonarchWings"],"picked":"HollowMod:SoulSplash","floor":12.0},{"not_picked":["HollowMod:MonomonsArchive","HollowMod:Grubsong"],"picked":"HollowMod:DoubleDash","floor":14.0},{"not_picked":["HollowMod:PaleKingsBlessing","HollowMod:RadiancesLament"],"picked":"HollowMod:Weaversong","floor":16.0},{"not_picked":["HollowMod:SiblingsShadow+1"],"picked":"SKIP","floor":18.0},{"not_picked":["HollowMod:InfectedCysts+1"],"picked":"SKIP","floor":19.0},{"not_picked":[],"picked":"ReplayTheSpireMod:Trickstab","floor":21.0},{"not_picked":[],"picked":"HollowMod:CycloneSlash","floor":22.0},{"not_picked":[],"picked":"HollowMod:PerfectDash","floor":23.0},{"not_picked":["HollowMod:WraithStrike"],"picked":"SKIP","floor":24.0},{"not_picked":[],"picked":"HollowMod:CloakDash","floor":28.0},{"not_picked":["HollowMod:BlackTendrils"],"picked":"SKIP","floor":29},{"not_picked":["HollowMod:HowlingWraiths"],"picked":"SKIP","floor":31},{"not_picked":[],"picked":"HollowMod:Weaversong","floor":33},{"not_picked":["HollowMod:SoulStrike"],"picked":"SKIP","floor":35},{"not_picked":["HollowMod:BrokenVessel+1"],"picked":"SKIP","floor":36},{"not_picked":[],"picked":"HollowMod:HowlingWraiths+1","floor":37},{"not_picked":["HollowMod:SharpenedNail"],"picked":"SKIP","floor":39},{"not_picked":["HollowMod:InfectedCysts"],"picked":"SKIP","floor":40},{"not_picked":[],"picked":"HollowMod:DoubleDash+1","floor":44},{"not_picked":[],"picked":"HollowMod:MantisMark+1","floor":47},{"not_picked":["HollowMod:NewInfectedGuardian"],"picked":"SKIP","floor":54}],"player_experience":1842630,"relics_obtained":[{"floor":3.0,"key":"StoneCalendar"},{"floor":7.0,"key":"MealTicket"},{"floor":9.0,"key":"jedi:arcanewood"},{"floor":14.0,"key":"jedi:crownofsimplicity"},{"floor":23.0,"key":"Bag of Preparation"},{"floor":26.0,"key":"Strawberry"},{"floor":29,"key":"Boot"},{"floor":40,"key":"Juzu Bracelet"},{"floor":44,"key":"HollowMod:LifeEnderRelic"},{"floor":47,"key":"conspire:TopHat"},{"floor":54,"key":"Replay:Rubber Ducky"}],"event_choices":[],"is_beta":false,"boss_relics":[{"not_picked":["Kintsugi","jedi:battlestandard"],"picked":"Busted Crown"},{"not_picked":["aspiration:RitualDagger","Fusion Hammer"],"picked":"aspiration:MobileForge"}],"items_purged_floors":[5,5,21,30,38],"is_endless":false,"potions_floor_spawned":[3,10,11,12,16,18,22,29,31,33,35,37,44,54],"ascension_level":9}}