{"host":"yvb207ks1sg3cxef","time":1611042185,"event":{"mods":["2.2 Compatiblity","BaseMod","Bestiary","Colored Powertips","Minty Spire (QoL Compilation)","Permanent Neow","Quick Restart","Relic Stats","StSLib"],"gold_per_floor":[116,134,42,58,38,38,52,84,84,118,118,152,152,217,217,322,372,385,385,385,3,3,3,30,4,4,4,38,53,67,67,67,67,67],"floor_reached":33,"language":"ENG","playtime":2851,"items_purged":["Writhe"],"score":543,"play_id":"a3798c28-d954-441a-bdd7-5d2bb4ca007e","local_time":"20210119131305","is_ascension_mode":true,"campfire_choices":[{"data":"PathToVictory","floor":6.0,"key":"SMITH"},{"data":"Study","floor":13.0,"key":"SMITH"},{"data":"Wallop","floor":15.0,"key":"SMITH"},{"data":"Adaptation","floor":23.0,"key":"SMITH"},{"data":"Establishment","floor":27,"key":"SMITH"},{"data":"Devotion","floor":32,"key":"SMITH"}],"circlet_count":0,"master_deck":["AscendersBane","Strike_P","Strike_P","Strike_P","Defend_P","Defend_P","Defend_P+1","Defend_P","Eruption+1","Vigilance","PathToVictory","PathToVictory+1","Wallop+1","Protect","DeceiveReality","Study+1","Adaptation+1","Establishment+1","Tantrum","BowlingBash+1","Perseverance","Devotion","Devotion+1","SashWhip","Prostrate","EmptyFist","Halt"],"relics":["PureWater","Matryoshka","Orichalcum","HornCleat","Toy Ornithopter","Bottled Tornado","InkBottle","Tiny House","Art of War","Happy Flower","Pen Nib","Mummified Hand","Eternal Feather","Meat on the Bone","Pear"],"acts_visited":["TheCity"],"potions_floor_usage":[24],"damage_taken":[{"damage":0.0,"enemies":"Cultist","floor":1.0,"turns":3.0},{"damage":0.0,"enemies":"2 Louse","floor":2.0,"turns":3.0},{"damage":0.0,"enemies":"Jaw Worm","floor":4.0,"turns":3.0},{"damage":0.0,"enemies":"Exordium Wildlife","floor":7.0,"turns":4.0},{"damage":11.0,"enemies":"3 Sentries","floor":8.0,"turns":9.0},{"damage":8.0,"enemies":"Lagavulin","floor":10.0,"turns":8.0},{"damage":0.0,"enemies":"3 Sentries","floor":12.0,"turns":7.0},{"damage":0.0,"enemies":"3 Sentries","floor":14.0,"turns":10.0},{"damage":6.0,"enemies":"The Guardian","floor":16.0,"turns":9.0},{"damage":3.0,"enemies":"3 Byrds","floor":18.0,"turns":7.0},{"damage":33,"enemies":"Book of Stabbing","floor":24,"turns":8},{"damage":40,"enemies":"Gremlin Leader","floor":28,"turns":6},{"damage":9,"enemies":"Chosen","floor":29,"turns":6},{"damage":0,"enemies":"Sentry and Sphere","floor":30,"turns":4},{"damage":87,"enemies":"Champ","floor":33,"turns":8}],"seed_played":"-7033617679981932162","potions_obtained":[{"floor":2.0,"key":"BlessingOfTheForge"},{"floor":5.0,"key":"Swift Potion"},{"floor":8.0,"key":"Weak Potion"},{"floor":10.0,"key":"GamblersBrew"},{"floor":12.0,"key":"GamblersBrew"},{"floor":17.0,"key":"Block Potion"},{"floor":18.0,"key":"StancePotion"}],"is_trial":false,"path_per_floor":["M","M","$","M","?","R","M","E","T","E","?","E","R","?","R","B",null,"M","?","?","$","T","R","E","$","T","R","E","M","M","$","R","B"],"character_chosen":"WATCHER","items_purchased":["Wallop","Protect","Happy Flower","Devotion","SashWhip"],"campfire_rested":0,"item_purchase_floors":[3,3,21,21,25],"current_hp_per_floor":[65,65,65,65,65,65,65,54,54,46,39,44,44,49,49,43,70,72,72,72,72,72,72,44,44,44,56,38,41,53,53,68,0,0],"gold":67,"neow_bonus":"UPGRADE_CARD","is_daily":false,"chose_seed":false,"campfire_upgraded":6,"win_rate":0.0,"timestamp":1611042185,"path_taken":["M","M","?","M","?","R","?","E","T","E","?","E","R","?","R","BOSS","M","?","?","$","?","R","E","?","T","R","E","M","?","$","R","BOSS"],"items_purchased_type":["Card","Card","Relic","Card","Card"],"build_version":"2020-12-22","purchased_purges":1,"victory":false,"max_hp_per_floor":[72,72,72,72,72,72,72,72,72,72,72,72,72,72,72,72,77,77,77,77,77,77,77,77,77,77,77,87,87,87,87,87,87,87],"relic_stats":{"Happy Flower":[10],"counters":[15,95],"Mummified Hand":[25],"Eternal Feather":27,"Pen Nib":[4],"Art of War":[5],"Orichalcum":[30],"obtain_stats":[{"Tiny House":17,"Pear":28,"Happy Flower":21,"Eternal Feather":24,"Pen Nib":22,"Orichalcum":9,"Bottled Tornado":12,"Matryoshka":8,"HornCleat":9,"Mummified Hand":22,"Art of War":19,"PureWater":0,"Toy Ornithopter":10,"InkBottle":14,"Meat on the Bone":26},{"Tiny House":9,"Pear":12,"Happy Flower":10,"Eternal Feather":11,"Pen Nib":10,"Orichalcum":5,"Bottled Tornado":7,"Matryoshka":5,"HornCleat":5,"Mummified Hand":10,"Art of War":10,"PureWater":0,"Toy Ornithopter":6,"InkBottle":7,"Meat on the Bone":11},{"Tiny House":56,"Pear":77,"Happy Flower":63,"Eternal Feather":71,"Pen Nib":63,"Orichalcum":22,"Bottled Tornado":37,"Matryoshka":22,"HornCleat":22,"Mummified Hand":63,"Art of War":63,"PureWater":0,"Toy Ornithopter":30,"InkBottle":37,"Meat on the Bone":71}],"Toy Ornithopter":20,"InkBottle":[23],"Meat on the Bone":36},"card_choices":[{"not_picked":["Crescendo","ForeignInfluence"],"picked":"PathToVictory","floor":1.0},{"not_picked":["Protect","Crescendo"],"picked":"PathToVictory","floor":2.0},{"not_picked":["WreathOfFlame","FlurryOfBlows"],"picked":"DeceiveReality","floor":4.0},{"not_picked":["Collect","Evaluate","EmptyMind"],"picked":"SKIP","floor":7.0},{"not_picked":["ThirdEye","EmptyBody","Indignation"],"picked":"SKIP","floor":8.0},{"not_picked":["Evaluate","CutThroughFate"],"picked":"Study","floor":10.0},{"not_picked":["Conclude","EmptyMind","BowlingBash"],"picked":"SKIP","floor":12.0},{"not_picked":["EmptyBody","Judgement"],"picked":"Adaptation","floor":14.0},{"not_picked":["Judgement","Ragnarok"],"picked":"Establishment","floor":16.0},{"not_picked":["EmptyFist","FlurryOfBlows"],"picked":"Tantrum","floor":17.0},{"not_picked":["BowlingBash+1","Indignation","ReachHeaven"],"picked":"SKIP","floor":18.0},{"not_picked":["Indignation","ReachHeaven"],"picked":"BowlingBash+1","floor":18.0},{"not_picked":["TalkToTheHand","MentalFortress"],"picked":"Devotion","floor":24},{"not_picked":["Consecrate","FollowUp"],"picked":"Prostrate","floor":28},{"not_picked":["Protect","CarveReality"],"picked":"EmptyFist","floor":29},{"not_picked":["Crescendo","Sanctity"],"picked":"Halt","floor":30}],"player_experience":387388,"relics_obtained":[{"floor":8.0,"key":"Matryoshka"},{"floor":9.0,"key":"Orichalcum"},{"floor":9.0,"key":"HornCleat"},{"floor":10.0,"key":"Toy Ornithopter"},{"floor":12.0,"key":"Bottled Tornado"},{"floor":22.0,"key":"Pen Nib"},{"floor":22.0,"key":"Mummified Hand"},{"floor":24,"key":"Eternal Feather"},{"floor":26,"key":"Meat on the Bone"},{"floor":28,"key":"Pear"}],"event_choices":[{"damage_healed":0.0,"max_hp_gain":0.0,"max_hp_loss":0.0,"gold_gain":0.0,"event_name":"The Woman in Blue","player_choice":"Bought 1 Potion","floor":5.0,"gold_loss":0.0,"damage_taken":0.0},{"cards_removed":["Strike_P"],"damage_healed":0.0,"max_hp_gain":0.0,"max_hp_loss":0.0,"gold_gain":0.0,"event_name":"Golden Wing","player_choice":"Card Removal","floor":11.0,"gold_loss":0.0,"damage_taken":7.0},{"damage_healed":0.0,"max_hp_gain":0.0,"max_hp_loss":0.0,"gold_gain":30.0,"event_name":"Dead Adventurer","player_choice":"Searched \u00273\u0027 times","floor":14.0,"gold_loss":0.0,"damage_taken":0.0,"relics_obtained":["InkBottle"]},{"damage_healed":0.0,"max_hp_gain":0.0,"max_hp_loss":0.0,"gold_gain":0.0,"event_name":"The Mausoleum","player_choice":"Opened","floor":19.0,"gold_loss":0.0,"damage_taken":0.0,"relics_obtained":["Art of War"],"cards_obtained":["Writhe"]},{"damage_healed":0.0,"max_hp_gain":0.0,"max_hp_loss":0.0,"gold_gain":0.0,"event_name":"The Library","player_choice":"Read","floor":20.0,"gold_loss":0.0,"damage_taken":0.0,"cards_obtained":["Perseverance"]}],"is_beta":false,"boss_relics":[{"not_picked":["Philosopher\u0027s Stone","Runic Dome"],"picked":"Tiny House"}],"items_purged_floors":[21],"is_endless":false,"potions_floor_spawned":[2,8,10,12,18],"killed_by":"Champ","ascension_level":12}}