{"host":"qzq9y7dlvg9zw3hx","time":1611072864,"event":{"mods":["Act Like it!","BaseMod","Minty Spire (QoL Compilation)","StSLib","¡¾ÒÅÎï¿¨ÅÆ¡¿REMEMod"],"gold_per_floor":[111,111,61,61,71,96,113,113,159,185,200,227,245,245,245,349,349,368,12,28,40,40,40,69,114,114,69,69,69],"floor_reached":28,"language":"ZHS","playtime":11321,"items_purged":["Double Energy"],"score":297,"play_id":"86ae8204-07a6-4883-800d-9a91ecf86051","local_time":"20210120001424","is_ascension_mode":true,"campfire_choices":[{"data":"Neutralize","floor":8.0,"key":"SMITH"},{"floor":15.0,"key":"REST"},{"data":"Infinite Blades","floor":23,"key":"SMITH"}],"circlet_count":0,"master_deck":["Strike_G+1","Strike_G","Strike_G","Strike_G+1","Defend_G","Defend_G","Defend_G","Defend_G","Defend_G","Survivor","Neutralize+1","Backflip","Dagger Spray","Glass Knife","Prepared","Slice","Infinite Blades+1","Finisher","Burst","Infinite Blades","Prepared+1","Escape Plan+1","Dagger Throw"],"relics":["Ring of the Snake","REME_ComplimentaryCards","NeowsBlessing","Vajra","Potion Belt","REME_HandOfSuture","Du-Vu Doll","HoveringKite","Strange Spoon","Prayer Wheel","Bottled Flame"],"acts_visited":["Exordium","TheCity"],"potions_floor_usage":[16,24,25,25,25,25],"damage_taken":[{"damage":0.0,"enemies":"Jaw Worm","floor":1.0,"turns":1.0},{"damage":0.0,"enemies":"2 Louse","floor":5.0,"turns":1.0},{"damage":0.0,"enemies":"3 Sentries","floor":6.0,"turns":1.0},{"damage":0.0,"enemies":"Cultist","floor":7.0,"turns":2.0},{"damage":14.0,"enemies":"Lagavulin","floor":10.0,"turns":7.0},{"damage":0.0,"enemies":"2 Fungi Beasts","floor":11.0,"turns":2.0},{"damage":18.0,"enemies":"Gremlin Nob","floor":12.0,"turns":5.0},{"damage":4.0,"enemies":"Gremlin Gang","floor":13.0,"turns":3.0},{"damage":5,"enemies":"Slime Boss","floor":16,"turns":8},{"damage":20,"enemies":"Spheric Guardian","floor":18,"turns":4},{"damage":0,"enemies":"3 Byrds","floor":20,"turns":3},{"damage":12,"enemies":"Shelled Parasite and Fungi","floor":21,"turns":4},{"damage":61,"enemies":"Gremlin Leader","floor":24,"turns":8},{"damage":11,"enemies":"Snake Plant","floor":25,"turns":6},{"damage":59,"enemies":"REME_1_Revenger","floor":28,"turns":4}],"seed_played":"1596768528807780061","potions_obtained":[{"floor":5.0,"key":"FairyPotion"},{"floor":6.0,"key":"BlessingOfTheForge"},{"floor":7.0,"key":"Dexterity Potion"},{"floor":13.0,"key":"LiquidMemories"},{"floor":21,"key":"EssenceOfSteel"},{"floor":24,"key":"REME_GoldPotion"}],"is_trial":false,"path_per_floor":["M","?","?","$","M","E","M","R","T","E","M","E","M","?","R","B",null,"M","$","M","M","?","R","E","M","T","$","E"],"character_chosen":"THE_SILENT","items_purchased":["Infinite Blades","Strange Spoon","PowerPotion","Dagger Throw"],"campfire_rested":1,"item_purchase_floors":[19,19,19,27],"current_hp_per_floor":[70,56,56,56,56,56,56,56,56,42,42,24,20,20,41,36,70,50,50,50,38,80,80,19,8,8,8,0,0],"gold":69,"neow_bonus":"THREE_ENEMY_KILL","is_daily":false,"chose_seed":false,"campfire_upgraded":2,"win_rate":0.0,"timestamp":1611072864,"path_taken":["M","?","?","?","M","E","M","R","T","E","M","E","M","?","R","BOSS","M","$","M","?","?","R","E","?","T","?","E"],"items_purchased_type":["Card","Relic","Potion","Card"],"build_version":"2020-12-22","purchased_purges":1,"victory":false,"max_hp_per_floor":[70,70,70,70,70,70,70,70,70,70,70,70,70,70,70,70,70,70,70,70,70,80,80,80,80,80,80,80,80],"card_choices":[{"not_picked":["Bane","Sucker Punch","Slice"],"picked":"SKIP","floor":1.0},{"not_picked":["Heel Hook","Distraction"],"picked":"Backflip","floor":5.0},{"not_picked":["Flying Knee","Riddle With Holes"],"picked":"Dagger Spray","floor":6.0},{"not_picked":["Catalyst","Sucker Punch","Eviscerate"],"picked":"SKIP","floor":7.0},{"not_picked":["Underhanded Strike","REME_GreenPollution"],"picked":"Glass Knife","floor":10.0},{"not_picked":["Well Laid Plans","Poisoned Stab"],"picked":"Prepared","floor":11.0},{"not_picked":["REME_GreenPollution","REME_ShadowStrike","Bouncing Flask"],"picked":"SKIP","floor":12.0},{"not_picked":["Caltrops","Prepared"],"picked":"Slice","floor":13.0},{"not_picked":["Venomology","Malaise"],"picked":"Burst","floor":16},{"not_picked":["PiercingWail","Dagger Spray+1","Quick Slash"],"picked":"SKIP","floor":18},{"not_picked":["Quick Slash","Endless Agony"],"picked":"Finisher","floor":20},{"not_picked":["Flying Knee","Dodge and Roll+1","Backflip"],"picked":"SKIP","floor":21},{"not_picked":["Noxious Fumes","REME_GreenPollution"],"picked":"Infinite Blades","floor":24},{"not_picked":["Backstab","Backflip"],"picked":"Prepared+1","floor":25},{"not_picked":["Outmaneuver+1","A Thousand Cuts"],"picked":"Escape Plan+1","floor":25}],"player_experience":55549,"relics_obtained":[{"floor":6.0,"key":"Vajra"},{"floor":9.0,"key":"Potion Belt"},{"floor":10.0,"key":"REME_HandOfSuture"},{"floor":12.0,"key":"Du-Vu Doll"},{"floor":24,"key":"Prayer Wheel"},{"floor":26,"key":"Bottled Flame"}],"event_choices":[{"damage_healed":0.0,"max_hp_gain":0.0,"max_hp_loss":0.0,"gold_gain":0.0,"event_name":"Shining Light","player_choice":"Entered Light","floor":2.0,"gold_loss":0.0,"damage_taken":14.0,"cards_upgraded":["Strike_G","Strike_G"]},{"cards_removed":["Strike_G"],"damage_healed":0.0,"max_hp_gain":0.0,"max_hp_loss":0.0,"gold_gain":0.0,"event_name":"The Cleric","player_choice":"Card Removal","floor":3.0,"gold_loss":50.0,"damage_taken":0.0},{"damage_healed":0.0,"max_hp_gain":0.0,"max_hp_loss":0.0,"gold_gain":0.0,"event_name":"The Woman in Blue","player_choice":"Bought 0 Potions","floor":14.0,"gold_loss":0.0,"damage_taken":0.0},{"cards_removed":["Burst"],"damage_healed":32,"gold_gain":0,"player_choice":"Offered Rare","damage_taken":0,"max_hp_gain":10,"max_hp_loss":0,"event_name":"Bonfire Elementals","floor":22,"gold_loss":0}],"is_beta":false,"boss_relics":[{"not_picked":["Sozu","Tiny House"],"picked":"HoveringKite"}],"items_purged_floors":[19],"is_endless":false,"potions_floor_spawned":[5,6,7,13,21,24],"killed_by":"REME_1_Revenger","ascension_level":1}}