{"host":"suojx0p17o4vmgbq","time":1611046706,"event":{"mods":["AchievementEnabler","Act Like it!","BaseMod","Colored Map","Colored Powertips","Friendly Minions","GifTheSpireLib","Highlight Path","Minty Spire (QoL Compilation)","Quick Restart","Rare Cards Sparkle","Relic Stats","Spicy Shops","StSLib"],"gold_per_floor":[110,121,121,46,60,60,78,78,78,91,19,34,46,64,64,161,461,471,55,55,65,65,65,97,108,108,59,59,70,95,112,112,112,112],"floor_reached":33,"language":"ZHS","playtime":7927,"items_purged":["Strike_R","Strike_R"],"score":261,"play_id":"60cf41f6-5b40-466c-b24e-a48d8757234f","local_time":"20210119165826","is_ascension_mode":false,"campfire_choices":[{"data":"Bash","floor":6.0,"key":"SMITH"},{"floor":8.0,"key":"REST"},{"data":"Flex","floor":15.0,"key":"SMITH"},{"data":"Double Tap","floor":23.0,"key":"SMITH"},{"data":"Warcry","floor":28.0,"key":"SMITH"},{"data":"Berserk","floor":32.0,"key":"SMITH"}],"circlet_count":0,"master_deck":["Strike_R","Strike_R","Strike_R","Defend_R","Defend_R","Defend_R","Defend_R","Bash+1","Whirlwind+1","Dropkick","Flex+1","Berserk+1","CurseOfTheBell","Headbutt","Double Tap+1","Finesse","Flex","Pommel Strike+1","Warcry+1","Battle Trance","Warcry","Anger"],"relics":["Burning Blood","NeowsBlessing","Bag of Preparation","Toolbox","Calling Bell","Bag of Marbles","Eternal Feather","Old Coin","HandDrill","HornCleat","Incense Burner","Red Mask"],"acts_visited":["Exordium","TheCity"],"potions_floor_usage":[33,33],"damage_taken":[{"damage":0.0,"enemies":"Small Slimes","floor":1.0,"turns":1.0},{"damage":0.0,"enemies":"Cultist","floor":2.0,"turns":1.0},{"damage":0.0,"enemies":"2 Louse","floor":5.0,"turns":1.0},{"damage":24.0,"enemies":"Blue Slaver","floor":7.0,"turns":3.0},{"damage":6.0,"enemies":"2 Fungi Beasts","floor":10.0,"turns":2.0},{"damage":0.0,"enemies":"3 Louse","floor":12.0,"turns":1.0},{"damage":0.0,"enemies":"Gremlin Gang","floor":13.0,"turns":2.0},{"damage":9.0,"enemies":"Blue Slaver","floor":14.0,"turns":3.0},{"damage":23.0,"enemies":"Slime Boss","floor":16.0,"turns":7.0},{"damage":0.0,"enemies":"2 Thieves","floor":18.0,"turns":1.0},{"damage":3.0,"enemies":"Spheric Guardian","floor":21.0,"turns":3.0},{"damage":30.0,"enemies":"Slavers","floor":24.0,"turns":3.0},{"damage":20.0,"enemies":"Snecko","floor":25.0,"turns":7.0},{"damage":0.0,"enemies":"3 Cultists","floor":29.0,"turns":3.0},{"damage":0.0,"enemies":"Masked Bandits","floor":30.0,"turns":3.0},{"damage":0.0,"enemies":"Snake Plant","floor":31.0,"turns":1.0},{"damage":80,"enemies":"Collector","floor":33,"turns":7}],"seed_played":"-3008627613277601461","potions_obtained":[{"floor":2.0,"key":"Strength Potion"},{"floor":7.0,"key":"SteroidPotion"},{"floor":10.0,"key":"Block Potion"},{"floor":16.0,"key":"BlessingOfTheForge"},{"floor":18.0,"key":"DistilledChaos"},{"floor":25.0,"key":"AttackPotion"},{"floor":29.0,"key":"PowerPotion"}],"is_trial":false,"path_per_floor":["M","M","?","$","M","R","M","R","T","M","$","M","M","M","R","B",null,"M","$","?","M","?","R","E","M","T","$","R","M","?","M","R","B"],"character_chosen":"IRONCLAD","items_purchased":["Toolbox","Double Tap","HandDrill","Finesse","Explosive Potion"],"campfire_rested":1,"item_purchase_floors":[11,19,19,19,27],"current_hp_per_floor":[80,80,80,80,80,80,62,80,80,80,80,80,80,77,77,60,80,80,80,80,80,80,80,56,42,42,42,54,60,66,72,80,0,0],"gold":112,"neow_bonus":"THREE_ENEMY_KILL","is_daily":false,"chose_seed":false,"campfire_upgraded":5,"win_rate":0.0,"timestamp":1611046706,"path_taken":["M","M","?","$","M","R","M","R","T","M","$","M","?","M","R","BOSS","M","$","?","M","?","R","E","M","T","$","R","M","?","M","R","BOSS"],"items_purchased_type":["Relic","Card","Relic","Card","Potion"],"build_version":"2020-12-22","purchased_purges":2,"victory":false,"max_hp_per_floor":[80,80,80,80,80,80,80,80,80,80,80,80,80,80,80,80,80,80,80,80,80,80,80,80,80,80,80,80,80,80,80,80,80,80],"relic_stats":{"counters":[17,49],"Eternal Feather":20,"Bag of Preparation":[26],"HandDrill":[10],"obtain_stats":[{"Calling Bell":17,"HornCleat":24,"NeowsBlessing":0,"Toolbox":11,"Eternal Feather":17,"Bag of Preparation":9,"Bag of Marbles":17,"HandDrill":19,"Incense Burner":26,"Red Mask":30,"Burning Blood":0,"Old Coin":17},{"Calling Bell":9,"HornCleat":12,"NeowsBlessing":0,"Toolbox":5,"Eternal Feather":9,"Bag of Preparation":4,"Bag of Marbles":9,"HandDrill":10,"Incense Burner":13,"Red Mask":15,"Burning Blood":0,"Old Coin":9},{"Calling Bell":21,"HornCleat":28,"NeowsBlessing":0,"Toolbox":8,"Eternal Feather":21,"Bag of Preparation":6,"Bag of Marbles":21,"HandDrill":22,"Incense Burner":35,"Red Mask":41,"Burning Blood":0,"Old Coin":21}],"Burning Blood":57},"card_choices":[{"not_picked":["Shrug It Off","Twin Strike"],"picked":"Whirlwind","floor":1.0},{"not_picked":["Iron Wave","Thunderclap","Cleave"],"picked":"SKIP","floor":2.0},{"not_picked":["Dropkick","Intimidate","Body Slam"],"picked":"SKIP","floor":5.0},{"not_picked":["Perfected Strike","Body Slam","Power Through"],"picked":"SKIP","floor":7.0},{"not_picked":["Carnage","Clothesline","Uppercut"],"picked":"SKIP","floor":10.0},{"not_picked":["Shockwave","Shrug It Off"],"picked":"Dropkick","floor":12.0},{"not_picked":["Blood for Blood","Dropkick"],"picked":"Flex","floor":13.0},{"not_picked":["Reckless Charge","Intimidate","Flex"],"picked":"SKIP","floor":14.0},{"not_picked":["Corruption","Reaper"],"picked":"Berserk","floor":16.0},{"not_picked":["Pommel Strike","Flex"],"picked":"Headbutt","floor":18.0},{"not_picked":["True Grit+1","Sword Boomerang+1"],"picked":"Pommel Strike+1","floor":21.0},{"not_picked":["Pommel Strike","Clothesline"],"picked":"Warcry","floor":24.0},{"not_picked":["Whirlwind","Clothesline"],"picked":"Battle Trance","floor":25.0},{"not_picked":["Clash","Thunderclap"],"picked":"Warcry","floor":29.0},{"not_picked":["Battle Trance+1","Barricade"],"picked":"Anger","floor":30.0},{"not_picked":["Twin Strike","Pommel Strike","Sword Boomerang"],"picked":"SKIP","floor":31.0}],"player_experience":11859,"relics_obtained":[{"floor":9.0,"key":"Bag of Preparation"},{"floor":17.0,"key":"Bag of Marbles"},{"floor":17.0,"key":"Eternal Feather"},{"floor":17.0,"key":"Old Coin"},{"floor":24.0,"key":"HornCleat"},{"floor":26.0,"key":"Incense Burner"},{"floor":30.0,"key":"Red Mask"}],"event_choices":[{"damage_healed":0.0,"max_hp_gain":0.0,"max_hp_loss":0.0,"gold_gain":0.0,"event_name":"Accursed Blacksmith","player_choice":"Forge","floor":3.0,"gold_loss":0.0,"damage_taken":0.0,"cards_upgraded":["Whirlwind"]},{"damage_healed":0.0,"max_hp_gain":0.0,"max_hp_loss":0.0,"gold_gain":0.0,"event_name":"The Library","player_choice":"Read","floor":20.0,"gold_loss":0.0,"damage_taken":0.0,"cards_obtained":["Flex"]},{"damage_healed":0.0,"max_hp_gain":0.0,"max_hp_loss":0.0,"gold_gain":0.0,"event_name":"Ghosts","player_choice":"Ignored","floor":22.0,"gold_loss":0.0,"damage_taken":0.0},{"damage_healed":0.0,"max_hp_gain":0.0,"max_hp_loss":0.0,"gold_gain":0.0,"event_name":"Masked Bandits","player_choice":"Fought Bandits","floor":30.0,"gold_loss":0.0,"damage_taken":0.0}],"is_beta":false,"boss_relics":[{"not_picked":["Runic Dome","Snecko Eye"],"picked":"Calling Bell"}],"items_purged_floors":[4,19],"is_endless":false,"potions_floor_spawned":[2,7,10,16,18,25,29],"killed_by":"Collector","ascension_level":0}}