{"host":"f5y45f7z7ziu0smp","time":1611068458,"event":{"mods":["AchievementEnabler","BaseMod","Marisa£¨Ùöéë¡¡Øª×âÞÞ£©","Minty Spire (QoL Compilation)","Permanent Neow","Starting Relic: Pandora\u0027s Box","SuperFastMode","¡¼?Úª?ø«¡½REMEMod"],"gold_per_floor":[160,138,138,138,138,138,162,162,188,188,219,72,85,123,123,252,252,265,31,44,59,59,95,118,43,122,138,153,194,245,245,245,342,342,357,632,97,114,28,73,90,124,124,76,76,89,9,36,36,36],"floor_reached":51,"language":"KOR","playtime":1879,"items_purged":["Cold Snap","Regret"],"score":1600,"play_id":"53b0eefe-4852-4c7d-83c6-bcfb1e47530f","local_time":"20210120000058","is_ascension_mode":true,"campfire_choices":[{"data":"REME_ACTH","floor":6,"key":"SMITH"},{"data":"Beam Cell","floor":10,"key":"SMITH"},{"data":"Defragment","floor":15,"key":"SMITH"},{"floor":32,"key":"REST"},{"floor":45,"key":"REST"},{"floor":49,"key":"REST"}],"circlet_count":0,"master_deck":["AscendersBane","Zap+1","Dualcast+1","Loop+1","Chaos+1","Static Discharge","Gash","Skim+1","Hologram+1","Defragment+1","REME_ACTH+1","Beam Cell+1","Gash","Turbo","Compile Driver","REME_ForAll","Heatsinks","Amplify","Gash+1","All For One","REME_ACTH+1","Gash","Turbo+1","Machine Learning","CurseOfTheBell","BootSequence+1","REME_PuzzleBox","Finesse","REME_Compress","Go for the Eyes","REME_Shoggoth","Scrape+1"],"relics":["REME_ComplimentaryCards","Tiny House","Bloody Idol","White Beast Statue","War Paint","Sundial","REME_PuzzleBoxRelic","Fusion Hammer","DollysMirror","Oddly Smooth Stone","Matryoshka","DataDisk","Calling Bell","Tiny Chest","Mummified Hand","TungstenRod","Bottled Lightning","Orichalcum","Pear","Regal Pillow","Boot","Thread and Needle"],"acts_visited":["Exordium","TheCity","TheBeyond"],"potions_floor_usage":[16,18,21,23,29,30,35,41,50,50,50],"damage_taken":[{"damage":0,"enemies":"2 Louse","floor":1,"turns":3},{"damage":0,"enemies":"Jaw Worm","floor":7,"turns":2},{"damage":8,"enemies":"Gremlin Nob","floor":11,"turns":3},{"damage":0,"enemies":"Cultist","floor":13,"turns":2},{"damage":0,"enemies":"Lagavulin","floor":14,"turns":3},{"damage":0,"enemies":"Hexaghost","floor":16,"turns":2},{"damage":0,"enemies":"Spheric Guardian","floor":18,"turns":2},{"damage":0,"enemies":"3 Byrds","floor":20,"turns":2},{"damage":0,"enemies":"Cultist and Chosen","floor":21,"turns":2},{"damage":10,"enemies":"Book of Stabbing","floor":23,"turns":2},{"damage":0,"enemies":"Snecko","floor":24,"turns":2},{"damage":8,"enemies":"Shelled Parasite and Fungi","floor":27,"turns":2},{"damage":0,"enemies":"Snake Plant","floor":28,"turns":1},{"damage":34,"enemies":"Slavers","floor":29,"turns":2},{"damage":0,"enemies":"Centurion and Healer","floor":30,"turns":2},{"damage":0,"enemies":"Collector","floor":33,"turns":2},{"damage":0,"enemies":"3 Darklings","floor":35,"turns":1},{"damage":0,"enemies":"3 Shapes","floor":38,"turns":1},{"damage":0,"enemies":"Nemesis","floor":40,"turns":1},{"damage":0,"enemies":"Spire Growth","floor":41,"turns":1},{"damage":0,"enemies":"Giant Head","floor":42,"turns":1},{"damage":0,"enemies":"Sphere and 2 Shapes","floor":46,"turns":1},{"damage":0,"enemies":"Nemesis","floor":48,"turns":1},{"damage":23,"enemies":"Time Eater","floor":50,"turns":3}],"seed_played":"-2581668234242820596","potions_obtained":[{"floor":0,"key":"Weak Potion"},{"floor":1,"key":"Weak Potion"},{"floor":7,"key":"SmokeBomb"},{"floor":11,"key":"FocusPotion"},{"floor":13,"key":"LiquidBronze"},{"floor":16,"key":"EssenceOfSteel"},{"floor":18,"key":"ColorlessPotion"},{"floor":21,"key":"SpeedPotion"},{"floor":23,"key":"LiquidBronze"},{"floor":24,"key":"LiquidMemories"},{"floor":27,"key":"Regen Potion"},{"floor":28,"key":"SteroidPotion"},{"floor":29,"key":"REME_GoldPotion"},{"floor":30,"key":"Energy Potion"},{"floor":33,"key":"Swift Potion"},{"floor":38,"key":"DistilledChaos"},{"floor":40,"key":"REME_GoldPotion"},{"floor":41,"key":"FearPotion"}],"is_trial":false,"path_per_floor":["M","$","?","?","?","R","M","?","T","R","E","$","M","E","R","B",null,"M","$","M","M","?","E","M","$","T","M","M","E","M","?","R","B",null,"M","?","$","M","$","E","M","E","T","$","R","M","$","E","R","B",null],"character_chosen":"DEFECT","items_purchased":["Turbo","REME_ForAll","All For One","DollysMirror","Bottled Lightning","REME_PuzzleBox","Finesse","Go for the Eyes","REME_Shoggoth"],"campfire_rested":3,"item_purchase_floors":[2,12,19,19,37,37,39,44,47],"current_hp_per_floor":[73,73,53,37,37,37,37,37,37,37,29,29,29,29,29,29,67,67,67,67,67,67,57,57,57,57,49,49,20,20,20,44,49,72,77,80,80,80,80,80,80,90,90,90,90,90,90,90,90,67],"gold":36,"neow_bonus":"BOSS_RELIC","is_daily":false,"chose_seed":false,"campfire_upgraded":3,"win_rate":0.0,"timestamp":1611068458,"path_taken":["M","$","?","?","?","R","?","?","T","R","E","$","M","E","R","BOSS","M","$","M","M","?","E","M","$","T","M","M","E","M","?","R","BOSS","M","?","$","M","$","E","M","E","T","?","R","M","$","E","R","BOSS"],"items_purchased_type":["Card","Card","Card","Relic","Relic","Card","Card","Card","Card"],"build_version":"2020-12-22","purchased_purges":2,"victory":true,"max_hp_per_floor":[80,80,80,80,80,80,80,80,80,80,80,80,80,80,80,80,80,80,80,80,80,80,80,80,80,80,80,80,80,80,80,80,80,80,80,80,80,80,80,80,80,90,90,90,90,90,90,90,90,90],"card_choices":[{"not_picked":["Ball Lightning","Leap"],"picked":"Beam Cell","floor":0},{"not_picked":["REME_Whirling","Beam Cell"],"picked":"Gash","floor":1},{"not_picked":["Sweeping Beam","Darkness","Stack"],"picked":"SKIP","floor":7},{"not_picked":["Creative AI","Leap"],"picked":"Compile Driver","floor":11},{"not_picked":["Barrage","Turbo","FTL"],"picked":"SKIP","floor":13},{"not_picked":["Streamline","Ball Lightning"],"picked":"Heatsinks","floor":14},{"not_picked":["Electrodynamics","Reboot"],"picked":"Amplify","floor":16},{"not_picked":["Go for the Eyes","Self Repair"],"picked":"Gash+1","floor":18},{"not_picked":["Undo","Rebound","Conserve Battery"],"picked":"SKIP","floor":20},{"not_picked":["Steam+1","Glacier","Turbo"],"picked":"SKIP","floor":21},{"not_picked":["Glacier","Seek"],"picked":"Gash","floor":23},{"not_picked":["Conserve Battery","Capacitor","Turbo"],"picked":"SKIP","floor":24},{"not_picked":["Streamline+1","Barrage"],"picked":"Turbo+1","floor":27},{"not_picked":["Compile Driver","Redo+1","Biased Cognition"],"picked":"SKIP","floor":28},{"not_picked":["Conserve Battery","Stack+1","Rebound"],"picked":"SKIP","floor":29},{"not_picked":["Leap+1","Cold Snap","Steam"],"picked":"SKIP","floor":30},{"not_picked":["Rainbow","Amplify"],"picked":"Machine Learning","floor":33},{"not_picked":["Streamline","Loop+1"],"picked":"BootSequence+1","floor":35},{"not_picked":["Chaos","Stack+1","Blizzard"],"picked":"SKIP","floor":38},{"not_picked":["Cold Snap","Fission","Reinforced Body"],"picked":"SKIP","floor":40},{"not_picked":["Static Discharge+1","Cold Snap","REME_DataAnalysis"],"picked":"SKIP","floor":41},{"not_picked":["Conserve Battery","Core Surge"],"picked":"REME_Compress","floor":42},{"not_picked":["Barrage+1","Stack","Compile Driver"],"picked":"SKIP","floor":46},{"not_picked":["REME_Whirling+1","Stack+1"],"picked":"Scrape+1","floor":48}],"player_experience":141520,"relics_obtained":[{"floor":9,"key":"War Paint"},{"floor":11,"key":"Sundial"},{"floor":14,"key":"REME_PuzzleBoxRelic"},{"floor":23,"key":"Oddly Smooth Stone"},{"floor":26,"key":"Matryoshka"},{"floor":29,"key":"DataDisk"},{"floor":34,"key":"Tiny Chest"},{"floor":34,"key":"Mummified Hand"},{"floor":34,"key":"TungstenRod"},{"floor":40,"key":"Orichalcum"},{"floor":42,"key":"Pear"},{"floor":43,"key":"Regal Pillow"},{"floor":43,"key":"Boot"},{"floor":48,"key":"Thread and Needle"}],"event_choices":[{"damage_healed":0,"gold_gain":0,"player_choice":"Take Damage","damage_taken":20,"relics_obtained":["Golden Idol"],"max_hp_gain":0,"max_hp_loss":0,"event_name":"Golden Idol","floor":3,"gold_loss":0},{"damage_healed":0,"gold_gain":0,"player_choice":"Entered Light","damage_taken":16,"max_hp_gain":0,"max_hp_loss":0,"event_name":"Shining Light","floor":4,"gold_loss":0,"cards_upgraded":["Chaos","Zap"]},{"damage_healed":0,"gold_gain":0,"player_choice":"Gave Potion","damage_taken":0,"relics_obtained":["White Beast Statue"],"max_hp_gain":0,"max_hp_loss":0,"event_name":"WeMeetAgain","floor":5,"gold_loss":0},{"damage_healed":0,"gold_gain":0,"player_choice":"Grow","damage_taken":0,"max_hp_gain":0,"max_hp_loss":0,"event_name":"Living Wall","floor":8,"gold_loss":0,"cards_upgraded":["Dualcast"]},{"damage_healed":0,"gold_gain":0,"player_choice":"Ignored","damage_taken":0,"max_hp_gain":0,"max_hp_loss":0,"event_name":"Ghosts","floor":22,"gold_loss":0},{"damage_healed":0,"gold_gain":0,"player_choice":"Gave Idol","damage_taken":0,"relics_obtained":["Bloody Idol"],"max_hp_gain":0,"max_hp_loss":0,"event_name":"Forgotten Altar","floor":31,"relics_lost":["Golden Idol"],"gold_loss":0},{"damage_healed":0,"gold_gain":275,"player_choice":"Desecrate","damage_taken":0,"max_hp_gain":0,"max_hp_loss":0,"event_name":"Golden Shrine","floor":36,"gold_loss":0,"cards_obtained":["Regret"]}],"is_beta":false,"boss_relics":[{"not_picked":["Inserter","Sozu"],"picked":"Fusion Hammer"},{"not_picked":["Runic Pyramid","Snecko Eye"],"picked":"Calling Bell"}],"items_purged_floors":[25,37],"is_endless":false,"potions_floor_spawned":[1,7,11,13,14,16,18,20,21,23,24,27,28,29,30,33,35,38,40,41,42,46,48],"ascension_level":10}}