{"host":"gqhy17d1xpb1p3ki","time":1611091007,"event":{"mods":["BaseMod","Colored Map","Downfall","Minty Spire (QoL Compilation)","StSLib"],"gold_per_floor":[99,111,19,83,83,115,141,155,155,173,173,189,209,112,132,132,132,132],"floor_reached":16,"language":"ENG","playtime":1251,"items_purged":[],"score":102,"play_id":"d6b249f6-3463-4e07-a0b5-40a0470506e4","local_time":"20210119161647","is_ascension_mode":false,"campfire_choices":[{"data":"hexamod:Sear","floor":1,"key":"SMITH"},{"data":"hexamod:ExtraCrispy","floor":9,"key":"SMITH"},{"floor":11,"key":"REST"}],"circlet_count":0,"master_deck":["hexamod:Strike","hexamod:Strike","hexamod:Strike","hexamod:Strike","hexamod:Defend+1","hexamod:Defend+1","hexamod:Defend+1","hexamod:Defend+1","hexamod:Sear+1","hexamod:Float","hexamod:HeatMetal+1","hexamod:SwordOfDarkness","hexamod:ExtraCrispy+1","hexamod:SpectersWail","hexamod:SixthSeal","hexamod:BurningTouch","hexamod:ThirdSeal","hexamod:GhostOfSpirePresent+1","hexamod:Hexaguard","hexamod:RadiantFlame","hexamod:SearingWound","hexamod:SecondSeal","hexamod:Hexaguard","expansioncontent:InvincibleStrength","hexamod:RainOfEmbers"],"relics":["hexamod:SpiritBrand","Ginger","Orichalcum","Art of War"],"acts_visited":["Exordium"],"potions_floor_usage":[16,16],"damage_taken":[{"damage":0,"enemies":"Cultist","floor":2,"turns":3},{"damage":0,"enemies":"downfall:FleeingMerchant","floor":3,"turns":4},{"damage":24,"enemies":"Gremlin Nob","floor":4,"turns":4},{"damage":26,"enemies":"3 Sentries","floor":6,"turns":7},{"damage":8,"enemies":"Jaw Worm","floor":8,"turns":4},{"damage":1,"enemies":"2 Louse","floor":10,"turns":2},{"damage":6,"enemies":"Blue Slaver","floor":12,"turns":4},{"damage":32,"enemies":"Exordium Thugs","floor":13,"turns":6},{"damage":0,"enemies":"downfall:FleeingMerchant","floor":14,"turns":4},{"damage":0,"enemies":"Lots of Slimes","floor":15,"turns":4},{"damage":23,"enemies":"WA_ARCHETYPE_RETAIN","floor":16,"turns":6}],"seed_played":"3597727621393229943","potions_obtained":[{"floor":4,"key":"LiquidMemories"},{"floor":6,"key":"ColorlessPotion"},{"floor":12,"key":"sneckomod:MuddlingPotion"}],"is_trial":false,"path_per_floor":["R","M","$","?","?","E","T","M","R","M","R","M","M","$","M","B"],"character_chosen":"THE_SPIRIT","items_purchased":["hexamod:ExtraCrispy","expansioncontent:InvincibleStrength"],"campfire_rested":1,"item_purchase_floors":[3,14],"current_hp_per_floor":[77,77,77,53,53,27,27,19,19,18,41,35,3,3,3,0,0,0],"gold":132,"neow_bonus":"TEN_PERCENT_HP_BONUS","is_daily":false,"chose_seed":false,"campfire_upgraded":2,"win_rate":0.0,"timestamp":1611091007,"path_taken":["R","M","$","?","?","E","T","M","R","?","R","M","M","?","M","BOSS"],"items_purchased_type":["Card","Card"],"build_version":"2020-12-22","purchased_purges":0,"victory":false,"max_hp_per_floor":[77,77,77,77,77,77,77,77,77,77,77,77,77,77,77,77,77,77],"card_choices":[{"not_picked":["hexamod:FastForward","hexamod:NightmareStrike"],"picked":"hexamod:HeatMetal","floor":2},{"not_picked":["hexamod:EtherealExpedition","hexamod:PhantomFireball"],"picked":"hexamod:SwordOfDarkness","floor":3},{"not_picked":["hexamod:ShieldOfDarkness","hexamod:GhostLash"],"picked":"hexamod:SpectersWail","floor":4},{"not_picked":["hexamod:Hexaguard","hexamod:BurningTouch"],"picked":"hexamod:SixthSeal","floor":6},{"not_picked":["hexamod:SwordOfDarkness","hexamod:Firestarter"],"picked":"hexamod:BurningTouch","floor":8},{"not_picked":["hexamod:Hexaguard","hexamod:SwordOfDarkness"],"picked":"hexamod:ThirdSeal","floor":10},{"not_picked":["hexamod:GhostShield","hexamod:BacktrackSmack"],"picked":"hexamod:GhostOfSpirePresent","floor":12},{"not_picked":["hexamod:BacktrackSmack","hexamod:ThermalTransfer"],"picked":"hexamod:Hexaguard","floor":12},{"not_picked":["hexamod:ShieldOfDarkness","hexamod:GhostOfSpirePast"],"picked":"hexamod:RadiantFlame","floor":13},{"not_picked":["hexamod:SpectersWail","hexamod:GhostLash"],"picked":"hexamod:SearingWound","floor":13},{"not_picked":["hexamod:HeatShield","hexamod:InspiringFlames"],"picked":"hexamod:SecondSeal","floor":14},{"not_picked":["hexamod:HeatMetal","hexamod:GhostLash"],"picked":"hexamod:Hexaguard","floor":14},{"not_picked":["hexamod:RadiantFlame","hexamod:Again"],"picked":"hexamod:RainOfEmbers","floor":15}],"player_experience":344045,"relics_obtained":[{"floor":4,"key":"Ginger"},{"floor":6,"key":"Orichalcum"},{"floor":7,"key":"Art of War"}],"event_choices":[],"is_beta":false,"boss_relics":[],"items_purged_floors":[],"is_endless":false,"potions_floor_spawned":[4,6,12,13],"killed_by":"WA_ARCHETYPE_RETAIN","ascension_level":0}}