{"host":"vyjryxuuuxkt43k4","time":1611032434,"event":{"mods":["AchievementEnabler","BaseMod","Colored Map","DeckTracker","Keyboard Shortcuts","Minty Spire (QoL Compilation)","Permanent Neow","Quick Restart","Rare Cards Sparkle","StSLib","SuperFastMode","everything is the same but u backflip on backflip"],"gold_per_floor":[114,65,65,78,93,120,120,120,174,174,187,187,225,250,250,250,250],"floor_reached":16,"language":"KOR","playtime":493,"items_purged":[],"score":182,"play_id":"6fef6ba9-7e35-42f6-8c66-109d99ee32e4","local_time":"20210119140034","is_ascension_mode":true,"campfire_choices":[{"data":"Perfected Strike","floor":7,"key":"SMITH"},{"floor":12,"key":"REST"},{"data":"Bloodletting","floor":15,"key":"SMITH"}],"circlet_count":0,"master_deck":["AscendersBane","Strike_R","Strike_R","Strike_R","Strike_R","Strike_R","Defend_R","Defend_R","Defend_R","Defend_R","Bash","Exhume","Perfected Strike","Perfected Strike+1","Flex","Intimidate","Inflame","Bloodletting+1","Spot Weakness"],"relics":["Burning Blood","Meat on the Bone","Juzu Bracelet","Golden Idol","Omamori","Ornamental Fan","Bag of Marbles"],"acts_visited":["Exordium"],"potions_floor_usage":[6],"damage_taken":[{"damage":11.0,"enemies":"Cultist","floor":1.0,"turns":4.0},{"damage":9.0,"enemies":"Jaw Worm","floor":4.0,"turns":4.0},{"damage":11.0,"enemies":"2 Louse","floor":5.0,"turns":3.0},{"damage":32,"enemies":"Gremlin Nob","floor":6,"turns":4},{"damage":8,"enemies":"Blue Slaver","floor":11,"turns":3},{"damage":35,"enemies":"Lagavulin","floor":13,"turns":4},{"damage":19,"enemies":"Lots of Slimes","floor":14,"turns":4},{"damage":61,"enemies":"Hexaghost","floor":16,"turns":9}],"seed_played":"-8287150028407262187","potions_obtained":[{"floor":1.0,"key":"SkillPotion"},{"floor":6,"key":"FairyPotion"}],"is_trial":false,"path_per_floor":["M","$","T","M","M","E","R","?","T","?","M","R","E","M","R","B"],"character_chosen":"IRONCLAD","items_purchased":["Perfected Strike"],"campfire_rested":1,"item_purchase_floors":[2],"current_hp_per_floor":[46,46,46,55,50,36,36,36,36,24,34,56,39,38,38,0,0],"gold":250,"neow_bonus":"THREE_RARE_CARDS","is_daily":false,"chose_seed":false,"campfire_upgraded":2,"win_rate":0.0,"timestamp":1611032434,"path_taken":["M","$","?","M","M","E","R","?","T","?","M","R","E","M","R","BOSS"],"items_purchased_type":["Card"],"build_version":"2020-12-22","purchased_purges":0,"victory":false,"max_hp_per_floor":[80,80,80,80,80,80,80,74,74,74,74,74,74,74,74,74,74],"card_choices":[{"not_picked":["Reaper","Offering"],"picked":"Exhume","floor":0.0},{"not_picked":["Rage","Sentinel"],"picked":"Perfected Strike","floor":1.0},{"not_picked":["Sword Boomerang","Havoc"],"picked":"Flex","floor":4.0},{"not_picked":["True Grit","Heavy Blade"],"picked":"Intimidate","floor":5.0},{"not_picked":["Body Slam","Cleave","True Grit"],"picked":"SKIP","floor":6},{"not_picked":["Clash","Burning Pact"],"picked":"Inflame","floor":11},{"not_picked":["Sentinel","Iron Wave"],"picked":"Bloodletting","floor":13},{"not_picked":["Headbutt","Metallicize"],"picked":"Spot Weakness","floor":14}],"player_experience":132875,"relics_obtained":[{"floor":3.0,"key":"Meat on the Bone"},{"floor":6,"key":"Juzu Bracelet"},{"floor":9,"key":"Omamori"},{"floor":13,"key":"Bag of Marbles"}],"event_choices":[{"damage_healed":0,"gold_gain":0,"player_choice":"Lose Max HP","damage_taken":0,"relics_obtained":["Golden Idol"],"max_hp_gain":0,"max_hp_loss":6,"event_name":"Golden Idol","floor":8,"gold_loss":0},{"damage_healed":0,"gold_gain":0,"player_choice":"Success","damage_taken":12,"relics_obtained":["Ornamental Fan"],"max_hp_gain":0,"max_hp_loss":0,"event_name":"Scrap Ooze","floor":10,"gold_loss":0}],"is_beta":false,"boss_relics":[],"items_purged_floors":[],"is_endless":false,"potions_floor_spawned":[1,6],"killed_by":"Hexaghost","ascension_level":13}}