{"host":"6749gst1gzuv21qf","time":1611031459,"event":{"mods":["BaseMod","Better Altar","Better Match","Better Note","Better Sensory Stone","Better Skull","Better Third Choice","BetterRewards","Colored Map","Colored Powertips","Downfall","Hermit","Highlight Path","Minty Spire (QoL Compilation)","Permanent Neow","Shop Mod","Spicy Shops","StSLib","The Cursed"],"gold_per_floor":[134,167,118,118,151,248,92,105,105,32,95,125,125,175,175,352,352,382,382,393,393,13,13,43,75,102,114,127,127,127],"floor_reached":29,"language":"ENG","playtime":2598,"items_purged":["downfall:Icky"],"score":257,"play_id":"f503900f-9db4-4abb-a3db-6980d337d906","local_time":"20210118234419","is_ascension_mode":false,"campfire_choices":[{"floor":13,"key":"REST"},{"data":"hermit:Maintenance","floor":15,"key":"SMITH"},{"floor":23,"key":"RECALL"}],"circlet_count":0,"master_deck":["hermit:Strike_Hermit","hermit:Strike_Hermit","hermit:Defend_Hermit","hermit:Defend_Hermit","hermit:Snapshot","hermit:Covet","hermit:DeadOrAlive","hermit:GoldenBullet","hermit:Dissolve","hermit:DeadOrAlive","hermit:Vantage","hermit:Brawl","hermit:Determination","hermit:Deadeye","hermit:Grudge","hermit:Maintenance+1","hermit:Spite","hermit:Headshot","hermit:EternalForm","hermit:TakeCover+1","hermit:Enervate+1","hermit:Deadeye+1","hermit:Combo","hermit:TakeAim","hermit:NoHoldsBarred","hermit:Manifest","hermit:ShadowCloak","hermit:LuckOfTheDraw+1","hermit:ItchyTrigger"],"relics":["hermit:Momento","betterThird:SlimedRelic","Gambling Chip","Torii","Astrolabe","Regal Pillow","Eternal Feather","Girya","Bag of Preparation","Tiny Chest"],"acts_visited":["Exordium","TheCity"],"potions_floor_usage":[6,6,11,16,16,18,29,29],"damage_taken":[{"damage":1,"enemies":"Jaw Worm","floor":1,"turns":2},{"damage":9,"enemies":"Small Slimes","floor":2,"turns":4},{"damage":0,"enemies":"2 Louse","floor":5,"turns":3},{"damage":20,"enemies":"3 Sentries","floor":6,"turns":13},{"damage":1,"enemies":"2 Fungi Beasts","floor":8,"turns":4},{"damage":20,"enemies":"Gremlin Nob","floor":11,"turns":4},{"damage":1,"enemies":"Red Slaver","floor":12,"turns":3},{"damage":7,"enemies":"3 Louse","floor":14,"turns":3},{"damage":17,"enemies":"Slime Boss","floor":16,"turns":11},{"damage":2,"enemies":"Shell Parasite","floor":18,"turns":7},{"damage":12,"enemies":"Chosen","floor":20,"turns":5},{"damage":16,"enemies":"Gremlin Leader","floor":24,"turns":7},{"damage":29,"enemies":"Shelled Parasite and Fungi","floor":25,"turns":9},{"damage":0,"enemies":"Snecko","floor":27,"turns":4},{"damage":17,"enemies":"Chosen and Byrds","floor":28,"turns":8},{"damage":21,"enemies":"Centurion and Healer","floor":29,"turns":5}],"seed_played":"2511503490356172836","potions_obtained":[{"floor":2,"key":"LiquidMemories"},{"floor":5,"key":"Strength Potion"},{"floor":6,"key":"hexamod:SoulburnPotion"},{"floor":11,"key":"Swift Potion"},{"floor":14,"key":"EntropicBrew"},{"floor":27,"key":"hermit:Tonic"},{"floor":28,"key":"Swift Potion"}],"is_trial":false,"path_per_floor":["M","M","?","?","M","E","$","M","T","$","E","M","R","M","R","B",null,"M","?","M","?","$","R","E","M","T","M","M","M"],"character_chosen":"HERMIT","items_purchased":["hermit:Determination","hermit:Grudge","Eternal Feather","hermit:NoHoldsBarred","Girya"],"campfire_rested":1,"item_purchase_floors":[7,10,22,22,22],"current_hp_per_floor":[74,65,54,54,54,34,34,33,33,33,13,12,34,27,27,10,75,73,73,61,61,61,75,59,30,30,30,13,0,0],"gold":127,"neow_bonus":"THREE_RARE_CARDS","is_daily":false,"chose_seed":false,"campfire_upgraded":1,"win_rate":0.0,"timestamp":1611031459,"path_taken":["M","M","?","?","M","E","$","M","T","$","E","M","R","M","R","BOSS","M","?","M","?","$","R","E","M","T","?","M","M"],"items_purchased_type":["Card","Card","Relic","Card","Relic"],"build_version":"2020-12-22","purchased_purges":1,"victory":false,"max_hp_per_floor":[75,75,75,75,75,75,75,75,75,75,75,75,75,75,75,75,75,75,75,75,75,75,75,75,75,75,75,75,75,75],"card_choices":[{"not_picked":["hermit:Reprieve","hermit:FatalDesire"],"picked":"hermit:DeadOrAlive","floor":0},{"not_picked":["hermit:Misfire","hermit:Feint"],"picked":"hermit:GoldenBullet","floor":1},{"not_picked":["hermit:Desperado","hermit:Glare"],"picked":"hermit:Dissolve","floor":2},{"not_picked":["hermit:Ricochet","hermit:Spite"],"picked":"hermit:Vantage","floor":5},{"not_picked":["hermit:LuckOfTheDraw","hermit:ItchyTrigger"],"picked":"hermit:Brawl","floor":6},{"not_picked":["hermit:Roulette","hermit:Brawl"],"picked":"hermit:Deadeye","floor":8},{"not_picked":["hermit:PistolWhip","hermit:HeroicBravado"],"picked":"hermit:Maintenance","floor":11},{"not_picked":["hermit:Coalescence","hermit:Brawl"],"picked":"hermit:Spite","floor":12},{"not_picked":["hermit:CalledShot","hermit:Quickdraw"],"picked":"hermit:Headshot","floor":14},{"not_picked":["hermit:RoundhouseKick","hermit:Magnum"],"picked":"hermit:EternalForm","floor":16},{"not_picked":["hermit:PistolWhip+1","hermit:WideOpen+1"],"picked":"hermit:Combo","floor":18},{"not_picked":["hermit:Snipe","hermit:WideOpen"],"picked":"hermit:TakeAim","floor":20},{"not_picked":["hermit:DeadOrAlive","hermit:Ricochet"],"picked":"hermit:Manifest","floor":24},{"not_picked":["hermit:HoleUp","hermit:Roulette"],"picked":"hermit:ShadowCloak","floor":25},{"not_picked":["hermit:NoHoldsBarred+1","hermit:HighCaliber+1"],"picked":"hermit:LuckOfTheDraw+1","floor":27},{"not_picked":["hermit:Misfire","hermit:ShadowCloak"],"picked":"hermit:ItchyTrigger","floor":28}],"player_experience":738644,"relics_obtained":[{"floor":6,"key":"Gambling Chip"},{"floor":11,"key":"Torii"},{"floor":24,"key":"Bag of Preparation"},{"floor":26,"key":"Tiny Chest"}],"event_choices":[{"damage_healed":0,"gold_gain":0,"player_choice":"Slimed","damage_taken":11,"max_hp_gain":0,"max_hp_loss":0,"event_name":"betterThird:BetterGoop","floor":3,"gold_loss":49},{"damage_healed":0,"gold_gain":0,"cards_transformed":["hermit:Strike_Hermit"],"player_choice":"Change","damage_taken":0,"max_hp_gain":0,"max_hp_loss":0,"event_name":"Living Wall","floor":4,"gold_loss":0,"cards_obtained":["hermit:DeadOrAlive"]},{"cards_removed":["hermit:Maintenance"],"damage_healed":0,"gold_gain":0,"player_choice":"Give","damage_taken":0,"max_hp_gain":0,"max_hp_loss":0,"event_name":"betterNote:BetterNote","floor":19,"gold_loss":0,"cards_obtained":["bronze:HardenedForm"]},{"damage_healed":0,"gold_gain":0,"player_choice":"Gave Potion","damage_taken":0,"relics_obtained":["Regal Pillow"],"max_hp_gain":0,"max_hp_loss":0,"event_name":"WeMeetAgain","floor":21,"gold_loss":0}],"is_beta":false,"boss_relics":[{"not_picked":["Snecko Eye","hermit:BartenderGlass"],"picked":"Astrolabe"}],"items_purged_floors":[7],"is_endless":false,"potions_floor_spawned":[2,5,6,11,14,16,27,28],"killed_by":"Centurion and Healer","ascension_level":0}}