{"host":"ibonnlq6s1c814xj","time":1611054222,"event":{"mods":["BaseMod","BetterRewards","Minty Spire (QoL Compilation)","Quick Restart","Shop Mod","¡¾ÒÅÎï¿¨ÅÆ¡¿REMEMod"],"gold_per_floor":[109,37,51,69,81,81,92,92,92,122,122,138,138,138],"floor_reached":13,"language":"ZHS","playtime":517,"items_purged":["Creative AI"],"score":100,"play_id":"5eec5629-5c19-4984-af5a-d446b7cfefd3","local_time":"20210119190342","is_ascension_mode":true,"campfire_choices":[{"floor":6.0,"key":"REST"}],"circlet_count":0,"master_deck":["Strike_G","Strike_G","Strike_G","Strike_G","Defend_G","Defend_G","Defend_G","Defend_G","Defend_G","Survivor","Neutralize","Catalyst","Prepared","Bouncing Flask","Catalyst","Deadly Poison","Blur","Strike_G"],"relics":["Ring of the Snake","REME_ComplimentaryCards","Shovel","The Specimen","TwistedFunnel","Frozen Egg 2","Thread and Needle","StoneCalendar"],"acts_visited":["Exordium"],"potions_floor_usage":[13],"damage_taken":[{"damage":3.0,"enemies":"Cultist","floor":1.0,"turns":4.0},{"damage":4.0,"enemies":"Jaw Worm","floor":3.0,"turns":3.0},{"damage":1.0,"enemies":"Small Slimes","floor":4.0,"turns":2.0},{"damage":6.0,"enemies":"Exordium Thugs","floor":5.0,"turns":3.0},{"damage":7.0,"enemies":"Gremlin Gang","floor":7.0,"turns":3.0},{"damage":12.0,"enemies":"3 Sentries","floor":10.0,"turns":6.0},{"damage":5.0,"enemies":"Exordium Wildlife","floor":12.0,"turns":3.0},{"damage":22,"enemies":"Gremlin Nob","floor":13,"turns":3}],"seed_played":"-6884687676720499104","potions_obtained":[{"floor":7.0,"key":"Ancient Potion"},{"floor":10.0,"key":"ColorlessPotion"},{"floor":12.0,"key":"SmokeBomb"}],"is_trial":false,"path_per_floor":["M","$","M","M","M","R","M","?","T","E","?","M","E"],"character_chosen":"THE_SILENT","items_purchased":["The Specimen","TwistedFunnel","Catalyst","Bouncing Flask"],"campfire_rested":1,"item_purchase_floors":[0,0,0,2],"current_hp_per_floor":[35,35,31,30,24,45,38,38,38,26,26,21,0,0],"gold":138,"neow_bonus":"","is_daily":false,"chose_seed":false,"campfire_upgraded":0,"win_rate":0.0,"timestamp":1611054222,"path_taken":["M","$","?","M","M","R","M","?","T","E","?","?","E"],"items_purchased_type":["Relic","Relic","Card","Card"],"build_version":"2020-12-22","purchased_purges":1,"victory":false,"max_hp_per_floor":[70,70,70,70,70,70,70,70,70,70,70,70,70,70],"card_choices":[{"not_picked":["Underhanded Strike","Calculated Gamble"],"picked":"Prepared","floor":1.0},{"not_picked":["Cloak And Dagger","PiercingWail","Dodge and Roll"],"picked":"SKIP","floor":3.0},{"not_picked":["Eviscerate","REME_ShadowStrike"],"picked":"Catalyst","floor":4.0},{"not_picked":["Die Die Die","Footwork"],"picked":"Deadly Poison","floor":5.0},{"not_picked":["Finisher","Flechettes"],"picked":"Blur","floor":7.0},{"not_picked":["Dagger Spray","Bane","Burst"],"picked":"SKIP","floor":10.0},{"not_picked":["Finisher","Cloak And Dagger","Slice"],"picked":"SKIP","floor":12.0}],"player_experience":264949,"relics_obtained":[{"floor":9.0,"key":"Thread and Needle"},{"floor":10.0,"key":"StoneCalendar"}],"event_choices":[{"damage_healed":0.0,"max_hp_gain":0.0,"max_hp_loss":0.0,"gold_gain":0.0,"event_name":"Dead Adventurer","player_choice":"Searched \u00271\u0027 times","floor":8.0,"gold_loss":0.0,"damage_taken":0.0,"relics_obtained":["Frozen Egg 2"]},{"cards_removed":["Strike_G"],"damage_healed":0.0,"max_hp_gain":0.0,"max_hp_loss":0.0,"gold_gain":0.0,"event_name":"Bonfire Elementals","player_choice":"Offered Basic","floor":11.0,"gold_loss":0.0,"damage_taken":0.0}],"is_beta":false,"boss_relics":[],"items_purged_floors":[0],"is_endless":false,"potions_floor_spawned":[7,10,12],"killed_by":"Gremlin Nob","ascension_level":3}}