{"host":"37uvkxgs6qebn1sk","time":1611049158,"event":{"mods":["BaseMod","Better Third Choice","Minty Spire (QoL Compilation)","Replay The Spire","StSLib","vexMod"],"gold_per_floor":[114,39,189,189,37,37,37,37,37,87,87,115,115,142,142,227,227,248,21,44,44,68,68,92,92,92,130,89,89,89,118,118,212,212,252,252,277,58,58,111,154,166,232,289,301,333,375,428,440,464,490,490],"floor_reached":51,"language":"ZHS","playtime":2386,"items_purged":["Doubt","Strike_B","Sweeping Beam"],"score":1851,"play_id":"009fa370-d824-4ffd-ae92-16471125c210","local_time":"20210119173918","is_ascension_mode":true,"campfire_choices":[{"data":"Zap","floor":6.0,"key":"SMITH"},{"data":"Apotheosis","floor":11.0,"key":"SMITH"},{"data":"Machine Learning","floor":13.0,"key":"SMITH"},{"floor":23.0,"key":"REST"},{"data":"Echo Form","floor":25.0,"key":"SMITH"},{"floor":29.0,"key":"REST"},{"floor":32.0,"key":"RECALL"},{"floor":42.0,"key":"REST"},{"floor":49,"key":"REST"}],"circlet_count":0,"master_deck":["AscendersBane","Defend_B+1","Defend_B+1","Zap+1","Dualcast","Turbo","Beam Cell","Sunder","Apotheosis+1","Machine Learning+1","Mirror Shield","Echo Form+1","Skim","Discovery","Genetic Algorithm","Coolheaded","All For One","FTL","Ball Lightning","Core Surge","CurseOfTheBell","ReplayTheSpireMod:Calculation Training+1","Conserve Battery","Conserve Battery","Purity","Compile Driver+1","ReplayTheSpireMod:System Scan","Recycle+1","FIFO Queue","Compile Driver"],"relics":["Cracked Core","Replay:Bandana","Ring of Misfortune","Pet Ghost","ChewingGum","Iron Hammer","Simple Rune","Replay:Grab Bag","vexMod:CursedCompass","vexMod:TanglingVine","Calling Bell","Smiling Mask","ReplayTheSpireMod:Shallot","Turnip","BargainBundle","MawBank","Centennial Puzzle","Replay:Baseball"],"acts_visited":["Exordium","TheCity","TheBeyond"],"potions_floor_usage":[50,50],"damage_taken":[{"damage":0.0,"enemies":"Cultist","floor":1.0,"turns":3.0},{"damage":7.0,"enemies":"Jaw Worm","floor":12.0,"turns":3.0},{"damage":0.0,"enemies":"Small Slimes","floor":14.0,"turns":3.0},{"damage":0.0,"enemies":"Slime Boss","floor":16.0,"turns":6.0},{"damage":0.0,"enemies":"Spheric Guardian","floor":18.0,"turns":3.0},{"damage":18.0,"enemies":"Shell Parasite","floor":20.0,"turns":3.0},{"damage":6.0,"enemies":"Snake Plant","floor":22.0,"turns":3.0},{"damage":0.0,"enemies":"Snecko","floor":24.0,"turns":3.0},{"damage":24.0,"enemies":"Slavers","floor":27.0,"turns":4.0},{"damage":2.0,"enemies":"Centurion and Healer","floor":31.0,"turns":3.0},{"damage":15.0,"enemies":"Pondfish","floor":33.0,"turns":7.0},{"damage":0.0,"enemies":"3 Darklings","floor":35.0,"turns":3.0},{"damage":0.0,"enemies":"3 Shapes","floor":37.0,"turns":3.0},{"damage":27.0,"enemies":"Reptomancer","floor":40.0,"turns":7.0},{"damage":20.0,"enemies":"Transient","floor":41.0,"turns":6.0},{"damage":20.0,"enemies":"Nemesis","floor":44.0,"turns":9.0},{"damage":12.0,"enemies":"Jaw Worm Horde","floor":46.0,"turns":5.0},{"damage":0.0,"enemies":"Sphere and 2 Shapes","floor":47.0,"turns":5.0},{"damage":0.0,"enemies":"Maw","floor":48.0,"turns":5.0},{"damage":10,"enemies":"Time Eater","floor":50,"turns":10},{"damage":12,"enemies":"Replay:Hell Engine","floor":51,"turns":4}],"seed_played":"-614555548593666607","potions_obtained":[{"floor":14.0,"key":"Venom Potion"},{"floor":16.0,"key":"Languid Potion"},{"floor":22.0,"key":"Adrenaline Potion"},{"floor":24.0,"key":"SpeedPotion"},{"floor":27.0,"key":"Strength Potion"},{"floor":31.0,"key":"GamblersBrew"},{"floor":35.0,"key":"Death Potion"},{"floor":41.0,"key":"Cursed Concoction"},{"floor":46.0,"key":"PowerPotion"},{"floor":47.0,"key":"Block Potion"}],"is_trial":false,"path_per_floor":["M","?","?","T","$","R","?","?","T","?","R","M","R","M","R","B",null,"M","$","M","?","M","R","M","R","T","E","$","R","?","M","R","B",null,"M","?","M","$","?","E","M","R","T","E","?","M","M","M","R","B","B"],"character_chosen":"DEFECT","items_purchased":["Sunder","Discovery","Genetic Algorithm","FTL","BargainBundle","Conserve Battery","Purity"],"campfire_rested":4,"item_purchase_floors":[5,19,19,28,38,38,38],"current_hp_per_floor":[64,64,64,64,64,64,64,64,64,64,64,57,57,57,57,57,62,62,62,44,44,38,57,57,57,57,33,33,52,52,50,50,35,57,57,57,57,57,63,36,16,35,35,15,15,3,3,3,22,12,0,0],"gold":490,"neow_bonus":"TRANSFORM_TWO_CARDS","is_daily":false,"chose_seed":false,"campfire_upgraded":4,"win_rate":0.0,"timestamp":1611049158,"path_taken":["M","?","?","?","$","R","?","?","T","?","R","M","R","M","R","BOSS","M","$","?","?","M","R","M","R","T","E","$","R","?","M","R","BOSS","M","?","M","$","?","E","M","R","T","E","?","M","M","M","R","BOSS","BOSS"],"items_purchased_type":["Card","Card","Card","Card","Relic","Card","Card"],"build_version":"2020-12-22","purchased_purges":3,"victory":false,"max_hp_per_floor":[64,64,64,64,64,64,64,64,64,64,64,64,64,64,64,64,64,64,64,64,64,64,64,64,64,64,64,64,64,64,64,64,64,64,64,64,64,64,64,64,64,64,64,64,64,64,64,64,64,64,64,64],"card_choices":[{"not_picked":["Turbo","Barrage"],"picked":"Sweeping Beam","floor":1.0},{"not_picked":["Redo","Steam"],"picked":"Machine Learning","floor":12.0},{"not_picked":["Streamline","Turbo"],"picked":"BasicCrystalCard","floor":14.0},{"not_picked":["Seek","Biased Cognition"],"picked":"Echo Form","floor":16.0},{"not_picked":["ReplaySort","Loop"],"picked":"Skim","floor":18.0},{"not_picked":["Turbo","Chill","Redo+1"],"picked":"SKIP","floor":20.0},{"not_picked":["ReplayTheSpireMod:GoodbyeWorld","Storm","Stack"],"picked":"SKIP","floor":22.0},{"not_picked":["Gash","Leap"],"picked":"Coolheaded","floor":24.0},{"not_picked":["Reinforced Body+1","Go for the Eyes"],"picked":"All For One","floor":27.0},{"not_picked":["Barrage","ReplayTheSpireMod:Reroute Power"],"picked":"Ball Lightning","floor":31.0},{"not_picked":["ReplayTheSpireMod:Omega Cannon","ReplayRNGCard"],"picked":"Core Surge","floor":33.0},{"not_picked":["Gash","Amplify"],"picked":"ReplayTheSpireMod:Calculation Training+1","floor":35.0},{"not_picked":["Redo","Leap"],"picked":"Conserve Battery","floor":37.0},{"not_picked":["Conserve Battery+1","Rebound"],"picked":"Compile Driver+1","floor":40.0},{"not_picked":["Turbo","Gash+1","Redo+1"],"picked":"SKIP","floor":41.0},{"not_picked":["ReplayTheSpireMod:Reroute Power","Conserve Battery"],"picked":"ReplayTheSpireMod:System Scan","floor":44.0},{"not_picked":["BasicCrystalCard","Hologram"],"picked":"Recycle+1","floor":46.0},{"not_picked":["Leap","Sweeping Beam"],"picked":"FIFO Queue","floor":47.0},{"not_picked":["Streamline+1","Heatsinks"],"picked":"Compile Driver","floor":48.0}],"player_experience":966448,"relics_obtained":[{"floor":4.0,"key":"Replay:Bandana"},{"floor":8.0,"key":"Ring of Misfortune"},{"floor":9.0,"key":"Pet Ghost"},{"floor":26.0,"key":"Iron Hammer"},{"floor":27.0,"key":"Simple Rune"},{"floor":34.0,"key":"Smiling Mask"},{"floor":34.0,"key":"ReplayTheSpireMod:Shallot"},{"floor":34.0,"key":"Turnip"},{"floor":40.0,"key":"MawBank"},{"floor":43.0,"key":"Centennial Puzzle"},{"floor":44.0,"key":"Replay:Baseball"}],"event_choices":[{"cards_removed":["Strike_B"],"damage_healed":0.0,"max_hp_gain":0.0,"max_hp_loss":0.0,"gold_gain":0.0,"event_name":"The Cleric","player_choice":"Card Removal","floor":2.0,"gold_loss":75.0,"damage_taken":0.0},{"damage_healed":0.0,"max_hp_gain":0.0,"max_hp_loss":0.0,"gold_gain":150.0,"event_name":"betterThird:BetterSerpent","player_choice":"AGREE","floor":3.0,"gold_loss":0.0,"damage_taken":39.0},{"damage_healed":64.0,"max_hp_gain":0.0,"max_hp_loss":64.0,"gold_gain":0.0,"event_name":"betterThird:BetterShining","player_choice":"Embrace","floor":7.0,"gold_loss":0.0,"damage_taken":0.0},{"damage_healed":0.0,"max_hp_gain":0.0,"max_hp_loss":0.0,"gold_gain":50.0,"event_name":"Golden Shrine","player_choice":"Pray","floor":10.0,"gold_loss":0.0,"damage_taken":0.0},{"cards_removed":["Defend_B"],"damage_healed":0.0,"max_hp_gain":0.0,"max_hp_loss":0.0,"gold_gain":0.0,"event_name":"betterThird:BetterWriting","player_choice":"Elegance","floor":21.0,"gold_loss":0.0,"damage_taken":0.0},{"damage_healed":0.0,"max_hp_gain":0.0,"max_hp_loss":0.0,"gold_gain":0.0,"event_name":"Vampires","player_choice":"Ignored","floor":30.0,"gold_loss":0.0,"damage_taken":0.0},{"cards_removed":["BasicCrystalCard"],"damage_healed":0.0,"max_hp_gain":0.0,"max_hp_loss":0.0,"gold_gain":0.0,"event_name":"Falling","player_choice":"Removed Skill","floor":36.0,"gold_loss":0.0,"damage_taken":0.0},{"damage_healed":0.0,"max_hp_gain":0.0,"max_hp_loss":0.0,"gold_gain":0.0,"event_name":"Mysterious Sphere","player_choice":"Ignored","floor":45.0,"gold_loss":0.0,"damage_taken":0.0}],"is_beta":false,"boss_relics":[{"not_picked":["SlaversCollar","Snecko Eye"],"picked":"ChewingGum"},{"not_picked":["vexMod:DeviousBotling","Kintsugi"],"picked":"Replay:Grab Bag"},{"not_picked":["vexMod:EndlessSickness","Coffee Dripper"],"picked":"vexMod:CursedCompass"},{"not_picked":["Philosopher\u0027s Stone","Busted Crown"],"picked":"vexMod:TanglingVine"},{"not_picked":["Honey Jar","SacredBark"],"picked":"Calling Bell"}],"items_purged_floors":[5,19,38],"is_endless":false,"potions_floor_spawned":[14,16,22,24,27,31,35,41,46,47,48],"killed_by":"Replay:Hell Engine","ascension_level":20}}