{"host":"obplhmlw33xb91v8","time":1611085452,"event":{"mods":["BaseMod","Block Reminder","Curses Come First","Evolution","Minty Spire (QoL Compilation)","Quick Restart","Relic Stats","Spicy Shops","StSLib","Uncapped","Waifu the Spire","slay the spire mod where everything is the same but ironclad has a cowboy hat"],"gold_per_floor":[119,135,135,11,11,11,11],"floor_reached":6,"language":"ENG","playtime":157,"items_purged":[],"score":43,"play_id":"ac38b961-7b1b-48dd-8a23-693fcb3d497f","local_time":"20210119144412","is_ascension_mode":true,"campfire_choices":[],"circlet_count":0,"master_deck":["Strike_B","Strike_B","Strike_B","Defend_B","Defend_B","Defend_B","Defend_B","Zap","Dualcast","Coolheaded+1","Conserve Battery+1","Heatsinks","Redo"],"relics":["EVO:Axolotl","SacredBark","TungstenRod"],"acts_visited":["Exordium"],"potions_floor_usage":[6],"damage_taken":[{"damage":24,"enemies":"Small Slimes","floor":1,"turns":5},{"damage":6,"enemies":"2 Louse","floor":2,"turns":2},{"damage":23,"enemies":"Lagavulin","floor":6,"turns":6}],"seed_played":"6459181061397618515","potions_obtained":[{"floor":1,"key":"FearPotion"}],"is_trial":false,"path_per_floor":["M","M","?","$","?","E"],"character_chosen":"DEFECT","items_purchased":["TungstenRod","Redo"],"campfire_rested":0,"item_purchase_floors":[4,4],"current_hp_per_floor":[51,45,45,45,31,8,8],"gold":11,"neow_bonus":"BOSS_RELIC","is_daily":false,"chose_seed":false,"campfire_upgraded":0,"win_rate":0.0,"timestamp":1611085452,"path_taken":["M","M","?","$","?","E"],"items_purchased_type":["Relic","Card"],"build_version":"2020-12-22","purchased_purges":0,"victory":false,"max_hp_per_floor":[75,75,75,75,75,75,75],"relic_stats":{"counters":[3,13],"obtain_stats":[{"SacredBark":0,"EVO:Axolotl":0,"Cracked Core":0,"TungstenRod":4},{"SacredBark":0,"EVO:Axolotl":0,"Cracked Core":0,"TungstenRod":2},{"SacredBark":0,"EVO:Axolotl":0,"Cracked Core":0,"TungstenRod":7}],"TungstenRod":4},"card_choices":[{"not_picked":["Doom and Gloom","Beam Cell"],"picked":"Coolheaded","floor":1},{"not_picked":["Doom and Gloom","Beam Cell"],"picked":"Conserve Battery","floor":2}],"player_experience":211314,"relics_obtained":[],"event_choices":[{"damage_healed":0,"gold_gain":0,"cards_transformed":["Strike_B"],"player_choice":"Change","damage_taken":0,"max_hp_gain":0,"max_hp_loss":0,"event_name":"Living Wall","floor":3,"gold_loss":0,"cards_obtained":["Heatsinks"]},{"damage_healed":0,"gold_gain":0,"player_choice":"Entered Light","damage_taken":15,"max_hp_gain":0,"max_hp_loss":0,"event_name":"Shining Light","floor":5,"gold_loss":0,"cards_upgraded":["Coolheaded","Conserve Battery"]}],"is_beta":false,"boss_relics":[],"items_purged_floors":[],"is_endless":false,"potions_floor_spawned":[1],"killed_by":"Lagavulin","ascension_level":5}}