{"host":"bq4pt811tk9yrmjl","time":1611069433,"event":{"mods":["AchievementEnabler","BaseMod","Colored Map","Colored Powertips","Defuse TimeMaze Blight","Hermit","Minty Spire (QoL Compilation)","StSLib","SuperFastMode"],"gold_per_floor":[112,127,127,127,198,225,225,225,225,244,266,266,266,285,285,390,390,407,407,322,322,340,365,365,396,420,448,460,476,476,488,488,585,585,598,598,618,668,686,686,686,686,734,734,745,765,765,765,765,765,765,765,52,52,52],"floor_reached":54,"language":"ENG","playtime":1530,"items_purged":[],"score":778,"play_id":"f0528c9c-f5da-4a96-929f-a92d92497d36","local_time":"20210119131713","is_ascension_mode":true,"campfire_choices":[{"data":"hermit:Maintenance","floor":7.0,"key":"SMITH"},{"floor":13.0,"key":"REST"},{"data":"hermit:Snapshot","floor":15.0,"key":"SMITH"},{"floor":30.0,"key":"REST"},{"floor":32.0,"key":"REST"},{"floor":40.0,"key":"RECALL"},{"data":"hermit:HighNoon","floor":42.0,"key":"SMITH"},{"data":"hermit:Covet","floor":44.0,"key":"SMITH"},{"floor":47.0,"key":"REST"},{"floor":49.0,"key":"REST"},{"data":"Panacea","floor":52.0,"key":"SMITH"}],"circlet_count":0,"master_deck":["hermit:Strike_Hermit","hermit:Strike_Hermit","hermit:Strike_Hermit","hermit:Strike_Hermit","hermit:Defend_Hermit","hermit:Defend_Hermit","hermit:Defend_Hermit","hermit:Defend_Hermit","hermit:Snapshot+1","hermit:Covet+1","hermit:CursedWeapon","hermit:Brawl+1","hermit:Maintenance+1","hermit:TakeCover+1","hermit:HighNoon+1","hermit:Dive+1","hermit:Glare+1","hermit:Coalescence+1","Panacea+1"],"relics":["hermit:Momento","NeowsBlessing","Bag of Marbles","Strawberry","Odd Mushroom","Sozu","Enchiridion","The Courier","hermit:CharredGlove","Lantern","Regal Pillow","InkBottle","Mango","Art of War","FossilizedHelix","Happy Flower","hermit:RedScarf","Cauldron"],"acts_visited":["Exordium","TheCity","TheBeyond","TheEnding"],"potions_floor_usage":[],"damage_taken":[{"damage":0.0,"enemies":"Small Slimes","floor":1.0,"turns":1.0},{"damage":2.0,"enemies":"Jaw Worm","floor":2.0,"turns":1.0},{"damage":0.0,"enemies":"Lagavulin","floor":6.0,"turns":3.0},{"damage":2.0,"enemies":"2 Louse","floor":10.0,"turns":3.0},{"damage":18.0,"enemies":"The Mushroom Lair","floor":11.0,"turns":4.0},{"damage":2.0,"enemies":"Blue Slaver","floor":14.0,"turns":1.0},{"damage":28.0,"enemies":"Hexaghost","floor":16.0,"turns":8.0},{"damage":9.0,"enemies":"2 Thieves","floor":18.0,"turns":3.0},{"damage":6.0,"enemies":"Shell Parasite","floor":22.0,"turns":5.0},{"damage":13.0,"enemies":"Slavers","floor":23.0,"turns":4.0},{"damage":12.0,"enemies":"Gremlin Leader","floor":25.0,"turns":7.0},{"damage":30.0,"enemies":"Book of Stabbing","floor":27.0,"turns":4.0},{"damage":7.0,"enemies":"Snake Plant","floor":28.0,"turns":2.0},{"damage":2.0,"enemies":"Centurion and Healer","floor":29.0,"turns":5.0},{"damage":2.0,"enemies":"Snecko","floor":31.0,"turns":2.0},{"damage":44.0,"enemies":"Collector","floor":33.0,"turns":13.0},{"damage":2.0,"enemies":"Orb Walker","floor":35.0,"turns":2.0},{"damage":2.0,"enemies":"3 Darklings","floor":37.0,"turns":6.0},{"damage":11.0,"enemies":"Mind Bloom Boss Battle","floor":38.0,"turns":8.0},{"damage":16.0,"enemies":"Transient","floor":39.0,"turns":5.0},{"damage":14.0,"enemies":"Sphere and 2 Shapes","floor":45.0,"turns":4.0},{"damage":19.0,"enemies":"3 Darklings","floor":46.0,"turns":8.0},{"damage":29.0,"enemies":"Donu and Deca","floor":50.0,"turns":9.0},{"damage":38,"enemies":"Shield and Spear","floor":54,"turns":4}],"seed_played":"2647859399548580935","potions_obtained":[{"floor":1.0,"key":"SteroidPotion"},{"floor":6.0,"key":"GamblersBrew"},{"floor":11.0,"key":"Dexterity Potion"}],"is_trial":false,"path_per_floor":["M","M","$","?","?","E","R","?","T","M","?","?","R","M","R","B",null,"M","?","?","?","M","E","?","E","T","E","M","M","R","M","R","B",null,"M","?","M","?","M","R","?","R","T","R","M","M","R","?","R","B",null,"R","$","E"],"character_chosen":"HERMIT","items_purchased":["FossilizedHelix","Happy Flower","hermit:RedScarf","Cauldron"],"campfire_rested":5,"item_purchase_floors":[53,53,53,53],"current_hp_per_floor":[75,73,73,61,61,68,68,68,68,66,48,48,72,70,70,42,82,73,57,57,82,76,63,63,51,51,21,14,12,51,49,82,38,82,80,80,78,81,65,65,65,65,65,65,51,32,75,75,96,67,96,96,96,58,58],"gold":52,"neow_bonus":"THREE_ENEMY_KILL","is_daily":false,"chose_seed":false,"campfire_upgraded":5,"win_rate":0.0,"timestamp":1611069433,"path_taken":["M","M","$","?","?","E","R","?","T","?","?","?","R","M","R","BOSS","M","?","?","?","M","E","?","E","T","E","M","M","R","M","R","BOSS","M","?","M","?","M","R","?","R","T","R","?","M","R","?","R","BOSS","R","$","E"],"items_purchased_type":["Relic","Relic","Relic","Relic"],"build_version":"2020-12-22","purchased_purges":0,"victory":false,"max_hp_per_floor":[75,75,75,75,75,82,82,82,82,82,82,82,82,82,82,82,82,82,82,82,82,82,82,82,82,82,82,82,82,82,82,82,82,82,82,82,82,96,96,96,96,96,96,96,96,96,96,96,96,96,96,96,96,96,96],"card_choices":[{"not_picked":["hermit:LowProfile","hermit:Snipe"],"picked":"hermit:CursedWeapon","floor":1.0},{"not_picked":["hermit:NoHoldsBarred","hermit:Headshot"],"picked":"hermit:Brawl","floor":2.0},{"not_picked":["hermit:Coalescence","hermit:Roulette"],"picked":"hermit:Maintenance","floor":6.0},{"not_picked":["hermit:Headshot","hermit:NoHoldsBarred"],"picked":"hermit:Shortfuse","floor":10.0},{"not_picked":["hermit:Roulette","hermit:FlashPowder","hermit:TrackingShot"],"picked":"SKIP","floor":14.0},{"not_picked":["hermit:HoleUp","hermit:SprayPray","hermit:TakeCover"],"picked":"SKIP","floor":18.0},{"not_picked":["hermit:Feint","hermit:BigShot+1","hermit:Roulette"],"picked":"SKIP","floor":22.0},{"not_picked":["hermit:TakeAim","hermit:LuckOfTheDraw+1"],"picked":"hermit:TakeCover+1","floor":23.0},{"not_picked":["hermit:ItchyTrigger+1","hermit:BlackWind","hermit:Coalescence"],"picked":"SKIP","floor":25.0},{"not_picked":["hermit:HighCaliber","hermit:CalledShot","hermit:LuckOfTheDraw"],"picked":"SKIP","floor":27.0},{"not_picked":["hermit:Ricochet+1","hermit:WideOpen","hermit:SprayPray+1"],"picked":"SKIP","floor":28.0},{"not_picked":["hermit:Grudge","hermit:NoHoldsBarred","hermit:LowProfile"],"picked":"SKIP","floor":29.0},{"not_picked":["hermit:SprayPray+1","hermit:Glare","hermit:GhostlyPresence"],"picked":"SKIP","floor":31.0},{"not_picked":["hermit:RoundhouseKick","hermit:Dissolve"],"picked":"hermit:HighNoon","floor":33.0},{"not_picked":["hermit:LuckOfTheDraw+1","hermit:HoleUp+1","hermit:Misfire"],"picked":"SKIP","floor":35.0},{"not_picked":["hermit:ItchyTrigger","hermit:LowProfile"],"picked":"hermit:Dive+1","floor":37.0},{"not_picked":["hermit:Headshot","hermit:Showdown"],"picked":"hermit:Glare+1","floor":38.0},{"not_picked":["hermit:Desperado","hermit:Manifest"],"picked":"hermit:Coalescence+1","floor":39.0},{"not_picked":["hermit:ItchyTrigger+1","hermit:Magnum","hermit:Misfire+1"],"picked":"SKIP","floor":45.0},{"not_picked":["hermit:TakeAim","hermit:CalledShot","hermit:Horror"],"picked":"SKIP","floor":46.0},{"not_picked":["Dramatic Entrance","Metamorphosis"],"picked":"Panacea","floor":48.0}],"player_experience":185203,"relics_obtained":[{"floor":6.0,"key":"Strawberry"},{"floor":11.0,"key":"Odd Mushroom"},{"floor":19.0,"key":"Enchiridion"},{"floor":23.0,"key":"hermit:CharredGlove"},{"floor":25.0,"key":"Lantern"},{"floor":26.0,"key":"Regal Pillow"},{"floor":27.0,"key":"InkBottle"},{"floor":38.0,"key":"Mango"},{"floor":43.0,"key":"Art of War"}],"event_choices":[{"damage_healed":0.0,"max_hp_gain":0.0,"max_hp_loss":0.0,"gold_gain":0.0,"event_name":"Scrap Ooze","player_choice":"Success","floor":4.0,"gold_loss":0.0,"damage_taken":12.0,"relics_obtained":["Bag of Marbles"]},{"damage_healed":0.0,"max_hp_gain":0.0,"max_hp_loss":0.0,"gold_gain":71.0,"event_name":"Golden Wing","player_choice":"Gained Gold","floor":5.0,"gold_loss":0.0,"damage_taken":0.0},{"damage_healed":0.0,"max_hp_gain":0.0,"max_hp_loss":0.0,"gold_gain":0.0,"event_name":"Living Wall","player_choice":"Grow","floor":8.0,"gold_loss":0.0,"damage_taken":0.0,"cards_upgraded":["hermit:Brawl"]},{"damage_healed":0.0,"max_hp_gain":0.0,"max_hp_loss":0.0,"gold_gain":0.0,"event_name":"Mushrooms","player_choice":"Fought Mushrooms","floor":11.0,"gold_loss":0.0,"damage_taken":0.0},{"damage_healed":0.0,"max_hp_gain":0.0,"max_hp_loss":0.0,"gold_gain":0.0,"event_name":"Liars Game","player_choice":"Ignored","floor":12.0,"gold_loss":0.0,"damage_taken":0.0},{"damage_healed":0.0,"max_hp_gain":0.0,"max_hp_loss":0.0,"gold_gain":0.0,"event_name":"Cursed Tome","player_choice":"Obtained Book","floor":19.0,"gold_loss":0.0,"damage_taken":16.0},{"damage_healed":0.0,"max_hp_gain":0.0,"max_hp_loss":0.0,"gold_gain":0.0,"event_name":"Addict","player_choice":"Obtained Relic","floor":20.0,"gold_loss":85.0,"damage_taken":0.0,"relics_obtained":["The Courier"]},{"damage_healed":27.0,"max_hp_gain":0.0,"max_hp_loss":0.0,"gold_gain":0.0,"event_name":"The Library","player_choice":"Heal","floor":21.0,"gold_loss":0.0,"damage_taken":0.0},{"damage_healed":0.0,"max_hp_gain":0.0,"max_hp_loss":0.0,"gold_gain":0.0,"event_name":"NoteForYourself","player_choice":"Ignored","floor":24.0,"gold_loss":0.0,"damage_taken":0.0},{"cards_removed":["hermit:Shortfuse"],"damage_healed":0.0,"max_hp_gain":0.0,"max_hp_loss":0.0,"gold_gain":0.0,"event_name":"Falling","player_choice":"Removed Attack","floor":36.0,"gold_loss":0.0,"damage_taken":0.0},{"damage_healed":0.0,"max_hp_gain":0.0,"max_hp_loss":0.0,"gold_gain":0.0,"event_name":"MindBloom","player_choice":"Fight","floor":38.0,"gold_loss":0.0,"damage_taken":0.0},{"damage_healed":0.0,"max_hp_gain":0.0,"max_hp_loss":0.0,"gold_gain":0.0,"event_name":"Match and Keep!","player_choice":"0 cards matched","floor":41.0,"gold_loss":0.0,"damage_taken":0.0,"cards_obtained":[]},{"damage_healed":0.0,"max_hp_gain":0.0,"max_hp_loss":0.0,"gold_gain":0.0,"event_name":"SensoryStone","player_choice":"Memory 1","floor":48.0,"gold_loss":0.0,"damage_taken":0.0}],"is_beta":false,"boss_relics":[{"not_picked":["Cursed Key","Snecko Eye"],"picked":"Sozu"},{"not_picked":["Empty Cage","SacredBark","hermit:BartenderGlass"]}],"items_purged_floors":[],"is_endless":false,"potions_floor_spawned":[1,6,11,22,25,27,31,38,39],"killed_by":"Shield and Spear","ascension_level":1}}