{"host":"bos5votkudm6su2k","time":1611056111,"event":{"mods":["100% Spire Juice","ATMod(°¢èªMod)","Act Like it!","AlwaysNeverKeys","Arknights The Spire","BaseMod","Chinese 32Bit Patch","Colored Map","Colored Powertips","DeckTracker","Good Game Mod","Marked Mod","Minty Spire (QoL Compilation)","Quick Restart","Spire Arcade","StSLib","SuperFastMode","The Invoker Mod","Waifu the Spire","²ÐÁôÖ®Îï"],"gold_per_floor":[114,114,114,134,309,309,343,343,343,472,492,492,492],"floor_reached":12,"language":"ZHS","playtime":430,"items_purged":[],"score":111,"play_id":"3521503b-6503-4a6a-aeae-dcae1b0fca5b","local_time":"20210119193511","is_ascension_mode":false,"campfire_choices":[{"data":"ats:Armor Crushing Shot","floor":6,"key":"SMITH"},{"data":"ats:Childhood Dance","floor":8,"key":"SMITH"}],"circlet_count":0,"master_deck":["ats:Strike G","ats:Strike S+1","ats:Strike V","ats:Armor Crushing Shot+1","ats:Defend","ats:Defend","ats:Defend","ats:Defend","ats:Emotion Absorption+1","theInvoker:Wex","ats:Consecutive Shot Auto","ats:Powerful Strike","Doubt","ats:Childhood Dance+1","ats:Healing Strengthening","ats:Hammer On"],"relics":["ats:Sanity","AT_ATBox","REME:ComplimentaryCards","NeowsBlessing","ats:Originium","ats:Industrial Water Cannon","AT_TheCollector","Bronze Scales"],"acts_visited":["Exordium"],"potions_floor_usage":[10,12],"damage_taken":[{"damage":0,"enemies":"Jaw Worm","floor":1,"turns":1},{"damage":0,"enemies":"Small Slimes","floor":4,"turns":1},{"damage":0,"enemies":"Lagavulin","floor":7,"turns":1},{"damage":20,"enemies":"Gremlin Nob","floor":10,"turns":4},{"damage":6,"enemies":"2 Louse","floor":11,"turns":4},{"damage":26,"enemies":"Lagavulin","floor":12,"turns":4}],"seed_played":"-1652975226286055759","potions_obtained":[{"floor":1,"key":"AttackPotion"},{"floor":11,"key":"FearPotion"}],"is_trial":false,"path_per_floor":["M","?","?","M","?","R","E","R","T","E","M","E"],"character_chosen":"DOCTOR_CLASS","items_purchased":[],"campfire_rested":0,"item_purchase_floors":[],"current_hp_per_floor":[72,58,51,51,51,51,51,51,51,31,25,0,0],"gold":492,"neow_bonus":"THREE_ENEMY_KILL","is_daily":false,"chose_seed":false,"campfire_upgraded":2,"win_rate":0.0,"timestamp":1611056111,"path_taken":["M","?","?","M","?","R","E","R","T","E","M","E"],"items_purchased_type":[],"build_version":"2020-12-22","purchased_purges":0,"victory":false,"max_hp_per_floor":[72,72,72,72,72,72,72,72,72,72,72,72,72],"card_choices":[{"not_picked":["ats:Powerful Strike","ats:LN2 Cannon"],"picked":"ats:Consecutive Shot Auto","floor":1},{"not_picked":["ats:Hook Shot","ats:Support Order"],"picked":"ats:Powerful Strike","floor":4},{"not_picked":["ats:Assault Order","ats:Guardian Obelisk"],"picked":"ats:Childhood Dance","floor":7},{"not_picked":["ats:Guardian Obelisk","ats:Consecutive Shot Auto"],"picked":"ats:Healing Strengthening","floor":10},{"not_picked":["ats:Neurotoxin","ats:Sunburst"],"picked":"ats:Hammer On","floor":11}],"player_experience":435856,"relics_obtained":[{"floor":7,"key":"ats:Originium"},{"floor":7,"key":"ats:Industrial Water Cannon"},{"floor":9,"key":"AT_TheCollector"},{"floor":10,"key":"ats:Originium"},{"floor":10,"key":"Bronze Scales"}],"event_choices":[{"damage_healed":0,"gold_gain":0,"player_choice":"Entered Light","damage_taken":14,"max_hp_gain":0,"max_hp_loss":0,"event_name":"Shining Light","floor":2,"gold_loss":0,"cards_upgraded":["ats:Emotion Absorption","ats:Strike S"]},{"cards_removed":["ats:Strike C"],"damage_healed":0,"gold_gain":0,"player_choice":"Card Removal","damage_taken":7,"max_hp_gain":0,"max_hp_loss":0,"event_name":"Golden Wing","floor":3,"gold_loss":0},{"damage_healed":0,"gold_gain":175,"player_choice":"AGREE","damage_taken":0,"max_hp_gain":0,"max_hp_loss":0,"event_name":"Liars Game","floor":5,"gold_loss":0,"cards_obtained":["Doubt"]}],"is_beta":false,"boss_relics":[],"items_purged_floors":[],"is_endless":false,"potions_floor_spawned":[1,11],"killed_by":"Lagavulin","ascension_level":0}}