{"host":"uq4ng344qg9ygyoi","time":1611043177,"event":{"mods":["BaseMod","Minty Spire (QoL Compilation)","Quick Restart","Shop Mod","StSLib","[IsaacMod]ÒÔÈö¼âËþ"],"gold_per_floor":[112,187,205,32,32,57,57,19,19,47,66,66,110,130,130,251,251,272,10,10,24,24,58,58,93,170,19,53,64,64,76,76,173,173,184,0,20,22,33,68,68,93,93,122,132,132,152,169,169,169,169,169,120,149,149,149,149,149],"floor_reached":55,"language":"ZHS","playtime":3269,"items_purged":["Strike_R","Injury","Strike_R","Defend_R"],"score":1040,"play_id":"0c14beb1-efd3-46e0-b71e-d9a70f7c167f","local_time":"20210119155937","is_ascension_mode":true,"campfire_choices":[{"floor":7.0,"key":"REST"},{"data":"EpicFetus","floor":15.0,"key":"SMITH"},{"floor":24.0,"key":"RECALL"},{"data":"Berserk","floor":32.0,"key":"SMITH"},{"data":"Flame Barrier","floor":46.0,"key":"SMITH"},{"data":"Battle Trance","floor":49.0,"key":"SMITH"},{"data":"Panacea","floor":52.0,"key":"SMITH"}],"circlet_count":0,"master_deck":["Defend_R","Bash","EpicFetus+1","Warcry","Armaments+1","Flame Barrier+1","Iron Wave","Cleave","Berserk+1","Battle Trance+1","Warcry","Iron Wave","Iron Wave+1","Exhume","Panacea+1","Pummel"],"relics":["Burning Blood","HushsDoor","Leech","Gremlin Horn","Bloody Idol","Gambling Chip","Busted Crown","BlankCard","MerchantsRug","Bottled Lightning","Oddly Smooth Stone","Sling","TuHaoJin","Red Mask","Happy Flower","BelialBook","Anchor","SharpPlug"],"acts_visited":[],"potions_floor_usage":[54,55,55],"damage_taken":[{"damage":6.0,"enemies":"2 Louse","floor":1.0,"turns":3.0},{"damage":10.0,"enemies":"Small Slimes","floor":3.0,"turns":3.0},{"damage":20.0,"enemies":"3 Sentries","floor":6.0,"turns":6.0},{"damage":20.0,"enemies":"Lagavulin","floor":10.0,"turns":6.0},{"damage":0.0,"enemies":"Jaw Worm","floor":11.0,"turns":4.0},{"damage":10.0,"enemies":"3 Sentries","floor":13.0,"turns":4.0},{"damage":18.0,"enemies":"Large Slime","floor":14.0,"turns":3.0},{"damage":24.0,"enemies":"Hexaghost","floor":16.0,"turns":6.0},{"damage":1.0,"enemies":"Spheric Guardian","floor":18.0,"turns":3.0},{"damage":19.0,"enemies":"2 Thieves","floor":21.0,"turns":3.0},{"damage":30.0,"enemies":"Slavers","floor":23.0,"turns":3.0},{"damage":28.0,"enemies":"Book of Stabbing","floor":25.0,"turns":4.0},{"damage":18.0,"enemies":"Gremlin Leader","floor":28.0,"turns":4.0},{"damage":3.0,"enemies":"Centurion and Healer","floor":29.0,"turns":5.0},{"damage":2.0,"enemies":"Snecko","floor":31.0,"turns":4.0},{"damage":59.0,"enemies":"Champ","floor":33.0,"turns":9.0},{"damage":18.0,"enemies":"Orb Walker","floor":35.0,"turns":3.0},{"damage":13.0,"enemies":"3 Darklings","floor":37.0,"turns":4.0},{"damage":31.0,"enemies":"4 Shapes","floor":39.0,"turns":4.0},{"damage":4.0,"enemies":"Reptomancer","floor":40.0,"turns":5.0},{"damage":33.0,"enemies":"Nemesis","floor":42.0,"turns":5.0},{"damage":12.0,"enemies":"Giant Head","floor":44.0,"turns":6.0},{"damage":9.0,"enemies":"Sphere and 2 Shapes","floor":47.0,"turns":3.0},{"damage":8.0,"enemies":"Maw","floor":48.0,"turns":6.0},{"damage":52.0,"enemies":"Donu and Deca","floor":50.0,"turns":10.0},{"damage":44,"enemies":"Shield and Spear","floor":54,"turns":5},{"damage":78,"enemies":"Delirium","floor":55,"turns":6},{"damage":79,"enemies":"Delirium","floor":55,"turns":6}],"seed_played":"3659147177111030214","potions_obtained":[{"floor":1.0,"key":"Fire Potion"},{"floor":6.0,"key":"Dexterity Potion"},{"floor":13.0,"key":"SneckoOil"},{"floor":21.0,"key":"ColorlessPotion"},{"floor":23.0,"key":"DistilledChaos"},{"floor":31.0,"key":"BlessingOfTheForge"},{"floor":35.0,"key":"Regen Potion"},{"floor":42.0,"key":"SkillPotion"},{"floor":48.0,"key":"Fire Potion"},{"floor":54,"key":"Explosive Potion"}],"is_trial":false,"path_per_floor":["M","?","M","$","?","E","R","$","T","E","M","?","E","M","R","B",null,"M","$","?","M","?","E","R","E","T","$","E","M","?","M","R","B",null,"M","?","M","$","M","E","?","E","T","E","$","R","M","M","R","B",null,"R","$","E","B"],"character_chosen":"IRONCLAD","items_purchased":["SteamSale","Flame Barrier","BlankCard","MerchantsRug","Battle Trance","BloodPotion","Sling","TuHaoJin","Panacea","Anchor","Pummel","ColorlessPotion"],"campfire_rested":1,"item_purchase_floors":[4,4,19,19,19,27,27,27,38,45,45,53],"current_hp_per_floor":[53,42,41,41,41,33,57,57,57,48,57,57,56,46,46,34,69,76,76,76,66,66,50,50,36,41,51,47,60,60,72,72,30,68,64,64,66,76,59,70,70,53,53,58,80,80,80,80,80,54,74,74,74,45,0,0,0,0],"gold":149,"neow_bonus":"REMOVE_TWO","is_daily":false,"chose_seed":false,"campfire_upgraded":5,"win_rate":0.0,"timestamp":1611043177,"path_taken":["M","?","M","$","?","E","R","$","T","E","M","?","E","M","R","BOSS","M","$","?","M","?","E","R","E","T","$","E","M","?","M","R","BOSS","M","?","M","$","M","E","?","E","T","E","$","R","M","M","R","BOSS","R","$","E","BOSS"],"items_purchased_type":["Relic","Card","Relic","Relic","Card","Potion","Relic","Relic","Card","Relic","Card","Potion"],"build_version":"2020-12-22","purchased_purges":4,"victory":false,"max_hp_per_floor":[80,80,80,80,80,80,80,80,80,80,80,80,80,80,80,80,80,80,80,80,80,80,80,80,80,80,80,80,80,80,80,80,80,80,80,80,80,80,80,80,80,80,80,80,80,80,80,80,80,80,80,80,80,80,80,80,80,80],"card_choices":[{"not_picked":[],"picked":"EpicFetus","floor":0.0},{"not_picked":["Clothesline","Headbutt"],"picked":"Warcry","floor":1.0},{"not_picked":["Blood for Blood","Rage"],"picked":"Armaments","floor":3.0},{"not_picked":["Infernal Blade","Heavy Blade"],"picked":"Iron Wave","floor":6.0},{"not_picked":["Sever Soul","Body Slam","Wild Strike"],"picked":"SKIP","floor":10.0},{"not_picked":["Iron Wave","Fire Breathing"],"picked":"Cleave","floor":11.0},{"not_picked":["Feel No Pain","Blood for Blood","Rampage"],"picked":"SKIP","floor":13.0},{"not_picked":["Pommel Strike","Clothesline","Thunderclap"],"picked":"SKIP","floor":14.0},{"not_picked":["Bludgeon","Feed"],"picked":"Berserk","floor":16.0},{"not_picked":["Pommel Strike"],"picked":"SKIP","floor":18.0},{"not_picked":[],"picked":"Warcry","floor":21.0},{"not_picked":[],"picked":"Iron Wave","floor":23.0},{"not_picked":["Feel No Pain"],"picked":"SKIP","floor":25.0},{"not_picked":["Impervious"],"picked":"SKIP","floor":28.0},{"not_picked":[],"picked":"Iron Wave+1","floor":29.0},{"not_picked":["Havoc"],"picked":"SKIP","floor":31.0},{"not_picked":[],"picked":"Exhume","floor":33.0},{"not_picked":["True Grit"],"picked":"SKIP","floor":35.0},{"not_picked":["Hemokinesis+1"],"picked":"SKIP","floor":37.0},{"not_picked":["Clash+1"],"picked":"SKIP","floor":39.0},{"not_picked":["Burning Pact+1"],"picked":"SKIP","floor":40.0},{"not_picked":["Brutality"],"picked":"SKIP","floor":42.0},{"not_picked":["Pommel Strike"],"picked":"SKIP","floor":44.0},{"not_picked":["Pommel Strike"],"picked":"SKIP","floor":44.0},{"not_picked":["True Grit"],"picked":"SKIP","floor":47.0},{"not_picked":["Iron Wave"],"picked":"SKIP","floor":48.0},{"not_picked":["Power Through"],"picked":"SKIP","floor":54}],"player_experience":471012,"relics_obtained":[{"floor":6.0,"key":"GuppysTail"},{"floor":10.0,"key":"Gremlin Horn"},{"floor":13.0,"key":"Gambling Chip"},{"floor":23.0,"key":"Bottled Lightning"},{"floor":25.0,"key":"Oddly Smooth Stone"},{"floor":26.0,"key":"HornCleat"},{"floor":28.0,"key":"Juzu Bracelet"},{"floor":40.0,"key":"MealTicket"},{"floor":42.0,"key":"Happy Flower"},{"floor":43.0,"key":"Meat on the Bone"},{"floor":44.0,"key":"BelialBook"},{"floor":54,"key":"SharpPlug"}],"event_choices":[{"damage_healed":0.0,"max_hp_gain":0.0,"max_hp_loss":0.0,"gold_gain":75.0,"event_name":"World of Goop","player_choice":"Gather Gold","floor":2.0,"gold_loss":0.0,"damage_taken":11.0},{"damage_healed":0.0,"max_hp_gain":0.0,"max_hp_loss":0.0,"gold_gain":0.0,"event_name":"Living Wall","player_choice":"Grow","floor":5.0,"gold_loss":0.0,"damage_taken":0.0,"cards_upgraded":["Armaments"]},{"damage_healed":0.0,"max_hp_gain":0.0,"max_hp_loss":0.0,"gold_gain":0.0,"event_name":"Golden Idol","player_choice":"Take Wound","floor":12.0,"gold_loss":0.0,"damage_taken":0.0,"relics_obtained":["Golden Idol"],"cards_obtained":["Injury"]},{"damage_healed":0.0,"max_hp_gain":0.0,"max_hp_loss":0.0,"gold_gain":0.0,"event_name":"Vampires","player_choice":"Ignored","floor":20.0,"gold_loss":0.0,"damage_taken":0.0},{"damage_healed":0.0,"max_hp_gain":0.0,"max_hp_loss":0.0,"gold_gain":0.0,"event_name":"Forgotten Altar","player_choice":"Gave Idol","floor":22.0,"relics_lost":["Golden Idol"],"gold_loss":0.0,"damage_taken":0.0,"relics_obtained":["Bloody Idol"]},{"damage_healed":0.0,"max_hp_gain":0.0,"max_hp_loss":0.0,"gold_gain":0.0,"event_name":"Tomb of Lord Red Mask","player_choice":"Paid","floor":36.0,"gold_loss":184.0,"damage_taken":0.0,"relics_obtained":["Red Mask"]},{"cards_removed":["Defend_R"],"damage_healed":0.0,"max_hp_gain":0.0,"max_hp_loss":0.0,"gold_gain":0.0,"event_name":"Falling","player_choice":"Removed Skill","floor":41.0,"gold_loss":0.0,"damage_taken":0.0}],"is_beta":false,"boss_relics":[{"not_picked":["Philosopher\u0027s Stone","Ectoplasm"],"picked":"Busted Crown"},{"not_picked":[]},{"not_picked":["ChampionBelt","Runic Pyramid"],"picked":"Empty Cage"},{"not_picked":[]}],"items_purged_floors":[8,19,27,45],"is_endless":false,"potions_floor_spawned":[1,6,13,21,23,31,35,42,48,54],"killed_by":"Delirium","ascension_level":6}}