{"host":"xt797mi8yhee06c1","time":1611052863,"event":{"mods":["100% Spire Juice","BaseMod","Bestiary","Koishi","Marisa£¨Ùöéë¡¡Øª×âÞÞ£©","Minty Spire (QoL Compilation)","Poor People Problems","Prisma Mod","Relic Filter","Shop Mod","Spicy Shops","StSLib","WarShipGirlsR/??á´Ò³R mod"],"gold_per_floor":[109,38,73,105,140,140,120,145,145,4,29,70,113,163,163,291,291,332,365,455,483,512,589,789,22,22,111,111,111],"floor_reached":28,"language":"KOR","playtime":2291,"items_purged":[],"score":414,"play_id":"b7bc3ef7-0be1-4949-a35d-a6f42dc46c18","local_time":"20210119194103","is_ascension_mode":false,"campfire_choices":[{"data":"FinalSpark","floor":6.0,"key":"SMITH"},{"data":"SatelliteIllusion","floor":15.0,"key":"SMITH"}],"circlet_count":0,"master_deck":["Strike_MRS","Strike_MRS","Strike_MRS","Strike_MRS","Defend_MRS","Defend_MRS","Defend_MRS","Defend_MRS","MasterSpark","UpSweep","FinalSpark+1","OortCloud","WitchOfGreed","OortCloud","DeepEcoloBomb","LuminesStrike","MilkyWay","SatelliteIllusion+1","6A","WitchOfGreed","DarkMatter","AlicesGift","CasketOfStar","MysteriousBeam","FairyDestructionRay+1","WitchOfGreed","FairyDestructionRay+1","WitchOfGreed+1","ChargingUp+1"],"relics":["MiniHakkero","Mummified Hand","The Courier","SlaversCollar","Matryoshka","SimpleLauncher","AmplifyWand","Blood Vial","HornCleat","Pen Nib","BreadOfAWashokuLover","Gremlin Horn","StrikeDummy"],"acts_visited":["Exordium","TheCity"],"potions_floor_usage":[27,27,27,27,27,28,28],"damage_taken":[{"damage":2.0,"enemies":"Small Slimes","floor":1.0,"turns":4.0},{"damage":0.0,"enemies":"Cultist","floor":3.0,"turns":5.0},{"damage":0.0,"enemies":"2 Louse","floor":4.0,"turns":4.0},{"damage":6.0,"enemies":"Gremlin Gang","floor":5.0,"turns":6.0},{"damage":9.0,"enemies":"2 Fungi Beasts","floor":8.0,"turns":5.0},{"damage":2.0,"enemies":"Exordium Thugs","floor":11.0,"turns":6.0},{"damage":9.0,"enemies":"Gremlin Nob","floor":12.0,"turns":4.0},{"damage":0.0,"enemies":"3 Louse","floor":13.0,"turns":6.0},{"damage":11.0,"enemies":"Exordium Wildlife","floor":14.0,"turns":5.0},{"damage":14.0,"enemies":"Hexaghost","floor":16.0,"turns":8.0},{"damage":8.0,"enemies":"Shell Parasite","floor":18.0,"turns":5.0},{"damage":26.0,"enemies":"2 Thieves","floor":19.0,"turns":4.0},{"damage":0.0,"enemies":"Snecko","floor":21.0,"turns":2.0},{"damage":10.0,"enemies":"Cultist and Chosen","floor":22.0,"turns":3.0},{"damage":15.0,"enemies":"Gremlin Leader","floor":23.0,"turns":4.0},{"damage":4,"enemies":"Book of Stabbing","floor":27,"turns":3},{"damage":5,"enemies":"Chosen and Byrds","floor":28,"turns":1}],"seed_played":"-711148086406294289","potions_obtained":[{"floor":1.0,"key":"SkillPotion"},{"floor":3.0,"key":"DuplicationPotion"},{"floor":4.0,"key":"GamblersBrew"},{"floor":5.0,"key":"Block Potion"},{"floor":7.0,"key":"EntropicBrew"},{"floor":16.0,"key":"FearPotion"},{"floor":21.0,"key":"AttackPotion"},{"floor":22.0,"key":"LiquidMemories"},{"floor":22.0,"key":"SpeedPotion"},{"floor":23.0,"key":"EssenceOfSteel"},{"floor":23.0,"key":"BlessingOfTheForge"},{"floor":27,"key":"DuplicationPotion"},{"floor":27,"key":"Fire Potion"},{"floor":27,"key":"BottledSpark"}],"is_trial":false,"path_per_floor":["M","$","M","M","M","R","?","M","T","$","M","E","M","M","R","B",null,"M","M","?","M","M","E","?","$","T","E","M"],"character_chosen":"MARISA","items_purchased":["WitchOfGreed","SatelliteIllusion","SimpleLauncher","AmplifyWand","Blood Vial","HornCleat","Pen Nib"],"campfire_rested":0,"item_purchase_floors":[2,10,25,25,25,25,25],"current_hp_per_floor":[73,73,73,73,67,67,67,58,58,58,56,47,47,36,36,22,75,67,41,29,29,19,4,4,4,4,2,0,0],"gold":111,"neow_bonus":"ONE_RANDOM_RARE_CARD","is_daily":false,"chose_seed":false,"campfire_upgraded":2,"win_rate":0.0,"timestamp":1611052863,"path_taken":["M","$","M","M","M","R","?","?","T","$","M","E","M","M","R","BOSS","M","M","?","?","M","E","?","$","T","E","M"],"items_purchased_type":["Card","Card","Relic","Relic","Relic","Relic","Relic"],"build_version":"2020-12-22","purchased_purges":0,"victory":false,"max_hp_per_floor":[75,75,75,75,75,75,75,75,75,75,75,75,75,75,75,75,75,75,75,75,75,75,75,75,75,75,75,75,75],"card_choices":[{"not_picked":["EarthLightRay","AsteroidBelt"],"picked":"OortCloud","floor":1.0},{"not_picked":["6A","OneTimeOff"],"picked":"OortCloud","floor":3.0},{"not_picked":["UnstableBomb","GasGiant"],"picked":"DeepEcoloBomb","floor":4.0},{"not_picked":["Acceleration","GravityBeat"],"picked":"LuminesStrike","floor":5.0},{"not_picked":["WitchLeyline","GalacticHalo"],"picked":"MilkyWay","floor":8.0},{"not_picked":["BinaryStars","StarlightTyphoon"],"picked":"6A","floor":11.0},{"not_picked":["ShootTheMoon","GalacticHalo"],"picked":"WitchOfGreed","floor":12.0},{"not_picked":["MeteoricShower","DeepEcoloBomb"],"picked":"DarkMatter","floor":13.0},{"not_picked":["DC","OneTimeOff"],"picked":"AlicesGift","floor":14.0},{"not_picked":["CollectingQuirk","ManaRampage"],"picked":"CasketOfStar","floor":16.0},{"not_picked":["ShootingEcho+1","IllusionStar"],"picked":"MysteriousBeam","floor":18.0},{"not_picked":["DeepEcoloBomb","6A+1"],"picked":"FairyDestructionRay+1","floor":19.0},{"not_picked":["SporeBomb","GrandCross"],"picked":"WitchOfGreed","floor":21.0},{"not_picked":["DC","StarlightTyphoon"],"picked":"FairyDestructionRay+1","floor":22.0},{"not_picked":["ShootingEcho","DarkMatter"],"picked":"WitchOfGreed+1","floor":23.0},{"not_picked":["MilkyWay","FairyDestructionRay+1"],"picked":"ChargingUp+1","floor":27}],"player_experience":375592,"relics_obtained":[{"floor":9.0,"key":"Mummified Hand"},{"floor":12.0,"key":"The Courier"},{"floor":23.0,"key":"Matryoshka"},{"floor":26,"key":"BreadOfAWashokuLover"},{"floor":26,"key":"Gremlin Horn"},{"floor":27,"key":"StrikeDummy"}],"event_choices":[{"damage_healed":0.0,"max_hp_gain":0.0,"max_hp_loss":0.0,"gold_gain":0.0,"event_name":"The Woman in Blue","player_choice":"Bought 1 Potion","floor":7.0,"gold_loss":0.0,"damage_taken":0.0},{"damage_healed":0.0,"max_hp_gain":0.0,"max_hp_loss":0.0,"gold_gain":90.0,"event_name":"Knowing Skull","player_choice":"GOLD ","floor":20.0,"potions_obtained":[],"gold_loss":0.0,"damage_taken":12.0,"cards_obtained":[]},{"damage_healed":0.0,"max_hp_gain":0.0,"max_hp_loss":0.0,"gold_gain":250.0,"event_name":"The Joust","player_choice":"Bet on Owner","floor":24.0,"gold_loss":50.0,"damage_taken":0.0}],"is_beta":false,"boss_relics":[{"not_picked":["Velvet Choker","Empty Cage"],"picked":"SlaversCollar"}],"items_purged_floors":[],"is_endless":false,"potions_floor_spawned":[1,5,11,12,14,22,23],"killed_by":"Chosen and Byrds","ascension_level":0}}