{"host":"evok2ztcuz289k61","time":1611059614,"event":{"mods":["BaseMod","Colored Map","Downfall","Minty Spire (QoL Compilation)","StSLib"],"gold_per_floor":[99,111,111,111,127,27,27,60,72,113,144,190,38,52,62,165,165,165,185,202,202,221,254,307,322,350,370,389,389,421,347,362,459,459,259,274,294,319,330,380,380,380,84,84,84,117,127,161,172,172,172,172],"floor_reached":50,"language":"ENG","playtime":2844,"items_purged":["Writhe"],"score":775,"play_id":"f98558b7-6891-4ab3-95b6-0e3da66e3ad3","local_time":"20210119073334","is_ascension_mode":true,"campfire_choices":[{"floor":1,"key":"RECALL"},{"data":"champ:CrownThrow","floor":6,"key":"SMITH"},{"data":"champ:StanceDance","floor":9,"key":"SMITH"},{"data":"champ:FanOfKnives","floor":18,"key":"SMITH"},{"data":"champ:Lariat","floor":35,"key":"SMITH"},{"data":"expansioncontent:QuickStudy","floor":42,"key":"SMITH"},{"data":"champ:Backstep","floor":44,"key":"SMITH"}],"circlet_count":0,"master_deck":["champ:Strike","champ:Strike","champ:Strike","champ:Strike","champ:Defend","champ:Defend","champ:Defend","champ:Defend","champ:Execute+1","champ:Taunt","champ:StanceDance+1","champ:CrownThrow+1","champ:LastStand","champ:AdrenalArmor","champ:GutPunch+1","champ:Backstep+1","champ:FanOfKnives+1","champ:TornadoPunch","champ:VampiricStrike","champ:Endure","champ:FancyFootwork+1","champ:RisingSlash+1","Parasite","champ:RisingSlash+1","champ:CheapShot","champ:HoldFirm","expansioncontent:QuickStudy+1","champ:Lariat+1","champ:SteelEdge","Injury","champ:Shatter+1","champ:AdrenalArmor+1","Clumsy","champ:FancyFootwork+1","champ:StanceDance+1","champ:ArenaPreparation+1"],"relics":["Cursed Key","Regal Pillow","champ:LiftRelic","downfall:HeartBlessingRed","champ:SpectersHand","Letter Opener","PreservedInsect","Sling","SlaversCollar","Whetstone","Pear","Ornamental Fan","champ:BerserkersGuideToSlaughter","Black Star","downfall:HeartBlessingGreen","downfall:HeartBlessingBlue","Pen Nib","FossilizedHelix","Blue Candle","Du-Vu Doll","Oddly Smooth Stone","StoneCalendar","Sundial","Toy Ornithopter"],"acts_visited":["Exordium","TheCity","TheBeyond"],"potions_floor_usage":[12,16,16,27,30,33,33,33,33],"damage_taken":[{"damage":17,"enemies":"Jaw Worm","floor":2,"turns":5},{"damage":17,"enemies":"Small Slimes","floor":5,"turns":4},{"damage":30,"enemies":"Lagavulin","floor":8,"turns":4},{"damage":25,"enemies":"3 Sentries","floor":10,"turns":5},{"damage":10,"enemies":"Cultist","floor":11,"turns":2},{"damage":35,"enemies":"Lagavulin","floor":12,"turns":4},{"damage":20,"enemies":"downfall:FleeingMerchant","floor":13,"turns":4},{"damage":28,"enemies":"Exordium Thugs","floor":14,"turns":3},{"damage":10,"enemies":"Blue Slaver","floor":15,"turns":2},{"damage":38,"enemies":"IC_STATUS_ARCHETYPE","floor":16,"turns":7},{"damage":26,"enemies":"3 Byrds","floor":19,"turns":4},{"damage":37,"enemies":"Centurion and Healer","floor":20,"turns":5},{"damage":28,"enemies":"Snake Plant","floor":22,"turns":4},{"damage":15,"enemies":"Gremlin Leader","floor":23,"turns":3},{"damage":10,"enemies":"Snecko","floor":25,"turns":3},{"damage":7,"enemies":"Book of Stabbing","floor":26,"turns":3},{"damage":31,"enemies":"Cultist and Chosen","floor":27,"turns":6},{"damage":32,"enemies":"Snake Plant","floor":28,"turns":4},{"damage":30,"enemies":"Slavers","floor":30,"turns":2},{"damage":0,"enemies":"downfall:FleeingMerchant","floor":31,"turns":2},{"damage":10,"enemies":"Snecko","floor":32,"turns":3},{"damage":33,"enemies":"DF_ARCHETYPE_CLAW","floor":33,"turns":6},{"damage":8,"enemies":"Orb Walker","floor":36,"turns":4},{"damage":6,"enemies":"3 Shapes","floor":37,"turns":3},{"damage":26,"enemies":"Maw","floor":39,"turns":6},{"damage":34,"enemies":"Maw","floor":40,"turns":6},{"damage":15,"enemies":"Giant Head","floor":46,"turns":6},{"damage":0,"enemies":"Sphere and 2 Shapes","floor":47,"turns":3},{"damage":21,"enemies":"Reptomancer","floor":48,"turns":4},{"damage":28,"enemies":"4 Shapes","floor":49,"turns":3},{"damage":101,"enemies":"SI_POISON_ARCHETYPE","floor":50,"turns":5}],"seed_played":"3186440390680735106","potions_obtained":[{"floor":5,"key":"SpeedPotion"},{"floor":10,"key":"champ:OpenerPotion"},{"floor":11,"key":"BlessingOfTheForge"},{"floor":15,"key":"bronze:BurnAndBuffPotion"},{"floor":19,"key":"Fire Potion"},{"floor":25,"key":"Block Potion"},{"floor":27,"key":"champ:OpenerPotion"},{"floor":30,"key":"EntropicBrew"},{"floor":33,"key":"champ:UltimateStancePotion"},{"floor":46,"key":"SpeedPotion"}],"is_trial":false,"path_per_floor":["R","M","?","?","M","R","T","E","R","E","M","E","$","M","M","B",null,"R","M","M","?","M","E","T","M","E","M","M","?","E","$","M","B",null,"R","M","M","T","M","?","T","R","$","R","$","E","M","E","M","B"],"character_chosen":"THE_CHAMP","items_purchased":["Sling","champ:BerserkersGuideToSlaughter","expansioncontent:QuickStudy","Du-Vu Doll"],"campfire_rested":0,"item_purchase_floors":[13,31,31,43],"current_hp_per_floor":[90,88,85,85,83,83,83,63,63,48,48,38,38,20,20,15,90,90,89,77,77,59,44,44,44,52,51,39,39,19,19,29,31,100,110,110,104,104,103,104,104,104,104,104,104,110,110,99,86,0,0,0],"gold":172,"neow_bonus":"BOSS_RELIC","is_daily":false,"chose_seed":false,"campfire_upgraded":6,"win_rate":0.0,"timestamp":1611059614,"path_taken":["R","M","?","?","M","R","T","E","R","E","M","E","$","M","M","BOSS","R","M","M","?","M","E","T","M","E","M","M","?","E","$","M","BOSS","R","?","M","?","M","?","T","R","$","R","$","E","M","E","M","BOSS"],"items_purchased_type":["Relic","Relic","Card","Relic"],"build_version":"2020-12-22","purchased_purges":1,"victory":false,"max_hp_per_floor":[90,90,90,90,90,90,90,90,90,90,90,90,90,90,90,90,90,90,90,90,90,90,90,90,90,100,100,100,100,100,100,100,100,100,110,110,110,110,110,110,110,110,110,110,110,110,110,110,110,110,110,110],"card_choices":[{"not_picked":["champ:PerfectedStrike","champ:ShieldSigil"],"picked":"champ:StanceDance","floor":2},{"not_picked":["champ:Endure","champ:FlashCut"],"picked":"champ:CrownThrow","floor":5},{"not_picked":["champ:GladiatorForm","champ:DefensiveShout"],"picked":"champ:LastStand","floor":8},{"not_picked":["champ:IronFortress","champ:StanceDance"],"picked":"champ:AdrenalArmor","floor":10},{"not_picked":["champ:FlashCut","champ:TornadoPunch"],"picked":"champ:GutPunch","floor":11},{"not_picked":["champ:EnchantCrown","champ:CrownThrow"],"picked":"champ:Backstep","floor":12},{"not_picked":["champ:Lariat","champ:EnGarde","champ:FlashCut"],"picked":"SKIP","floor":13},{"not_picked":["champ:Haymaker","champ:ShieldSigil"],"picked":"champ:FanOfKnives","floor":14},{"not_picked":["champ:Shatter","champ:CrownThrow"],"picked":"champ:TornadoPunch","floor":15},{"not_picked":["champ:GladiatorForm","champ:ShieldThrow"],"picked":"champ:VampiricStrike","floor":16},{"not_picked":["champ:Backstep","champ:ShieldSigil"],"picked":"champ:Endure","floor":19},{"not_picked":["champ:FaceSlap","champ:FocusedBerserking","champ:BerserkersShout+1"],"picked":"SKIP","floor":20},{"not_picked":["champ:Lariat","champ:GutPunch"],"picked":"champ:FancyFootwork+1","floor":22},{"not_picked":["champ:DancingMaster","champ:GutPunch"],"picked":"champ:RisingSlash+1","floor":23},{"not_picked":["champ:BladeFlurry","champ:FlashCut","champ:CrownThrow"],"picked":"SKIP","floor":25},{"not_picked":["champ:IronFortress+1","champ:TornadoPunch","champ:EnGarde"],"picked":"SKIP","floor":26},{"not_picked":["champ:DefensiveShout","champ:StanceDance","champ:Circumvent"],"picked":"SKIP","floor":27},{"not_picked":["champ:DefensiveStyle","champ:Circumvent"],"picked":"champ:RisingSlash+1","floor":28},{"not_picked":["champ:RecklessLeap","champ:TripleStrike"],"picked":"champ:HoldFirm","floor":30},{"not_picked":["champ:Parry","champ:StanceDance","champ:EndlessRage"],"picked":"SKIP","floor":31},{"not_picked":["champ:FlashCut","champ:Circumvent"],"picked":"champ:Lariat","floor":32},{"not_picked":["champ:TripleStrike","champ:Devastate"],"picked":"champ:SteelEdge","floor":33},{"not_picked":["champ:CrownThrow","champ:FocusedDefense+1","champ:EnGarde"],"picked":"SKIP","floor":36},{"not_picked":["champ:Circumvent+1","champ:DeathBlow+1","champ:Endure+1"],"picked":"SKIP","floor":37},{"not_picked":["champ:Lariat+1","champ:ViciousMockery+1"],"picked":"champ:Shatter+1","floor":39},{"not_picked":["champ:StanceDance","champ:Duel"],"picked":"champ:AdrenalArmor+1","floor":40},{"not_picked":["champ:FocusedBerserking+1","champ:PerfectedStrike"],"picked":"champ:FancyFootwork+1","floor":46},{"not_picked":["champ:GutPunch+1","champ:Backstep","champ:Shatter+1"],"picked":"SKIP","floor":47},{"not_picked":["champ:PreemptiveStrike+1","champ:CrownThrow+1"],"picked":"champ:StanceDance+1","floor":48},{"not_picked":["champ:FanOfKnives","champ:PreciseThrust"],"picked":"champ:ArenaPreparation+1","floor":49}],"player_experience":342884,"relics_obtained":[{"floor":7,"key":"champ:SpectersHand"},{"floor":8,"key":"MawBank"},{"floor":10,"key":"Letter Opener"},{"floor":12,"key":"PreservedInsect"},{"floor":23,"key":"Whetstone"},{"floor":26,"key":"Pear"},{"floor":30,"key":"Ornamental Fan"},{"floor":38,"key":"Pen Nib"},{"floor":40,"key":"FossilizedHelix"},{"floor":41,"key":"Blue Candle"},{"floor":46,"key":"Oddly Smooth Stone"},{"floor":46,"key":"StoneCalendar"},{"floor":48,"key":"Sundial"},{"floor":48,"key":"Toy Ornithopter"}],"event_choices":[{"damage_healed":0,"gold_gain":0,"player_choice":"Success","damage_taken":3,"relics_obtained":["Regal Pillow"],"max_hp_gain":0,"max_hp_loss":0,"event_name":"Scrap Ooze","floor":3,"gold_loss":0}],"is_beta":false,"boss_relics":[{"not_picked":["Snecko Eye","Fusion Hammer"],"picked":"SlaversCollar"},{"not_picked":["Tiny House","Sozu"],"picked":"Black Star"}],"items_purged_floors":[31],"is_endless":false,"potions_floor_spawned":[5,10,11,15,19,25,27,28,30,33,46,47,48,49],"killed_by":"SI_POISON_ARCHETYPE","ascension_level":3}}