{"host":"p9t7qd83igtcp2bh","time":1611032611,"event":{"mods":["2.2 Compatiblity","AchievementEnabler","BaseMod","Colored Map","Colored Powertips","Custom Start","DeckTracker","Keyboard Shortcuts","Minty Spire (QoL Compilation)","Permanent Neow","StSLib","SuperFastMode","everything is the same but u backflip on backflip"],"gold_per_floor":[109,128,128,147,165,165,191,210,210,210,240,2,15,15,15,87,87,97,117,117,117,135,160,175,193,217,217,217],"floor_reached":27,"language":"KOR","playtime":654,"items_purged":["Strike_B"],"score":474,"play_id":"261a727c-20c2-4e00-9775-39486ac51544","local_time":"20210119140331","is_ascension_mode":true,"campfire_choices":[{"floor":6.0,"key":"REST"},{"data":"Dualcast","floor":10.0,"key":"SMITH"},{"data":"Fission","floor":15.0,"key":"SMITH"}],"circlet_count":0,"master_deck":["AscendersBane","Defend_B","Defend_B","Defend_B","Zap","Dualcast+1","Loop+1","Chaos+1","Ball Lightning","Rebound","Force Field","Ball Lightning","Buffer","Fission+1","Core Surge","Skim","Self Repair","Cold Snap"],"relics":["Cracked Core","Potion Belt","HornCleat","Busted Crown","Kunai","Smiling Mask"],"acts_visited":["Exordium","TheCity"],"potions_floor_usage":[27],"damage_taken":[{"damage":0.0,"enemies":"2 Louse","floor":1.0,"turns":2.0},{"damage":7.0,"enemies":"Jaw Worm","floor":2.0,"turns":5.0},{"damage":1.0,"enemies":"Cultist","floor":4.0,"turns":3.0},{"damage":10.0,"enemies":"Exordium Wildlife","floor":5.0,"turns":3.0},{"damage":19.0,"enemies":"Lagavulin","floor":7.0,"turns":5.0},{"damage":0.0,"enemies":"Gremlin Gang","floor":8.0,"turns":4.0},{"damage":0.0,"enemies":"Looter","floor":13.0,"turns":2.0},{"damage":18.0,"enemies":"Slime Boss","floor":16.0,"turns":6.0},{"damage":11,"enemies":"Spheric Guardian","floor":18,"turns":4},{"damage":0,"enemies":"Chosen","floor":19,"turns":4},{"damage":1,"enemies":"3 Cultists","floor":22,"turns":5},{"damage":32,"enemies":"Book of Stabbing","floor":23,"turns":5},{"damage":21,"enemies":"Snake Plant","floor":24,"turns":3},{"damage":0,"enemies":"Snecko","floor":25,"turns":4},{"damage":21,"enemies":"Centurion and Healer","floor":27,"turns":4}],"seed_played":"1490641529622617491","potions_obtained":[{"floor":2.0,"key":"AttackPotion"},{"floor":4.0,"key":"DistilledChaos"},{"floor":7.0,"key":"Block Potion"},{"floor":16.0,"key":"Fire Potion"},{"floor":19,"key":"LiquidBronze"},{"floor":24,"key":"Swift Potion"}],"is_trial":false,"path_per_floor":["M","M","?","M","M","R","E","M","T","R","?","$","M","?","R","B",null,"M","M","?","?","M","E","M","M","T","M"],"character_chosen":"DEFECT","items_purchased":["Buffer"],"campfire_rested":1,"item_purchase_floors":[12],"current_hp_per_floor":[64,57,36,35,25,46,27,27,27,27,27,27,27,27,27,9,56,45,45,45,45,51,26,12,19,19,0,0],"gold":217,"neow_bonus":"TRANSFORM_CARD","is_daily":false,"chose_seed":false,"campfire_upgraded":2,"win_rate":0.0,"timestamp":1611032611,"path_taken":["M","M","?","M","M","R","E","M","T","R","?","$","M","?","R","BOSS","M","M","?","?","?","E","M","M","T","M"],"items_purchased_type":["Card"],"build_version":"2020-12-22","purchased_purges":1,"victory":false,"max_hp_per_floor":[71,71,71,71,71,71,71,71,71,71,71,71,71,71,71,71,71,71,71,71,71,71,71,71,71,71,71,71],"card_choices":[{"not_picked":["Gash","FTL"],"picked":"Chaos","floor":1.0},{"not_picked":["Heatsinks","Turbo"],"picked":"Ball Lightning","floor":2.0},{"not_picked":["Turbo","Aggregate","All For One"],"picked":"SKIP","floor":4.0},{"not_picked":["Auto Shields","Self Repair"],"picked":"Rebound","floor":5.0},{"not_picked":["Beam Cell","Sweeping Beam"],"picked":"Force Field","floor":7.0},{"not_picked":["Turbo","Blizzard"],"picked":"Ball Lightning","floor":8.0},{"not_picked":["Turbo","Undo"],"picked":"Fission","floor":13.0},{"not_picked":["Thunder Strike","Biased Cognition"],"picked":"Core Surge","floor":16.0},{"not_picked":["Streamline"],"picked":"SKIP","floor":18},{"not_picked":[],"picked":"Skim","floor":19},{"not_picked":["Gash"],"picked":"SKIP","floor":22},{"not_picked":["Lockon"],"picked":"SKIP","floor":23},{"not_picked":[],"picked":"Cold Snap","floor":24},{"not_picked":["Double Energy"],"picked":"SKIP","floor":25}],"player_experience":660048,"relics_obtained":[{"floor":7.0,"key":"Potion Belt"},{"floor":9.0,"key":"HornCleat"},{"floor":23,"key":"Kunai"},{"floor":26,"key":"Smiling Mask"}],"event_choices":[{"damage_healed":0.0,"max_hp_gain":0.0,"max_hp_loss":0.0,"gold_gain":0.0,"event_name":"Shining Light","player_choice":"Entered Light","floor":3.0,"gold_loss":0.0,"damage_taken":21.0,"cards_upgraded":["Loop","Chaos"]},{"damage_healed":0.0,"max_hp_gain":0.0,"max_hp_loss":0.0,"gold_gain":30.0,"event_name":"Dead Adventurer","player_choice":"Searched \u00271\u0027 times","floor":11.0,"gold_loss":0.0,"damage_taken":0.0},{"damage_healed":0.0,"max_hp_gain":0.0,"max_hp_loss":0.0,"gold_gain":0.0,"event_name":"Liars Game","player_choice":"Ignored","floor":14.0,"gold_loss":0.0,"damage_taken":0.0},{"damage_healed":0,"gold_gain":0,"player_choice":"Read","damage_taken":0,"max_hp_gain":0,"max_hp_loss":0,"event_name":"The Library","floor":20,"gold_loss":0,"cards_obtained":["Self Repair"]},{"cards_removed":["Strike_B"],"damage_healed":0,"gold_gain":0,"player_choice":"Purged","damage_taken":0,"max_hp_gain":0,"max_hp_loss":0,"event_name":"Purifier","floor":21,"gold_loss":0}],"is_beta":false,"boss_relics":[{"not_picked":["Calling Bell","Black Star"],"picked":"Busted Crown"}],"items_purged_floors":[12],"is_endless":false,"potions_floor_spawned":[2,4,5,7,16,19,24],"killed_by":"Centurion and Healer","ascension_level":20}}