{"host":"lh9qfzqeqctr28d2","time":1611060240,"event":{"mods":["BaseMod","CapriCore","Luminous","Minty Spire (QoL Compilation)","Quick Restart","Relic Stats","Remilia£®¿Ÿ√◊¿Ú—«£©","StSLib","Yakumo Yukari mod"],"gold_per_floor":[119,119,135,155,169,203,203,203,203],"floor_reached":8,"language":"ZHS","playtime":308,"items_purged":[],"score":61,"play_id":"61fe0498-5e48-4660-ba17-f58a9ea471b0","local_time":"20210119204400","is_ascension_mode":true,"campfire_choices":[{"data":"Recycle","floor":7,"key":"SMITH"}],"circlet_count":0,"master_deck":["Strike_B","Strike_B","Strike_B","Strike_B","Defend_B","Defend_B","Defend_B","Defend_B","Zap","Dualcast","FTL","Recycle+1","Electrodynamics","Heatsinks","Skim"],"relics":["Cracked Core","Bird Faced Urn","TungstenRod"],"acts_visited":["Exordium"],"potions_floor_usage":[6,6,8],"damage_taken":[{"damage":4,"enemies":"2 Louse","floor":1,"turns":3},{"damage":6,"enemies":"Jaw Worm","floor":3,"turns":3},{"damage":1,"enemies":"Cultist","floor":4,"turns":3},{"damage":20,"enemies":"Exordium Thugs","floor":5,"turns":4},{"damage":16,"enemies":"Lagavulin","floor":6,"turns":5},{"damage":42,"enemies":"Gremlin Nob","floor":8,"turns":4}],"seed_played":"-1224402412829270951","potions_obtained":[{"floor":1,"key":"LiquidBronze"},{"floor":3,"key":"AttackPotion"},{"floor":4,"key":"AttackPotion"}],"is_trial":false,"path_per_floor":["M","?","M","M","M","E","R","E"],"character_chosen":"DEFECT","items_purchased":[],"campfire_rested":0,"item_purchase_floors":[],"current_hp_per_floor":[71,71,65,64,46,34,34,0,0],"gold":203,"neow_bonus":"ONE_RARE_RELIC","is_daily":false,"chose_seed":false,"campfire_upgraded":1,"win_rate":0.0,"timestamp":1611060240,"path_taken":["M","?","M","M","M","E","R","E"],"items_purchased_type":[],"build_version":"2020-12-22","purchased_purges":0,"victory":false,"max_hp_per_floor":[75,75,75,75,75,75,75,75,75],"relic_stats":{"counters":[6,22],"Bird Faced Urn":[10],"obtain_stats":[{"Bird Faced Urn":0,"Cracked Core":0,"TungstenRod":6},{"Bird Faced Urn":0,"Cracked Core":0,"TungstenRod":5},{"Bird Faced Urn":0,"Cracked Core":0,"TungstenRod":18}],"TungstenRod":3},"card_choices":[{"not_picked":["Cold Snap","Compile Driver"],"picked":"FTL","floor":1},{"not_picked":["Coolheaded","Beam Cell"],"picked":"Recycle","floor":3},{"not_picked":["Static Discharge","Ball Lightning"],"picked":"Electrodynamics","floor":4},{"not_picked":["Auto Shields","Beam Cell"],"picked":"Heatsinks","floor":5},{"not_picked":["Force Field","Go for the Eyes"],"picked":"Skim","floor":6}],"player_experience":438688,"relics_obtained":[{"floor":6,"key":"TungstenRod"}],"event_choices":[{"cards_removed":["Normality"],"damage_healed":0,"gold_gain":0,"player_choice":"Forget","damage_taken":0,"max_hp_gain":0,"max_hp_loss":0,"event_name":"Living Wall","floor":2,"gold_loss":0}],"is_beta":false,"boss_relics":[],"items_purged_floors":[],"is_endless":false,"potions_floor_spawned":[1,3,4],"killed_by":"Gremlin Nob","ascension_level":1}}