{"host":"qjjo2tl9lbhe5pjm","time":1611020300,"event":{"mods":["Act Like it!","Aspiration","BaseMod","Better Third Choice","BetterRewards","Challenge The Spire","Conspire","Energized Spire","GifTheSpireLib","Halation","HexUI Lib","Hubris","Infinite Spire","Minty Spire (QoL Compilation)","Pale of the Ancients","Replay The Spire","Shop Mod","StSLib","Stuff the Spire","SuperFastMode","Synergy Search","The Jungle"],"gold_per_floor":[114,114,134,134,134,165,185,219,219,236,236,265,275,12,12,12,12],"floor_reached":16,"language":"ENG","playtime":370,"items_purged":["Defend_B"],"score":232,"play_id":"e5901ae1-dc8b-4c44-a1a0-187a9746f43a","local_time":"20210118193820","is_ascension_mode":true,"campfire_choices":[{"floor":11,"key":"REST"},{"floor":15,"key":"REST"}],"circlet_count":0,"master_deck":["AscendersBane","Strike_B","Strike_B","Strike_B","Strike_B","Defend_B","Defend_B","Defend_B","Zap","Dualcast","Beam Cell","Rebound","ReplayTheSpireMod:Dual Polarity","StuffTheSpire:Plugnplay","Crystallizer","Midas Touch","BasicCrystalCard"],"relics":["Cracked Core","NeowsBlessing","Centennial Puzzle","StuffTheSpire:EmeraldSignet","MerchantsRug"],"acts_visited":["Exordium"],"potions_floor_usage":[13],"damage_taken":[{"damage":0,"enemies":"Small Slimes","floor":1,"turns":1},{"damage":0,"enemies":"2 Louse","floor":3,"turns":1},{"damage":0,"enemies":"3 Sentries","floor":6,"turns":1},{"damage":7,"enemies":"Jaw Worm","floor":7,"turns":3},{"damage":35,"enemies":"Lagavulin","floor":8,"turns":7},{"damage":6,"enemies":"Exordium Thugs","floor":10,"turns":3},{"damage":16,"enemies":"Gremlin Nob","floor":12,"turns":3},{"damage":14,"enemies":"Lots of Slimes","floor":13,"turns":2},{"damage":4,"enemies":"Fading Forest","floor":16,"turns":4}],"seed_played":"-6241181066633086574","potions_obtained":[{"floor":7,"key":"SmokeBomb"},{"floor":8,"key":"Fire Potion"}],"is_trial":false,"path_per_floor":["M","?","M","?","?","E","M","E","T","M","R","E","M","$","R","B"],"character_chosen":"DEFECT","items_purchased":["MerchantsRug","Midas Touch","BasicCrystalCard"],"campfire_rested":2,"item_purchase_floors":[14,14,14],"current_hp_per_floor":[68,68,68,68,68,68,61,26,26,20,42,26,12,12,34,30,30],"gold":12,"neow_bonus":"THREE_ENEMY_KILL","is_daily":false,"chose_seed":false,"campfire_upgraded":0,"win_rate":0.0,"timestamp":1611020300,"path_taken":["M","?","M","?","?","E","M","E","T","M","R","E","M","$","R","BOSS"],"items_purchased_type":["Relic","Card","Card"],"build_version":"2020-12-22","purchased_purges":1,"victory":false,"max_hp_per_floor":[75,75,75,75,75,75,75,75,75,75,75,75,75,75,75,75,75],"card_choices":[{"not_picked":["Turbo","BootSequence"],"picked":"Beam Cell","floor":1},{"not_picked":["Coolheaded","Stack","Compile Driver"],"picked":"SKIP","floor":3},{"not_picked":["Machine Learning","ReplayTheSpireMod:GoodbyeWorld"],"picked":"Rebound","floor":6},{"not_picked":["StuffTheSpire:LoadUp","Stack","Redo"],"picked":"SKIP","floor":7},{"not_picked":["Go for the Eyes","conspire:Rain","Hologram"],"picked":"SKIP","floor":8},{"not_picked":["Rebound","conspire:Rain"],"picked":"ReplayTheSpireMod:Dual Polarity","floor":10},{"not_picked":["Darkness","StuffTheSpire:NuclearReactor"],"picked":"StuffTheSpire:Plugnplay","floor":12},{"not_picked":["Cold Snap","Leap"],"picked":"Crystallizer","floor":13}],"player_experience":674469,"relics_obtained":[{"floor":6,"key":"Centennial Puzzle"},{"floor":8,"key":"Mercury Hourglass"},{"floor":12,"key":"StuffTheSpire:EmeraldSignet"}],"event_choices":[{"damage_healed":0,"gold_gain":0,"player_choice":"Leave","damage_taken":0,"max_hp_gain":0,"max_hp_loss":0,"event_name":"conspire:Investor","floor":5,"gold_loss":0}],"is_beta":false,"boss_relics":[],"items_purged_floors":[14],"is_endless":false,"potions_floor_spawned":[7,8,10],"killed_by":"Fading Forest","ascension_level":12}}