{"host":"46hhpd9tbruz5rpt","time":1611030084,"event":{"mods":["Act Like it!","BaseMod","Gensokyo","Marisa£®ÏF”Í°°ƒß¿Ì…≥£©","Minty Spire (QoL Compilation)","Quick Restart","Replay The Spire","StSLib"],"gold_per_floor":[113,180,180,180,180,215,88,98,98,108,8,8,38,54,54,152,152,163,189,189,64,78,78,78,78,78,18,30,62,75,75,75,177,177,195,45,56,76,96,96,128,128,155,205,224,134,134,134,134],"floor_reached":48,"language":"ZHS","playtime":2014,"items_purged":["Strike_MRS","Strike_MRS","Defend_MRS","Defend_MRS"],"score":1090,"play_id":"12c63315-ea83-4c73-8def-fdf72aae4ff5","local_time":"20210119122124","is_ascension_mode":true,"campfire_choices":[{"data":"PowerUp","floor":12.0,"key":"SMITH"},{"data":"PowerUp","floor":15.0,"key":"SMITH"},{"data":"MilkyWay","floor":23.0,"key":"SMITH"},{"data":"MillisecondPulsars","floor":25.0,"key":"SMITH"},{"floor":32.0,"key":"REST"},{"data":"MilkyWay","floor":40.0,"key":"SMITH"},{"data":"BlazingStar","floor":47.0,"key":"SMITH"}],"circlet_count":0,"master_deck":["Defend_MRS+1","MasterSpark","UpSweep","PulseMagic+1","SprinkleStarSeal+1","BlazingStar+1","6A","PowerUp+1","PowerUp+1","MillisecondPulsars+1","MilkyWay+1","MilkyWay+1","ShootingEcho+1","SuperPerseids"],"relics":["MiniHakkero","NeowsBlessing","Lantern","FossilizedHelix","Replay:Rubber Ducky","Bag of Marbles","White Beast Statue","Empty Cage","Red Mask","Kunai","Regal Pillow","Snecko Eye","ReplayTheSpireMod:TigerMarble","Orichalcum","Ice Cream"],"acts_visited":["Exordium","TheCity","TheBeyond"],"potions_floor_usage":[],"damage_taken":[{"damage":0.0,"enemies":"2 Louse","floor":1.0,"turns":1.0},{"damage":0.0,"enemies":"3 Sentries","floor":6.0,"turns":2.0},{"damage":0.0,"enemies":"Small Slimes","floor":8.0,"turns":1.0},{"damage":0.0,"enemies":"Jaw Worm","floor":10.0,"turns":2.0},{"damage":0.0,"enemies":"Replay:BlueRogue","floor":13.0,"turns":4.0},{"damage":0.0,"enemies":"Exordium Thugs","floor":14.0,"turns":3.0},{"damage":0.0,"enemies":"Slime Boss","floor":16.0,"turns":3.0},{"damage":19.0,"enemies":"3 Byrds","floor":18.0,"turns":6.0},{"damage":3.0,"enemies":"Masked Bandits","floor":19.0,"turns":4.0},{"damage":0.0,"enemies":"Spheric Guardian","floor":22.0,"turns":2.0},{"damage":0.0,"enemies":"Snake Plant","floor":28.0,"turns":3.0},{"damage":14.0,"enemies":"Gremlin Leader","floor":29.0,"turns":8.0},{"damage":0.0,"enemies":"Snecko","floor":30.0,"turns":6.0},{"damage":20.0,"enemies":"Pondfish","floor":33.0,"turns":7.0},{"damage":0.0,"enemies":"3 Shapes","floor":35.0,"turns":5.0},{"damage":20.0,"enemies":"3 Darklings","floor":37.0,"turns":5.0},{"damage":0.0,"enemies":"Maw","floor":38.0,"turns":6.0},{"damage":2.0,"enemies":"Sphere and 2 Shapes","floor":39.0,"turns":5.0},{"damage":26.0,"enemies":"Nemesis","floor":41.0,"turns":7.0},{"damage":0.0,"enemies":"Mind Bloom Boss Battle","floor":44.0,"turns":3.0},{"damage":0.0,"enemies":"Transient","floor":45.0,"turns":5.0},{"damage":0,"enemies":"4 Shapes","floor":48,"turns":3}],"seed_played":"-7987402093274850141","potions_obtained":[{"floor":1.0,"key":"Reflective Coating"},{"floor":2.0,"key":"Cursed Concoction"},{"floor":10.0,"key":"Strength Potion"},{"floor":16.0,"key":"Fire Potion"},{"floor":19.0,"key":"Weak Potion"},{"floor":28.0,"key":"Elixir"},{"floor":31.0,"key":"Adrenaline Potion"},{"floor":33.0,"key":"AttackPotion"},{"floor":41.0,"key":"PowerPotion"},{"floor":45.0,"key":"Strength Potion"}],"is_trial":false,"path_per_floor":["M","?","?","?","?","E","$","M","T","M","$","R","E","M","R","B",null,"M","?","?","$","M","R","?","R","T","?","M","E","M","?","R","B",null,"M","$","M","M","M","R","E","?","T","?","M","?","R","M"],"character_chosen":"MARISA","items_purchased":["PowerUp"],"campfire_rested":1,"item_purchase_floors":[7],"current_hp_per_floor":[68,50,35,35,35,35,35,35,35,35,35,35,35,35,35,35,65,46,43,43,43,43,43,43,43,43,43,43,29,29,29,66,46,68,68,68,48,48,46,46,20,20,20,20,20,20,20,20,20],"gold":134,"neow_bonus":"THREE_ENEMY_KILL","is_daily":false,"chose_seed":false,"campfire_upgraded":6,"win_rate":0.0,"timestamp":1611030084,"path_taken":["M","?","?","?","?","E","?","M","T","M","$","R","E","M","R","BOSS","M","?","?","$","?","R","?","R","T","?","M","E","M","?","R","BOSS","M","$","M","M","?","R","E","?","T","?","M","?","R","?"],"items_purchased_type":["Card"],"build_version":"2020-12-22","purchased_purges":4,"victory":false,"max_hp_per_floor":[75,75,75,75,75,75,75,75,75,75,75,75,75,75,75,75,75,75,75,75,75,75,75,75,75,75,75,75,75,75,75,75,75,75,75,75,75,75,75,75,75,71,71,71,71,71,71,71,71],"card_choices":[{"not_picked":["DC","DoubleSpark"],"picked":"PulseMagic","floor":1.0},{"not_picked":["MysteriousBeam","WitchOfGreed"],"picked":"SprinkleStarSeal","floor":2.0},{"not_picked":["Robbery","GravityBeat"],"picked":"BlazingStar","floor":2.0},{"not_picked":["DC","DeepEcoloBomb"],"picked":"6A","floor":6.0},{"not_picked":["ChargeUpSpray","DoubleSpark"],"picked":"PowerUp","floor":8.0},{"not_picked":["IllusionStar","LuminesStrike","DragonMeteor"],"picked":"SKIP","floor":10.0},{"not_picked":["AlicesGift","Acceleration","WitchOfGreed"],"picked":"SKIP","floor":13.0},{"not_picked":["AsteroidBelt","OpenUniverse","ChargeUpSpray"],"picked":"SKIP","floor":14.0},{"not_picked":["BinaryStars","SuperNova"],"picked":"MillisecondPulsars","floor":16.0},{"not_picked":["OortCloud","GalacticHalo"],"picked":"MilkyWay","floor":18.0},{"not_picked":["NonDirectionalLaser","DarkSpark","OpenUniverse"],"picked":"SKIP","floor":22.0},{"not_picked":["NonDirectionalLaser","DarkSpark","OpenUniverse"],"picked":"SKIP","floor":22.0},{"not_picked":["UnstableBomb","GravityBeat","LuminesStrike"],"picked":"SKIP","floor":28.0},{"not_picked":["SuperPerseids","OrrerysSun"],"picked":"MilkyWay","floor":29.0},{"not_picked":["PowerUp+1","AsteroidBelt","WitchOfGreed+1"],"picked":"SKIP","floor":30.0},{"not_picked":["MysteriousBeam","AsteroidBelt+1"],"picked":"ShootingEcho+1","floor":35.0},{"not_picked":["WitchOfGreed+1","IllusionStar+1","ChargingUp"],"picked":"SKIP","floor":37.0},{"not_picked":["LuminesStrike","GasGiant+1"],"picked":"SuperPerseids","floor":38.0},{"not_picked":["SporeBomb","AlicesGift+1","WitchLeyline"],"picked":"SKIP","floor":39.0},{"not_picked":["MysteriousBeam","DarkSpark+1","BlazingStar"],"picked":"SKIP","floor":41.0},{"not_picked":["FairyDestructionRay","SporeBomb","LuminesStrike"],"picked":"SKIP","floor":45.0}],"player_experience":94237,"relics_obtained":[{"floor":2.0,"key":"Lantern"},{"floor":6.0,"key":"Replay:Rubber Ducky"},{"floor":9.0,"key":"Bag of Marbles"},{"floor":13.0,"key":"White Beast Statue"},{"floor":19.0,"key":"Red Mask"},{"floor":26.0,"key":"Kunai"},{"floor":29.0,"key":"Regal Pillow"},{"floor":41.0,"key":"ReplayTheSpireMod:TigerMarble"},{"floor":43.0,"key":"Orichalcum"},{"floor":44.0,"key":"Ice Cream"}],"event_choices":[{"damage_healed":0.0,"max_hp_gain":0.0,"max_hp_loss":0.0,"gold_gain":0.0,"event_name":"Shining Light","player_choice":"Entered Light","floor":3.0,"gold_loss":0.0,"damage_taken":15.0,"cards_upgraded":["Defend_MRS","SprinkleStarSeal"]},{"damage_healed":0.0,"max_hp_gain":0.0,"max_hp_loss":0.0,"gold_gain":0.0,"event_name":"Big Fish","player_choice":"Box","floor":4.0,"gold_loss":0.0,"damage_taken":0.0,"relics_obtained":["FossilizedHelix"],"cards_obtained":["Regret"]},{"cards_removed":["Regret"],"damage_healed":0.0,"max_hp_gain":0.0,"max_hp_loss":0.0,"gold_gain":0.0,"event_name":"Living Wall","player_choice":"Forget","floor":5.0,"gold_loss":0.0,"damage_taken":0.0},{"damage_healed":0.0,"max_hp_gain":0.0,"max_hp_loss":0.0,"gold_gain":0.0,"event_name":"Masked Bandits","player_choice":"Fought Bandits","floor":19.0,"gold_loss":0.0,"damage_taken":0.0},{"damage_healed":0.0,"max_hp_gain":0.0,"max_hp_loss":0.0,"gold_gain":0.0,"event_name":"Match and Keep!","player_choice":"0 cards matched","floor":20.0,"gold_loss":0.0,"damage_taken":0.0,"cards_obtained":[]},{"damage_healed":0.0,"max_hp_gain":0.0,"max_hp_loss":0.0,"gold_gain":0.0,"event_name":"Vampires","player_choice":"Ignored","floor":24.0,"gold_loss":0.0,"damage_taken":0.0},{"damage_healed":0.0,"max_hp_gain":0.0,"max_hp_loss":0.0,"gold_gain":0.0,"event_name":"Lab","player_choice":"Got Potions","floor":31.0,"gold_loss":0.0,"damage_taken":0.0},{"damage_healed":0.0,"max_hp_gain":0.0,"max_hp_loss":4.0,"gold_gain":0.0,"event_name":"Winding Halls","player_choice":"Max HP","floor":42.0,"gold_loss":0.0,"damage_taken":0.0},{"damage_healed":0.0,"max_hp_gain":0.0,"max_hp_loss":0.0,"gold_gain":0.0,"event_name":"MindBloom","player_choice":"Fight","floor":44.0,"gold_loss":0.0,"damage_taken":0.0},{"cards_removed":["Defend_MRS"],"damage_healed":0.0,"max_hp_gain":0.0,"max_hp_loss":0.0,"gold_gain":0.0,"event_name":"Designer","player_choice":"Upgrade and Remove","floor":46.0,"gold_loss":90.0,"damage_taken":0.0,"cards_upgraded":["PulseMagic"]}],"is_beta":false,"boss_relics":[{"not_picked":["Replay:Grab Bag","Ring of Chaos"],"picked":"Empty Cage"},{"not_picked":["SlaversCollar","RampagingMagicTools"],"picked":"Snecko Eye"}],"items_purged_floors":[7,11,21,36],"is_endless":false,"potions_floor_spawned":[1,10,14,16,18,19,22,28,29,30,33,35,37,38,39,41,44,45],"killed_by":"4 Shapes","ascension_level":8}}