{"host":"xbs6xfa3tvu21mfl","time":1611062794,"event":{"mods":["BaseMod","Downfall","Minty Spire (QoL Compilation)","Quick Restart","StSLib"],"gold_per_floor":[99,84,84,97,43,43,43,43,75,95,111,11,11,22,37,142,142,142,157,157,157,67,67,67,67,85,101,101,120,120,154,167,267,267,267,282,332,139,139,152,175,194,208,108,16,16,16,42,52,52,52],"floor_reached":50,"language":"ZHS","playtime":3695,"items_purged":["bronze:Replicate","bronze:AlphaBuild","bronze:InfiniteBeams"],"score":640,"play_id":"3a7b7b32-1b54-4060-808d-6ef6f88ebaa1","local_time":"20210119212634","is_ascension_mode":false,"campfire_choices":[{"floor":1.0,"key":"REST"},{"floor":8.0,"key":"REST"},{"floor":12.0,"key":"REST"},{"data":"bronze:HardenedForm","floor":18.0,"key":"SMITH"},{"floor":25.0,"key":"REST"},{"data":"bronze:MaxOutput","floor":30.0,"key":"SMITH"},{"data":"bronze:CleanCode","floor":35.0,"key":"SMITH"},{"data":"bronze:FollowUp","floor":44.0,"key":"SMITH"},{"data":"bronze:Terminator","floor":47,"key":"SMITH"}],"circlet_count":0,"master_deck":["bronze:Strike","bronze:Strike","bronze:Strike","bronze:Defend","bronze:Defend","bronze:Goto","bronze:Constructor","bronze:Assembly","bronze:Terminator+1","bronze:RecursiveStrike","bronze:FollowUp+1","bronze:Branch","bronze:Flail","bronze:HardenedForm+1","bronze:Frontload+1","bronze:RecursiveStrike","bronze:MaxOutput+1","bronze:ChildClass+1","bronze:FineTuning+1","bronze:CloningBeam","bronze:Shell+1","bronze:WhirlingStrike","bronze:CleanCode+1","bronze:FineTuning+1","bronze:Shell+1","bronze:FollowUp","bronze:ClassDefault+1","bronze:Format+1","expansioncontent:Chronoboost","bronze:ForceShield+1","bronze:ForLoop+1"],"relics":["bronze:PlatinumCore","Mummified Hand","StrikeDummy","downfall:HeartBlessingGreen","Black Star","downfall:RedIOU","downfall:KnowingSkull","Toxic Egg 2","Darkstone Periapt","Akabeko","Turnip","downfall:HeartBlessingBlue","Eternal Feather","Ornamental Fan","Toy Ornithopter","Calipers"],"acts_visited":["Exordium","TheCity","TheBeyond"],"potions_floor_usage":[45,50,50],"damage_taken":[{"damage":9.0,"enemies":"downfall:FleeingMerchant","floor":2.0,"turns":4.0},{"damage":1.0,"enemies":"Cultist","floor":4.0,"turns":4.0},{"damage":0.0,"enemies":"downfall:FleeingMerchant","floor":5.0,"turns":4.0},{"damage":13.0,"enemies":"Gremlin Nob","floor":9.0,"turns":4.0},{"damage":9.0,"enemies":"2 Louse","floor":10.0,"turns":3.0},{"damage":0.0,"enemies":"Small Slimes","floor":11.0,"turns":3.0},{"damage":0.0,"enemies":"3 Louse","floor":14.0,"turns":4.0},{"damage":3.0,"enemies":"Blue Slaver","floor":15.0,"turns":2.0},{"damage":30.0,"enemies":"WA_ARCHETYPE_RETAIN","floor":16.0,"turns":5.0},{"damage":10.0,"enemies":"Shell Parasite","floor":19.0,"turns":6.0},{"damage":0.0,"enemies":"downfall:FleeingMerchant","floor":22.0,"turns":4.0},{"damage":9.0,"enemies":"Centurion and Healer","floor":26.0,"turns":4.0},{"damage":1.0,"enemies":"Snecko","floor":27.0,"turns":5.0},{"damage":1.0,"enemies":"Snake Plant","floor":29.0,"turns":5.0},{"damage":19.0,"enemies":"Book of Stabbing","floor":31.0,"turns":6.0},{"damage":1.0,"enemies":"Cultist and Chosen","floor":32.0,"turns":5.0},{"damage":15.0,"enemies":"IC_MUSHROOM_ARCHETYPE","floor":33.0,"turns":10.0},{"damage":3.0,"enemies":"3 Shapes","floor":36.0,"turns":4.0},{"damage":1.0,"enemies":"3 Shapes","floor":37.0,"turns":7.0},{"damage":1.0,"enemies":"downfall:FleeingMerchant","floor":38.0,"turns":4.0},{"damage":1.0,"enemies":"3 Darklings","floor":40.0,"turns":5.0},{"damage":1.0,"enemies":"Spire Growth","floor":42.0,"turns":7.0},{"damage":1.0,"enemies":"Maw","floor":43.0,"turns":8.0},{"damage":1,"enemies":"downfall:FleeingMerchant","floor":45,"turns":3},{"damage":2,"enemies":"Nemesis","floor":48,"turns":11},{"damage":23,"enemies":"Sphere and 2 Shapes","floor":49,"turns":3},{"damage":66,"enemies":"DF_ARCHETYPE_ORBS","floor":50,"turns":12}],"seed_played":"5495850626359345523","potions_obtained":[{"floor":4.0,"key":"Energy Potion"},{"floor":10.0,"key":"CultistPotion"},{"floor":15.0,"key":"ColorlessPotion"},{"floor":16.0,"key":"bronze:BuildAFunctionPotion"},{"floor":19.0,"key":"Explosive Potion"},{"floor":29.0,"key":"FearPotion"},{"floor":33.0,"key":"SkillPotion"},{"floor":36.0,"key":"FearPotion"},{"floor":40.0,"key":"SkillPotion"},{"floor":48,"key":"Slimebound:ThreeZeroPotion"},{"floor":49,"key":"bronze:FreeFunctionsPotion"}],"is_trial":false,"path_per_floor":["R","$","?","M","$","?","T","R","E","M","M","R","?","M","M","B",null,"R","M","?","?","$","?","T","R","M","M","?","M","R","E","M","B",null,"R","M","?","$","?","M","T","M","M","R","$","T","R","E","M","B"],"character_chosen":"THE_AUTOMATON","items_purchased":["bronze:InfiniteBeams","bronze:FollowUp","Eternal Feather","expansioncontent:Chronoboost"],"campfire_rested":4,"item_purchase_floors":[5,38,45,45],"current_hp_per_floor":[70,61,54,53,53,53,53,70,57,48,48,69,69,69,66,36,70,70,60,60,60,60,53,53,70,61,60,60,59,59,40,39,24,70,70,67,66,65,65,64,64,63,62,72,71,71,80,78,55,0,0],"gold":52,"neow_bonus":"THREE_RARE_CARDS","is_daily":false,"chose_seed":false,"campfire_upgraded":5,"win_rate":0.0,"timestamp":1611062794,"path_taken":["R","?","?","M","$","?","T","R","E","M","M","R","?","M","M","BOSS","R","M","?","?","$","?","T","R","M","?","?","M","R","E","M","BOSS","R","M","?","$","?","M","T","M","M","R","?","?","R","E","M","BOSS"],"items_purchased_type":["Card","Card","Relic","Card"],"build_version":"2020-12-22","purchased_purges":3,"victory":false,"max_hp_per_floor":[70,70,70,70,70,70,70,70,70,70,70,70,70,70,70,70,70,70,70,70,70,70,70,70,70,70,70,70,70,70,70,70,70,70,70,70,70,70,70,70,70,70,70,80,80,80,80,80,80,80,80],"card_choices":[{"not_picked":["bronze:FindAndReplace","bronze:Mutator"],"picked":"bronze:AlphaBuild","floor":0.0},{"not_picked":["bronze:Deprecate","bronze:WildBeam"],"picked":"bronze:Constructor","floor":2.0},{"not_picked":["bronze:CutThrough","bronze:Turbo"],"picked":"bronze:Assembly","floor":4.0},{"not_picked":["bronze:Safeguard","bronze:WildBeam"],"picked":"bronze:Terminator","floor":5.0},{"not_picked":["bronze:OilSpill","bronze:DelayedGuard"],"picked":"bronze:FollowUp","floor":9.0},{"not_picked":["bronze:Separator","bronze:BugBarrage"],"picked":"bronze:Branch","floor":10.0},{"not_picked":["bronze:Backtrace","bronze:Iterate"],"picked":"bronze:Flail","floor":11.0},{"not_picked":["bronze:BurnOut","bronze:DelayedGuard","bronze:Backtrace"],"picked":"SKIP","floor":14.0},{"not_picked":["bronze:MaxOutput","bronze:DelayedGuard","bronze:BronzeArmor"],"picked":"SKIP","floor":15.0},{"not_picked":["bronze:Mutator","bronze:HyperBeam"],"picked":"bronze:HardenedForm","floor":16.0},{"not_picked":["bronze:ClassDefault+1","bronze:Separator+1"],"picked":"bronze:Frontload+1","floor":19.0},{"not_picked":["bronze:Overload","bronze:Invalidate","bronze:OilSpill"],"picked":"SKIP","floor":22.0},{"not_picked":["bronze:BugBarrage","bronze:Overheat"],"picked":"bronze:ChildClass+1","floor":26.0},{"not_picked":["bronze:Branch+1","bronze:Terminator+1"],"picked":"bronze:FineTuning+1","floor":27.0},{"not_picked":["bronze:Branch","bronze:Frontload+1"],"picked":"bronze:CloningBeam","floor":29.0},{"not_picked":["bronze:BuggyMess+1","bronze:RecursiveStrike"],"picked":"bronze:Shell+1","floor":31.0},{"not_picked":["bronze:Philosophize+1","bronze:Backtrace"],"picked":"bronze:WhirlingStrike","floor":32.0},{"not_picked":["bronze:SpaghettiCode+1","bronze:BurnOut"],"picked":"bronze:CleanCode","floor":33.0},{"not_picked":["bronze:MaxOutput+1","bronze:Shield+1","bronze:Allocate+1"],"picked":"SKIP","floor":36.0},{"not_picked":["bronze:ClassDefault+1","bronze:Deprecate+1"],"picked":"bronze:FineTuning+1","floor":37.0},{"not_picked":["bronze:OilSpill+1","bronze:Branch"],"picked":"bronze:Shell+1","floor":38.0},{"not_picked":["bronze:BitShift+1","bronze:WildBeam+1","bronze:DarkDash"],"picked":"SKIP","floor":40.0},{"not_picked":["bronze:WildBeam","bronze:BitShift+1"],"picked":"bronze:ClassDefault+1","floor":42.0},{"not_picked":["bronze:Backtrace","bronze:Iterate+1","bronze:WildBeam+1"],"picked":"SKIP","floor":43.0},{"not_picked":["bronze:Branch+1","bronze:CutThrough"],"picked":"bronze:Format+1","floor":45},{"not_picked":["bronze:Virus","bronze:Overheat"],"picked":"bronze:ForceShield+1","floor":48},{"not_picked":["bronze:DelayedGuard+1","bronze:Overload+1"],"picked":"bronze:ForLoop+1","floor":49}],"player_experience":141068,"relics_obtained":[{"floor":7.0,"key":"Mummified Hand"},{"floor":9.0,"key":"StrikeDummy"},{"floor":24.0,"key":"Toxic Egg 2"},{"floor":31.0,"key":"Darkstone Periapt"},{"floor":31.0,"key":"Akabeko"},{"floor":37.0,"key":"Turnip"},{"floor":46,"key":"Ornamental Fan"},{"floor":48,"key":"Toy Ornithopter"},{"floor":48,"key":"Calipers"}],"event_choices":[{"damage_healed":0.0,"max_hp_gain":0.0,"max_hp_loss":0.0,"gold_gain":0.0,"event_name":"Scrap Ooze","player_choice":"Success","floor":3.0,"gold_loss":0.0,"damage_taken":7.0,"relics_obtained":["Sundial"]},{"damage_healed":0.0,"max_hp_gain":0.0,"max_hp_loss":0.0,"gold_gain":0.0,"cards_transformed":["bronze:Defend","bronze:Defend"],"event_name":"Drug Dealer","player_choice":"Became Test Subject","floor":20.0,"gold_loss":0.0,"damage_taken":0.0,"cards_obtained":["bronze:RecursiveStrike","bronze:MaxOutput"]}],"is_beta":false,"boss_relics":[{"not_picked":["Snecko Eye","Busted Crown"],"picked":"Black Star"},{"not_picked":["SacredBark","Runic Pyramid"],"picked":"bronze:PlatinumCore"}],"items_purged_floors":[22,38,45],"is_endless":false,"potions_floor_spawned":[4,10,15,16,19,29,33,36,40,48,49],"killed_by":"DF_ARCHETYPE_ORBS","ascension_level":0}}