{"host":"o5jvvi5yapo90aia","time":1611043829,"event":{"mods":["BaseMod","CapriCore","Minty Spire (QoL Compilation)","MostiFishMod","Prisma Mod","Spicy Shops","StSLib","TestMod","The Immortal","Yakumo Yukari mod","【人物mod】游戏王New YuGiOh mod","【功能Mod】Neow奖励"],"gold_per_floor":[117,192,592,592,3,3,42,42,42,83,83,8,44,67,67,162,162,192,211,211,211,211,245,264,304,376,376,414,414,73,103,103,190,190,217,217,245,255,255],"floor_reached":38,"language":"ZHS","playtime":897,"items_purged":["Strike_P"],"score":1467,"play_id":"9a73649d-bd52-4180-9272-89c3a0c0ce0f","local_time":"20210119161029","is_ascension_mode":true,"campfire_choices":[{"data":"Defend_P","floor":6,"key":"PURGE"},{"data":"Defend_P","floor":8,"key":"PURGE"},{"data":"Defend_P","floor":11,"key":"PURGE"},{"data":"Defend_P","floor":15,"key":"PURGE"},{"data":"MostiFishMod:PathToVictory","floor":29,"key":"PURGE"},{"data":"Strike_P","floor":32,"key":"PURGE"}],"circlet_count":0,"master_deck":["AscendersBane","Eruption","Vigilance+1","MostiFishMod:Pointsdynamics","TalkToTheHand","MostiFishMod:Adaptation","PathToVictory+1","FearNoEvil+1","Scrawl"],"relics":["testmod-TestBox","Runic Pyramid","White Beast Statue","testmod-ArcanaOfDestiny","SynthV:TestCard","Bloody Idol","BirthdayGift-Tetrahedron","Darkstone Periapt","Eternal Feather","testmod-Antiphasic","Kunai","PatriotShield","Molten Egg 2","Strawberry","War Paint","TheAbacus","DaCapo","Fusion Hammer"],"acts_visited":["Exordium","TheCity","TheBeyond"],"potions_floor_usage":[38],"damage_taken":[{"damage":19,"enemies":"2 Louse","floor":1,"turns":3},{"damage":4,"enemies":"Lagavulin","floor":7,"turns":3},{"damage":2,"enemies":"Gremlin Nob","floor":10,"turns":2},{"damage":2,"enemies":"3 Sentries","floor":13,"turns":2},{"damage":4,"enemies":"Jaw Worm","floor":14,"turns":2},{"damage":4,"enemies":"Hexaghost","floor":16,"turns":3},{"damage":0,"enemies":"Chosen","floor":18,"turns":1},{"damage":2,"enemies":"3 Byrds","floor":19,"turns":2},{"damage":2,"enemies":"Slavers","floor":23,"turns":2},{"damage":2,"enemies":"Centurion and Healer","floor":24,"turns":2},{"damage":2,"enemies":"Book of Stabbing","floor":25,"turns":2},{"damage":2,"enemies":"Slavers","floor":28,"turns":2},{"damage":0,"enemies":"Chosen and Byrds","floor":31,"turns":3},{"damage":0,"enemies":"Champ","floor":33,"turns":5},{"damage":0,"enemies":"3 Darklings","floor":35,"turns":2},{"damage":0,"enemies":"Orb Walker","floor":37,"turns":1},{"damage":81,"enemies":"Orb Walker","floor":38,"turns":14}],"seed_played":"7547263131780019794","potions_obtained":[{"floor":1,"key":"FearPotion"},{"floor":7,"key":"Fire Potion"},{"floor":16,"key":"DuplicationPotion"},{"floor":28,"key":"testmod-TestPotion"}],"is_trial":false,"path_per_floor":["M","?","?","?","$","R","E","R","T","E","R","$","E","M","R","B",null,"M","M","?","?","?","E","M","E","T","?","E","R","$","M","R","B",null,"M","?","M","?"],"character_chosen":"WATCHER","items_purchased":["BirthdayGift-Tetrahedron","TheAbacus","DaCapo"],"campfire_rested":0,"item_purchase_floors":[5,30,30],"current_hp_per_floor":[44,33,33,10,10,10,8,8,8,6,12,12,12,10,16,14,55,57,57,57,57,57,67,68,75,75,75,75,75,75,75,75,75,75,75,71,71,0,0],"gold":255,"neow_bonus":"BOSS_RELIC","is_daily":false,"chose_seed":false,"campfire_upgraded":0,"win_rate":0.0,"timestamp":1611043829,"path_taken":["M","?","?","?","?","R","E","R","T","E","R","?","E","M","R","BOSS","M","M","?","?","?","E","M","E","T","?","E","R","$","M","R","BOSS","M","?","M","?"],"items_purchased_type":["Relic","Relic","Relic"],"build_version":"2020-12-22","purchased_purges":1,"victory":false,"max_hp_per_floor":[68,68,68,68,68,68,68,68,68,68,68,68,68,68,68,68,68,68,68,68,68,68,68,68,75,75,75,75,75,75,75,75,75,75,75,71,71,86,86],"card_choices":[{"not_picked":["MostiFishMod:Clarity","ThirdEye","SashWhip"],"picked":"SKIP","floor":1},{"not_picked":["MostiFishMod:FlowState","Fasting2","Crescendo","FlyingSleeves"],"picked":"Conclude","floor":7},{"not_picked":["CrushJoints","EmptyBody","ThirdEye","FollowUp"],"picked":"MostiFishMod:Pointsdynamics","floor":10},{"not_picked":["Protect","Indignation","FlyingSleeves","CrushJoints","FlurryOfBlows"],"picked":"SKIP","floor":13},{"not_picked":["DeceiveReality","MostiFishMod:Speedup","Crescendo","ThirdEye"],"picked":"TalkToTheHand","floor":14},{"not_picked":["Vault","MostiFishMod:Disappear","MostiFishMod:Pointsdynamics","MasterReality"],"picked":"MostiFishMod:Adaptation","floor":16},{"not_picked":["Halt+1","FlurryOfBlows","Weave+1","EmptyMind+1","Collect"],"picked":"SKIP","floor":18},{"not_picked":["TalkToTheHand+1","Meditate","WheelKick","ReachHeaven","MostiFishMod:PathToVictory"],"picked":"SKIP","floor":19},{"not_picked":["EmptyBody","ClearTheMind","Consecrate+1","Evaluate"],"picked":"PathToVictory","floor":23},{"not_picked":["EmptyFist+1","MostiFishMod:Unraveling","Consecrate+1","Prostrate","MostiFishMod:Nomercy+1"],"picked":"SKIP","floor":24},{"not_picked":["WaveOfTheHand","WreathOfFlame","MostiFishMod:Clarity","MostiFishMod:Nomercy","ForeignInfluence"],"picked":"SKIP","floor":25},{"not_picked":["InnerPeace","BowlingBash+1","Blasphemy","FollowUp+1","ThirdEye"],"picked":"SKIP","floor":28},{"not_picked":["CutThroughFate+1","Protect+1","FollowUp+1","Vengeance","Evaluate"],"picked":"SKIP","floor":31},{"not_picked":["Ragnarok+1","MostiFishMod:Disappear+1","MostiFishMod:Adaptation","Brilliance+1"],"picked":"Scrawl","floor":33},{"not_picked":["WaveOfTheHand","Worship+1","FlyingSleeves+1","SandsOfTime+1","CutThroughFate+1"],"picked":"SKIP","floor":35},{"not_picked":["Evaluate","FlyingSleeves+1","FlurryOfBlows+1","JustLucky+1","TalkToTheHand+1"],"picked":"SKIP","floor":37}],"player_experience":1466249,"relics_obtained":[{"floor":1,"key":"SynthV:TestCard"},{"floor":7,"key":"Darkstone Periapt"},{"floor":9,"key":"Eternal Feather"},{"floor":10,"key":"testmod-Antiphasic"},{"floor":13,"key":"Kunai"},{"floor":23,"key":"Molten Egg 2"},{"floor":25,"key":"Strawberry"},{"floor":28,"key":"War Paint"}],"event_choices":[{"damage_healed":0,"gold_gain":75,"player_choice":"Gather Gold","damage_taken":11,"max_hp_gain":0,"max_hp_loss":0,"event_name":"World of Goop","floor":2,"gold_loss":0},{"damage_healed":0,"gold_gain":400,"player_choice":"Sell","damage_taken":0,"max_hp_gain":0,"max_hp_loss":0,"event_name":"恩洛斯的盘子","floor":3,"relics_lost":["DaveBox"],"gold_loss":0},{"damage_healed":0,"gold_gain":0,"player_choice":"Take Damage","damage_taken":23,"relics_obtained":["Golden Idol"],"max_hp_gain":0,"max_hp_loss":0,"event_name":"Golden Idol","floor":4,"gold_loss":0},{"damage_healed":0,"gold_gain":0,"player_choice":"Gave Idol","damage_taken":0,"relics_obtained":["Bloody Idol"],"max_hp_gain":0,"max_hp_loss":0,"event_name":"Forgotten Altar","floor":20,"relics_lost":["Golden Idol"],"gold_loss":0},{"cards_removed":["Conclude"],"damage_healed":0,"gold_gain":0,"player_choice":"Elegance","damage_taken":0,"max_hp_gain":0,"max_hp_loss":0,"event_name":"Back to Basics","floor":21,"gold_loss":0},{"damage_healed":0,"gold_gain":0,"player_choice":"Ignored","damage_taken":0,"max_hp_gain":0,"max_hp_loss":0,"event_name":"Ghosts","floor":22,"gold_loss":0},{"damage_healed":0,"gold_gain":0,"cards_transformed":["Strike_P","Strike_P"],"player_choice":"Became Test Subject","damage_taken":0,"max_hp_gain":0,"max_hp_loss":0,"event_name":"Drug Dealer","floor":27,"gold_loss":0,"cards_obtained":["FearNoEvil","MostiFishMod:PathToVictory"]},{"damage_healed":0,"gold_gain":0,"player_choice":"Max HP","damage_taken":0,"max_hp_gain":0,"max_hp_loss":4,"event_name":"Winding Halls","floor":36,"gold_loss":0}],"is_beta":false,"boss_relics":[{"not_picked":["MoonlightInvasionPlan","testmod-IncinerationGenerator"],"picked":"PatriotShield"},{"not_picked":["Pandora\u0027s Box","testmod-KeyOfTheVoid"],"picked":"Fusion Hammer"}],"items_purged_floors":[12],"is_endless":false,"potions_floor_spawned":[1,7,10,13,14,16,18,19,23,24,25,28,31,33,35,37],"killed_by":"Orb Walker","ascension_level":20}}