{"host":"17xjy7b7ubl548g2","time":1611028053,"event":{"mods":["2.2 Compatiblity","Act Like it!","Aspiration","Astrologer","Bard","BaseMod","Bestiary","Challenge The Spire","ChefMod","Colored Map","Colored Powertips","Conspire","Elementarium","Energized Spire","Gensokyo","GifTheSpireLib","Halation","Hallownest","Hubris","Infinite Spire","Jedi Mod","Jorbs\u0027s Wanderer Trilogy","Marisa（霧雨　魔理沙）","Marked Mod","Menagerie","Minty Spire (QoL Compilation)","Pale of the Ancients","Permanent Neow","Puzzle Mod","Replay The Spire","Robot Space Explorer","Spicy Shops","StSLib","Stuff the Spire","The Blue Laboratory","The Bug Knight","The Construct","The Disciple","The Factory","The Hayseed","The Hierophant","The Marked","The Runesmith","The Sage","TheFirefly"],"gold_per_floor":[109,109,128,128,148,148,181,196,247,247,38,38,65,81,81,181,181,200,200,211,231,231,43,73,100,100,130,158,158,158,259,259,274,21,21,34,34,34,34,34,34,69,69,69,88,190,190,190,190,23,23,23,23],"floor_reached":60,"language":"ENG","playtime":4394,"items_purged":["ReplayTheSpireMod:Exploit Weakness","stsjorbsmod:Amnesia","thefirefly:Strike"],"score":1315,"play_id":"85c0969d-bcd3-458e-9143-62f9c5bc3b95","local_time":"20210118224733","is_ascension_mode":true,"campfire_choices":[{"data":"thefirefly:StealthMode","floor":6,"key":"SMITH"},{"data":"thefirefly:LaserMail","floor":12,"key":"SMITH"},{"data":"thefirefly:IonizedBarrier","floor":15,"key":"SMITH"},{"data":"thefirefly:SoulStrike","floor":23,"key":"SMITH"},{"data":"thefirefly:ChargedLaser","floor":27,"key":"SMITH"},{"data":"StuffTheSpire:Injection","floor":32,"key":"SMITH"},{"data":"thefirefly:ShieldArray","floor":40,"key":"SMITH"},{"floor":42,"key":"RECALL"},{"data":"thefirefly:Dematerialize","floor":46,"key":"SMITH"},{"floor":49,"key":"REST"},{"data":"thefirefly:ShieldGenerator","floor":55,"key":"SMITH"},{"floor":57,"key":"REST"}],"circlet_count":0,"master_deck":["thefirefly:Defend","thefirefly:Defend","thefirefly:StealthMode+1","thefirefly:PhotonBlast","thefirefly:FlakCannon","thefirefly:LaserMail+1","Die Die Die","StuffTheSpire:Injection+1","thefirefly:Teleport","thefirefly:ShieldGenerator","thefirefly:ChargedLaser+1","thefirefly:ShieldArray+1","thefirefly:IonizedBarrier+1","thefirefly:SoulStrike+1","thefirefly:Flight+1","thefirefly:Preload+1","thefirefly:ShieldGenerator+1","thefirefly:MirrorShield","thefirefly:Boost","thefirefly:ShieldGenerator","thefirefly:DecoyShot","infinitespire:Collect","thefirefly:Dematerialize+1","thefirefly:Boost+1","thefirefly:FlareScreen","thefirefly:ReverseEngine+1","thefirefly:LaserMail+1","thefirefly:Boost+1","thefirefly:InterceptingShot"],"relics":["thefirefly:StealthSystem","hubris:Teleporter","Replay:Baseball","HollowMod:JonisBlessing","hubris:BundleOfHerbs","sagemod:Creepy_Carousel","Cursed Key","jedi:heavyjacket","Bottled Lightning","Dead Branch","hubris:Zylophone","hubris:VirtuousBlindfold","Oddly Smooth Stone","Bag of Preparation","aspiration:StickyExplosives_weak","paleoftheancients:Timepiece","paleoftheancients:KeyRelic","Bronze Scales","Spirit Poop","paleoftheancients:SoulOfTheSilent","hubris:SlimyHat"],"acts_visited":["Exordium","Gensokyo:Gensokyo","Gensokyo:Gensokyoer","Gensokyo:Gensokyoest"],"potions_floor_usage":[5,13,28,30,47,50,50,60],"damage_taken":[{"damage":1,"enemies":"Gensokyo:3_Fairies","floor":1,"turns":6},{"damage":3,"enemies":"Gensokyo:Gryphon","floor":3,"turns":3},{"damage":0,"enemies":"Gensokyo:Python","floor":5,"turns":3},{"damage":2,"enemies":"Gensokyo:Mamizou","floor":7,"turns":9},{"damage":0,"enemies":"Gensokyo:LivingMonolith","floor":8,"turns":2},{"damage":0,"enemies":"Gensokyo:Aya","floor":13,"turns":4},{"damage":0,"enemies":"Gensokyo:VengefulSpirit","floor":14,"turns":5},{"damage":0,"enemies":"Gensokyo:Reimu","floor":16,"turns":8},{"damage":0,"enemies":"Gensokyo:3_Dogs","floor":18,"turns":4},{"damage":0,"enemies":"Gensokyo:CosmicMonolith","floor":20,"turns":4},{"damage":0,"enemies":"Gensokyo:Slime_Group","floor":22,"turns":4},{"damage":0,"enemies":"Gensokyo:Koishi","floor":25,"turns":5},{"damage":1,"enemies":"Gensokyo:Tenshi","floor":28,"turns":5},{"damage":11,"enemies":"Gensokyo:Koishi","floor":30,"turns":6},{"damage":0,"enemies":"Gensokyo:Kaguya","floor":33,"turns":8},{"damage":0,"enemies":"Gensokyo:3_Bats","floor":35,"turns":4},{"damage":0,"enemies":"Gensokyo:3_Boulders","floor":39,"turns":4},{"damage":0,"enemies":"Gensokyo:Marisa","floor":47,"turns":5},{"damage":0,"enemies":"Gensokyo:Shinki","floor":50,"turns":10},{"damage":0,"enemies":"Gensokyo:Shinki","floor":51,"turns":10},{"damage":154,"enemies":"paleoftheancients:N","floor":60,"turns":19}],"seed_played":"2355933259326288291","potions_obtained":[{"floor":1,"key":"Dexterity Potion"},{"floor":3,"key":"LifebloodPotion"},{"floor":7,"key":"SteroidPotion"},{"floor":16,"key":"jedi:holywater"},{"floor":18,"key":"blueLaboratory:Moonshine"},{"floor":28,"key":"PowerPotion"},{"floor":30,"key":"Languid Potion"},{"floor":47,"key":"blueLaboratory:LouseDecoction"}],"is_trial":false,"path_per_floor":["M","?","M","?","M","R","E","M","T","?","COS","R","E","M","R","B",null,"M","?","M","M","R","$","E","T","R","E","E","AVR","R","B",null,"M","$","?","M","R","R","?","$","R","E","R","B","M","?","T","R","R","$","?","B"],"character_chosen":"THE_FIREFLY","items_purchased":["thefirefly:ShieldGenerator","thefirefly:MirrorShield","Oddly Smooth Stone","thefirefly:InterceptingShot","LifebloodPotion"],"campfire_rested":2,"item_purchase_floors":[24,24,36,58,58],"current_hp_per_floor":[49,49,46,46,46,46,44,44,44,44,44,44,44,44,44,44,49,49,49,49,49,49,49,49,49,49,48,37,37,37,37,47,47,47,32,32,32,32,32,32,32,32,47,49,49,37,37,37,50,50,50,0,0],"gold":23,"neow_bonus":"REMOVE_TWO","is_daily":false,"chose_seed":false,"campfire_upgraded":9,"win_rate":0.0,"timestamp":1611028053,"path_taken":["M","?","M","?","M","R","E","?","T","?","COS","R","E","M","R","BOSS","M","?","M","M","R","$","E","T","R","E","E","AVR","R","BOSS","M","$","?","?","R","R","?","?","R","E","R","BOSS","M","?","T","R","R","$","?","BOSS"],"items_purchased_type":["Card","Card","Relic","Card","Potion"],"build_version":"2020-12-22","purchased_purges":3,"victory":false,"max_hp_per_floor":[50,50,50,50,50,50,50,50,50,50,50,50,50,50,50,50,50,50,50,50,50,50,50,50,50,50,50,50,50,50,50,50,50,50,50,50,50,50,50,50,50,50,50,50,50,50,50,50,50,50,50,50,50],"card_choices":[{"not_picked":["thefirefly:Preload","thefirefly:Pacify"],"picked":"thefirefly:FlakCannon","floor":1},{"not_picked":["thefirefly:AccountUncertainty","thefirefly:FlakCannon"],"picked":"thefirefly:LaserMail","floor":3},{"not_picked":["thefirefly:InterceptingShot","thefirefly:DataMiner"],"picked":"thefirefly:Teleport","floor":5},{"not_picked":["thefirefly:EvasiveManeuver","thefirefly:Prominence"],"picked":"thefirefly:ShieldGenerator","floor":7},{"not_picked":["thefirefly:Exile","thefirefly:ShieldArray"],"picked":"thefirefly:ChargedLaser","floor":8},{"not_picked":["thefirefly:Reposition","thefirefly:Prominence"],"picked":"thefirefly:ShieldArray","floor":13},{"not_picked":["thefirefly:HyperFocus","thefirefly:NebulaVeil"],"picked":"thefirefly:IonizedBarrier","floor":14},{"not_picked":["thefirefly:LustForEternity","thefirefly:Regeneration"],"picked":"thefirefly:SoulStrike","floor":16},{"not_picked":["thefirefly:ErraticMotions+1","thefirefly:SteadyAim"],"picked":"thefirefly:Flight+1","floor":18},{"not_picked":["thefirefly:AutoTargeting","thefirefly:CoveringFire"],"picked":"thefirefly:Preload+1","floor":20},{"not_picked":["thefirefly:Teleport","thefirefly:Rend","thefirefly:HyperFocus"],"picked":"SKIP","floor":22},{"not_picked":["thefirefly:StoredPower","thefirefly:Lamentation"],"picked":"thefirefly:Boost","floor":25},{"not_picked":["thefirefly:QuantumTunneling","thefirefly:AccountUncertainty"],"picked":"thefirefly:ShieldGenerator","floor":28},{"not_picked":["thefirefly:InterceptingShot","thefirefly:AuroralDischarge"],"picked":"thefirefly:DecoyShot","floor":30},{"not_picked":["thefirefly:Kugelblitz","thefirefly:AlphaStrike"],"picked":"thefirefly:Dematerialize","floor":33},{"not_picked":["thefirefly:FlakCannon+1","thefirefly:Rend+1"],"picked":"thefirefly:Boost+1","floor":35},{"not_picked":["thefirefly:Pacify","thefirefly:Flight"],"picked":"thefirefly:FlareScreen","floor":39},{"not_picked":["thefirefly:SearingEnigma","thefirefly:CoveringFire+1"],"picked":"thefirefly:ReverseEngine+1","floor":47},{"not_picked":["thefirefly:SteadyAim+1","thefirefly:Pacify"],"picked":"thefirefly:LaserMail+1","floor":51},{"not_picked":["thefirefly:RollBack+1","thefirefly:Pacify"],"picked":"thefirefly:Boost+1","floor":53}],"player_experience":1838236,"relics_obtained":[{"floor":7,"key":"hubris:Teleporter"},{"floor":9,"key":"Replay:Baseball"},{"floor":13,"key":"hubris:BundleOfHerbs"},{"floor":25,"key":"Bottled Lightning"},{"floor":28,"key":"Dead Branch"},{"floor":30,"key":"hubris:Zylophone"},{"floor":47,"key":"aspiration:StickyExplosives_weak"},{"floor":51,"key":"paleoftheancients:SoulOfTheSilent"},{"floor":53,"key":"hubris:SlimyHat"}],"event_choices":[],"is_beta":false,"boss_relics":[{"not_picked":["hubris:Backtick","energizedSpire:SpiderWeb"],"picked":"Cursed Key"},{"not_picked":["conspire:RunicOctahedron","aspiration:MobileForge"],"picked":"hubris:VirtuousBlindfold"}],"items_purged_floors":[24,31,36],"is_endless":false,"potions_floor_spawned":[1,3,7,16,18,28,30,33,35,47],"killed_by":"paleoftheancients:N","ascension_level":6}}