{"host":"1ewlj51w384ajcbv","time":1611025975,"event":{"mods":["BaseMod","Better Third Choice","Downfall","Minty Spire (QoL Compilation)","StSLib"],"gold_per_floor":[111,111,211,286,301,332,345,345,345,345,345,365,146,160,160,264,264,275,275,52,68,68,68,101,118,187,205,218,218,228,246,246,246,246],"floor_reached":33,"language":"ENG","playtime":3453,"items_purged":["Regret","downfall:Haunted"],"score":319,"play_id":"11513490-7e06-42b5-9c03-be36360e35a9","local_time":"20210118191255","is_ascension_mode":false,"campfire_choices":[{"floor":8.0,"key":"REST"},{"data":"Noxious Fumes","floor":10.0,"key":"SMITH"},{"data":"Distraction","floor":15,"key":"SMITH"},{"floor":23,"key":"REST"},{"floor":29,"key":"REST"},{"data":"Distraction","floor":32,"key":"SMITH"}],"circlet_count":0,"master_deck":["Strike_G","Strike_G","Strike_G","Strike_G","Strike_G","Defend_G","Defend_G","Defend_G","Defend_G","Defend_G","Survivor","Neutralize","Noxious Fumes+1","Bullet Time","Cloak And Dagger","Backstab","Slice","Deflect","Phantasmal Killer","Blade Dance","Acrobatics","Backflip","Distraction+1","Blade Dance","Corpse Explosion","Deflect+1","Deadly Poison","Deadly Poison","Blade Dance","Slice","PiercingWail+1","Distraction+1","Deadly Poison+1","Leg Sweep"],"relics":["Ring of the Snake","NeowsBlessing","Pear","Blue Candle","Oddly Smooth Stone","Vajra","Orrery","Philosopher\u0027s Stone","Mercury Hourglass","Smiling Mask","Eternal Feather"],"acts_visited":["Exordium","TheCity"],"potions_floor_usage":[16,24,31,33],"damage_taken":[{"damage":0.0,"enemies":"Jaw Worm","floor":1.0,"turns":1.0},{"damage":1.0,"enemies":"2 Louse","floor":5.0,"turns":1.0},{"damage":1.0,"enemies":"Lagavulin","floor":6.0,"turns":3.0},{"damage":4.0,"enemies":"Small Slimes","floor":7.0,"turns":5.0},{"damage":11.0,"enemies":"Exordium Wildlife","floor":12.0,"turns":4.0},{"damage":0,"enemies":"3 Louse","floor":14,"turns":4},{"damage":48,"enemies":"Hexaghost","floor":16,"turns":10},{"damage":14,"enemies":"3 Byrds","floor":18,"turns":4},{"damage":0,"enemies":"Chosen","floor":21,"turns":4},{"damage":0,"enemies":"Slavers","floor":24,"turns":1},{"damage":16,"enemies":"Snecko","floor":25,"turns":4},{"damage":3,"enemies":"3 Cultists","floor":27,"turns":4},{"damage":22,"enemies":"Cultist and Chosen","floor":28,"turns":6},{"damage":10,"enemies":"Sentry and Sphere","floor":30,"turns":7},{"damage":4,"enemies":"Snecko","floor":31,"turns":3},{"damage":80,"enemies":"Champ","floor":33,"turns":12}],"seed_played":"4214171545102554055","potions_obtained":[{"floor":5.0,"key":"Energy Potion"},{"floor":6.0,"key":"Regen Potion"},{"floor":18,"key":"DuplicationPotion"},{"floor":25,"key":"Fire Potion"}],"is_trial":false,"path_per_floor":["M","?","?","?","M","E","M","R","T","R","?","M","$","M","R","B",null,"M","?","$","M","?","R","E","M","T","M","M","R","M","M","R","B"],"character_chosen":"THE_SILENT","items_purchased":["Orrery","Deadly Poison","DistilledChaos"],"campfire_rested":3,"item_purchase_floors":[13,20,20],"current_hp_per_floor":[70,80,80,69,68,67,63,80,80,80,80,69,69,69,69,36,80,66,66,66,66,66,80,80,64,64,61,39,80,70,66,80,0,0],"gold":246,"neow_bonus":"THREE_ENEMY_KILL","is_daily":false,"chose_seed":false,"campfire_upgraded":3,"win_rate":0.0,"timestamp":1611025975,"path_taken":["M","?","?","?","M","E","?","R","T","R","?","M","?","M","R","BOSS","M","?","$","M","?","R","E","M","T","?","M","R","M","M","R","BOSS"],"items_purchased_type":["Relic","Card","Potion"],"build_version":"2020-12-22","purchased_purges":2,"victory":false,"max_hp_per_floor":[70,80,80,80,80,80,80,80,80,80,80,80,80,80,80,80,80,80,80,80,80,80,80,80,80,80,80,80,80,80,80,80,80,80],"card_choices":[{"not_picked":["Acrobatics","Choke"],"picked":"Noxious Fumes","floor":1.0},{"not_picked":["Flying Knee","Reflex"],"picked":"Cloak And Dagger","floor":5.0},{"not_picked":["Flying Knee","Cloak And Dagger"],"picked":"Backstab","floor":6.0},{"not_picked":["Predator","Cloak And Dagger"],"picked":"Slice","floor":7.0},{"not_picked":["PiercingWail","Quick Slash"],"picked":"Deflect","floor":12.0},{"not_picked":["Leg Sweep","Envenom"],"picked":"Phantasmal Killer","floor":13.0},{"not_picked":["Burst","Dagger Spray"],"picked":"Blade Dance","floor":13.0},{"not_picked":["Bane","Well Laid Plans"],"picked":"Acrobatics","floor":13.0},{"not_picked":["Reflex","Doppelganger"],"picked":"Backflip","floor":13.0},{"not_picked":["Sucker Punch","Crippling Poison"],"picked":"Distraction","floor":13.0},{"not_picked":["Outmaneuver","Flying Knee"],"picked":"Blade Dance","floor":14},{"not_picked":["Wraith Form v2","Malaise"],"picked":"Corpse Explosion","floor":16},{"not_picked":["Skewer+1","Escape Plan+1"],"picked":"Deflect+1","floor":18},{"not_picked":["PiercingWail","Flechettes"],"picked":"Deadly Poison","floor":21},{"not_picked":["Skewer","Sucker Punch+1"],"picked":"Blade Dance","floor":24},{"not_picked":["Dagger Throw","Outmaneuver+1"],"picked":"Slice","floor":25},{"not_picked":["Sucker Punch","All Out Attack+1"],"picked":"PiercingWail+1","floor":27},{"not_picked":["Venomology","Acrobatics+1"],"picked":"Distraction","floor":28},{"not_picked":["PiercingWail","Flechettes"],"picked":"Deadly Poison+1","floor":30},{"not_picked":["Sucker Punch","Blur"],"picked":"Leg Sweep","floor":31}],"player_experience":114385,"relics_obtained":[{"floor":6.0,"key":"Oddly Smooth Stone"},{"floor":9.0,"key":"Vajra"},{"floor":24,"key":"Smiling Mask"},{"floor":26,"key":"Eternal Feather"}],"event_choices":[{"damage_healed":0.0,"max_hp_gain":0.0,"max_hp_loss":0.0,"gold_gain":0.0,"event_name":"Big Fish","player_choice":"Box","floor":2.0,"gold_loss":0.0,"damage_taken":0.0,"relics_obtained":["Pear"],"cards_obtained":["Regret"]},{"damage_healed":0.0,"max_hp_gain":0.0,"max_hp_loss":0.0,"gold_gain":75.0,"event_name":"betterThird:BetterGoop","player_choice":"Gold","floor":4.0,"gold_loss":0.0,"damage_taken":11.0},{"cards_removed":["downfall:Bewildered"],"damage_healed":0.0,"max_hp_gain":0.0,"max_hp_loss":0.0,"gold_gain":0.0,"event_name":"Living Wall","player_choice":"Forget","floor":11.0,"gold_loss":0.0,"damage_taken":0.0},{"damage_healed":0,"gold_gain":0,"player_choice":"Opened","damage_taken":0,"relics_obtained":["Mercury Hourglass"],"max_hp_gain":0,"max_hp_loss":0,"event_name":"The Mausoleum","floor":19,"gold_loss":0},{"cards_removed":["Writhe"],"damage_healed":0,"gold_gain":0,"player_choice":"Elegance","damage_taken":0,"max_hp_gain":0,"max_hp_loss":0,"event_name":"betterThird:BetterWriting","floor":22,"gold_loss":0}],"is_beta":false,"boss_relics":[{"not_picked":["SacredBark","Runic Dome"],"picked":"Philosopher\u0027s Stone"}],"items_purged_floors":[13,20],"is_endless":false,"potions_floor_spawned":[5,6,18,25,28,30],"killed_by":"Champ","ascension_level":0}}