{"host":"xh4jtn7krw5slv5y","time":1611098883,"event":{"mods":["BaseMod","Bestiary","Block Reminder","Colored Map","Downfall","Minty Spire (QoL Compilation)","Quick Restart","Relic Sorter","Relic Stats","StSLib"],"gold_per_floor":[99,118,137,137,287,42,42,55,4,4,104,104,21,41,61,165,165,165,183,198,198,298,316,362,362,382,382,382,382,382],"floor_reached":28,"language":"ENG","playtime":2576,"items_purged":[],"score":233,"play_id":"6bdabd70-2d10-4d7a-b4ba-0d4ecf796aee","local_time":"20210119192803","is_ascension_mode":false,"campfire_choices":[{"data":"sneckomod:MorePower","floor":10,"key":"SMITH"},{"data":"sneckomod:UnendingSupply","floor":12,"key":"SMITH"},{"floor":25,"key":"REST"}],"circlet_count":0,"master_deck":["sneckomod:Strike","sneckomod:Strike","sneckomod:Defend","sneckomod:Defend","sneckomod:Defend","sneckomod:TailWhip","sneckomod:SnekBite","sneckomod:Unknown","Wireheading+1","sneckomod:SerpentIdol","sneckomod:UnknownStrike","downfall:Icky","sneckomod:MorePower+1","sneckomod:UnendingSupply+1","sneckomod:UnknownRareAttack","sneckomod:UnknownUncommonAttack","sneckomod:UnknownUncommonPower+1","sneckomod:UnknownDraw","sneckomod:UnknownBoss+1","sneckomod:UnknownUncommonSkill+1","sneckomod:UnknownUncommonAttack+1","sneckomod:UnknownRarePower+1","sneckomod:UnknownCommonAttack","sneckomod:CheapStock","sneckomod:CheapStock+1","sneckomod:UnknownVulnerable+1","sneckomod:SoulRoll","sneckomod:UnknownClassTHE_CHAMP_GRAY+1","sneckomod:UnknownRarePower","Omniscience+1","sneckomod:Unknown3Cost+1","sneckomod:Nope","sneckomod:UnknownBlock+1","sneckomod:UnknownStrike+1","sneckomod:UnknownVulnerable+1","Pride","sneckomod:Unknown3Cost+1","sneckomod:UnlimitedRolls","sneckomod:UnknownClassRED+1","sneckomod:Unknown3Cost+1","sneckomod:SerpentIdol+1"],"relics":["sneckomod:SneckoSoul","Fusion Hammer","downfall:RedIOU","Tiny Chest"],"acts_visited":["Exordium","TheCity"],"potions_floor_usage":[16],"damage_taken":[{"damage":0,"enemies":"Cultist","floor":2,"turns":3},{"damage":10,"enemies":"2 Louse","floor":3,"turns":3},{"damage":5,"enemies":"downfall:FleeingMerchant","floor":6,"turns":4},{"damage":7,"enemies":"Jaw Worm","floor":8,"turns":5},{"damage":0,"enemies":"downfall:FleeingMerchant","floor":9,"turns":4},{"damage":15,"enemies":"downfall:FleeingMerchant","floor":13,"turns":5},{"damage":11,"enemies":"Blue Slaver","floor":14,"turns":5},{"damage":2,"enemies":"3 Louse","floor":15,"turns":4},{"damage":9,"enemies":"WA_ARCHETYPE_RETAIN","floor":16,"turns":5},{"damage":6,"enemies":"Chosen","floor":19,"turns":4},{"damage":2,"enemies":"Snecko","floor":20,"turns":4},{"damage":52,"enemies":"Centurion and Healer","floor":23,"turns":7},{"damage":54,"enemies":"Sentry and Sphere","floor":26,"turns":6},{"damage":21,"enemies":"Snake Plant","floor":28,"turns":2}],"seed_played":"-5679767404606987525","potions_obtained":[{"floor":3,"key":"Dexterity Potion"},{"floor":15,"key":"sneckomod:CheatPotion"},{"floor":16,"key":"Strength Potion"},{"floor":19,"key":"BlessingOfTheForge"}],"is_trial":false,"path_per_floor":["R","M","M","?","?","$","T","M","$","R","?","R","$","M","M","B",null,"R","M","M","?","?","M","T","R","M","?","M"],"character_chosen":"THE_SNECKO","items_purchased":["sneckomod:UnendingSupply","sneckomod:UnknownRareAttack","sneckomod:UnknownUncommonAttack","sneckomod:UnknownUncommonAttack","sneckomod:CheapStock"],"campfire_rested":1,"item_purchase_floors":[6,6,6,9,13],"current_hp_per_floor":[99,99,89,89,89,84,84,77,77,77,77,77,62,58,56,47,99,99,93,91,91,91,39,39,68,21,21,0,0,0],"gold":382,"neow_bonus":"TEN_PERCENT_HP_BONUS","is_daily":false,"chose_seed":false,"campfire_upgraded":2,"win_rate":0.0,"timestamp":1611098883,"path_taken":["R","M","M","?","?","?","T","?","$","R","?","R","$","M","M","BOSS","R","M","M","?","?","M","T","R","M","?","M"],"items_purchased_type":["Card","Card","Card","Card","Card"],"build_version":"2020-12-22","purchased_purges":0,"victory":false,"max_hp_per_floor":[99,99,99,99,99,99,99,99,99,99,99,99,99,99,99,99,99,99,99,99,99,99,99,99,99,99,99,99,99,99],"relic_stats":{"counters":[14,61],"Tiny Chest":0,"obtain_stats":[{"Tiny Chest":24,"Fusion Hammer":17,"downfall:RedIOU":21,"Kunai":7,"sneckomod:SneckoSoul":0},{"Tiny Chest":12,"Fusion Hammer":9,"downfall:RedIOU":11,"Kunai":3,"sneckomod:SneckoSoul":0},{"Tiny Chest":53,"Fusion Hammer":38,"downfall:RedIOU":46,"Kunai":10,"sneckomod:SneckoSoul":0}]},"card_choices":[{"not_picked":["sneckomod:DiceCrush","sneckomod:DefensiveFlair"],"picked":"sneckomod:SerpentIdol","floor":2},{"not_picked":["sneckomod:SnakeSap","sneckomod:SerpentIdol"],"picked":"sneckomod:UnknownStrike","floor":3},{"not_picked":["sneckomod:UnknownUncommonSkill","sneckomod:TrashToTreasure"],"picked":"sneckomod:MorePower","floor":6},{"not_picked":["sneckomod:UnknownDexterity+1","sneckomod:UnknownClassBLUE+1"],"picked":"sneckomod:UnknownUncommonPower+1","floor":8},{"not_picked":["sneckomod:DiceBlock","sneckomod:RainOfDice"],"picked":"sneckomod:UnknownDraw","floor":8},{"not_picked":["sneckomod:UnknownClassRED+1","sneckomod:UnknownUncommonAttack+1"],"picked":"sneckomod:UnknownBoss+1","floor":9},{"not_picked":["sneckomod:UnknownBlock","sneckomod:DangerNoodle"],"picked":"sneckomod:UnknownUncommonSkill","floor":9},{"not_picked":["sneckomod:UnknownDraw+1","sneckomod:UnknownStrike+1"],"picked":"sneckomod:UnknownRarePower+1","floor":13},{"not_picked":["sneckomod:UnknownX","sneckomod:RainOfDice"],"picked":"sneckomod:UnknownCommonAttack","floor":13},{"not_picked":["sneckomod:Unknown1Cost+1","sneckomod:UnknownClassGUARDIAN+1"],"picked":"sneckomod:UnknownRareSkill+1","floor":14},{"not_picked":["sneckomod:DiceBlock","sneckomod:Unknown2Cost"],"picked":"sneckomod:CheapStock","floor":14},{"not_picked":["sneckomod:UnknownColorless+1","sneckomod:UnknownCommonSkill+1"],"picked":"sneckomod:UnknownVulnerable+1","floor":15},{"not_picked":["sneckomod:UnknownUncommonSkill","sneckomod:SnekBeam"],"picked":"sneckomod:SoulRoll","floor":15},{"not_picked":["sneckomod:UnknownClassPURPLE+1","sneckomod:UnknownUncommonSkill+1"],"picked":"sneckomod:UnknownClassTHE_CHAMP_GRAY+1","floor":16},{"not_picked":["sneckomod:UnknownBoss","sneckomod:Cheat"],"picked":"sneckomod:UnknownRarePower","floor":16},{"not_picked":["sneckomod:UnknownDexterity+1","sneckomod:UnknownClassSLIMEBOUND+1"],"picked":"sneckomod:Unknown3Cost+1","floor":19},{"not_picked":["sneckomod:UnknownDraw","sneckomod:UnknownBlock"],"picked":"sneckomod:Nope","floor":19},{"not_picked":["sneckomod:UnknownClassGUARDIAN+1","sneckomod:UnknownClassPURPLE+1"],"picked":"sneckomod:UnknownBlock+1","floor":20},{"not_picked":["sneckomod:UnknownColorless+1","sneckomod:UnknownRarePower+1"],"picked":"sneckomod:UnknownStrike+1","floor":20},{"not_picked":["sneckomod:UnknownCommonSkill","sneckomod:SoulDraw"],"picked":"sneckomod:UnknownVulnerable+1","floor":20},{"not_picked":["sneckomod:UnknownClassBLUE+1","sneckomod:Unknown+1"],"picked":"sneckomod:Unknown3Cost+1","floor":23},{"not_picked":["sneckomod:ImprovisedGuard","sneckomod:UnknownDraw"],"picked":"sneckomod:UnlimitedRolls","floor":23},{"not_picked":["sneckomod:UnknownCommonAttack+1","sneckomod:UnknownClassBLUE+1"],"picked":"sneckomod:UnknownClassRED+1","floor":26},{"not_picked":["sneckomod:UnknownBlock+1","sneckomod:UnknownVulnerable+1"],"picked":"sneckomod:Unknown3Cost+1","floor":26},{"not_picked":["sneckomod:SnakeSap+1","sneckomod:UnknownCommonSkill"],"picked":"sneckomod:SerpentIdol+1","floor":26}],"player_experience":307215,"relics_obtained":[{"floor":7,"key":"Kunai"},{"floor":24,"key":"Tiny Chest"}],"event_choices":[],"is_beta":false,"boss_relics":[{"not_picked":["Astrolabe","Coffee Dripper"],"picked":"Fusion Hammer"}],"items_purged_floors":[],"is_endless":false,"potions_floor_spawned":[3,15,16,19],"killed_by":"Snake Plant","ascension_level":0}}