{"host":"ika5blmljv34vrx1","time":1611061700,"event":{"mods":["AchievementEnabler","Act Like it!","Aspiration","BaseMod","CapriCore","Challenge The Spire","Conspire","Gensokyo","Gold Saver","Grow up Mod","KinomotoSakuraMod(ƒæ÷Æ±æ”£)","Koishi","Marisa£®ÏF”Í°°ƒß¿Ì…≥£©","Minty Spire (QoL Compilation)","Pale of the Ancients","Quick Restart","Reimu£®≤©¿ˆ¡È√Œ£©","Remilia£®¿Ÿ√◊¿Ú—«£©","Remove Card Discount Mod","Replay The Spire","StSLib","The Immortal","Yakumo Yukari mod"],"gold_per_floor":[3440,3300,2756,2791,2014,2040,2067,1537,1537,1570,1570,1587,1587,1597,1597,1976,1976,1992,1992,2209,2089,1649,1678,1678,1711,1711,1742,1742,1133,1145,1145,1145,1223,1223,1235,1113,1127,1147,704,731,759,786,810,810,598,610,644,644,657,657,657,673,683,710,56,56,75,75,18,18,18],"floor_reached":62,"language":"ZHS","playtime":2314,"items_purged":["UltimateOffering","UnstableMagic","NightDance","Wraith","FitfulNightmare"],"score":3846,"play_id":"b1bb58f1-930e-40d6-958d-5debf298694c","local_time":"20210119210820","daily_mods":["SealedDeck","Heirloom","Time Dilation","Flight"],"is_ascension_mode":true,"campfire_choices":[{"floor":13.0,"key":"RECALL"},{"data":"BloodAndWine","floor":15.0,"key":"SMITH"},{"data":"BloodyMagicSquare","floor":32.0,"key":"SMITH"},{"data":"BloodyCatastrophe","floor":56.0,"key":"SMITH"},{"data":"DevilSight","floor":58.0,"key":"SMITH"}],"circlet_count":0,"master_deck":["AscendersBane","RedRainbow","UltimateOffering+1","MillenniumVampire","RedNightlessCastle+1","SuperhumanBloodyKnife+1","UnderTheZenith","BloodAndWine+1","ReplayUltimateDefense+1","ForecastOfChange","UnstableMagic+1","ForbiddenFruit+1","BloodyCatastrophe+1","FitfulNightmare+1","DevilSight+1","EquivalentExchange","EternalNight+1","RedRainbow+1"],"relics":["ScarletHat","FossilizedHelix","Counterbalance","ClockworkSouvenir","Ancient Tea Set","Replay:Mystery Machine","Replay:Wax Seal","Medical Kit","Happy Flower","Bag of Marbles","Replay:Bottled Flurry","HandDrill","TheAbacus","Guide Book","Anchor","Art of War","Gensokyo:OccultBall","Gensokyo:FoxMask","ReplayTheSpireMod:Lightbulb","OrangePellets","Sundial","Pear","Whetstone","Sling","TentaclePot:ReiMu","Chemical X","conspire:SpecialSausage","ReplayTheSpireMod:CursedCoin","Vajra","Frozen Eye","Gremlin Horn","Oddly Smooth Stone","CrazyTorch:ReiMu","CaptainsWheel","TypeBBloodRedTea","RuthlessExorcism:ReiMu","Potion Belt","Dream Catcher","conspire:TreasureMap","Chameleon Ring","paleoftheancients:Timepiece","paleoftheancients:KeyRelic","Orichalcum","Coffee Dripper","Mercury Hourglass","Blue Doll","Boot","BargainBundle","aspiration:FetidBarrel","paleoftheancients:SoulOfTheBandit"],"acts_visited":["Exordium","Gensokyo:Gensokyo","Gensokyo:Gensokyoer","Gensokyo:Gensokyoest"],"potions_floor_usage":[61],"damage_taken":[{"damage":0.0,"enemies":"Gensokyo:Python","floor":1.0,"turns":2.0},{"damage":0.0,"enemies":"Gensokyo:Mamizou","floor":6.0,"turns":2.0},{"damage":53.0,"enemies":"Gensokyo:Aya","floor":10.0,"turns":4.0},{"damage":1.0,"enemies":"Gensokyo:2_Kodama","floor":12.0,"turns":3.0},{"damage":0.0,"enemies":"Gensokyo:Gryphon","floor":14.0,"turns":1.0},{"damage":44.0,"enemies":"Gensokyo:Reimu","floor":16.0,"turns":5.0},{"damage":0.0,"enemies":"Gensokyo:Chomper","floor":18.0,"turns":1.0},{"damage":0.0,"enemies":"Gensokyo:AngelMirror","floor":20.0,"turns":1.0},{"damage":0.0,"enemies":"Gensokyo:Koishi","floor":23.0,"turns":2.0},{"damage":0.0,"enemies":"Gensokyo:Reisen","floor":25.0,"turns":2.0},{"damage":0.0,"enemies":"Gensokyo:Tenshi","floor":27.0,"turns":2.0},{"damage":0.0,"enemies":"Gensokyo:Monolith_and_Dog","floor":30.0,"turns":2.0},{"damage":0.0,"enemies":"Gensokyo:Eiki","floor":33.0,"turns":4.0},{"damage":0.0,"enemies":"Gensokyo:AncientGuardian","floor":35.0,"turns":1.0},{"damage":223.0,"enemies":"Gensokyo:3_Boulders","floor":37.0,"turns":3.0},{"damage":5.0,"enemies":"Gensokyo:AtlasGolem","floor":38.0,"turns":3.0},{"damage":11.0,"enemies":"Gensokyo:Kasen","floor":40.0,"turns":3.0},{"damage":0.0,"enemies":"Gensokyo:Marisa","floor":41.0,"turns":3.0},{"damage":0.0,"enemies":"Gensokyo:Doremy","floor":42.0,"turns":2.0},{"damage":0.0,"enemies":"Gensokyo:Dusk_and_Dawn","floor":46.0,"turns":1.0},{"damage":79.0,"enemies":"Gensokyo:Marisa","floor":47.0,"turns":3.0},{"damage":0.0,"enemies":"Gensokyo:Marisa","floor":49.0,"turns":1.0},{"damage":28.0,"enemies":"Gensokyo:Shinki","floor":50.0,"turns":8.0},{"damage":0.0,"enemies":"Gensokyo:Yuyuko","floor":51.0,"turns":2.0},{"damage":1.0,"enemies":"Gensokyo:Yuyuko","floor":52.0,"turns":4.0},{"damage":1.0,"enemies":"Gensokyo:Yuyuko","floor":53.0,"turns":3.0},{"damage":0.0,"enemies":"conspire:MimicChest","floor":54.0,"turns":1.0},{"damage":7.0,"enemies":"conspire:MimicChest","floor":57.0,"turns":3.0},{"damage":2,"enemies":"paleoftheancients:N","floor":61,"turns":4}],"seed_played":"2052563990383099055","potions_obtained":[{"floor":4.0,"key":"Toxic Potion"},{"floor":6.0,"key":"Toxic Potion"},{"floor":10.0,"key":"Block Potion"},{"floor":27.0,"key":"Energy Potion"},{"floor":46.0,"key":"DistilledChaos"}],"is_trial":true,"path_per_floor":["M","?","$","?","$","E","T","COS","T","E","?","M","R","M","R","B",null,"M","?","M","?","$","E","?","E","T","E","?","COS","M","?","R","B",null,"M","COS","M","M","$","E","E","E","T","?","$","M","E","?","R","B","B","M","M","?","$","R","M","R","$","?","B",null],"character_chosen":"REMILIA","items_purchased":["ClockworkSouvenir","Ancient Tea Set","Strength Potion","Replay:Mystery Machine","Medical Kit","Happy Flower","Bag of Marbles","ReplayUltimateDefense","VampirishNight","Adrenaline Potion","ReplayTheSpireMod:Lightbulb","OrangePellets","Frozen Eye","Gremlin Horn","conspire:TreasureMap","SkillPotion","Boot","BargainBundle","aspiration:FetidBarrel","AttackPotion","Swift Potion"],"campfire_rested":0,"item_purchase_floors":[3,3,3,3,5,5,5,5,5,22,22,22,39,39,45,45,55,55,55,55,59],"current_hp_per_floor":[84,94,104,78,88,108,118,128,138,95,105,114,124,134,144,125,221,231,241,251,261,271,281,291,311,321,334,362,372,382,392,402,412,428,438,448,235,241,251,250,264,279,289,325,335,348,290,300,313,312,531,584,617,630,640,650,660,670,680,690,700],"gold":18,"neow_bonus":"","is_daily":false,"chose_seed":false,"campfire_upgraded":4,"win_rate":0.0,"timestamp":1611061700,"path_taken":["M","?","$","?","$","E","?","COS","T","E","?","?","R","M","R","BOSS","M","?","M","?","$","E","?","E","T","E","?","COS","?","?","R","BOSS","M","COS","M","M","?","E","E","E","T","?","$","?","E","?","R","BOSS","BOSS","M","M","?","$","R","M","R","$","?","BOSS"],"items_purchased_type":["Relic","Relic","Potion","Relic","Relic","Relic","Relic","Card","Card","Potion","Relic","Relic","Relic","Relic","Relic","Potion","Relic","Relic","Relic","Potion","Potion"],"build_version":"2020-12-22","purchased_purges":5,"victory":true,"max_hp_per_floor":[90,100,110,120,130,140,150,160,170,180,190,200,210,220,230,240,250,260,270,280,290,300,310,320,340,350,360,370,380,390,400,410,420,430,440,450,460,470,480,490,500,510,520,530,540,550,560,570,580,590,600,610,620,630,640,650,660,670,680,690,700],"card_choices":[{"not_picked":["ScarletDevil","BlasphemousPunishment"],"picked":"BloodAndWine","floor":1.0},{"not_picked":["BlasphemousPunishment","VampirishNight","Stigmanizer"],"picked":"SKIP","floor":6.0},{"not_picked":["UnderTheZenith","BlasphemousPunishment","EmergencyRegeneration"],"picked":"SKIP","floor":10.0},{"not_picked":["DemonKingCradle","BloodRain"],"picked":"ForecastOfChange","floor":12.0},{"not_picked":["SuperhumanBloodyKnife","FavorOfDestiny","RedRainbow"],"picked":"SKIP","floor":12.0},{"not_picked":["ScarletDevil","MastersStateliness","RedRainbow"],"picked":"SKIP","floor":14.0},{"not_picked":["RedMagic","Stigmanizer"],"picked":"UnstableMagic+1","floor":18.0},{"not_picked":["ScarletImprint","CharismaGuard"],"picked":"ForbiddenFruit+1","floor":20.0},{"not_picked":["ForbiddenFruit","UnderTheZenith","ScarletImprint"],"picked":"SKIP","floor":23.0},{"not_picked":["BombardNight","DemonKingCradle","TwelveNightmare"],"picked":"SKIP","floor":25.0},{"not_picked":["FitfulNightmare","BlasphemousPunishment","Stigmanizer"],"picked":"SKIP","floor":27.0},{"not_picked":["UnderTheZenith","ScarletImprint"],"picked":"BloodyMagicSquare","floor":30.0},{"not_picked":["BloodySeventeenLaser","HeartBreak"],"picked":"BloodyCatastrophe","floor":33.0},{"not_picked":["FavorOfDestiny","VampireKiss","NightLord"],"picked":"SKIP","floor":35.0},{"not_picked":["VampireKiss","MastersStateliness"],"picked":"FitfulNightmare+1","floor":37.0},{"not_picked":["EndlessAdversity","ScarletDevilSign"],"picked":"DevilSight","floor":38.0},{"not_picked":["UnstableMagic","FavorOfDestiny+1"],"picked":"EquivalentExchange","floor":40.0},{"not_picked":["ChaoticDestiny","BloodAndWine+1","HunterOfTheNight"],"picked":"SKIP","floor":41.0},{"not_picked":["StarOfDavid","AfternoonTea+1","Stigmanizer"],"picked":"SKIP","floor":42.0},{"not_picked":["UnstableMagic","Maim+1","CharismaGuard"],"picked":"SKIP","floor":46.0},{"not_picked":["UnderTheZenith","MastersStateliness","TransientEternity"],"picked":"SKIP","floor":47.0},{"not_picked":["MiserableFate+1","BlasphemousPunishment","RedRainbow"],"picked":"SKIP","floor":49.0},{"not_picked":["RedNightlessCastle+1","BloodHunter+1","BlasphemousPunishment"],"picked":"SKIP","floor":52.0},{"not_picked":["UnstableMagic","ScarletDevil+1","AfternoonTea"],"picked":"SKIP","floor":53.0},{"not_picked":["BombardNight","MastersStateliness+1"],"picked":"EternalNight+1","floor":54.0},{"not_picked":["BloodyTrap","FavorOfDestiny"],"picked":"RedRainbow+1","floor":57.0}],"player_experience":2086203,"relics_obtained":[{"floor":4.0,"key":"Replay:Wax Seal"},{"floor":6.0,"key":"Replay:Bottled Flurry"},{"floor":9.0,"key":"Anchor"},{"floor":10.0,"key":"Art of War"},{"floor":16.0,"key":"Gensokyo:OccultBall"},{"floor":18.0,"key":"Gensokyo:OccultBall"},{"floor":23.0,"key":"Sundial"},{"floor":25.0,"key":"Gensokyo:OccultBall"},{"floor":25.0,"key":"Pear"},{"floor":26.0,"key":"Whetstone"},{"floor":33.0,"key":"Gensokyo:OccultBall"},{"floor":40.0,"key":"CrazyTorch:ReiMu"},{"floor":41.0,"key":"RuthlessExorcism:ReiMu"},{"floor":42.0,"key":"Gensokyo:OccultBall"},{"floor":42.0,"key":"Potion Belt"},{"floor":43.0,"key":"Dream Catcher"},{"floor":47.0,"key":"Gensokyo:OccultBall"},{"floor":47.0,"key":"Chameleon Ring"},{"floor":49.0,"key":"Gensokyo:OccultBall"},{"floor":54.0,"key":"Blue Doll"},{"floor":57.0,"key":"paleoftheancients:SoulOfTheBandit"}],"event_choices":[],"is_beta":false,"boss_relics":[{"not_picked":["Runic Dome","conspire:SlowCooker","Fusion Hammer"]},{"not_picked":["Tiny House","aspiration:FutureDiary"],"picked":"conspire:SpecialSausage"}],"items_purged_floors":[3,22,22,39,39],"is_endless":false,"potions_floor_spawned":[6,10,12,18,23,27,30,37,38,41,46,53],"ascension_level":20}}