{"host":"sabve5zmqufxyc5o","time":1611070426,"event":{"mods":["100% Spire Juice","2.2 Compatiblity","AchievementEnabler","Act Like it!","BaseMod","Block Reminder","Colored Map","Colored Powertips","DeckTracker","KOR Keyword Fix","Keyboard Shortcuts","Minty Spire (QoL Compilation)","Quick Restart","Rare Cards Sparkle","Relic Stats","StSLib","SuperFastMode"],"gold_per_floor":[114,127,140,156,156,36,71,71,95,108,108,140,159,84,84,186,66,84,95,20,40,51,71,71,71,71,91,103,103,28,44,44,141,141,160,174,7,22,37,37,52,52,52,52,66,66,85,105,105,105],"floor_reached":51,"language":"KOR","playtime":1838,"items_purged":["Moonworks:Strike","Moonworks:Strike"],"score":694,"play_id":"31b14a11-ff66-476a-aa6b-11f9b449aa23","local_time":"20210120003346","is_ascension_mode":false,"campfire_choices":[{"floor":6.0,"key":"REST"},{"floor":11.0,"key":"REST"},{"data":"Moonworks:NicePresent","floor":15.0,"key":"SMITH"},{"data":"Moonworks:NicePresent","floor":25.0,"key":"SMITH"},{"data":"Moonworks:EvilSpyWorkPreparation","floor":29,"key":"SMITH"},{"data":"Moonworks:MiracleRedBeanIceCream","floor":32,"key":"SMITH"},{"data":"Moonworks:GoAway","floor":40,"key":"SMITH"},{"data":"Moonworks:ReflectiveShell","floor":42,"key":"SMITH"},{"data":"Moonworks:Poppoformation","floor":44,"key":"SMITH"},{"floor":49,"key":"REST"}],"circlet_count":0,"master_deck":["Moonworks:Strike+1","Moonworks:Defend+1","Moonworks:Defend","Moonworks:Defend+1","Moonworks:Ambush+1","Moonworks:LongDistanceShot","Moonworks:JonathanRush","Moonworks:SakisCookie","Moonworks:LulusLuckyEgg","Moonworks:ImmovableObject","Moonworks:Poppoformation+1","Moonworks:NicePresent+1","Moonworks:MiracleRedBeanIceCream+1","Moonworks:PlushieMaster","Moonworks:NicePresent+1","Moonworks:RedAndBlue+1","Moonworks:EvilSpyWorkPreparation+1","Moonworks:StiffCrystal+1","Moonworks:CookingTime","Moonworks:ReflectiveShell+1","Moonworks:CompletionReward+1","Moonworks:Bloodlust","Moonworks:GoAway+1","Writhe"],"relics":["Moonworks:BrokenBomb","Moonworks:Homemark","War Paint","Centennial Puzzle","Nunchaku","Cursed Key","Sozu","Kunai"],"acts_visited":["Exordium","TheCity","TheBeyond"],"potions_floor_usage":[33,50,50,50],"damage_taken":[{"damage":0.0,"enemies":"2 Louse","floor":1.0,"turns":3.0},{"damage":2.0,"enemies":"Small Slimes","floor":2.0,"turns":3.0},{"damage":1.0,"enemies":"Cultist","floor":3.0,"turns":3.0},{"damage":16.0,"enemies":"Lots of Slimes","floor":4.0,"turns":6.0},{"damage":18.0,"enemies":"3 Sentries","floor":7.0,"turns":7.0},{"damage":0.0,"enemies":"Gremlin Gang","floor":10.0,"turns":4.0},{"damage":14.0,"enemies":"Lagavulin","floor":12.0,"turns":8.0},{"damage":1.0,"enemies":"Exordium Wildlife","floor":13.0,"turns":3.0},{"damage":15.0,"enemies":"Hexaghost","floor":16.0,"turns":11.0},{"damage":0.0,"enemies":"Chosen","floor":18.0,"turns":8.0},{"damage":0.0,"enemies":"Spheric Guardian","floor":19.0,"turns":4.0},{"damage":12.0,"enemies":"Shelled Parasite and Fungi","floor":21.0,"turns":3.0},{"damage":21.0,"enemies":"Snake Plant","floor":22.0,"turns":3.0},{"damage":2.0,"enemies":"Snecko","floor":23.0,"turns":6.0},{"damage":0,"enemies":"Shelled Parasite and Fungi","floor":27,"turns":3},{"damage":0,"enemies":"Centurion and Healer","floor":28,"turns":4},{"damage":0,"enemies":"3 Cultists","floor":31,"turns":3},{"damage":50,"enemies":"Collector","floor":33,"turns":8},{"damage":0,"enemies":"3 Darklings","floor":35,"turns":4},{"damage":0,"enemies":"Orb Walker","floor":36,"turns":3},{"damage":7,"enemies":"4 Shapes","floor":38,"turns":4},{"damage":13,"enemies":"Transient","floor":39,"turns":5},{"damage":1,"enemies":"Sphere and 2 Shapes","floor":41,"turns":3},{"damage":5,"enemies":"Spire Growth","floor":45,"turns":3},{"damage":61,"enemies":"4 Shapes","floor":47,"turns":5},{"damage":18,"enemies":"3 Darklings","floor":48,"turns":3},{"damage":42,"enemies":"Time Eater","floor":50,"turns":4}],"seed_played":"1521649748309272704","potions_obtained":[{"floor":4.0,"key":"GamblersBrew"},{"floor":10.0,"key":"PowerPotion"},{"floor":12.0,"key":"ColorlessPotion"},{"floor":13.0,"key":"Swift Potion"},{"floor":18.0,"key":"ColorlessPotion"},{"floor":22.0,"key":"FearPotion"},{"floor":33,"key":"Moonworks:OneHundredPercentOrangeJuicePotion"}],"is_trial":false,"path_per_floor":["M","M","M","M","?","R","E","?","T","M","R","E","M","$","R","B",null,"M","M","?","M","M","M","?","R","T","M","M","R","$","M","R","B",null,"M","M","$","M","M","R","M","R","T","R","M","$","M","M","R","B",null],"character_chosen":"THE_STARBREAKER","items_purchased":["Moonworks:CookingTime","Moonworks:Bloodlust"],"campfire_rested":3,"item_purchase_floors":[30,37],"current_hp_per_floor":[66,64,63,49,36,55,37,37,37,37,56,42,46,46,46,36,66,66,66,66,59,43,46,40,40,40,40,45,45,45,51,51,9,66,66,66,66,66,57,57,66,66,66,66,66,66,22,24,43,26],"gold":105,"neow_bonus":"TEN_PERCENT_HP_BONUS","is_daily":false,"chose_seed":false,"campfire_upgraded":7,"win_rate":0.0,"timestamp":1611070426,"path_taken":["M","M","M","M","?","R","E","?","T","M","R","E","M","$","R","BOSS","M","M","?","M","M","M","?","R","T","M","M","R","$","M","R","BOSS","M","M","$","M","?","R","M","R","T","R","M","$","M","M","R","BOSS"],"items_purchased_type":["Card","Card"],"build_version":"2020-12-22","purchased_purges":2,"victory":true,"max_hp_per_floor":[66,66,66,66,66,66,66,66,66,66,66,66,66,66,66,66,66,66,66,66,66,66,66,66,66,66,66,66,66,66,66,66,66,66,66,66,66,66,66,66,66,66,66,66,66,66,66,66,66,66],"relic_stats":{"Sozu":0,"Centennial Puzzle":[42],"Nunchaku":[24],"counters":[27,124],"Kunai":[11],"War Paint":["Moonworks:Defend","Moonworks:Defend"],"Cursed Key":1,"obtain_stats":[{"Sozu":34,"Centennial Puzzle":9,"Nunchaku":12,"Moonworks:Homemark":0,"Kunai":43,"War Paint":7,"Cursed Key":17,"Moonworks:BrokenBomb":0},{"Sozu":18,"Centennial Puzzle":5,"Nunchaku":7,"Moonworks:Homemark":0,"Kunai":23,"War Paint":5,"Cursed Key":9,"Moonworks:BrokenBomb":0},{"Sozu":90,"Centennial Puzzle":22,"Nunchaku":34,"Moonworks:Homemark":0,"Kunai":109,"War Paint":22,"Cursed Key":48,"Moonworks:BrokenBomb":0}]},"card_choices":[{"not_picked":["Moonworks:Assault","Moonworks:IndiscriminateFireSupport"],"picked":"Moonworks:JonathanRush","floor":1.0},{"not_picked":["Moonworks:TacticalRetreat","Moonworks:Poppoformation"],"picked":"Moonworks:SakisCookie","floor":2.0},{"not_picked":["Moonworks:Heat300Percent","Moonworks:IntelligenceOfficer","Moonworks:BigMagnum"],"picked":"SKIP","floor":3.0},{"not_picked":["Moonworks:CloudOfSeagulls","Moonworks:ImOnFire"],"picked":"Moonworks:LulusLuckyEgg","floor":4.0},{"not_picked":["Moonworks:IntelligenceOfficer","Moonworks:UnpaidWork"],"picked":"Moonworks:ImmovableObject","floor":7.0},{"not_picked":["Moonworks:JonathanRush","Moonworks:AwakeningOfTalent"],"picked":"Moonworks:NicePresent","floor":10.0},{"not_picked":["Moonworks:Poppoformation","Moonworks:OutOfAmmo"],"picked":"Moonworks:MiracleRedBeanIceCream","floor":12.0},{"not_picked":["Moonworks:ImOnFire","Moonworks:SakisCookie","Moonworks:LulusLuckyEgg"],"picked":"SKIP","floor":13.0},{"not_picked":["Moonworks:AccelHyper","Moonworks:SinkOrSwim"],"picked":"Moonworks:PlushieMaster","floor":16.0},{"not_picked":["Moonworks:CloudOfSeagulls","Moonworks:SakisCookie+1"],"picked":"Moonworks:NicePresent","floor":18.0},{"not_picked":["Moonworks:MiracleWalker+1","Moonworks:BigMagnum"],"picked":"Moonworks:RedAndBlue+1","floor":19.0},{"not_picked":["Moonworks:NicePresent","Moonworks:JonathanRush"],"picked":"Moonworks:EvilSpyWorkPreparation","floor":21.0},{"not_picked":["Moonworks:Bloodlust","Moonworks:MiracleWalker","Moonworks:Dinner"],"picked":"SKIP","floor":22.0},{"not_picked":["Moonworks:IndiscriminateFireSupport","Moonworks:MixPhenomenon+1"],"picked":"Moonworks:StiffCrystal+1","floor":23.0},{"not_picked":["Moonworks:EvilMastermind","Moonworks:BigBangBell","Moonworks:LulusLuckyEgg"],"picked":"SKIP","floor":27},{"not_picked":["Moonworks:JonathanRush","Moonworks:CloudOfSeagulls","Moonworks:LulusLuckyEgg"],"picked":"SKIP","floor":28},{"not_picked":["Moonworks:Poppoformation","Moonworks:ImOnFire","Moonworks:JonathanRush"],"picked":"SKIP","floor":31},{"not_picked":["Moonworks:Wanted","Moonworks:LeapThroughSpace"],"picked":"Moonworks:ReflectiveShell","floor":33},{"not_picked":["Moonworks:LulusLuckyEgg+1","Moonworks:NicePresent+1","Moonworks:CloudOfSeagulls+1"],"picked":"SKIP","floor":35},{"not_picked":["Moonworks:ImOnFire+1","Moonworks:UnpaidWork+1"],"picked":"Moonworks:CompletionReward+1","floor":36},{"not_picked":["Moonworks:DeployBits+1","Moonworks:BigMagnum+1","Moonworks:LulusLuckyEgg+1"],"picked":"SKIP","floor":38},{"not_picked":["Moonworks:BigMagnum+1","Moonworks:CloudOfSeagulls"],"picked":"Moonworks:GoAway","floor":39},{"not_picked":["Moonworks:NicePresent","Moonworks:RedAndBlue+1","Moonworks:BindingChains"],"picked":"SKIP","floor":41},{"not_picked":["Moonworks:ReproductionOfRecords","Moonworks:ImOnFire","Moonworks:CompletionReward+1"],"picked":"SKIP","floor":45},{"not_picked":["Moonworks:UnpaidWork","Moonworks:EvilSpyWorkPreparation+1","Moonworks:ImOnFire"],"picked":"SKIP","floor":47},{"not_picked":["Moonworks:CloudOfSeagulls","Moonworks:CompletionReward+1","Moonworks:NicePresent+1"],"picked":"SKIP","floor":48}],"player_experience":823782,"relics_obtained":[{"floor":7.0,"key":"War Paint"},{"floor":9.0,"key":"Centennial Puzzle"},{"floor":12.0,"key":"Nunchaku"},{"floor":43,"key":"Kunai"}],"event_choices":[{"damage_healed":0.0,"max_hp_gain":0.0,"max_hp_loss":0.0,"gold_gain":0.0,"event_name":"Shining Light","player_choice":"Entered Light","floor":5.0,"gold_loss":0.0,"damage_taken":13.0,"cards_upgraded":["Moonworks:Ambush","Moonworks:Strike"]},{"damage_healed":0.0,"max_hp_gain":0.0,"max_hp_loss":0.0,"gold_gain":0.0,"cards_transformed":["Moonworks:Strike"],"event_name":"Living Wall","player_choice":"Change","floor":8.0,"gold_loss":0.0,"damage_taken":0.0,"cards_obtained":["Moonworks:Poppoformation"]},{"cards_removed":["Moonworks:Defend"],"damage_healed":0.0,"max_hp_gain":0.0,"max_hp_loss":0.0,"gold_gain":0.0,"event_name":"Beggar","player_choice":"Gave Gold","floor":20.0,"gold_loss":75.0,"damage_taken":0.0},{"damage_healed":0.0,"max_hp_gain":0.0,"max_hp_loss":0.0,"gold_gain":0.0,"event_name":"Knowing Skull","player_choice":"","floor":24.0,"potions_obtained":[],"gold_loss":0.0,"damage_taken":6.0,"cards_obtained":[]}],"is_beta":false,"boss_relics":[{"not_picked":["SacredBark","Velvet Choker"],"picked":"Cursed Key"},{"not_picked":["Snecko Eye","Pandora\u0027s Box"],"picked":"Sozu"}],"items_purged_floors":[14,37],"is_endless":false,"potions_floor_spawned":[4,10,12,13,18,22,27,31,33,39,41,45],"ascension_level":0}}