{"host":"i0xrm7p89v8es8ob","time":1611062908,"event":{"mods":["ATMod(°¢èªMod)","AchievementEnabler","Act Like it!","Aspiration","BaseMod","Conspire","Dota2Spire","Minty Spire (QoL Compilation)","MostiFishMod","Pale of the Ancients","Permanent Neow","Quick Restart","Relic Stats","Replay The Spire","Spicy Shops","StSLib","The Gatherer","The IronCluck","The Marked","The Runesmith","[IsaacMod]ÒÔÈö¼âËþ","vexMod","¡¾ÒÅÎï¿¨ÅÆ¡¿REMEMod"],"gold_per_floor":[119,44,54,49,65,65,83,110,137,157,187,203,203,203,203,300,300,316,316,316,316],"floor_reached":20,"language":"ZHS","playtime":729,"items_purged":["Defend_R"],"score":324,"play_id":"c59c273a-e218-4f04-bd90-90a234a435a4","local_time":"20210119212828","is_ascension_mode":true,"campfire_choices":[{"data":"Searing Blow","floor":6.0,"key":"SMITH"},{"data":"Searing Blow+1","floor":13.0,"key":"SMITH"},{"data":"Searing Blow+2","floor":15.0,"key":"SMITH"}],"circlet_count":0,"master_deck":["Strike_R","Strike_R+1","Strike_R","Strike_R+1","Defend_R","Defend_R","Defend_R","Bash","AT_FalsePromise","AT_EssenceShift","Whirlwind","Searing Blow+3","Massacre+1","Metallicize","MostiFishMod:#F4004","Bloodletting","Double Tap","Whirlwind"],"relics":["Burning Blood","REME_ComplimentaryCards","AT_ATBox","HushsDoor","DaveBox","GuanYuAspect","DeadEye","aspiration:Nostalgia","theMarked:ArtifactOfAir","SynthV:TestCard","Simple Rune","REME_PuzzleBoxRelic","Replay:Rubber Ducky","Mark of Pain"],"acts_visited":["Exordium","TheCity"],"potions_floor_usage":[16],"damage_taken":[{"damage":0.0,"enemies":"Cultist","floor":1.0,"turns":3.0},{"damage":7.0,"enemies":"Jaw Worm","floor":3.0,"turns":2.0},{"damage":0.0,"enemies":"2 Louse","floor":5.0,"turns":1.0},{"damage":13.0,"enemies":"Blue Slaver","floor":7.0,"turns":2.0},{"damage":8.0,"enemies":"Gremlin Nob","floor":8.0,"turns":3.0},{"damage":0.0,"enemies":"Looter","floor":10.0,"turns":2.0},{"damage":10.0,"enemies":"3 Sentries","floor":11.0,"turns":2.0},{"damage":3.0,"enemies":"Exordium Wildlife","floor":12.0,"turns":1.0},{"damage":3,"enemies":"The Guardian","floor":16,"turns":5},{"damage":0,"enemies":"3 Byrds","floor":18,"turns":3},{"damage":0,"enemies":"Shell Parasite","floor":20,"turns":1}],"seed_played":"-790464080465049857","potions_obtained":[{"floor":5.0,"key":"Swift Potion"},{"floor":8.0,"key":"Milkshake"},{"floor":10.0,"key":"SteroidPotion"},{"floor":11.0,"key":"BloodPotion"},{"floor":12.0,"key":"BlessingOfTheForge"},{"floor":18,"key":"EntropicBrew"}],"is_trial":false,"path_per_floor":["M","$","M","$","M","R","M","E","T","M","E","M","R","?","R","B",null,"M","?","M"],"character_chosen":"IRONCLAD","items_purchased":["Massacre+1"],"campfire_rested":0,"item_purchase_floors":[4],"current_hp_per_floor":[40,40,39,39,40,40,31,32,32,38,37,40,40,33,33,35,37,40,40,40,40],"gold":316,"neow_bonus":"NOSTALGIA","is_daily":false,"chose_seed":false,"campfire_upgraded":3,"win_rate":0.0,"timestamp":1611062908,"path_taken":["M","$","M","?","M","R","M","E","T","M","E","M","R","?","R","BOSS","M","?","M"],"items_purchased_type":["Card"],"build_version":"2020-12-22","purchased_purges":1,"victory":false,"max_hp_per_floor":[40,40,40,40,40,40,40,40,40,40,40,40,40,40,40,40,40,40,40,40,40],"relic_stats":{"counters":[11,25],"obtain_stats":[{"KeepersGift":0,"AT_ATBox":0,"DaveBox":0,"aspiration:Nostalgia":0,"DeadEye":0,"Burning Blood":0,"Replay:Rubber Ducky":11,"theMarked:ArtifactOfAir":0,"SynthV:TestCard":1,"GuanYuAspect":0,"Simple Rune":8,"Mark of Pain":17,"REME_PuzzleBoxRelic":9,"HushsDoor":0,"REME_ComplimentaryCards":0},{"KeepersGift":0,"AT_ATBox":0,"DaveBox":0,"aspiration:Nostalgia":0,"DeadEye":0,"Burning Blood":0,"Replay:Rubber Ducky":7,"theMarked:ArtifactOfAir":0,"SynthV:TestCard":1,"GuanYuAspect":0,"Simple Rune":5,"Mark of Pain":9,"REME_PuzzleBoxRelic":5,"HushsDoor":0,"REME_ComplimentaryCards":0},{"KeepersGift":0,"AT_ATBox":0,"DaveBox":0,"aspiration:Nostalgia":0,"DeadEye":0,"Burning Blood":0,"Replay:Rubber Ducky":15,"theMarked:ArtifactOfAir":0,"SynthV:TestCard":3,"GuanYuAspect":0,"Simple Rune":11,"Mark of Pain":21,"REME_PuzzleBoxRelic":11,"HushsDoor":0,"REME_ComplimentaryCards":0}],"Burning Blood":17},"card_choices":[{"not_picked":[],"picked":"Bomb","floor":0.0},{"not_picked":["Thunderclap","AT_ManFootWork"],"picked":"Whirlwind","floor":1.0},{"not_picked":["Burning Pact","Shrug It Off","Uppercut","Fiend Fire"],"picked":"Searing Blow","floor":3.0},{"not_picked":["Iron Wave","Thunderclap","Body Slam","Replay:Undeath\u0027s Touch"],"picked":"Bomb","floor":5.0},{"not_picked":["Perfected Strike","Heavy Blade","Inflame","AT_IchimonjiDouble"],"picked":"Metallicize","floor":7.0},{"not_picked":["Shrug It Off","Anger","ReplayTheSpireMod:Strike From Hell","Infernal Blade"],"picked":"MostiFishMod:#F4004","floor":8.0},{"not_picked":["ReplayTheSpireMod:Strike From Hell","Warcry","MostiFishMod:BrandingRite","Dark Embrace"],"picked":"Bloodletting","floor":10.0},{"not_picked":["Havoc","AT_IchimonjiDouble","Burning Pact","Perfected Strike"],"picked":"Bomb","floor":11.0},{"not_picked":["MostiFishMod:404NotFound","True Grit","Iron Wave","AT_IchimonjiDouble","AT_CaressingTears"],"picked":"SKIP","floor":12.0},{"not_picked":["MostiFishMod:RacingGame","Impervious","conspire:HitWhereItHurts","conspire:Purge"],"picked":"Double Tap","floor":16},{"not_picked":["True Grit","Armaments","Thunderclap+1","Pommel Strike","Sword Boomerang"],"picked":"SKIP","floor":18}],"player_experience":71879,"relics_obtained":[{"floor":1.0,"key":"SynthV:TestCard"},{"floor":8.0,"key":"Simple Rune"},{"floor":9.0,"key":"REME_PuzzleBoxRelic"},{"floor":11.0,"key":"Replay:Rubber Ducky"}],"event_choices":[{"cards_removed":["Strike_R"],"damage_healed":0.0,"max_hp_gain":0.0,"max_hp_loss":0.0,"gold_gain":0.0,"event_name":"Golden Wing","player_choice":"Card Removal","floor":14.0,"gold_loss":0.0,"damage_taken":7.0},{"damage_healed":0,"gold_gain":0,"player_choice":"Read","damage_taken":0,"max_hp_gain":0,"max_hp_loss":0,"event_name":"The Library","floor":19,"gold_loss":0,"cards_obtained":["Whirlwind"]}],"is_beta":false,"boss_relics":[{"not_picked":["HaiYi:Twilight","Runic Dome"],"picked":"Mark of Pain"},{"not_picked":[]}],"items_purged_floors":[2],"is_endless":false,"potions_floor_spawned":[5,8,10,11,12,18],"killed_by":"Shell Parasite","ascension_level":5}}