{"host":"da4a6z8aof69aasy","time":1611084695,"event":{"mods":["AchievementEnabler","BaseMod","Block Reminder","Colored Powertips","DeckTracker","Highlight Path","Minty Spire (QoL Compilation)","Permanent Neow","Relic Stats","StSLib"],"gold_per_floor":[117,131,206,206,220,220,249,249,276,276,288,288,288],"floor_reached":12,"language":"ENG","playtime":650,"items_purged":[],"score":137,"play_id":"6b2a8545-1799-4b88-956b-8906b507e21d","local_time":"20210119213135","is_ascension_mode":true,"campfire_choices":[{"data":"Hemokinesis","floor":6.0,"key":"SMITH"},{"floor":10,"key":"REST"}],"circlet_count":0,"master_deck":["AscendersBane","Strike_R","Strike_R","Strike_R","Strike_R","Strike_R","Defend_R","Defend_R","Defend_R","Defend_R","Bash","Hemokinesis+1","Reaper","Shrug It Off"],"relics":["Runic Cube","Blue Candle","Bottled Flame","Nunchaku"],"acts_visited":["Exordium"],"potions_floor_usage":[7],"damage_taken":[{"damage":7.0,"enemies":"Small Slimes","floor":1.0,"turns":3.0},{"damage":8.0,"enemies":"2 Louse","floor":2.0,"turns":2.0},{"damage":3.0,"enemies":"Cultist","floor":5.0,"turns":3.0},{"damage":34,"enemies":"Lagavulin","floor":7,"turns":6},{"damage":37,"enemies":"Exordium Thugs","floor":11,"turns":7},{"damage":2,"enemies":"Gremlin Nob","floor":12,"turns":1}],"seed_played":"2494636992568216638","potions_obtained":[{"floor":1.0,"key":"Dexterity Potion"},{"floor":4.0,"key":"DistilledChaos"},{"floor":7,"key":"Ancient Potion"}],"is_trial":false,"path_per_floor":["M","M","?","?","M","R","E","T","T","R","M","E"],"character_chosen":"IRONCLAD","items_purchased":[],"campfire_rested":1,"item_purchase_floors":[],"current_hp_per_floor":[61,53,42,42,39,39,9,9,9,31,2,0,0],"gold":288,"neow_bonus":"BOSS_RELIC","is_daily":false,"chose_seed":false,"campfire_upgraded":1,"win_rate":0.0,"timestamp":1611084695,"path_taken":["M","M","?","?","?","R","E","?","T","R","M","E"],"items_purchased_type":[],"build_version":"2020-12-22","purchased_purges":0,"victory":false,"max_hp_per_floor":[75,75,75,75,75,75,75,75,75,75,75,75,75],"relic_stats":{"Nunchaku":[1],"counters":[6,22],"Blue Candle":[0],"obtain_stats":[{"Bottled Flame":8,"Nunchaku":9,"Blue Candle":7,"Burning Blood":0,"Runic Cube":0},{"Bottled Flame":4,"Nunchaku":4,"Blue Candle":4,"Burning Blood":0,"Runic Cube":0},{"Bottled Flame":14,"Nunchaku":14,"Blue Candle":14,"Burning Blood":0,"Runic Cube":0}],"Runic Cube":[18]},"card_choices":[{"not_picked":["Thunderclap","Heavy Blade"],"picked":"Hemokinesis","floor":1.0},{"not_picked":["Ghostly Armor","Havoc","Power Through"],"picked":"SKIP","floor":2.0},{"not_picked":["Combust","Body Slam"],"picked":"Reaper","floor":5.0},{"not_picked":["Sentinel","Sever Soul","Rage"],"picked":"SKIP","floor":7},{"not_picked":["Heavy Blade","Wild Strike"],"picked":"Shrug It Off","floor":11}],"player_experience":2081053,"relics_obtained":[{"floor":7,"key":"Blue Candle"},{"floor":8,"key":"Bottled Flame"},{"floor":9,"key":"Nunchaku"}],"event_choices":[{"damage_healed":0.0,"max_hp_gain":0.0,"max_hp_loss":0.0,"gold_gain":75.0,"event_name":"World of Goop","player_choice":"Gather Gold","floor":3.0,"gold_loss":0.0,"damage_taken":11.0},{"damage_healed":0.0,"max_hp_gain":0.0,"max_hp_loss":0.0,"gold_gain":0.0,"event_name":"Lab","player_choice":"Got Potions","floor":4.0,"gold_loss":0.0,"damage_taken":0.0}],"is_beta":false,"boss_relics":[],"items_purged_floors":[],"is_endless":false,"potions_floor_spawned":[1,5,7],"killed_by":"Gremlin Nob","ascension_level":15}}