{"host":"z9a4j4a70g1iinja","time":1611100285,"event":{"mods":["BaseMod","Better Note","Colored Map","Colored Powertips","Downfall","Minty Spire (QoL Compilation)","Quick Restart","Rare Cards Sparkle","StSLib"],"gold_per_floor":[109,109,109,119,294,320,334,334,334,348,348,364,364,389,389,486,486,501,501,514,35,51,51,1,18,65,65,30,41,41,53,53,152,152,165,165,165,165,181,181,210,210,210,229,229,229],"floor_reached":45,"language":"ENG","playtime":2230,"items_purged":["Doubt"],"score":478,"play_id":"10a11d12-bdbc-4060-88cd-bea9c27f2ba4","local_time":"20210119185125","is_ascension_mode":false,"campfire_choices":[{"data":"Dualcast","floor":8,"key":"SMITH"},{"floor":11,"key":"REST"},{"data":"Zap","floor":13,"key":"SMITH"},{"data":"Reinforced Body","floor":15,"key":"SMITH"},{"floor":23,"key":"REST"},{"data":"Leap","floor":27,"key":"SMITH"},{"data":"Defragment","floor":30,"key":"SMITH"},{"data":"Leap","floor":32,"key":"SMITH"},{"data":"Trip","floor":40,"key":"SMITH"},{"floor":42,"key":"REST"}],"circlet_count":0,"master_deck":["Strike_B","Strike_B","Strike_B+1","Strike_B+1","Defend_B","Defend_B","Defend_B","Zap+1","Dualcast+1","BootSequence","Reinforced Body+1","Leap+1","Leap+1","Streamline","FTL","Hologram","Electrodynamics","Loop+1","Reboot","Defragment+1","Coolheaded+1","Buffer","Trip+1","Redo+1","Loop+1","Capacitor+1"],"relics":["FrozenCore","NeowsBlessing","Mercury Hourglass","Question Card","Blood Vial","Sozu","Anchor","Bottled Lightning","Nunchaku","White Beast Statue","Dream Catcher"],"acts_visited":["Exordium","TheCity","TheBeyond"],"potions_floor_usage":[16,16,25,41],"damage_taken":[{"damage":0,"enemies":"2 Louse","floor":1,"turns":1},{"damage":0,"enemies":"Small Slimes","floor":4,"turns":1},{"damage":0,"enemies":"3 Sentries","floor":6,"turns":1},{"damage":0,"enemies":"Jaw Worm","floor":7,"turns":2},{"damage":4,"enemies":"Exordium Wildlife","floor":10,"turns":5},{"damage":0,"enemies":"Large Slime","floor":12,"turns":3},{"damage":10,"enemies":"Gremlin Nob","floor":14,"turns":4},{"damage":22,"enemies":"The Guardian","floor":16,"turns":12},{"damage":0,"enemies":"3 Byrds","floor":18,"turns":2},{"damage":12,"enemies":"2 Thieves","floor":20,"turns":3},{"damage":21,"enemies":"Centurion and Healer","floor":22,"turns":5},{"damage":0,"enemies":"3 Cultists","floor":25,"turns":3},{"damage":0,"enemies":"Shelled Parasite and Fungi","floor":29,"turns":4},{"damage":0,"enemies":"Centurion and Healer","floor":31,"turns":5},{"damage":3,"enemies":"Automaton","floor":33,"turns":8},{"damage":0,"enemies":"Orb Walker","floor":35,"turns":3},{"damage":2,"enemies":"3 Darklings","floor":39,"turns":2},{"damage":54,"enemies":"Giant Head","floor":41,"turns":12},{"damage":26,"enemies":"Maw","floor":44,"turns":10},{"damage":13,"enemies":"4 Shapes","floor":45,"turns":4}],"seed_played":"4520969185699744732","potions_obtained":[{"floor":1,"key":"LiquidBronze"},{"floor":6,"key":"Swift Potion"},{"floor":12,"key":"ColorlessPotion"},{"floor":16,"key":"hexamod:SoulburnPotion"}],"is_trial":false,"path_per_floor":["M","?","?","M","?","E","M","R","T","M","R","M","R","E","R","B",null,"M","?","M","$","M","R","?","M","T","R","$","M","R","M","R","B",null,"M","?","?","?","M","R","E","R","T","M","M"],"character_chosen":"DEFECT","items_purchased":["Anchor","Bottled Lightning","Defragment"],"campfire_rested":3,"item_purchase_floors":[21,21,28],"current_hp_per_floor":[75,60,65,65,65,65,65,65,65,61,80,80,80,70,70,50,80,80,80,68,68,49,73,73,75,75,75,75,77,77,79,79,77,80,80,80,80,76,74,74,22,44,44,20,9,9],"gold":229,"neow_bonus":"THREE_ENEMY_KILL","is_daily":false,"chose_seed":false,"campfire_upgraded":7,"win_rate":0.0,"timestamp":1611100285,"path_taken":["M","?","?","M","?","E","M","R","T","M","R","M","R","E","R","BOSS","M","?","M","$","M","R","?","M","T","R","$","M","R","M","R","BOSS","M","?","?","?","?","R","E","R","T","M","M"],"items_purchased_type":["Relic","Relic","Card"],"build_version":"2020-12-22","purchased_purges":1,"victory":false,"max_hp_per_floor":[75,75,80,80,80,80,80,80,80,80,80,80,80,80,80,80,80,80,80,80,80,80,80,80,80,80,80,80,80,80,80,80,80,80,80,80,80,76,76,76,76,76,76,76,76,76],"card_choices":[{"not_picked":["Capacitor","Ball Lightning"],"picked":"BootSequence","floor":1},{"not_picked":["Double Energy","Streamline"],"picked":"Reinforced Body","floor":4},{"not_picked":["Storm","Stack"],"picked":"Leap","floor":6},{"not_picked":["Barrage","Reprogram"],"picked":"Leap","floor":7},{"not_picked":["Go for the Eyes","Reprogram","Barrage"],"picked":"Streamline","floor":10},{"not_picked":["Barrage","Ball Lightning","Sweeping Beam"],"picked":"FTL","floor":12},{"not_picked":["Skim","FTL","Blizzard"],"picked":"Hologram","floor":14},{"not_picked":["Reboot","Amplify","All For One"],"picked":"Electrodynamics","floor":16},{"not_picked":["Hello World","Darkness","Cold Snap+1"],"picked":"Loop+1","floor":18},{"not_picked":["Sweeping Beam","Cold Snap","FTL+1"],"picked":"Reboot","floor":20},{"not_picked":["Blizzard","Heatsinks","Streamline","Redo"],"picked":"SKIP","floor":22},{"not_picked":["Blizzard","Hello World","Hologram","Genetic Algorithm"],"picked":"SKIP","floor":25},{"not_picked":["Ball Lightning+1","Rip and Tear","Conserve Battery+1"],"picked":"Coolheaded+1","floor":29},{"not_picked":["Ball Lightning","Barrage","Storm+1","Compile Driver"],"picked":"SKIP","floor":31},{"not_picked":["Thunder Strike","Amplify","Biased Cognition"],"picked":"Buffer","floor":33},{"not_picked":["Fusion","Leap+1","Cold Snap+1","Chaos+1"],"picked":"SKIP","floor":35},{"not_picked":["Swift Strike","Flash of Steel","Mayhem"],"picked":"Trip","floor":37},{"not_picked":["Ball Lightning","Leap+1","Stack"],"picked":"Redo+1","floor":39},{"not_picked":["Gash+1","Fission","Beam Cell"],"picked":"Loop+1","floor":41},{"not_picked":["Compile Driver+1","Melter+1","Genetic Algorithm"],"picked":"Capacitor+1","floor":44}],"player_experience":2780,"relics_obtained":[{"floor":6,"key":"Mercury Hourglass"},{"floor":9,"key":"Question Card"},{"floor":14,"key":"Blood Vial"},{"floor":26,"key":"Nunchaku"},{"floor":41,"key":"White Beast Statue"},{"floor":43,"key":"Dream Catcher"}],"event_choices":[{"damage_healed":0,"gold_gain":0,"player_choice":"Entered Light","damage_taken":15,"max_hp_gain":0,"max_hp_loss":0,"event_name":"Shining Light","floor":2,"gold_loss":0,"cards_upgraded":["Strike_B","Strike_B"]},{"damage_healed":0,"gold_gain":0,"player_choice":"Donut","damage_taken":0,"max_hp_gain":5,"max_hp_loss":0,"event_name":"Big Fish","floor":3,"gold_loss":0},{"damage_healed":0,"gold_gain":175,"player_choice":"AGREE","damage_taken":0,"max_hp_gain":0,"max_hp_loss":0,"event_name":"Liars Game","floor":5,"gold_loss":0,"cards_obtained":["Doubt"]},{"cards_removed":["Defend_B"],"damage_healed":0,"gold_gain":0,"player_choice":"Offered Basic","damage_taken":0,"max_hp_gain":0,"max_hp_loss":0,"event_name":"Bonfire Elementals","floor":19,"gold_loss":0},{"damage_healed":0,"gold_gain":0,"player_choice":"Bet on Murderer","damage_taken":0,"max_hp_gain":0,"max_hp_loss":0,"event_name":"The Joust","floor":24,"gold_loss":50},{"damage_healed":0,"gold_gain":0,"player_choice":"Ignored","damage_taken":0,"max_hp_gain":0,"max_hp_loss":0,"event_name":"Tomb of Lord Red Mask","floor":36,"gold_loss":0},{"damage_healed":0,"gold_gain":0,"player_choice":"Memory 1","damage_taken":0,"max_hp_gain":0,"max_hp_loss":0,"event_name":"SensoryStone","floor":37,"gold_loss":0},{"damage_healed":0,"gold_gain":0,"player_choice":"Max HP","damage_taken":0,"max_hp_gain":0,"max_hp_loss":4,"event_name":"Winding Halls","floor":38,"gold_loss":0}],"is_beta":false,"boss_relics":[{"not_picked":["Coffee Dripper","Philosopher\u0027s Stone"],"picked":"Sozu"},{"not_picked":["Inserter","Busted Crown"],"picked":"FrozenCore"}],"items_purged_floors":[21],"is_endless":false,"potions_floor_spawned":[1,6,12,16,18,25,29,35,44],"killed_by":"4 Shapes","ascension_level":0}}