{"host":"oc9z8cublggqyfxu","time":1611028457,"event":{"mods":["AchievementEnabler","Act Like it!","Aspiration","BaseMod","Colored Map","Colored Powertips","Dota2Spire","Friendly Minions","Gensokyo","GifTheSpireLib","Hallownest","Hermit","Highlight Path","KinomotoSakuraMod(木之本樱)","Koishi","Lobotomy","LobotomyExtend","Marisa（F雨　魔理沙）","Minty Spire (QoL Compilation)","Quick Restart","Rare Cards Sparkle","Relic Stats","Remilia（蕾米莉亚）","Replay The Spire","RumiaBox-露米娅的神秘盒子","Spicy Shops","StSLib","The Administrix","The Animator","The Blackbeard","The Bug Knight","The Cursed","The Hierophant","The Mystic","The Runesmith","The Servant 0.9.4","Yakumo Yukari mod","Youmu（魂魄妖梦）","Yuyuko","vexMod","【功能Mod】混沌之环修复补丁","【功能Mod】聪明的最终Boss"],"gold_per_floor":[119,137,149,7,23,23,52,71,71,46,56,82,82,82,82,182,182,196,96,108,168,187,187,220,234,234,262,137,137,154,170,170,271,271,290,302,319,319,332,332,332,360,360,386,397,415,442,292,292,292,292,292,15,45,45],"floor_reached":56,"language":"ZHS","playtime":2482,"items_purged":["Dualcast","Strike_B","Defend_B","Reprogram+1","Strike_B"],"score":1661,"play_id":"1a1b8d6e-ea39-4af6-a243-cab453c3dc81","local_time":"20210119115417","is_ascension_mode":true,"campfire_choices":[{"data":"Zap","floor":6.0,"key":"SMITH"},{"data":"Gash","floor":13.0,"key":"SMITH"},{"data":"Gash","floor":15.0,"key":"SMITH"},{"data":"Redo","floor":23.0,"key":"SMITH"},{"data":"ReplayTheSpireMod:Reroute Power","floor":32.0,"key":"SMITH"},{"floor":40.0,"key":"RECALL"},{"data":"Biased Cognition","floor":49.0,"key":"SMITH"},{"data":"Buffer","floor":52,"key":"SMITH"}],"circlet_count":0,"master_deck":["Strike_B","Strike_B","Defend_B","Defend_B","Defend_B","Zap+1","Ball Lightning","ReplayTheSpireMod:Reroute Power+1","Gash+1","Gash+1","Buffer+1","Redo+1","ReplayGash+1","Seek","Lockon","Melter","Decay","Biased Cognition+1","ReplayGash","ReplayGash"],"relics":["Cracked Core","RabbitCall","AddBug","SecretRecord","SecretRecord","SecretRecord","SecretRecord","SecretRecord","SecretRecord","SecretRecord"],"acts_visited":["Gensokyo:Gensokyo","Hallownest:CityofTears","TheBeyond","TheEnding"],"potions_floor_usage":[],"damage_taken":[{"damage":9.0,"enemies":"Gensokyo:Gryphon","floor":1.0,"turns":4.0},{"damage":0.0,"enemies":"Gensokyo:Python","floor":2.0,"turns":2.0},{"damage":0.0,"enemies":"Gensokyo:2_Kodama","floor":3.0,"turns":2.0},{"damage":8.0,"enemies":"Gensokyo:CorruptedTreant","floor":5.0,"turns":2.0},{"damage":0.0,"enemies":"Gensokyo:Mamizou","floor":7.0,"turns":5.0},{"damage":7.0,"enemies":"Gensokyo:3_Kodama","floor":8.0,"turns":3.0},{"damage":0.0,"enemies":"Gensokyo:VengefulSpirit","floor":11.0,"turns":2.0},{"damage":0.0,"enemies":"Gensokyo:Cirno","floor":12.0,"turns":4.0},{"damage":8.0,"enemies":"Gensokyo:Yukari","floor":16.0,"turns":4.0},{"damage":3.0,"enemies":"Hallownest:Flukemon_and_Top","floor":18.0,"turns":3.0},{"damage":6.0,"enemies":"Hallownest:2_Mistakes","floor":20.0,"turns":3.0},{"damage":4.0,"enemies":"Hallownest:Glutton_and_Coward","floor":21.0,"turns":2.0},{"damage":0.0,"enemies":"Hallownest:2_Husk_Sentries","floor":22.0,"turns":3.0},{"damage":0.0,"enemies":"Hallownest:Nosk","floor":24.0,"turns":3.0},{"damage":0.0,"enemies":"Hallownest:Warrior_and_Youth","floor":25.0,"turns":1.0},{"damage":0.0,"enemies":"Hallownest:eliteWatcherKnight","floor":27.0,"turns":6.0},{"damage":0.0,"enemies":"Hallownest:monsterShrumalOgre","floor":30.0,"turns":1.0},{"damage":0.0,"enemies":"Hallownest:3_Mistakes","floor":31.0,"turns":3.0},{"damage":0.0,"enemies":"Hallownest:BossSoulMaster","floor":33.0,"turns":3.0},{"damage":0.0,"enemies":"Orb Walker","floor":35.0,"turns":1.0},{"damage":0.0,"enemies":"3 Shapes","floor":36.0,"turns":1.0},{"damage":1.0,"enemies":"3 Darklings","floor":37.0,"turns":2.0},{"damage":6.0,"enemies":"Sphere and 2 Shapes","floor":39.0,"turns":2.0},{"damage":0.0,"enemies":"Reptomancer","floor":42.0,"turns":5.0},{"damage":0.0,"enemies":"Nemesis","floor":44.0,"turns":3.0},{"damage":6.0,"enemies":"HollowMod:SlobberingHusk","floor":45.0,"turns":2.0},{"damage":0.0,"enemies":"Spire Growth","floor":46.0,"turns":1.0},{"damage":0.0,"enemies":"R_Hoarder","floor":47.0,"turns":1.0},{"damage":50.0,"enemies":"Time Eater","floor":50.0,"turns":10.0},{"damage":0,"enemies":"Shield and Spear","floor":54,"turns":1},{"damage":40,"enemies":"The Heart","floor":55,"turns":4}],"seed_played":"-1491165331714402777","potions_obtained":[{"floor":5.0,"key":"Block Potion"},{"floor":7.0,"key":"BlessingOfTheForge"},{"floor":8.0,"key":"Adrenaline Potion"},{"floor":16.0,"key":"ColorlessPotion"},{"floor":18.0,"key":"FocusPotion"},{"floor":24.0,"key":"Ancient Potion"},{"floor":33.0,"key":"DistilledChaos"},{"floor":35.0,"key":"Swift Potion"},{"floor":45.0,"key":"Block Potion"},{"floor":46.0,"key":"EssenceOfDarkness"}],"is_trial":false,"path_per_floor":["M","M","M","$","M","R","E","M","T","?","M","E","R","$","R","B",null,"M","$","M","M","M","R","E","M","T","E","$","?","M","M","R","B",null,"M","M","M","?","M","R","?","E","T","E","M","M","E","$","R","B",null,"R","$","E","B",null],"character_chosen":"DEFECT","items_purchased":["ReplayTheSpireMod:Reroute Power","ReplayGash"],"campfire_rested":0,"item_purchase_floors":[4,53],"current_hp_per_floor":[66,66,66,66,58,58,58,51,51,51,51,51,51,51,51,43,75,72,72,66,62,62,62,62,62,62,62,62,70,70,70,70,70,75,75,75,74,74,68,68,75,75,75,75,69,69,69,69,69,19,75,75,75,75,35],"gold":45,"neow_bonus":"","is_daily":false,"chose_seed":false,"campfire_upgraded":7,"win_rate":0.0,"timestamp":1611028457,"path_taken":["M","M","M","$","M","R","E","M","T","?","M","E","R","?","R","BOSS","M","$","M","M","M","R","E","M","T","E","$","?","?","M","R","BOSS","M","M","M","?","?","R","?","E","T","E","M","M","E","$","R","BOSS","R","$","E","BOSS"],"items_purchased_type":["Card","Card"],"build_version":"2020-12-22","purchased_purges":5,"victory":true,"max_hp_per_floor":[75,75,75,75,75,75,75,75,75,75,75,75,75,75,75,75,75,75,75,75,75,75,75,75,75,75,75,75,75,75,75,75,75,75,75,75,75,75,75,75,75,75,75,75,75,75,75,75,75,75,75,75,75,75,75],"relic_stats":{"counters":[31,89],"obtain_stats":[{"RabbitCall":0,"CogitoBucket":0,"AddBug":1,"SecretRecord":1,"Cracked Core":0},{"RabbitCall":0,"CogitoBucket":0,"AddBug":1,"SecretRecord":1,"Cracked Core":0},{"RabbitCall":0,"CogitoBucket":0,"AddBug":4,"SecretRecord":4,"Cracked Core":0}]},"card_choices":[{"not_picked":["Rebound","Compile Driver"],"picked":"Ball Lightning","floor":1.0},{"not_picked":["Rebound","Multi-Cast","Panic Button"],"picked":"SKIP","floor":2.0},{"not_picked":["Compile Driver","ReplaySolidLightProjector","Reinforced Body"],"picked":"SKIP","floor":3.0},{"not_picked":["Coolheaded","ReplayTheSpireMod:Repulse"],"picked":"Gash","floor":5.0},{"not_picked":["Sweeping Beam","Self Repair","All For One"],"picked":"SKIP","floor":7.0},{"not_picked":["ReplayGash","Fusion","BasicCrystalCard"],"picked":"SKIP","floor":8.0},{"not_picked":["Turbo","Leap"],"picked":"Gash","floor":11.0},{"not_picked":["Panic Button","Leap","BasicCrystalCard"],"picked":"SKIP","floor":12.0},{"not_picked":["Seek","Core Surge"],"picked":"Buffer","floor":16.0},{"not_picked":["Time Bomb+1","Streamline"],"picked":"Redo","floor":18.0},{"not_picked":["Go for the Eyes","Hologram"],"picked":"ReplayGash+1","floor":20.0},{"not_picked":["BootSequence","Sweeping Beam+1","Go for the Eyes"],"picked":"SKIP","floor":21.0},{"not_picked":["Darkness","Ball Lightning","BootSequence"],"picked":"SKIP","floor":22.0},{"not_picked":["Barrage+1","Conserve Battery"],"picked":"Seek","floor":24.0},{"not_picked":["Steam+1","Barrage","ReplayTheSpireMod:Repulse"],"picked":"SKIP","floor":25.0},{"not_picked":["Steam Power","Sweeping Beam"],"picked":"Lockon","floor":27.0},{"not_picked":["Compile Driver","Mirror Shield","Cold Snap"],"picked":"SKIP","floor":30.0},{"not_picked":["Ball Lightning","Compile Driver"],"picked":"Melter","floor":31.0},{"not_picked":["Aggregate+1","Streamline","Coolheaded+1"],"picked":"SKIP","floor":35.0},{"not_picked":["Time Bomb","Compile Driver","ReplaySolidLightProjector"],"picked":"SKIP","floor":36.0},{"not_picked":["FTL","Crystallizer"],"picked":"Reprogram+1","floor":37.0},{"not_picked":["Static Discharge+1","Compile Driver+1","Leap"],"picked":"SKIP","floor":39.0},{"not_picked":["Leap","Recycle+1","Hologram+1"],"picked":"SKIP","floor":42.0},{"not_picked":["Skim+1","Melter+1"],"picked":"Biased Cognition","floor":44.0},{"not_picked":["Blizzard+1","Genetic Algorithm","Coolheaded"],"picked":"SKIP","floor":45.0},{"not_picked":["Steam","aspiration:Polymerization","Double Energy"],"picked":"SKIP","floor":46.0},{"not_picked":["Creative AI","Compile Driver+1","Rebound"],"picked":"SKIP","floor":47.0},{"not_picked":["FIFO Queue+1","Amplify","Hello World"],"picked":"SKIP","floor":54}],"player_experience":308394,"relics_obtained":[{"floor":1.0,"key":"AddBug"},{"floor":1.0,"key":"LetterFromLob"},{"floor":2.0,"key":"LetterFromLob"},{"floor":3.0,"key":"LetterFromLob"},{"floor":5.0,"key":"LetterFromLob"},{"floor":7.0,"key":"Simple Rune"},{"floor":7.0,"key":"LetterFromLob"},{"floor":8.0,"key":"SecretRecord"},{"floor":8.0,"key":"LetterFromLob"},{"floor":11.0,"key":"LetterFromLob"},{"floor":12.0,"key":"Sundial"},{"floor":12.0,"key":"LetterFromLob"},{"floor":16.0,"key":"LetterFromLob"},{"floor":18.0,"key":"SecretRecord"},{"floor":18.0,"key":"LetterFromLob"},{"floor":20.0,"key":"LetterFromLob"},{"floor":21.0,"key":"LetterFromLob"},{"floor":22.0,"key":"SecretRecord"},{"floor":22.0,"key":"LetterFromLob"},{"floor":24.0,"key":"Replay:Antivirus Software"},{"floor":24.0,"key":"LetterFromLob"},{"floor":25.0,"key":"LetterFromLob"},{"floor":26.0,"key":"aspiration:EnhancedActuators"},{"floor":27.0,"key":"SSSystem"},{"floor":27.0,"key":"LetterFromLob"},{"floor":30.0,"key":"LetterFromLob"},{"floor":31.0,"key":"LetterFromLob"},{"floor":33.0,"key":"SecretRecord"},{"floor":33.0,"key":"LetterFromLob"},{"floor":35.0,"key":"LetterFromLob"},{"floor":36.0,"key":"LetterFromLob"},{"floor":37.0,"key":"SecretRecord"},{"floor":37.0,"key":"LetterFromLob"},{"floor":39.0,"key":"LetterFromLob"},{"floor":42.0,"key":"Dota2Spire:DrumOfEndurance"},{"floor":42.0,"key":"LetterFromLob"},{"floor":43.0,"key":"Pantograph"},{"floor":44.0,"key":"Regal Pillow"},{"floor":44.0,"key":"LetterFromLob"},{"floor":45.0,"key":"LetterFromLob"},{"floor":46.0,"key":"SecretRecord"},{"floor":46.0,"key":"LetterFromLob"},{"floor":47.0,"key":"Shovel"},{"floor":47.0,"key":"LetterFromLob"},{"floor":54,"key":"Replay:Wax Seal"},{"floor":54,"key":"LetterFromLob"}],"event_choices":[{"damage_healed":0.0,"max_hp_gain":0.0,"max_hp_loss":0.0,"gold_gain":0.0,"event_name":"Wheel of Change","player_choice":"Cursed","floor":38.0,"gold_loss":0.0,"damage_taken":0.0,"cards_obtained":["Decay"]}],"is_beta":false,"boss_relics":[{"not_picked":["Kintsugi","Velvet Choker"],"picked":"Busted Crown"},{"not_picked":["Dota2Spire:RefresherOrb","aspiration:BursterCore"],"picked":"Pandora\u0027s Box"}],"items_purged_floors":[4,19,28,48,53],"is_endless":false,"potions_floor_spawned":[5,7,8,16,18,24,25,33,35,36,37,45,46],"ascension_level":2}}