{"host":"8d3fefv2347kqkpz","time":1611042695,"event":{"mods":["100% Spire Juice","AchievementEnabler","Act Like it!","Aspiration","BaseMod","Better Vampires","Colored Map","Colored Powertips","Conspire","GifTheSpireLib","Highlight Path","Mimic Mod","Minty Spire (QoL Compilation)","Quick Restart","Reimu£®≤©¿ˆ¡È√Œ£©","Relic Stats","Remilia£®¿Ÿ√◊¿Ú—«£©","Replay The Spire","Spicy Shops","StSLib","The Gatherer","The Jungle","The Senshi","The Servant 0.9.4","Waifu the Spire","vexMod"],"gold_per_floor":[210,210,210,230,42,74,74,86,109,109,126,201,201,216,216,216,216],"floor_reached":16,"language":"ZHS","playtime":499,"items_purged":[],"score":100,"play_id":"166357cf-219b-41d5-976b-fabfb2fbaa25","local_time":"20210119155135","is_ascension_mode":false,"campfire_choices":[{"floor":7,"key":"REST"},{"data":"Prostrate","floor":10,"key":"SMITH"},{"floor":13,"key":"REST"},{"data":"Prostrate","floor":15,"key":"SMITH"}],"circlet_count":0,"master_deck":["Strike_P","Strike_P","Strike_P","Strike_P","Defend_P","Defend_P","Defend_P","Defend_P","Eruption","Vigilance+1","Prostrate+1","Prostrate+1"],"relics":["PureWater","Damaru","CrazyTorch:ReiMu","ReplayTheSpireMod:TigerMarble"],"acts_visited":["Exordium"],"potions_floor_usage":[6,16],"damage_taken":[{"damage":0,"enemies":"Cultist","floor":1,"turns":3},{"damage":0,"enemies":"Small Slimes","floor":4,"turns":4},{"damage":35,"enemies":"Gremlin Nob","floor":6,"turns":5},{"damage":0,"enemies":"2 Louse","floor":8,"turns":3},{"damage":2,"enemies":"Exordium Wildlife","floor":11,"turns":4},{"damage":2,"enemies":"3 Louse","floor":14,"turns":3},{"damage":85,"enemies":"The Guardian","floor":16,"turns":13}],"seed_played":"6863263723833962604","potions_obtained":[{"floor":4,"key":"Dexterity Potion"},{"floor":6,"key":"GamblersBrew"},{"floor":8,"key":"Elixir"}],"is_trial":false,"path_per_floor":["M","?","?","M","$","E","R","M","T","R","M","?","R","M","R","B"],"character_chosen":"WATCHER","items_purchased":["Damaru","Prostrate"],"campfire_rested":2,"item_purchase_floors":[5,5],"current_hp_per_floor":[72,72,72,72,72,37,58,58,58,58,56,45,66,64,64,0,0],"gold":216,"neow_bonus":"HUNDRED_GOLD","is_daily":false,"chose_seed":false,"campfire_upgraded":2,"win_rate":0.0,"timestamp":1611042695,"path_taken":["M","?","?","?","$","E","R","M","T","R","M","?","R","M","R","BOSS"],"items_purchased_type":["Relic","Card"],"build_version":"2020-12-22","purchased_purges":0,"victory":false,"max_hp_per_floor":[72,72,72,72,72,72,72,72,72,72,72,72,72,72,72,72,72],"relic_stats":{"counters":[7,35],"obtain_stats":[{"Damaru":5,"CrazyTorch:ReiMu":6,"ReplayTheSpireMod:TigerMarble":9,"PureWater":0},{"Damaru":2,"CrazyTorch:ReiMu":3,"ReplayTheSpireMod:TigerMarble":4,"PureWater":0},{"Damaru":7,"CrazyTorch:ReiMu":12,"ReplayTheSpireMod:TigerMarble":15,"PureWater":0}]},"card_choices":[{"not_picked":["EmptyFist","SashWhip","ClearTheMind"],"picked":"SKIP","floor":1},{"not_picked":["Replay:Battleflow","BowlingBash","BattleHymn"],"picked":"SKIP","floor":4},{"not_picked":["Wallop","Swivel","LikeWater"],"picked":"SKIP","floor":6},{"not_picked":["EmptyFist","Collect","WheelKick"],"picked":"SKIP","floor":8},{"not_picked":["FlurryOfBlows","Meditate","Conclude"],"picked":"SKIP","floor":11},{"not_picked":["MasterReality","Swivel","Replay:AtTheReady"],"picked":"SKIP","floor":14}],"player_experience":137107,"relics_obtained":[{"floor":6,"key":"CrazyTorch:ReiMu"},{"floor":9,"key":"ReplayTheSpireMod:TigerMarble"}],"event_choices":[{"damage_healed":0,"gold_gain":0,"player_choice":"Disagree","damage_taken":0,"max_hp_gain":0,"max_hp_loss":0,"event_name":"conspire:LoneGhost","floor":2,"gold_loss":0},{"damage_healed":0,"gold_gain":0,"player_choice":"Upgraded","damage_taken":0,"max_hp_gain":0,"max_hp_loss":0,"event_name":"Upgrade Shrine","floor":3,"gold_loss":0,"cards_upgraded":["Vigilance"]},{"damage_healed":0,"gold_gain":75,"player_choice":"Gather Gold","damage_taken":11,"max_hp_gain":0,"max_hp_loss":0,"event_name":"World of Goop","floor":12,"gold_loss":0}],"is_beta":false,"boss_relics":[],"items_purged_floors":[],"is_endless":false,"potions_floor_spawned":[4,6,8],"killed_by":"The Guardian","ascension_level":0}}