{"host":"28p8ce41sjwa6lzf","time":1611085957,"event":{"mods":["BaseMod","Bestiary","Colored Map","Colored Powertips","Dark Map","Highlight Path","Minty Spire (QoL Compilation)","Permanent Neow","Quick Restart","Random Character Button","Rare Cards Sparkle","Relic Stats","StSLib","Unceasing Turn Reminder"],"gold_per_floor":[119,135,147,165,184,217,217,247,247,247,263,273,286,3,3,3,3],"floor_reached":16,"language":"ENG","playtime":762,"items_purged":[],"score":232,"play_id":"5b9889d8-60c9-4a91-b965-7e29c4309bde","local_time":"20210119135237","is_ascension_mode":true,"campfire_choices":[{"data":"Cleave","floor":7.0,"key":"SMITH"},{"data":"Disarm","floor":10.0,"key":"SMITH"},{"data":"Flame Barrier","floor":15,"key":"SMITH"}],"circlet_count":0,"master_deck":["AscendersBane","Strike_R","Strike_R","Strike_R","Strike_R","Strike_R","Defend_R","Defend_R","Defend_R","Defend_R","Bash","Cleave+1","Anger","Disarm+1","Metallicize","Impervious","Limit Break","Havoc","Flame Barrier+1","Headbutt"],"relics":["Burning Blood","Akabeko","PreservedInsect","Charon\u0027s Ashes","Smiling Mask","Self Forming Clay"],"acts_visited":["Exordium"],"potions_floor_usage":[],"damage_taken":[{"damage":6.0,"enemies":"2 Louse","floor":1.0,"turns":3.0},{"damage":0.0,"enemies":"Small Slimes","floor":2.0,"turns":2.0},{"damage":12.0,"enemies":"Jaw Worm","floor":3.0,"turns":2.0},{"damage":9.0,"enemies":"Exordium Wildlife","floor":4.0,"turns":4.0},{"damage":6.0,"enemies":"Gremlin Gang","floor":5.0,"turns":6.0},{"damage":25.0,"enemies":"Lagavulin","floor":6.0,"turns":7.0},{"damage":19.0,"enemies":"3 Sentries","floor":8.0,"turns":7.0},{"damage":0.0,"enemies":"3 Louse","floor":11.0,"turns":5.0},{"damage":4.0,"enemies":"Large Slime","floor":12.0,"turns":6.0},{"damage":3.0,"enemies":"Gremlin Gang","floor":13.0,"turns":4.0},{"damage":64,"enemies":"Hexaghost","floor":16,"turns":14}],"seed_played":"5854178775699584534","potions_obtained":[{"floor":2.0,"key":"BloodPotion"},{"floor":6.0,"key":"SteroidPotion"},{"floor":11.0,"key":"Ancient Potion"},{"floor":12.0,"key":"BlessingOfTheForge"}],"is_trial":false,"path_per_floor":["M","M","M","M","M","E","R","E","T","R","M","M","M","$","R","B"],"character_chosen":"IRONCLAD","items_purchased":["Self Forming Clay"],"campfire_rested":0,"item_purchase_floors":[14],"current_hp_per_floor":[68,74,68,65,65,46,46,33,33,33,39,56,59,59,59,0,0],"gold":3,"neow_bonus":"RANDOM_COMMON_RELIC","is_daily":false,"chose_seed":false,"campfire_upgraded":3,"win_rate":0.0,"timestamp":1611085957,"path_taken":["M","M","M","M","M","E","R","E","T","R","M","M","M","$","R","BOSS"],"items_purchased_type":["Relic"],"build_version":"2020-12-22","purchased_purges":0,"victory":false,"max_hp_per_floor":[75,75,75,75,75,75,75,75,75,75,75,75,75,75,75,75,75],"relic_stats":{"counters":[11,60],"Self Forming Clay":[39],"PreservedInsect":41,"Charon\u0027s Ashes":[72],"Smiling Mask":0,"obtain_stats":[{"Self Forming Clay":14,"PreservedInsect":6,"Charon\u0027s Ashes":8,"Smiling Mask":9,"Burning Blood":0,"Akabeko":0},{"Self Forming Clay":10,"PreservedInsect":6,"Charon\u0027s Ashes":7,"Smiling Mask":7,"Burning Blood":0,"Akabeko":0},{"Self Forming Clay":46,"PreservedInsect":24,"Charon\u0027s Ashes":31,"Smiling Mask":31,"Burning Blood":0,"Akabeko":0}],"Burning Blood":60},"card_choices":[{"not_picked":["True Grit","Dark Embrace"],"picked":"Cleave","floor":1.0},{"not_picked":["Flex","True Grit"],"picked":"Anger","floor":2.0},{"not_picked":["Shrug It Off","Bloodletting"],"picked":"Disarm","floor":3.0},{"not_picked":["Cleave","Havoc"],"picked":"Metallicize","floor":4.0},{"not_picked":["Warcry","Blood for Blood","Heavy Blade"],"picked":"SKIP","floor":5.0},{"not_picked":["Warcry","Blood for Blood","Heavy Blade"],"picked":"SKIP","floor":5.0},{"not_picked":["Armaments","Combust"],"picked":"Impervious","floor":6.0},{"not_picked":["Iron Wave","Brutality"],"picked":"Limit Break","floor":8.0},{"not_picked":["Fire Breathing","Wild Strike"],"picked":"Havoc","floor":11.0},{"not_picked":["Flex","Heavy Blade"],"picked":"Flame Barrier","floor":12.0},{"not_picked":["Pummel","Armaments"],"picked":"Headbutt","floor":13.0}],"player_experience":1154286,"relics_obtained":[{"floor":6.0,"key":"PreservedInsect"},{"floor":8.0,"key":"Charon\u0027s Ashes"},{"floor":9.0,"key":"Smiling Mask"}],"event_choices":[],"is_beta":false,"boss_relics":[],"items_purged_floors":[],"is_endless":false,"potions_floor_spawned":[2,6,11,12],"killed_by":"Hexaghost","ascension_level":20}}