{"host":"cw25u8qal1h0d7ia","time":1611023020,"event":{"mods":["BaseMod","Downfall","Minty Spire (QoL Compilation)","StSLib"],"gold_per_floor":[99,117,132,232,232,258,258,408,425,457,476,493,393,65,76,175,175,175,188,206,481,314,147,147,178,197,216,244,260,273,303,321,430,430,430,450,462,462,489,519,519,545,545,582,602,353,353,388,401,401],"floor_reached":51,"language":"ENG","playtime":5192,"items_purged":["downfall:Icky","Guardian:Strike_Guardian"],"score":980,"play_id":"068b1e1d-5f29-4a78-a947-21288ddaa3eb","local_time":"20210119032340","is_ascension_mode":true,"campfire_choices":[{"data":"Guardian:CurlUp","floor":1,"key":"SMITH"},{"data":"Guardian:BodySlam","floor":13,"key":"SMITH"},{"data":"Guardian:PrimingBeam","floor":18,"key":"SMITH"},{"data":"Guardian:SentryBeam","floor":35,"key":"SMITH"},{"data":"Guardian:ArmoredProtocol","floor":43,"key":"SMITH"}],"circlet_count":0,"master_deck":["Guardian:Strike_Guardian","Guardian:Strike_Guardian","Guardian:Defend_Guardian+1","Guardian:Defend_Guardian","Guardian:Defend_Guardian+1","Guardian:Defend_Guardian","Guardian:CurlUp+1","Guardian:TwinSlam","Guardian:PrimingBeam+1","Guardian:ArmoredProtocol+1","Guardian:BodySlam+1","Guardian:SentryBeam+1","Guardian:ShieldCharger+1","Guardian:FierceBash+1","Guardian:BodySlam+1","Guardian:Incinerate+1","Guardian:EvasiveProtocol+1","Guardian:BaubleBeam+1","Guardian:TimeSifter","Guardian:BodySlam+1"],"relics":["Guardian:ModeShifter","Dream Catcher","StrikeDummy","StoneCalendar","Omamori","downfall:HeartBlessingGreen","Molten Egg 2","SlaversCollar","Lantern","Orichalcum","Singing Bowl","Mummified Hand","Juzu Bracelet","CeramicFish","expansioncontent:StudyCardRelic","Ancient Tea Set","Oddly Smooth Stone","War Paint","Bronze Scales","Bag of Preparation","HandDrill","PreservedInsect","Pantograph"],"acts_visited":["Exordium","TheCity","TheBeyond"],"potions_floor_usage":[16,16,26,27,28,29,33,40,44,46],"damage_taken":[{"damage":5,"enemies":"2 Louse","floor":2,"turns":4},{"damage":3,"enemies":"Jaw Worm","floor":3,"turns":5},{"damage":33,"enemies":"3 Sentries","floor":6,"turns":15},{"damage":1,"enemies":"Cultist","floor":9,"turns":4},{"damage":9,"enemies":"Gremlin Nob","floor":10,"turns":5},{"damage":1,"enemies":"Exordium Wildlife","floor":11,"turns":4},{"damage":0,"enemies":"3 Louse","floor":12,"turns":4},{"damage":0,"enemies":"downfall:FleeingMerchant","floor":14,"turns":4},{"damage":1,"enemies":"Blue Slaver","floor":15,"turns":3},{"damage":15,"enemies":"IC_STATUS_ARCHETYPE","floor":16,"turns":6},{"damage":0,"enemies":"Chosen","floor":19,"turns":5},{"damage":14,"enemies":"Chosen and Byrds","floor":20,"turns":7},{"damage":0,"enemies":"downfall:FleeingMerchant","floor":22,"turns":4},{"damage":3,"enemies":"downfall:FleeingMerchant","floor":23,"turns":4},{"damage":11,"enemies":"Gremlin Leader","floor":25,"turns":5},{"damage":14,"enemies":"Centurion and Healer","floor":26,"turns":5},{"damage":3,"enemies":"Snake Plant","floor":27,"turns":4},{"damage":9,"enemies":"Book of Stabbing","floor":28,"turns":4},{"damage":9,"enemies":"Snecko","floor":29,"turns":3},{"damage":3,"enemies":"Centurion and Healer","floor":30,"turns":5},{"damage":0,"enemies":"Gremlin Leader","floor":31,"turns":5},{"damage":0,"enemies":"Shelled Parasite and Fungi","floor":32,"turns":3},{"damage":14,"enemies":"WA_ARCHETYPE_CALM","floor":33,"turns":9},{"damage":8,"enemies":"3 Shapes","floor":36,"turns":4},{"damage":4,"enemies":"Orb Walker","floor":37,"turns":3},{"damage":0,"enemies":"Reptomancer","floor":40,"turns":5},{"damage":0,"enemies":"Sphere and 2 Shapes","floor":42,"turns":4},{"damage":5,"enemies":"Nemesis","floor":44,"turns":5},{"damage":14,"enemies":"Jaw Worm Horde","floor":45,"turns":3},{"damage":0,"enemies":"downfall:FleeingMerchant","floor":46,"turns":3},{"damage":3,"enemies":"Giant Head","floor":48,"turns":3},{"damage":0,"enemies":"Spire Growth","floor":49,"turns":3},{"damage":21,"enemies":"SI_POISON_ARCHETYPE","floor":50,"turns":6}],"seed_played":"-2478061213841883428","potions_obtained":[{"floor":3,"key":"ColorlessPotion"},{"floor":9,"key":"Swift Potion"},{"floor":10,"key":"Guardian:DefensiveModePotion"},{"floor":15,"key":"Slimebound:ThreeZeroPotion"},{"floor":25,"key":"PowerPotion"},{"floor":26,"key":"Strength Potion"},{"floor":27,"key":"hexamod:SoulburnPotion"},{"floor":28,"key":"DistilledChaos"},{"floor":29,"key":"PowerPotion"},{"floor":30,"key":"SneckoOil"},{"floor":31,"key":"sneckomod:MuddlingPotion"},{"floor":40,"key":"Block Potion"},{"floor":44,"key":"FearPotion"},{"floor":45,"key":"SpeedPotion"}],"is_trial":false,"path_per_floor":["R","M","M","?","?","E","T","?","M","E","M","M","R","$","M","B",null,"R","M","M","?","$","$","T","E","M","M","E","M","M","E","M","B",null,"R","M","M","?","?","E","T","M","R","E","M","$","?","E","M","B",null],"character_chosen":"GUARDIAN","items_purchased":["Molten Egg 2","Lantern","Orichalcum","Bag of Preparation","HandDrill","PreservedInsect","PowerPotion"],"campfire_rested":0,"item_purchase_floors":[14,22,23,46,46,46,46],"current_hp_per_floor":[80,75,72,72,72,39,39,39,38,29,28,28,28,28,27,12,80,80,80,66,66,66,63,63,52,40,37,28,21,18,20,22,8,88,88,82,80,80,80,82,82,82,82,77,65,65,65,64,66,70],"gold":401,"neow_bonus":"RANDOM_COMMON_RELIC","is_daily":false,"chose_seed":false,"campfire_upgraded":5,"win_rate":0.0,"timestamp":1611023020,"path_taken":["R","M","M","?","?","E","T","?","M","E","M","M","R","$","M","BOSS","R","M","M","?","?","$","T","E","M","M","E","M","M","E","M","BOSS","R","M","M","?","?","E","T","M","R","E","M","$","?","E","M","BOSS"],"items_purchased_type":["Relic","Relic","Relic","Relic","Relic","Relic","Potion"],"build_version":"2020-12-22","purchased_purges":2,"victory":true,"max_hp_per_floor":[80,80,80,80,80,80,80,80,80,80,80,80,80,80,80,80,80,80,80,80,80,80,80,80,80,82,82,82,84,84,86,88,88,88,88,90,92,92,92,94,94,94,94,94,96,96,96,98,100,100],"card_choices":[{"not_picked":["Guardian:WalkerClaw","Guardian:Gem_Green","Guardian:VentSteam"],"picked":"SKIP","floor":2},{"not_picked":["Guardian:DonusPower","Guardian:TemporalShield"],"picked":"Guardian:PrimingBeam","floor":3},{"not_picked":["Guardian:Recover","Guardian:Gem_Green"],"picked":"Guardian:ArmoredProtocol","floor":6},{"not_picked":["Guardian:CrystalBeam","Guardian:Harden","Guardian:DonusPower"],"picked":"SKIP","floor":9},{"not_picked":["Guardian:Gem_Blue","Guardian:TemporalShield"],"picked":"Guardian:BodySlam","floor":10},{"not_picked":["Guardian:PrimingBeam","Guardian:Suspension","Guardian:Incinerate"],"picked":"SKIP","floor":11},{"not_picked":["Guardian:RollAttack","Guardian:ArmoredProtocol"],"picked":"Guardian:SentryBeam","floor":12},{"not_picked":["Guardian:CrystalBeam","Guardian:Gem_Cyan","Guardian:Suspension"],"picked":"SKIP","floor":14},{"not_picked":["Guardian:SentryBeam+1","Guardian:PolyBeam+1"],"picked":"Guardian:Gem_Synthetic","floor":15},{"not_picked":["Guardian:BaubleBeam+1","Guardian:FastForward"],"picked":"Guardian:Gem_Orange","floor":16},{"not_picked":["Guardian:TemporalShield","Guardian:FloatingOrbs","Guardian:DecasProtection"],"picked":"SKIP","floor":19},{"not_picked":["Guardian:Gem_Cyan","Guardian:Recover"],"picked":"Guardian:ShieldCharger+1","floor":20},{"not_picked":["Guardian:Gem_Red","Guardian:DonusPower","Guardian:ShieldCharger"],"picked":"SKIP","floor":22},{"not_picked":["Guardian:Planning","Guardian:Gem_Red"],"picked":"Guardian:FierceBash+1","floor":23},{"not_picked":["Guardian:ShieldCharger","Guardian:ShieldSpikes+1"],"picked":"Guardian:BodySlam+1","floor":25},{"not_picked":["Guardian:Reroute+1","Guardian:Gem_Crimson","Guardian:Gem_Green"],"picked":"Singing Bowl","floor":26},{"not_picked":["Guardian:ArmoredProtocol","Guardian:Gem_Lightblue"],"picked":"Guardian:Incinerate+1","floor":27},{"not_picked":["Guardian:Clone","Guardian:GuardianWhirl+1"],"picked":"Guardian:Gem_White","floor":28},{"not_picked":["Guardian:Reroute+1","Guardian:ChargeUp","Guardian:RefractedBeam+1"],"picked":"Singing Bowl","floor":29},{"not_picked":["Guardian:AncientConstruct","Guardian:DecasProtection"],"picked":"Guardian:EvasiveProtocol+1","floor":30},{"not_picked":["Guardian:Suspension","Guardian:GuardianWhirl+1","Guardian:Gem_Fragmented"],"picked":"Singing Bowl","floor":31},{"not_picked":["Guardian:Gem_Cyan","Guardian:TemporalShield","Guardian:PrimingBeam+1"],"picked":"Singing Bowl","floor":32},{"not_picked":["Guardian:RevengeProtocol","Guardian:StasisStrike+1"],"picked":"Guardian:BaubleBeam+1","floor":33},{"not_picked":["Guardian:Gem_Blue","Guardian:RefractedBeam+1","Guardian:Suspension+1"],"picked":"Singing Bowl","floor":36},{"not_picked":["Guardian:GuardianWhirl+1","Guardian:Gem_Lightblue","Guardian:WalkerClaw+1"],"picked":"Singing Bowl","floor":37},{"not_picked":["Guardian:Harden","Guardian:CrystalBeam+1","Guardian:Gem_Fragmented"],"picked":"Singing Bowl","floor":40},{"not_picked":["Guardian:PolyBeam+1","Guardian:Gem_Purple"],"picked":"Guardian:Gem_Yellow","floor":42},{"not_picked":["Guardian:Gem_White","Guardian:ChargeUp"],"picked":"Guardian:TimeSifter","floor":44},{"not_picked":["Guardian:Gem_Red","Guardian:Suspension+1","Guardian:Incinerate+1"],"picked":"Singing Bowl","floor":45},{"not_picked":["Guardian:Gem_Purple","Guardian:HyperBeam_Guardian+1"],"picked":"Guardian:BodySlam+1","floor":46},{"not_picked":["Guardian:Gem_Blue","Guardian:Planning","Guardian:PrismaticBarrier+1"],"picked":"Singing Bowl","floor":48},{"not_picked":["Guardian:TemporalShield+1","Guardian:DonusPower","Guardian:SpikerProtocol+1"],"picked":"Singing Bowl","floor":49}],"player_experience":605458,"relics_obtained":[{"floor":6,"key":"StrikeDummy"},{"floor":7,"key":"StoneCalendar"},{"floor":10,"key":"Omamori"},{"floor":24,"key":"Singing Bowl"},{"floor":25,"key":"Mummified Hand"},{"floor":28,"key":"Juzu Bracelet"},{"floor":31,"key":"CeramicFish"},{"floor":39,"key":"Ancient Tea Set"},{"floor":40,"key":"Oddly Smooth Stone"},{"floor":41,"key":"War Paint"},{"floor":44,"key":"Bronze Scales"},{"floor":48,"key":"Pantograph"}],"event_choices":[],"is_beta":false,"boss_relics":[{"not_picked":["Pandora\u0027s Box","Busted Crown"],"picked":"SlaversCollar"},{"not_picked":["Astrolabe","bronze:MakeshiftBattery"],"picked":"expansioncontent:StudyCardRelic"}],"items_purged_floors":[14,46],"is_endless":false,"potions_floor_spawned":[3,9,10,15,25,26,27,28,29,30,31,40,44,45,48],"ascension_level":1}}