{"host":"sc0o2qwpf9j16a4i","time":1611088807,"event":{"mods":["AchievementEnabler","BaseMod","BetterRewards","Block Reminder","Colored Map","Colored Powertips","Custom Start","Highlight Path","Minty Spire (QoL Compilation)","Relic Stats"],"gold_per_floor":[110,185,202,217,217,252,252,293,293,12,28,28,28,44,44,143,143,164,164,54,72,88,129,15,15,15,29,29,50,69,69,69],"floor_reached":31,"language":"ENG","playtime":712,"items_purged":["Strike_B"],"score":584,"play_id":"dae1ca4a-ed4b-4967-9986-ea0dd0a3e7ae","local_time":"20210119224007","is_ascension_mode":true,"campfire_choices":[{"floor":7,"key":"REST"},{"floor":13,"key":"REST"},{"data":"Defragment","floor":15,"key":"SMITH"},{"floor":25,"key":"REST"},{"floor":28,"key":"REST"}],"circlet_count":0,"master_deck":["AscendersBane","Strike_B","Strike_B+1","Defend_B","Defend_B","Defend_B","Defend_B","Zap","Dualcast","CurseOfTheBell","Lockon+1","Go for the Eyes+1","Chill","Core Surge+1","Loop","Defragment+1","Rip and Tear+1","Beam Cell+1","Electrodynamics","Static Discharge","Conserve Battery","Cold Snap+1","Cold Snap+1","Double Energy","Loop"],"relics":["Calling Bell","PreservedInsect","Molten Egg 2","Incense Burner","Golden Idol","Shovel","Symbiotic Virus","InkBottle","ClockworkSouvenir","CultistMask","Runic Pyramid","Happy Flower","Boot","Centennial Puzzle"],"acts_visited":["Exordium","TheCity"],"potions_floor_usage":[6,23,23,31],"damage_taken":[{"damage":1,"enemies":"Small Slimes","floor":1,"turns":4},{"damage":7,"enemies":"Jaw Worm","floor":3,"turns":4},{"damage":8,"enemies":"Cultist","floor":4,"turns":4},{"damage":0,"enemies":"Gremlin Nob","floor":6,"turns":2},{"damage":8,"enemies":"Lagavulin","floor":8,"turns":7},{"damage":12,"enemies":"Large Slime","floor":11,"turns":4},{"damage":0,"enemies":"Lots of Slimes","floor":14,"turns":5},{"damage":34,"enemies":"Slime Boss","floor":16,"turns":5},{"damage":1,"enemies":"Shell Parasite","floor":18,"turns":3},{"damage":19,"enemies":"2 Thieves","floor":21,"turns":3},{"damage":14,"enemies":"3 Cultists","floor":22,"turns":3},{"damage":18,"enemies":"Book of Stabbing","floor":23,"turns":4},{"damage":0,"enemies":"Snecko","floor":27,"turns":4},{"damage":21,"enemies":"Shelled Parasite and Fungi","floor":29,"turns":3},{"damage":14,"enemies":"Centurion and Healer","floor":30,"turns":4},{"damage":4,"enemies":"3 Cultists","floor":31,"turns":2}],"seed_played":"-689341135181484003","potions_obtained":[{"floor":1,"key":"SteroidPotion"},{"floor":4,"key":"FairyPotion"},{"floor":6,"key":"PotionOfCapacity"},{"floor":16,"key":"FocusPotion"},{"floor":27,"key":"LiquidBronze"},{"floor":30,"key":"FearPotion"}],"is_trial":false,"path_per_floor":["M","?","M","M","?","E","R","E","T","$","M","?","R","M","R","B",null,"M","?","?","M","M","E","?","R","T","M","R","M","M","M"],"character_chosen":"DEFECT","items_purchased":["ClockworkSouvenir","Defragment"],"campfire_rested":4,"item_purchase_floors":[10,10],"current_hp_per_floor":[63,52,45,37,37,37,56,48,48,48,36,36,55,55,55,21,53,52,52,52,33,19,1,1,20,20,20,39,18,4,0,0],"gold":69,"neow_bonus":"BOSS_RELIC","is_daily":false,"chose_seed":false,"campfire_upgraded":1,"win_rate":0.0,"timestamp":1611088807,"path_taken":["M","?","M","M","?","E","R","E","T","$","M","?","R","?","R","BOSS","M","?","?","M","?","E","?","R","T","M","R","M","M","?"],"items_purchased_type":["Relic","Card"],"build_version":"2020-12-22","purchased_purges":1,"victory":false,"max_hp_per_floor":[71,71,71,71,64,64,64,64,64,64,64,64,64,64,64,64,64,64,64,64,64,64,64,64,64,64,64,64,64,64,64,64],"relic_stats":{"Centennial Puzzle":[6],"Shovel":0,"Happy Flower":[4],"counters":[16,61],"Golden Idol":71,"PreservedInsect":94,"Boot":[5],"obtain_stats":[{"Happy Flower":23,"Golden Idol":5,"PreservedInsect":0,"Incense Burner":0,"Boot":24,"ClockworkSouvenir":10,"Calling Bell":0,"Centennial Puzzle":26,"Shovel":6,"Molten Egg 2":0,"CultistMask":12,"Cracked Core":0,"Symbiotic Virus":8,"InkBottle":9,"Runic Pyramid":17},{"Happy Flower":12,"Golden Idol":3,"PreservedInsect":0,"Incense Burner":0,"Boot":12,"ClockworkSouvenir":5,"Calling Bell":0,"Centennial Puzzle":12,"Shovel":4,"Molten Egg 2":0,"CultistMask":6,"Cracked Core":0,"Symbiotic Virus":5,"InkBottle":5,"Runic Pyramid":8},{"Happy Flower":48,"Golden Idol":12,"PreservedInsect":0,"Incense Burner":0,"Boot":48,"ClockworkSouvenir":21,"Calling Bell":0,"Centennial Puzzle":48,"Shovel":14,"Molten Egg 2":0,"CultistMask":25,"Cracked Core":0,"Symbiotic Virus":21,"InkBottle":21,"Runic Pyramid":35}],"InkBottle":[11]},"card_choices":[{"not_picked":["Conserve Battery","Sunder+1"],"picked":"Lockon+1","floor":1},{"not_picked":["Reprogram","Redo"],"picked":"Go for the Eyes+1","floor":3},{"not_picked":["Conserve Battery","Leap"],"picked":"Chill","floor":4},{"not_picked":["Turbo","Darkness"],"picked":"Core Surge+1","floor":6},{"not_picked":["Redo","Gash+1"],"picked":"Loop","floor":8},{"not_picked":["Chill","Sunder+1"],"picked":"Rip and Tear+1","floor":11},{"not_picked":["Go for the Eyes+1","Reinforced Body"],"picked":"Beam Cell+1","floor":14},{"not_picked":["Fission","All For One+1"],"picked":"Electrodynamics","floor":16},{"not_picked":["Hello World","Steam"],"picked":"Static Discharge","floor":18},{"not_picked":["Scrape+1","Steam Power+1","Lockon+1"],"picked":"SKIP","floor":21},{"not_picked":["Stack","Static Discharge"],"picked":"Cold Snap+1","floor":22},{"not_picked":["Rebound+1","Conserve Battery"],"picked":"Cold Snap+1","floor":23},{"not_picked":["Skim","Steam"],"picked":"Double Energy","floor":27},{"not_picked":["Multi-Cast","Go for the Eyes+1","Conserve Battery"],"picked":"SKIP","floor":29},{"not_picked":["Barrage+1","Conserve Battery+1"],"picked":"Loop","floor":30}],"player_experience":772021,"relics_obtained":[{"floor":0,"key":"PreservedInsect"},{"floor":0,"key":"Molten Egg 2"},{"floor":0,"key":"Incense Burner"},{"floor":6,"key":"Shovel"},{"floor":8,"key":"Symbiotic Virus"},{"floor":9,"key":"InkBottle"},{"floor":23,"key":"Happy Flower"},{"floor":26,"key":"Centennial Puzzle"}],"event_choices":[{"damage_healed":0,"gold_gain":75,"player_choice":"Gather Gold","damage_taken":11,"max_hp_gain":0,"max_hp_loss":0,"event_name":"World of Goop","floor":2,"gold_loss":0},{"damage_healed":0,"gold_gain":0,"player_choice":"Lose Max HP","damage_taken":0,"relics_obtained":["Golden Idol"],"max_hp_gain":0,"max_hp_loss":7,"event_name":"Golden Idol","floor":5,"gold_loss":0},{"damage_healed":0,"gold_gain":0,"player_choice":"Trade","damage_taken":0,"relics_obtained":["CultistMask"],"max_hp_gain":0,"max_hp_loss":0,"event_name":"FaceTrader","floor":12,"gold_loss":0},{"damage_healed":0,"gold_gain":0,"player_choice":"Read","damage_taken":0,"max_hp_gain":0,"max_hp_loss":0,"event_name":"The Library","floor":19,"gold_loss":0,"cards_obtained":["Conserve Battery"]},{"cards_removed":["Strike_B"],"damage_healed":0,"gold_gain":0,"player_choice":"Upgrade and Remove","damage_taken":0,"max_hp_gain":0,"max_hp_loss":0,"event_name":"Designer","floor":20,"gold_loss":110,"cards_upgraded":["Strike_B"]},{"damage_healed":0,"gold_gain":0,"player_choice":"Paid Gold","damage_taken":0,"relics_obtained":["Boot"],"max_hp_gain":0,"max_hp_loss":0,"event_name":"WeMeetAgain","floor":24,"gold_loss":114}],"is_beta":false,"boss_relics":[{"not_picked":["Velvet Choker","Runic Dome"],"picked":"Runic Pyramid"}],"items_purged_floors":[10],"is_endless":false,"potions_floor_spawned":[1,4,6,16,18,27,30],"killed_by":"3 Cultists","ascension_level":20}}