{"host":"yttw759xqm3gosmj","time":1611015353,"event":{"mods":["AchievementEnabler","Aspiration","Bartender","BaseMod","Bestiary","Better Note","Better Third Choice","BetterRewards","Clockwork Mod","Colored Map","Colorless Booster Pack","Conspire","Custom Start","Dark Map","Dio Mod","Energized Spire","Fiend Mod","GifTheSpireLib","Glutton Mod","Googly Eyes","Hermit","Hubris","Infinite Spire","Ironclad Rager","Mimic Mod","Minty Spire (QoL Compilation)","MostiFishMod","Rare Cards Sparkle","RatMod","Replay The Spire","Retaliation","Shade Mod","Shop Mod","Somnambulant","Spicy Shops","Spikes Relics","Spire Birthday Party","StSLib","Stuff the Spire","The Alterego","The Animator","The Bladedancer","The Cursed","The Edgeheg","The Forsaken","The Hierophant","The Judge","The Jungle","The Marked","The Necromancer","The Poker Player","The Servant 0.9.4","The Trickster","TheSwordswoman","TheVacant","Trackpad","Unceasing Turn Reminder","Useless Jewels Mod","Waifu the Spire","WarShipGirlsR/????R mod","egg","slay the spire mod where everything is the same but ironclad has a cowboy hat","thorton","vexMod","??????REMEMod"],"gold_per_floor":[109,133,147,147,147,147,161,190,243,268,289,328,352,376,376,473,423,434,434,451,475,486,486,486,486,512,512,512,547,547,562,562,657,657,675,675,691,704,763,792,792,792,792,826,826,855,647,669,669,669,669],"floor_reached":50,"language":"ENG","playtime":6578,"items_purged":["theForsaken:PlagueCurse"],"score":625,"play_id":"52915dd6-4c0a-4e6b-90d6-2ee5acc141e0","local_time":"20210118191553","is_ascension_mode":false,"campfire_choices":[{"floor":6.0,"key":"REST"},{"floor":15.0,"key":"REST"},{"floor":24.0,"key":"REST"},{"floor":28.0,"key":"REST"},{"floor":32.0,"key":"REST"},{"floor":45.0,"key":"REST"},{"floor":49,"key":"REST"}],"circlet_count":0,"master_deck":["animator:Strike_Konosuba","animator:Defend_Konosuba","animator:Strike","animator:Strike","animator:Strike","animator:Defend","animator:Defend","animator:Defend","animator:Kazuma","animator:Aqua","alterego_mod:Nekomimi","animator:Elsword","animator:DwarfShaman","animator:Laby","animator:ElricEdward","animator:Boros","animator:Berserker","animator:GuildGirl","animator:Greed","animator:Pride","animator:Eve","animator:Melzalgald","animator:Aisha","animator:Darkness","animator:Pride","animator:Ainz","animator:Strike","animator:PandorasActor","ReplayTheSpireMod:Black Plague","Replay:Fractal Strike","animator:Entoma+2","animator:Spearman+1","animator:Shalltear+1","Reaper","StuffTheSpire:CopiaOfFamine","animator:RoryMercury+1","animator:GoblinSlayer","animator:Gluttony","animator:Megumin+5","animator:Albedo","animator:Evileye","animator:Sebas","animator:Cocytus+1","animator:Sonic+1","animator:Geryuganshoop+1","animator:Shalltear","animator:DolaSchwi","animator:RoyMustang+1","animator:RinTohsaka+1","Pride","animator:Demiurge+1","Parasite"],"relics":["animator:LivingPicture","animator:TheMissingPiece","REME_ComplimentaryCards","DaveBox","StuffTheSpire:OccultApparatus","MerchantsRug","RoseTintedShades","hubris:SphereOfDissonance","SynthV:TestCard","Dream Catcher","Oddly Smooth Stone","Ornamental Fan","energizedSpire:HugeHouse","SacredBark","trackpad:IceCube","rat:PhantomDancer","Peace Pipe","animator:RacePiece","theForsaken:PlagueMask","MiniBlackHole","aspiration:HiddenCompartment","trackpad:AdjectivePendant","REME_PuzzleBoxRelic","HornCleat"],"acts_visited":["Exordium","TheCity","TheBeyond"],"potions_floor_usage":[46,48,50,50],"damage_taken":[{"damage":9.0,"enemies":"Cultist","floor":1.0,"turns":4.0},{"damage":11.0,"enemies":"Jaw Worm","floor":2.0,"turns":2.0},{"damage":0.0,"enemies":"2 Louse","floor":3.0,"turns":3.0},{"damage":5.0,"enemies":"Red Slaver","floor":7.0,"turns":4.0},{"damage":16.0,"enemies":"Gremlin Gang","floor":8.0,"turns":7.0},{"damage":9.0,"enemies":"Exordium Thugs","floor":10.0,"turns":5.0},{"damage":0.0,"enemies":"3 Louse","floor":11.0,"turns":5.0},{"damage":11.0,"enemies":"Replay:BlueRogue","floor":12.0,"turns":5.0},{"damage":9.0,"enemies":"2 Fungi Beasts","floor":13.0,"turns":3.0},{"damage":3.0,"enemies":"Large Slime","floor":14.0,"turns":5.0},{"damage":16.0,"enemies":"Fading Forest","floor":16.0,"turns":11.0},{"damage":1.0,"enemies":"Shell Parasite","floor":18.0,"turns":4.0},{"damage":0.0,"enemies":"Chosen","floor":20.0,"turns":6.0},{"damage":6.0,"enemies":"Snake Plant","floor":21.0,"turns":3.0},{"damage":7.0,"enemies":"Centurion and Healer","floor":22.0,"turns":6.0},{"damage":22.0,"enemies":"conspire:SneckoGhost","floor":29.0,"turns":10.0},{"damage":11.0,"enemies":"Cultist and Chosen","floor":31.0,"turns":5.0},{"damage":12.0,"enemies":"StardustCrusaders","floor":33.0,"turns":10.0},{"damage":0.0,"enemies":"3 Shapes","floor":35.0,"turns":6.0},{"damage":0.0,"enemies":"Orb Walker","floor":37.0,"turns":4.0},{"damage":30.0,"enemies":"Spire Growth","floor":38.0,"turns":6.0},{"damage":0.0,"enemies":"conspire:MimicChest","floor":39.0,"turns":8.0},{"damage":51.0,"enemies":"Nightmare","floor":40.0,"turns":11.0},{"damage":5.0,"enemies":"Maw","floor":44.0,"turns":9.0},{"damage":0,"enemies":"Sphere and 2 Shapes","floor":46,"turns":5},{"damage":0,"enemies":"Writhing Mass","floor":48,"turns":4},{"damage":71,"enemies":"Donu and Deca","floor":50,"turns":5}],"seed_played":"6418834597647434983","potions_obtained":[{"floor":3.0,"key":"BlessingOfTheForge"},{"floor":10.0,"key":"DuplicationPotion"},{"floor":11.0,"key":"DDmod:CleansePotion"},{"floor":13.0,"key":"DistilledChaos"},{"floor":16.0,"key":"Energy Potion"},{"floor":22.0,"key":"AttackPotion"},{"floor":31.0,"key":"Death Potion"},{"floor":33.0,"key":"Energy Potion"},{"floor":35.0,"key":"SpeedPotion"},{"floor":39.0,"key":"BlessingOfTheForge"},{"floor":40.0,"key":"LifebloodPotion"},{"floor":46,"key":"DistilledChaos"},{"floor":48,"key":"Weak Potion"}],"is_trial":false,"path_per_floor":["M","M","M","?","?","R","M","M","T","M","M","E","M","M","R","B",null,"M","AVR","M","M","M","$","R","?","T","?","R","E","?","M","R","B",null,"M","?","M","M","?","NM","?","?","T","M","R","M","$","M","R","B"],"character_chosen":"THE_ANIMATOR","items_purchased":["MerchantsRug","RoseTintedShades","animator:Emilia","hubris:SphereOfDissonance","animator:Elsword","animator:DwarfShaman","animator:Laby","HornCleat","animator:Demiurge+1"],"campfire_rested":7,"item_purchase_floors":[0,0,0,0,0,0,0,47,47],"current_hp_per_floor":[28,19,21,21,21,40,40,26,26,19,22,18,9,8,28,34,62,62,62,62,58,56,56,62,62,62,42,60,48,54,45,63,63,63,63,63,64,42,52,3,3,3,3,8,27,34,34,36,55,0,0],"gold":669,"neow_bonus":"","is_daily":false,"chose_seed":false,"campfire_upgraded":0,"win_rate":0.0,"timestamp":1611015353,"path_taken":["M","M","?","?","?","R","M","M","T","M","M","E","M","?","R","BOSS","M","AVR","?","M","M","$","R","?","T","?","R","E","?","M","R","BOSS","M","?","M","M","?","NM","?","?","T","M","R","?","?","M","R","BOSS"],"items_purchased_type":["Relic","Relic","Card","Relic","Card","Card","Card","Relic","Card"],"build_version":"2020-12-22","purchased_purges":1,"victory":false,"max_hp_per_floor":[66,66,66,66,66,66,66,66,66,66,67,67,67,67,67,67,62,62,62,62,62,62,62,62,62,62,62,62,62,62,62,63,63,63,63,63,64,64,64,64,64,64,64,64,64,64,64,64,64,64,64],"card_choices":[{"not_picked":["animator:Shion","animator:Alexander"],"picked":"animator:ElricEdward","floor":1.0},{"not_picked":["animator:Tyuule","animator:Evileye","animator:Megumin","animator:Illya"],"picked":"animator:Boros","floor":2.0},{"not_picked":["animator:YunYun","animator:CowGirl","animator:Genos","animator:MumenRider"],"picked":"animator:Berserker","floor":3.0},{"not_picked":["animator:Sonic","animator:FielNirvalen","animator:Ara","animator:Kaijin"],"picked":"animator:GuildGirl","floor":6.0},{"not_picked":["animator:ElricAlphonse","animator:Gluttony","animator:ElricEdward","animator:WinryRockbell"],"picked":"animator:Greed","floor":7.0},{"not_picked":["animator:Demiurge","animator:Ciel","animator:Genos","animator:Caster"],"picked":"animator:Pride","floor":8.0},{"not_picked":["animator:SilverFang","animator:LizardPriest","animator:Melzalgald","animator:Rider"],"picked":"animator:Eve","floor":10.0},{"not_picked":["animator:DolaCouronne","animator:Sloth","animator:Illya","animator:Mitsurugi"],"picked":"animator:Melzalgald","floor":11.0},{"not_picked":["animator:SilverFang","animator:Sonic","animator:MumenRider","animator:Geryuganshoop"],"picked":"animator:Genos","floor":12.0},{"not_picked":["animator:Chung","animator:GazelDwargon","animator:Jibril","animator:Alexander"],"picked":"animator:Aisha","floor":13.0},{"not_picked":["animator:LizardPriest","animator:Ara","animator:DolaStephanie","animator:DolaCouronne"],"picked":"animator:Darkness","floor":14.0},{"not_picked":["animator:RinTohsaka","animator:RoryMercury","animator:Elsword","animator:Aqua"],"picked":"animator:Pride","floor":15.0},{"not_picked":["animator:ItamiYouji","animator:Rimuru","animator:Greed","animator:Eris"],"picked":"animator:Ainz","floor":16.0},{"not_picked":["animator:Sebas","animator:Alexander","animator:ElricEdward","animator:Vesta"],"picked":"animator:PandorasActor","floor":18.0},{"not_picked":["animator:Sebas","animator:PandorasActor","animator:Cocytus","animator:Evileye"],"picked":"animator:Entoma","floor":20.0},{"not_picked":["animator:Kazuma","animator:Rider","animator:DwarfShaman","animator:Shion"],"picked":"animator:Kuribayashi","floor":21.0},{"not_picked":["animator:Shuna","animator:YunYun","animator:ChlammyZell","animator:Sebas"],"picked":"animator:Spearman+1","floor":22.0},{"not_picked":["animator:Ara","animator:Genos","animator:Shion","animator:Vanir+1"],"picked":"animator:Shalltear+1","floor":24.0},{"not_picked":["animator:ChlammyZell","animator:Add","animator:Ara+1","animator:Aqua+1"],"picked":"animator:RoryMercury+1","floor":28.0},{"not_picked":["animator:NarberalGamma+1","animator:Add","animator:RinTohsaka","animator:Spearman+1"],"picked":"animator:GoblinSlayer","floor":29.0},{"not_picked":["animator:Sloth","animator:ElricAlphonse","animator:Scar","animator:ElricEdward"],"picked":"animator:Gluttony","floor":31.0},{"not_picked":["animator:Gluttony","animator:FielNirvalen","animator:ElricAlphonse","animator:DolaSchwi"],"picked":"animator:Megumin","floor":32.0},{"not_picked":["animator:Ainz","animator:Greed","animator:ItamiYouji","animator:SwordMaiden"],"picked":"animator:Albedo","floor":33.0},{"not_picked":["animator:ShinjiMatou","animator:IzunaHatsuse","animator:Spearman+1","animator:Shion+1"],"picked":"animator:Cocytus+1","floor":35.0},{"not_picked":["animator:LizardPriest+1","animator:Verdia","animator:ElricEdward+1","animator:Berserker+1"],"picked":"animator:Sonic+1","floor":37.0},{"not_picked":["animator:Archer","animator:DwarfShaman","animator:DolaStephanie+1","animator:Priestess"],"picked":"animator:Megumin+1","floor":38.0},{"not_picked":["animator:Sloth","animator:YunYun+1","animator:Evileye+1","animator:Rider"],"picked":"animator:Geryuganshoop+1","floor":39.0},{"not_picked":["animator:Entoma","animator:Evileye","animator:Cocytus","animator:Demiurge"],"picked":"animator:Shalltear","floor":40.0},{"not_picked":["animator:TukaLunaMarceau+1","animator:Arpeggio+1","animator:Raven+1","animator:Rider"],"picked":"animator:DolaSchwi","floor":44.0},{"not_picked":["animator:Melzalgald+1","animator:Ciel+1","animator:Vesta","animator:Scar+1"],"picked":"animator:RoyMustang+1","floor":45.0},{"not_picked":["animator:ElricEdward","animator:Laby+1","animator:FielNirvalen","animator:Vesta"],"picked":"animator:RinTohsaka+1","floor":46},{"not_picked":["animator:Hakurou+1","animator:Illya","animator:Shion","animator:Sloth"],"picked":"animator:Entoma","floor":48},{"not_picked":["animator:Vesta","animator:Chung+1","animator:Bozes","animator:Raven+1"],"picked":"animator:Megumin","floor":49}],"player_experience":99502,"relics_obtained":[{"floor":1.0,"key":"SynthV:TestCard"},{"floor":9.0,"key":"Oddly Smooth Stone"},{"floor":12.0,"key":"Ornamental Fan"},{"floor":26.0,"key":"rat:PhantomDancer"},{"floor":29.0,"key":"Peace Pipe"},{"floor":39.0,"key":"MiniBlackHole"},{"floor":40.0,"key":"aspiration:HiddenCompartment"},{"floor":43.0,"key":"REME_PuzzleBoxRelic"}],"event_choices":[{"damage_healed":0.0,"max_hp_gain":0.0,"max_hp_loss":0.0,"gold_gain":0.0,"event_name":"WeMeetAgain","player_choice":"Gave Potion","floor":5.0,"gold_loss":0.0,"damage_taken":0.0,"relics_obtained":["Dream Catcher"]},{"cards_removed":["animator:Ainz"],"damage_healed":0.0,"max_hp_gain":0.0,"max_hp_loss":0.0,"gold_gain":0.0,"event_name":"betterNote:BetterNote","player_choice":"Take \u0026 Give","floor":25.0,"gold_loss":0.0,"damage_taken":0.0,"cards_obtained":["Reaper"]},{"damage_healed":0.0,"max_hp_gain":0.0,"max_hp_loss":0.0,"gold_gain":0.0,"event_name":"Plague Doctor","player_choice":"Obtain Plague Curse","floor":36.0,"gold_loss":0.0,"damage_taken":0.0,"cards_obtained":["theForsaken:PlagueCurse"]}],"is_beta":false,"boss_relics":[{"not_picked":["trackpad:StolenKidneys","Black Star"],"picked":"energizedSpire:HugeHouse"},{"not_picked":["aspiration:PoetsPen_weak","Coffee Dripper"],"picked":"animator:RacePiece"}],"items_purged_floors":[47],"is_endless":true,"potions_floor_spawned":[3,10,11,13,14,16,22,31,33,35,39,40,46,48],"killed_by":"Donu and Deca","ascension_level":0}}