{"host":"lnt5dzsuhru0aonl","time":1611053149,"event":{"mods":["2.2 Compatiblity","BaseMod","Colored Map","Colored Powertips","DeckTracker","Keyboard Shortcuts","Minty Spire (QoL Compilation)","Permanent Neow","StSLib","SuperFastMode","everything is the same but u backflip on backflip"],"gold_per_floor":[15,15,15,15,33,33,76,95,95,95,120,120,140,140,140,239,239,252,276,291,59,79,79,79,118,145,282,307,342,375,387,387],"floor_reached":31,"language":"KOR","playtime":1495,"items_purged":["Strike_G"],"score":518,"play_id":"99b5e38c-9664-4287-ab23-0b4ddac0dcd2","local_time":"20210119194549","is_ascension_mode":true,"campfire_choices":[{"data":"Survivor","floor":6,"key":"SMITH"},{"data":"Backflip","floor":10,"key":"SMITH"},{"data":"Crippling Poison","floor":12,"key":"SMITH"},{"data":"Neutralize","floor":15,"key":"SMITH"},{"data":"Acrobatics","floor":23,"key":"SMITH"}],"circlet_count":0,"master_deck":["AscendersBane","Strike_G","Strike_G","Strike_G","Defend_G","Defend_G","Defend_G","Defend_G","Survivor+1","Neutralize+1","Well Laid Plans","Reflex","Backflip+1","Dagger Throw","Crippling Poison+1","Deadly Poison+1","Malaise","Acrobatics+1","Quick Slash+1","Escape Plan","Clumsy","Footwork","Catalyst","Prepared"],"relics":["Ring of the Snake","Golden Idol","Ornamental Fan","StrikeDummy","Molten Egg 2","Cursed Key","TheAbacus","Enchiridion","PreservedInsect","MawBank","Turnip","Bottled Lightning"],"acts_visited":["Exordium","TheCity"],"potions_floor_usage":[7,7,11,13,13,16,19,27,27,31],"damage_taken":[{"damage":3,"enemies":"Cultist","floor":1,"turns":4},{"damage":1,"enemies":"Small Slimes","floor":5,"turns":5},{"damage":20,"enemies":"Gremlin Nob","floor":7,"turns":6},{"damage":2,"enemies":"Jaw Worm","floor":8,"turns":3},{"damage":4,"enemies":"Gremlin Gang","floor":11,"turns":5},{"damage":3,"enemies":"Lots of Slimes","floor":13,"turns":3},{"damage":5,"enemies":"The Guardian","floor":16,"turns":9},{"damage":0,"enemies":"Chosen","floor":18,"turns":4},{"damage":1,"enemies":"3 Byrds","floor":19,"turns":5},{"damage":2,"enemies":"Snecko","floor":20,"turns":5},{"damage":7,"enemies":"Sentry and Sphere","floor":22,"turns":4},{"damage":9,"enemies":"Gremlin Leader","floor":25,"turns":7},{"damage":0,"enemies":"Colosseum Slavers","floor":27,"turns":4},{"damage":0,"enemies":"Colosseum Nobs","floor":27,"turns":4},{"damage":6,"enemies":"Centurion and Healer","floor":28,"turns":6},{"damage":0,"enemies":"Snecko","floor":29,"turns":6},{"damage":2,"enemies":"Snake Plant","floor":30,"turns":4},{"damage":3,"enemies":"Masked Bandits","floor":31,"turns":2}],"seed_played":"7501271441075234249","potions_obtained":[{"floor":1,"key":"SteroidPotion"},{"floor":5,"key":"Ancient Potion"},{"floor":8,"key":"FearPotion"},{"floor":11,"key":"EntropicBrew"},{"floor":16,"key":"Poison Potion"},{"floor":18,"key":"Fire Potion"},{"floor":20,"key":"Swift Potion"},{"floor":25,"key":"Block Potion"},{"floor":28,"key":"EssenceOfSteel"},{"floor":29,"key":"Weak Potion"}],"is_trial":false,"path_per_floor":["M","?","$","?","M","R","E","M","T","R","M","R","M","?","R","B",null,"M","M","M","$","M","R","?","E","T","?","M","M","M","?"],"character_chosen":"THE_SILENT","items_purchased":["TheAbacus"],"campfire_rested":0,"item_purchase_floors":[21],"current_hp_per_floor":[56,56,56,56,55,55,35,33,33,33,29,29,26,26,26,21,50,50,49,47,47,40,40,19,10,10,10,4,4,2,0,0],"gold":387,"neow_bonus":"REMOVE_TWO","is_daily":false,"chose_seed":false,"campfire_upgraded":5,"win_rate":0.0,"timestamp":1611053149,"path_taken":["M","?","$","?","?","R","E","M","T","R","M","R","M","?","R","BOSS","M","?","?","?","M","R","?","E","T","?","?","M","M","?"],"items_purchased_type":["Relic"],"build_version":"2020-12-22","purchased_purges":1,"victory":false,"max_hp_per_floor":[66,60,60,60,60,60,60,60,60,60,60,60,60,60,60,60,60,60,60,60,60,60,60,60,60,60,60,60,60,60,60,60],"card_choices":[{"not_picked":["Slice","Sucker Punch"],"picked":"Well Laid Plans","floor":1},{"not_picked":["Outmaneuver","Dagger Throw"],"picked":"Reflex","floor":5},{"not_picked":["Prepared","Predator"],"picked":"Backflip","floor":7},{"not_picked":["All Out Attack","Poisoned Stab"],"picked":"Dagger Throw","floor":8},{"not_picked":["Setup","Backflip"],"picked":"Crippling Poison","floor":11},{"not_picked":["Endless Agony+1","Crippling Poison"],"picked":"Deadly Poison","floor":13},{"not_picked":["A Thousand Cuts","Bullet Time"],"picked":"Malaise","floor":16},{"not_picked":["Sucker Punch+1","Dagger Spray+1"],"picked":"Acrobatics","floor":18},{"not_picked":["Expertise","Reflex"],"picked":"Quick Slash+1","floor":19},{"not_picked":["Deadly Poison","Dagger Spray+1"],"picked":"Escape Plan","floor":20},{"not_picked":["Backflip","Eviscerate+1","Quick Slash+1"],"picked":"SKIP","floor":22},{"not_picked":["Bane+1","Infinite Blades","Riddle With Holes+1"],"picked":"SKIP","floor":25},{"not_picked":["Leg Sweep","Choke+1"],"picked":"Footwork","floor":28},{"not_picked":["Skewer+1","Cloak And Dagger"],"picked":"Catalyst","floor":29},{"not_picked":["Accuracy","Venomology"],"picked":"Prepared","floor":30}],"player_experience":697658,"relics_obtained":[{"floor":4,"key":"Ornamental Fan"},{"floor":7,"key":"StrikeDummy"},{"floor":9,"key":"Molten Egg 2"},{"floor":24,"key":"Enchiridion"},{"floor":25,"key":"PreservedInsect"},{"floor":26,"key":"MawBank"},{"floor":27,"key":"Turnip"},{"floor":27,"key":"Bottled Lightning"}],"event_choices":[{"damage_healed":0,"gold_gain":0,"player_choice":"Lose Max HP","damage_taken":0,"relics_obtained":["Golden Idol"],"max_hp_gain":0,"max_hp_loss":6,"event_name":"Golden Idol","floor":2,"gold_loss":0},{"damage_healed":0,"gold_gain":0,"player_choice":"Relic","damage_taken":0,"max_hp_gain":0,"max_hp_loss":0,"event_name":"Wheel of Change","floor":4,"gold_loss":0},{"damage_healed":0,"gold_gain":0,"player_choice":"Upgraded","damage_taken":0,"max_hp_gain":0,"max_hp_loss":0,"event_name":"Upgrade Shrine","floor":14,"gold_loss":0,"cards_upgraded":["Deadly Poison"]},{"damage_healed":0,"gold_gain":0,"player_choice":"Obtained Book","damage_taken":21,"max_hp_gain":0,"max_hp_loss":0,"event_name":"Cursed Tome","floor":24,"gold_loss":0},{"damage_healed":0,"gold_gain":0,"player_choice":"Fight","damage_taken":0,"max_hp_gain":0,"max_hp_loss":0,"event_name":"Colosseum","floor":27,"gold_loss":0},{"damage_healed":0,"gold_gain":0,"player_choice":"Fought Nobs","damage_taken":0,"max_hp_gain":0,"max_hp_loss":0,"event_name":"Colosseum","floor":27,"gold_loss":0},{"damage_healed":0,"gold_gain":0,"player_choice":"Fought Bandits","damage_taken":0,"max_hp_gain":0,"max_hp_loss":0,"event_name":"Masked Bandits","floor":31,"gold_loss":0}],"is_beta":false,"boss_relics":[{"not_picked":["Coffee Dripper","Tiny House"],"picked":"Cursed Key"}],"items_purged_floors":[21],"is_endless":false,"potions_floor_spawned":[1,5,8,11,16,18,20,25,28,29],"killed_by":"Masked Bandits","ascension_level":20}}