{"host":"Bilverbakes","time":1611029042,"event":{"mods":["2.2 Compatiblity","AchievementEnabler","BaseMod","Bestiary","Colored Map","Minty Spire (QoL Compilation)","Relic Stats","StSLib","ojb\u0027s Info Mod"],"gold_per_floor":[110,123,136,116,134,167,181,207,258,258,290,315,72,72,72,150,150,166,182,202,216,216,248,248,280,280,66,98,98,98,98,98,170,170,188,101,117,117,141,157,187,202,250,250,281,281,307,307,307,307,307,307,307,47,82,82],"floor_reached":57,"language":"ENG","playtime":5574,"items_purged":["Strike_G","Strike_G","Envenom"],"score":3307,"play_id":"63fb152d-82e6-4777-bc9b-99b2d7865bb6","local_time":"20210118220402","is_ascension_mode":true,"campfire_choices":[{"floor":10.0,"key":"REST"},{"data":"Doppelganger","floor":15.0,"key":"SMITH"},{"data":"Wraith Form v2","floor":24.0,"key":"SMITH"},{"data":"Noxious Fumes","floor":30.0,"key":"SMITH"},{"data":"Well Laid Plans","floor":32.0,"key":"SMITH"},{"floor":44.0,"key":"RECALL"},{"floor":49.0,"key":"REST"},{"floor":53.0,"key":"REST"}],"circlet_count":0,"master_deck":["AscendersBane","Survivor","Neutralize","Masterful Stab","Doppelganger+1","Underhanded Strike+1","Footwork+1","Adrenaline","Dash","Deadly Poison","Dash","Wraith Form v2+1","Backstab+1","Well Laid Plans+1","Caltrops","Calculated Gamble","Noxious Fumes+1","Leg Sweep","Dodge and Roll","Night Terror","Glass Knife","Phantasmal Killer","Deflect","Quick Slash","Glass Knife","Catalyst","Footwork","Setup","Caltrops+1","Burst","PiercingWail","Prepared+1"],"relics":["Ring of the Snake","InkBottle","FossilizedHelix","Lantern","HornCleat","Odd Mushroom","OrangePellets","Velvet Choker","Oddly Smooth Stone","Dream Catcher","Tiny Chest","Whetstone","Pandora\u0027s Box","Regal Pillow","Juzu Bracelet","Mango","Incense Burner","Anchor"],"acts_visited":["Exordium","TheCity","TheBeyond","TheEnding"],"potions_floor_usage":[56],"damage_taken":[{"damage":0.0,"enemies":"2 Louse","floor":1.0,"turns":3.0},{"damage":0.0,"enemies":"Cultist","floor":2.0,"turns":3.0},{"damage":2.0,"enemies":"Jaw Worm","floor":3.0,"turns":4.0},{"damage":6.0,"enemies":"Blue Slaver","floor":5.0,"turns":4.0},{"damage":0.0,"enemies":"Gremlin Nob","floor":6.0,"turns":3.0},{"damage":16.0,"enemies":"Gremlin Gang","floor":7.0,"turns":6.0},{"damage":15.0,"enemies":"3 Sentries","floor":8.0,"turns":9.0},{"damage":0.0,"enemies":"Gremlin Nob","floor":11.0,"turns":3.0},{"damage":0.0,"enemies":"The Mushroom Lair","floor":12.0,"turns":4.0},{"damage":0.0,"enemies":"The Guardian","floor":16.0,"turns":10.0},{"damage":0.0,"enemies":"Spheric Guardian","floor":18.0,"turns":5.0},{"damage":0.0,"enemies":"Chosen","floor":19.0,"turns":4.0},{"damage":1.0,"enemies":"Snecko","floor":20.0,"turns":6.0},{"damage":0.0,"enemies":"Centurion and Healer","floor":21.0,"turns":6.0},{"damage":0.0,"enemies":"Gremlin Leader","floor":23.0,"turns":7.0},{"damage":5.0,"enemies":"Slavers","floor":25.0,"turns":6.0},{"damage":0.0,"enemies":"Book of Stabbing","floor":28.0,"turns":5.0},{"damage":0.0,"enemies":"Champ","floor":33.0,"turns":17.0},{"damage":0.0,"enemies":"3 Shapes","floor":35.0,"turns":4.0},{"damage":0.0,"enemies":"Orb Walker","floor":37.0,"turns":2.0},{"damage":0.0,"enemies":"Transient","floor":40.0,"turns":6.0},{"damage":0.0,"enemies":"Giant Head","floor":41.0,"turns":6.0},{"damage":1.0,"enemies":"4 Shapes","floor":42.0,"turns":5.0},{"damage":0.0,"enemies":"Nemesis","floor":45.0,"turns":8.0},{"damage":10.0,"enemies":"Reptomancer","floor":47.0,"turns":7.0},{"damage":33.0,"enemies":"Time Eater","floor":50.0,"turns":13.0},{"damage":37.0,"enemies":"Donu and Deca","floor":51.0,"turns":12.0},{"damage":64.0,"enemies":"Shield and Spear","floor":55.0,"turns":12.0},{"damage":7,"enemies":"The Heart","floor":56,"turns":12}],"seed_played":"-2120835895371190004","potions_obtained":[{"floor":3.0,"key":"Strength Potion"},{"floor":4.0,"key":"Dexterity Potion"},{"floor":7.0,"key":"BlessingOfTheForge"},{"floor":8.0,"key":"EntropicBrew"},{"floor":11.0,"key":"BlessingOfTheForge"},{"floor":19.0,"key":"SpeedPotion"},{"floor":20.0,"key":"EssenceOfSteel"},{"floor":33.0,"key":"SmokeBomb"},{"floor":37.0,"key":"EssenceOfSteel"}],"is_trial":false,"path_per_floor":["M","M","M","?","M","E","M","E","T","R","E","?","$","?","R","B",null,"M","M","M","M","?","E","R","E","T","$","E","?","R","$","R","B",null,"M","$","M","?","T","M","E","M","T","R","E","?","E","?","R","B","B",null,"R","$","E","B",null],"character_chosen":"THE_SILENT","items_purchased":["OrangePellets","Noxious Fumes","Leg Sweep","Footwork","BlessingOfTheForge","Swift Potion","PiercingWail"],"campfire_rested":3,"item_purchase_floors":[13,27,27,36,54,54,54],"current_hp_per_floor":[44,44,42,42,36,36,20,5,5,24,24,24,24,24,24,24,56,56,56,55,55,55,55,55,50,50,50,50,32,32,32,32,32,61,61,61,61,61,61,61,61,60,60,60,74,74,64,64,85,52,15,68,85,85,21,14],"gold":82,"neow_bonus":"TRANSFORM_TWO_CARDS","is_daily":false,"chose_seed":false,"campfire_upgraded":4,"win_rate":0.0,"timestamp":1611029042,"path_taken":["M","M","M","?","?","E","M","E","T","R","E","?","$","?","R","BOSS","M","M","?","M","?","E","R","E","T","$","E","?","R","?","R","BOSS","M","$","M","?","?","M","E","M","T","R","E","?","E","?","R","BOSS","BOSS","R","$","E","BOSS"],"items_purchased_type":["Relic","Card","Card","Card","Potion","Potion","Card"],"build_version":"2020-12-18","purchased_purges":3,"victory":true,"max_hp_per_floor":[66,66,66,66,66,66,66,66,66,66,66,66,66,66,66,66,66,66,66,66,66,66,66,66,66,66,66,66,71,71,71,71,71,71,71,71,71,71,71,71,71,71,71,71,85,85,85,85,85,85,85,85,85,85,85,85],"relic_stats":{"OrangePellets":[29],"Dream Catcher":2,"Regal Pillow":0,"counters":[29,192],"Tiny Chest":1,"Pandora\u0027s Box":["Glass Knife","Phantasmal Killer","Envenom","Deflect","Quick Slash","Glass Knife"],"Juzu Bracelet":0,"Whetstone":["Underhanded Strike","Backstab"],"obtain_stats":[{"Lantern":9,"Regal Pillow":41,"Velvet Choker":17,"Oddly Smooth Stone":23,"Mango":45,"Juzu Bracelet":43,"Incense Burner":47,"Whetstone":28,"Odd Mushroom":12,"OrangePellets":13,"Dream Catcher":25,"Anchor":55,"HornCleat":11,"Tiny Chest":26,"Pandora\u0027s Box":34,"InkBottle":6,"FossilizedHelix":8,"Ring of the Snake":0},{"Lantern":7,"Regal Pillow":22,"Velvet Choker":10,"Oddly Smooth Stone":15,"Mango":24,"Juzu Bracelet":23,"Incense Burner":25,"Whetstone":17,"Odd Mushroom":9,"OrangePellets":9,"Dream Catcher":16,"Anchor":28,"HornCleat":8,"Tiny Chest":16,"Pandora\u0027s Box":18,"InkBottle":5,"FossilizedHelix":7,"Ring of the Snake":0},{"Lantern":32,"Regal Pillow":123,"Velvet Choker":49,"Oddly Smooth Stone":77,"Mango":136,"Juzu Bracelet":128,"Incense Burner":143,"Whetstone":88,"Odd Mushroom":39,"OrangePellets":39,"Dream Catcher":83,"Anchor":180,"HornCleat":35,"Tiny Chest":83,"Pandora\u0027s Box":105,"InkBottle":17,"FossilizedHelix":32,"Ring of the Snake":0}],"InkBottle":[66],"Ring of the Snake":[58]},"card_choices":[{"not_picked":["Slice","Prepared"],"picked":"Underhanded Strike","floor":1.0},{"not_picked":["Heel Hook","Dodge and Roll"],"picked":"Footwork","floor":2.0},{"not_picked":["Setup","Heel Hook"],"picked":"Predator","floor":3.0},{"not_picked":["Outmaneuver","Flying Knee","Prepared"],"picked":"SKIP","floor":5.0},{"not_picked":["Backstab","Poisoned Stab"],"picked":"Adrenaline","floor":6.0},{"not_picked":["Skewer","Cloak And Dagger"],"picked":"Dash","floor":7.0},{"not_picked":["Dagger Throw","Sucker Punch"],"picked":"Deadly Poison","floor":8.0},{"not_picked":["Prepared","Expertise"],"picked":"Dash","floor":11.0},{"not_picked":["Adrenaline","Doppelganger"],"picked":"Wraith Form v2","floor":16.0},{"not_picked":["Bane","Masterful Stab","Endless Agony"],"picked":"SKIP","floor":18.0},{"not_picked":["Blade Dance","Eviscerate","All Out Attack"],"picked":"SKIP","floor":19.0},{"not_picked":["Eviscerate","Masterful Stab"],"picked":"Backstab","floor":20.0},{"not_picked":["Deadly Poison","Underhanded Strike","Blade Dance"],"picked":"SKIP","floor":21.0},{"not_picked":["Well Laid Plans","Calculated Gamble"],"picked":"Caltrops","floor":23.0},{"not_picked":["Deadly Poison","Flechettes"],"picked":"Calculated Gamble","floor":25.0},{"not_picked":["Cloak And Dagger","Burst"],"picked":"Dodge and Roll","floor":28.0},{"not_picked":["Die Die Die","Grand Finale"],"picked":"Night Terror","floor":33.0},{"not_picked":["Outmaneuver","Underhanded Strike"],"picked":"Catalyst","floor":35.0},{"not_picked":["Blade Dance","Cloak And Dagger"],"picked":"Setup","floor":37.0},{"not_picked":["Poisoned Stab","Bane","Dagger Spray"],"picked":"SKIP","floor":40.0},{"not_picked":["Masterful Stab","Leg Sweep"],"picked":"Caltrops+1","floor":41.0},{"not_picked":["Dodge and Roll+1","PiercingWail"],"picked":"Burst","floor":42.0},{"not_picked":["Masterful Stab","Flechettes+1","Acrobatics"],"picked":"SKIP","floor":45.0},{"not_picked":["Choke","Dodge and Roll","Footwork"],"picked":"SKIP","floor":47.0},{"not_picked":["Slice","Skewer+1"],"picked":"Prepared+1","floor":55.0}],"player_experience":752846,"relics_obtained":[{"floor":6.0,"key":"InkBottle"},{"floor":8.0,"key":"FossilizedHelix"},{"floor":9.0,"key":"Lantern"},{"floor":11.0,"key":"HornCleat"},{"floor":12.0,"key":"Odd Mushroom"},{"floor":23.0,"key":"Oddly Smooth Stone"},{"floor":25.0,"key":"Dream Catcher"},{"floor":26.0,"key":"Tiny Chest"},{"floor":28.0,"key":"Whetstone"},{"floor":41.0,"key":"Regal Pillow"},{"floor":43.0,"key":"Juzu Bracelet"},{"floor":45.0,"key":"Mango"},{"floor":47.0,"key":"Incense Burner"},{"floor":55.0,"key":"Anchor"}],"event_choices":[{"damage_healed":0.0,"max_hp_gain":0.0,"max_hp_loss":0.0,"gold_gain":0.0,"event_name":"The Woman in Blue","player_choice":"Bought 1 Potion","floor":4.0,"gold_loss":0.0,"damage_taken":0.0},{"damage_healed":0.0,"max_hp_gain":0.0,"max_hp_loss":0.0,"gold_gain":0.0,"event_name":"Mushrooms","player_choice":"Fought Mushrooms","floor":12.0,"gold_loss":0.0,"damage_taken":0.0},{"damage_healed":0.0,"max_hp_gain":0.0,"max_hp_loss":0.0,"gold_gain":0.0,"event_name":"Upgrade Shrine","player_choice":"Upgraded","floor":14.0,"gold_loss":0.0,"damage_taken":0.0,"cards_upgraded":["Footwork"]},{"damage_healed":0.0,"max_hp_gain":0.0,"max_hp_loss":0.0,"gold_gain":0.0,"event_name":"The Library","player_choice":"Read","floor":22.0,"gold_loss":0.0,"damage_taken":0.0,"cards_obtained":["Well Laid Plans"]},{"damage_healed":0.0,"max_hp_gain":5.0,"max_hp_loss":0.0,"gold_gain":0.0,"event_name":"Forgotten Altar","player_choice":"Shed Blood","floor":29.0,"gold_loss":0.0,"damage_taken":23.0},{"damage_healed":0.0,"max_hp_gain":0.0,"max_hp_loss":0.0,"gold_gain":0.0,"event_name":"SensoryStone","player_choice":"Memory 1","floor":38.0,"gold_loss":0.0,"damage_taken":0.0},{"damage_healed":0.0,"max_hp_gain":0.0,"max_hp_loss":0.0,"gold_gain":0.0,"event_name":"Tomb of Lord Red Mask","player_choice":"Ignored","floor":46.0,"gold_loss":0.0,"damage_taken":0.0},{"cards_removed":["Predator"],"damage_healed":0.0,"max_hp_gain":0.0,"max_hp_loss":0.0,"gold_gain":0.0,"event_name":"Falling","player_choice":"Removed Attack","floor":48.0,"gold_loss":0.0,"damage_taken":0.0}],"is_beta":true,"boss_relics":[{"not_picked":["HoveringKite","Empty Cage"],"picked":"Velvet Choker"},{"not_picked":["Fusion Hammer","SacredBark"],"picked":"Pandora\u0027s Box"}],"items_purged_floors":[13,27,54],"is_endless":false,"potions_floor_spawned":[3,7,8,11,12,19,20,25,33,37,42,45],"ascension_level":20}}