{"host":"w4b7hmige5bnqipq","time":1611055165,"event":{"mods":["2.2 Compatiblity","BaseMod","Colored Map","DeckTracker","Keyboard Shortcuts","Minty Spire (QoL Compilation)","Permanent Neow","Rare Cards Sparkle","SuperFastMode","everything is the same but u backflip on backflip","slay the spire mod where everything is the same but ironclad has a cowboy hat"],"gold_per_floor":[115,190,206,206,219,219,230,259,259,278,278,335,93,119,119,190,190,201,215,215,215,226,252,266,266,266],"floor_reached":25,"language":"KOR","playtime":923,"items_purged":["Strike_G"],"score":546,"play_id":"15eb0e34-649f-45d4-a08e-36652471a08c","local_time":"20210119201925","is_ascension_mode":true,"campfire_choices":[{"data":"Venomology","floor":6.0,"key":"SMITH"},{"data":"Bouncing Flask","floor":11.0,"key":"SMITH"},{"data":"Backflip","floor":15.0,"key":"SMITH"}],"circlet_count":0,"master_deck":["AscendersBane","Strike_G","Strike_G","Strike_G","Defend_G","Defend_G","Defend_G","Defend_G+1","Survivor+1","Neutralize","Heel Hook","Venomology+1","Dagger Throw","Night Terror","Bouncing Flask+1","PiercingWail","Backflip+1","Grand Finale","Tools of the Trade","Prepared","Crippling Poison","Ghostly","Ghostly","Ghostly"],"relics":["Ring of the Snake","Oddly Smooth Stone","Mango","PreservedInsect","Runic Pyramid","Lantern"],"acts_visited":["Exordium","TheCity"],"potions_floor_usage":[25,25],"damage_taken":[{"damage":5.0,"enemies":"2 Louse","floor":1.0,"turns":5.0},{"damage":0.0,"enemies":"Small Slimes","floor":3.0,"turns":2.0},{"damage":0.0,"enemies":"Cultist","floor":5.0,"turns":3.0},{"damage":0.0,"enemies":"Blue Slaver","floor":7.0,"turns":5.0},{"damage":8.0,"enemies":"Gremlin Nob","floor":8.0,"turns":3.0},{"damage":1.0,"enemies":"3 Louse","floor":10.0,"turns":6.0},{"damage":8.0,"enemies":"Lagavulin Event","floor":12.0,"turns":4.0},{"damage":0.0,"enemies":"Hexaghost","floor":16.0,"turns":8.0},{"damage":16.0,"enemies":"Chosen","floor":18.0,"turns":6.0},{"damage":0.0,"enemies":"3 Byrds","floor":19.0,"turns":3.0},{"damage":8.0,"enemies":"Centurion and Healer","floor":22.0,"turns":4.0},{"damage":10.0,"enemies":"Slavers","floor":23.0,"turns":4.0},{"damage":6.0,"enemies":"Snake Plant","floor":24.0,"turns":4.0},{"damage":34,"enemies":"Sentry and Sphere","floor":25,"turns":7}],"seed_played":"-8797186783192352586","potions_obtained":[{"floor":3.0,"key":"FearPotion"}],"is_trial":false,"path_per_floor":["M","?","M","?","M","R","M","E","T","M","R","?","$","T","R","B",null,"M","M","?","?","M","E","M","M"],"character_chosen":"THE_SILENT","items_purchased":["Grand Finale"],"campfire_rested":0,"item_purchase_floors":[13],"current_hp_per_floor":[54,43,43,25,25,25,25,17,17,16,16,22,22,22,22,22,61,45,45,37,37,29,19,13,0,0],"gold":266,"neow_bonus":"TRANSFORM_TWO_CARDS","is_daily":false,"chose_seed":false,"campfire_upgraded":3,"win_rate":0.0,"timestamp":1611055165,"path_taken":["M","?","M","?","M","R","M","E","T","M","R","?","$","?","R","BOSS","M","M","?","?","M","E","M","M"],"items_purchased_type":["Card"],"build_version":"2020-12-22","purchased_purges":1,"victory":false,"max_hp_per_floor":[60,60,60,60,60,60,60,60,60,60,60,74,74,74,74,74,74,74,74,37,37,37,37,37,37,37],"card_choices":[{"not_picked":["Cloak And Dagger","Quick Slash"],"picked":"Dagger Throw","floor":1.0},{"not_picked":["Flying Knee","Leg Sweep"],"picked":"Night Terror","floor":3.0},{"not_picked":["Skewer","Slice","Sucker Punch"],"picked":"SKIP","floor":5.0},{"not_picked":["Prepared","Flying Knee"],"picked":"Bouncing Flask","floor":7.0},{"not_picked":["Dagger Spray","Underhanded Strike"],"picked":"PiercingWail","floor":8.0},{"not_picked":["Poisoned Stab","Blade Dance","Deflect"],"picked":"SKIP","floor":10.0},{"not_picked":["Accuracy","Blade Dance"],"picked":"Backflip","floor":12.0},{"not_picked":["Night Terror","Grand Finale"],"picked":"Tools of the Trade","floor":16.0},{"not_picked":["Riddle With Holes","Infinite Blades"],"picked":"Prepared","floor":18.0},{"not_picked":["Poisoned Stab+1","Flying Knee"],"picked":"Crippling Poison","floor":19.0},{"not_picked":["Eviscerate","All Out Attack","Outmaneuver"],"picked":"SKIP","floor":22.0},{"not_picked":["Eviscerate","All Out Attack","Outmaneuver"],"picked":"SKIP","floor":22.0},{"not_picked":["PiercingWail+1","Backflip","Backstab"],"picked":"SKIP","floor":23.0},{"not_picked":["Infinite Blades","Poisoned Stab","PiercingWail"],"picked":"SKIP","floor":24.0}],"player_experience":524054,"relics_obtained":[{"floor":8.0,"key":"Oddly Smooth Stone"},{"floor":14.0,"key":"PreservedInsect"},{"floor":23.0,"key":"Lantern"}],"event_choices":[{"damage_healed":0.0,"max_hp_gain":0.0,"max_hp_loss":0.0,"gold_gain":75.0,"event_name":"World of Goop","player_choice":"Gather Gold","floor":2.0,"gold_loss":0.0,"damage_taken":11.0},{"damage_healed":0.0,"max_hp_gain":0.0,"max_hp_loss":0.0,"gold_gain":0.0,"event_name":"Shining Light","player_choice":"Entered Light","floor":4.0,"gold_loss":0.0,"damage_taken":18.0,"cards_upgraded":["Defend_G","Survivor"]},{"damage_healed":0.0,"max_hp_gain":0.0,"max_hp_loss":0.0,"gold_gain":0.0,"event_name":"Dead Adventurer","player_choice":"Searched \u00272\u0027 times","floor":12.0,"gold_loss":0.0,"damage_taken":0.0,"relics_obtained":["Mango"]},{"damage_healed":0.0,"max_hp_gain":0.0,"max_hp_loss":37.0,"gold_gain":0.0,"event_name":"Ghosts","player_choice":"Became a Ghost","floor":20.0,"gold_loss":0.0,"damage_taken":0.0,"cards_obtained":["Ghostly","Ghostly","Ghostly"]},{"damage_healed":0.0,"max_hp_gain":0.0,"max_hp_loss":0.0,"gold_gain":0.0,"event_name":"The Mausoleum","player_choice":"Ignored","floor":21.0,"gold_loss":0.0,"damage_taken":0.0}],"is_beta":false,"boss_relics":[{"not_picked":["Empty Cage","Astrolabe"],"picked":"Runic Pyramid"}],"items_purged_floors":[13],"is_endless":false,"potions_floor_spawned":[3,5,10,16,19,22],"killed_by":"Sentry and Sphere","ascension_level":20}}