{"host":"1c17lcvl7acx821p","time":1611097866,"event":{"mods":["AchievementEnabler","BaseMod","Colored Map","Minty Spire (QoL Compilation)","StSLib"],"gold_per_floor":[110,385,401,415,431,431,446,466,489,489,521,492,505,71,71,167,217,237,237,177,192,96,96,128,140,199,211,258,297,309,309],"floor_reached":30,"language":"ENG","playtime":1534,"items_purged":["Regret"],"score":381,"play_id":"2193f803-31dc-4eb6-98e7-52a781c0449d","local_time":"20210120011106","is_ascension_mode":true,"campfire_choices":[{"floor":6.0,"key":"REST"},{"floor":10.0,"key":"REST"},{"floor":15.0,"key":"REST"},{"floor":23.0,"key":"REST"},{"floor":27.0,"key":"REST"}],"circlet_count":0,"master_deck":["Strike_P","Strike_P","Strike_P+1","Strike_P","Defend_P+1","Defend_P","Defend_P+1","Defend_P+1","Eruption","Vigilance","PathToVictory+1","ReachHeaven+1","ThirdEye","LessonLearned","Perseverance","EmptyBody","Consecrate","Indignation","Wallop","DevaForm","InnerPeace+1","MasterReality+1","Protect+1","LikeWater","Vault","SashWhip+1","PathToVictory","Evaluate+1","PathToVictory","Writhe","Evaluate","Evaluate"],"relics":["Black Star","Boot","Thread and Needle","Dream Catcher","Oddly Smooth Stone","Tiny House","MawBank","Pen Nib","Unceasing Top","Red Mask","Bronze Scales","Blood Vial"],"acts_visited":["Exordium","TheCity"],"potions_floor_usage":[],"damage_taken":[{"damage":13.0,"enemies":"Jaw Worm","floor":1.0,"turns":7.0},{"damage":10.0,"enemies":"Cultist","floor":3.0,"turns":4.0},{"damage":10.0,"enemies":"Small Slimes","floor":4.0,"turns":3.0},{"damage":26.0,"enemies":"Exordium Thugs","floor":5.0,"turns":6.0},{"damage":18.0,"enemies":"2 Fungi Beasts","floor":7.0,"turns":4.0},{"damage":6.0,"enemies":"3 Louse","floor":8.0,"turns":5.0},{"damage":18.0,"enemies":"Lagavulin","floor":11.0,"turns":6.0},{"damage":3.0,"enemies":"Blue Slaver","floor":13.0,"turns":4.0},{"damage":7.0,"enemies":"Slime Boss","floor":16.0,"turns":6.0},{"damage":10.0,"enemies":"Shell Parasite","floor":18.0,"turns":10.0},{"damage":7.0,"enemies":"2 Thieves","floor":20.0,"turns":4.0},{"damage":13.0,"enemies":"Centurion and Healer","floor":21.0,"turns":8.0},{"damage":26.0,"enemies":"Gremlin Leader","floor":24.0,"turns":8.0},{"damage":40.0,"enemies":"Masked Bandits","floor":28.0,"turns":8.0},{"damage":0.0,"enemies":"Slavers","floor":29.0,"turns":15.0},{"damage":21,"enemies":"Snake Plant","floor":30,"turns":2}],"seed_played":"-4824414876174695175","potions_obtained":[{"floor":4.0,"key":"SteroidPotion"},{"floor":7.0,"key":"Strength Potion"},{"floor":11.0,"key":"SteroidPotion"},{"floor":13.0,"key":"Ancient Potion"},{"floor":17.0,"key":"StancePotion"},{"floor":21.0,"key":"BottledMiracle"},{"floor":28.0,"key":"ColorlessPotion"}],"is_trial":false,"path_per_floor":["M","?","M","M","M","R","M","M","T","R","E","?","M","$","R","B",null,"M","?","M","M","$","R","E","?","T","R","?","E","M"],"character_chosen":"WATCHER","items_purchased":["Oddly Smooth Stone","Wallop","DevaForm","PathToVictory","Evaluate"],"campfire_rested":5,"item_purchase_floors":[14,14,14,22,22],"current_hp_per_floor":[52,52,42,32,6,27,9,3,3,24,6,6,3,3,24,17,63,53,53,46,33,33,56,30,30,30,53,13,13,0,0],"gold":309,"neow_bonus":"BOSS_RELIC","is_daily":false,"chose_seed":false,"campfire_upgraded":0,"win_rate":0.0,"timestamp":1611097866,"path_taken":["M","?","M","?","M","R","M","M","T","R","E","?","M","$","R","BOSS","M","?","M","M","?","R","E","?","T","R","?","E","M"],"items_purchased_type":["Relic","Card","Card","Card","Card"],"build_version":"2020-12-22","purchased_purges":1,"victory":false,"max_hp_per_floor":[72,72,72,72,72,72,72,72,72,72,72,72,72,72,72,72,77,77,77,77,77,77,77,77,77,77,77,77,77,77,77],"card_choices":[{"not_picked":["Crescendo","Evaluate"],"picked":"PathToVictory","floor":1.0},{"not_picked":["LikeWater","ClearTheMind"],"picked":"ReachHeaven","floor":3.0},{"not_picked":["Halt","Weave"],"picked":"ThirdEye","floor":4.0},{"not_picked":["InnerPeace","CutThroughFate"],"picked":"LessonLearned","floor":5.0},{"not_picked":["Worship","CrushJoints"],"picked":"Perseverance","floor":7.0},{"not_picked":["ThirdEye","EmptyMind"],"picked":"EmptyBody","floor":8.0},{"not_picked":["WindmillStrike","FlurryOfBlows"],"picked":"Consecrate","floor":11.0},{"not_picked":["Collect","WheelKick"],"picked":"Indignation","floor":13.0},{"not_picked":["Prostrate","SashWhip"],"picked":"InnerPeace","floor":15.0},{"not_picked":["Omniscience","LessonLearned"],"picked":"MasterReality","floor":16.0},{"not_picked":["Halt","SignatureMove"],"picked":"Protect","floor":17.0},{"not_picked":["EmptyBody","FlurryOfBlows"],"picked":"LikeWater","floor":18.0},{"not_picked":["FollowUp","Consecrate","LessonLearned"],"picked":"SKIP","floor":20.0},{"not_picked":["Halt","FearNoEvil"],"picked":"SashWhip+1","floor":21.0},{"not_picked":["CutThroughFate","ThirdEye+1"],"picked":"PathToVictory","floor":23.0},{"not_picked":["BowlingBash","SashWhip+1","Swivel"],"picked":"SKIP","floor":24.0},{"not_picked":["SignatureMove+1","Protect+1"],"picked":"Evaluate","floor":27.0},{"not_picked":["Protect","FollowUp"],"picked":"Evaluate","floor":28.0},{"not_picked":["Indignation+1","Pray","SashWhip"],"picked":"SKIP","floor":29.0}],"player_experience":146537,"relics_obtained":[{"floor":9.0,"key":"Boot"},{"floor":11.0,"key":"Thread and Needle"},{"floor":11.0,"key":"Dream Catcher"},{"floor":24.0,"key":"MawBank"},{"floor":24.0,"key":"Pen Nib"},{"floor":28.0,"key":"Red Mask"},{"floor":29.0,"key":"Bronze Scales"},{"floor":29.0,"key":"Blood Vial"}],"event_choices":[{"damage_healed":0.0,"max_hp_gain":0.0,"max_hp_loss":0.0,"gold_gain":275.0,"event_name":"Golden Shrine","player_choice":"Desecrate","floor":2.0,"gold_loss":0.0,"damage_taken":0.0,"cards_obtained":["Regret"]},{"damage_healed":0.0,"max_hp_gain":0.0,"max_hp_loss":0.0,"gold_gain":0.0,"event_name":"World of Goop","player_choice":"Left Gold","floor":12.0,"gold_loss":29.0,"damage_taken":0.0},{"damage_healed":0.0,"max_hp_gain":0.0,"max_hp_loss":0.0,"gold_gain":0.0,"event_name":"The Library","player_choice":"Read","floor":19.0,"gold_loss":0.0,"damage_taken":0.0,"cards_obtained":["Vault"]},{"damage_healed":0.0,"max_hp_gain":0.0,"max_hp_loss":0.0,"gold_gain":0.0,"event_name":"The Mausoleum","player_choice":"Opened","floor":25.0,"gold_loss":0.0,"damage_taken":0.0,"relics_obtained":["Unceasing Top"],"cards_obtained":["Writhe"]},{"damage_healed":0.0,"max_hp_gain":0.0,"max_hp_loss":0.0,"gold_gain":0.0,"event_name":"Masked Bandits","player_choice":"Fought Bandits","floor":28.0,"gold_loss":0.0,"damage_taken":0.0}],"is_beta":false,"boss_relics":[{"not_picked":["Runic Dome","SacredBark"],"picked":"Tiny House"}],"items_purged_floors":[14],"is_endless":false,"potions_floor_spawned":[4,7,11,13,21,28],"killed_by":"Snake Plant","ascension_level":6}}