{"host":"atu1skz5iq69e5lr","time":1611093731,"event":{"mods":["AchievementEnabler","Aspiration","BaseMod","Better Third Choice","Colored Map","Evolution","Friendly Minions","Highlight Path","Infinite Spire","Keyboard Shortcuts","Lobotomy","Minty Spire (QoL Compilation)","Replay The Spire","Shop Mod","StSLib"],"gold_per_floor":[118,135,0,15,15,41,41,41,41,60,60,60,60,60],"floor_reached":13,"language":"ENG","playtime":534,"items_purged":[],"score":83,"play_id":"98c50ea9-a30d-4c02-9d16-da62304621f0","local_time":"20210119230211","is_ascension_mode":false,"campfire_choices":[{"data":"Noxious Fumes","floor":7,"key":"SMITH"}],"circlet_count":0,"master_deck":["Strike_G","Strike_G","Strike_G","Strike_G","Strike_G","Defend_G","Defend_G","Defend_G","Defend_G","Defend_G","Survivor","Neutralize","ShyLook","Enlightenment","Infinite Blades","Burn","Noxious Fumes+1","Parasite"],"relics":["Ring of the Snake","EVO:Axolotl","CogitoBucket","Strawberry","infinitespire:Bottled Soul"],"acts_visited":["Exordium"],"potions_floor_usage":[6,13],"damage_taken":[{"damage":0,"enemies":"Jaw Worm","floor":1,"turns":5},{"damage":8,"enemies":"Small Slimes","floor":2,"turns":5},{"damage":0,"enemies":"2 Louse","floor":4,"turns":3},{"damage":43,"enemies":"Lagavulin","floor":6,"turns":10},{"damage":6,"enemies":"Large Slime","floor":10,"turns":7},{"damage":24,"enemies":"3 Sentries","floor":13,"turns":4}],"seed_played":"2655679243909180354","potions_obtained":[{"floor":1,"key":"Strength Potion"},{"floor":10,"key":"GamblersBrew"}],"is_trial":false,"path_per_floor":["M","M","?","M","?","E","R","$","T","M","?","?","E"],"character_chosen":"THE_SILENT","items_purchased":[],"campfire_rested":0,"item_purchase_floors":[],"current_hp_per_floor":[70,62,68,68,68,32,32,32,32,26,1,21,0,0],"gold":60,"neow_bonus":"","is_daily":false,"chose_seed":false,"campfire_upgraded":1,"win_rate":0.0,"timestamp":1611093731,"path_taken":["M","M","?","M","?","E","R","$","T","M","?","?","E"],"items_purchased_type":[],"build_version":"2020-12-22","purchased_purges":0,"victory":false,"max_hp_per_floor":[70,70,76,76,76,83,83,83,83,83,83,83,83,83],"card_choices":[{"not_picked":["Funeral","MeltingLove"],"picked":"ShyLook","floor":1},{"not_picked":["Deflect","PiercingWail","Sucker Punch"],"picked":"SKIP","floor":1},{"not_picked":["Deflect","PiercingWail","Sucker Punch"],"picked":"SKIP","floor":1},{"not_picked":["Wraith Form v2","Quick Slash","Acrobatics"],"picked":"SKIP","floor":2},{"not_picked":["Replay:Poison Smokescreen","Skewer"],"picked":"Infinite Blades","floor":4},{"not_picked":["ReplayTheSpireMod:Shiv Toss","Backflip"],"picked":"Noxious Fumes","floor":6},{"not_picked":["Sucker Punch","Outmaneuver","Acrobatics"],"picked":"SKIP","floor":10}],"player_experience":3714,"relics_obtained":[{"floor":6,"key":"Strawberry"},{"floor":9,"key":"infinitespire:Bottled Soul"}],"event_choices":[{"damage_healed":0,"gold_gain":0,"player_choice":"RENOUNCE","damage_taken":135,"max_hp_gain":0,"max_hp_loss":0,"event_name":"betterThird:BetterSerpent","floor":3,"gold_loss":135,"cards_obtained":["Enlightenment"]},{"damage_healed":68,"gold_gain":0,"player_choice":"Embrace Burn","damage_taken":0,"max_hp_gain":0,"max_hp_loss":76,"event_name":"betterThird:BetterShining","floor":5,"gold_loss":0},{"damage_healed":0,"gold_gain":0,"player_choice":"LEAVE","damage_taken":25,"max_hp_gain":0,"max_hp_loss":0,"event_name":"betterThird:BetterScrap","floor":11,"gold_loss":0,"cards_obtained":["Spot Weakness"]},{"damage_healed":20,"gold_gain":0,"player_choice":"Healed and dodged fight","damage_taken":0,"max_hp_gain":0,"max_hp_loss":0,"event_name":"Mushrooms","floor":12,"gold_loss":0,"cards_obtained":["Parasite"]}],"is_beta":false,"boss_relics":[],"items_purged_floors":[],"is_endless":false,"potions_floor_spawned":[1,10],"killed_by":"3 Sentries","ascension_level":0}}