{"host":"o5jvvi5yapo90aia","time":1611037920,"event":{"mods":["BaseMod","CapriCore","Minty Spire (QoL Compilation)","MostiFishMod","Prisma Mod","Spicy Shops","StSLib","TestMod","The Immortal","Yakumo Yukari mod","【人物mod】游戏王New YuGiOh mod","【功能Mod】Neow奖励"],"gold_per_floor":[117,267,267,192,205,235,235,260,260,286,286,305,316,331,331,410,410,427,443,8,27,42,69,69,104,104,120,148,164,193,207,207,278,278,297,349,369,187,207,207,242,242,291,314,344,344,4,39,39,44,49,49,49,49,89,89],"floor_reached":57,"language":"ZHS","playtime":1233,"items_purged":["Doubt","Strike_R"],"score":4059,"play_id":"f239ef23-3183-4f32-964f-9b95094bf3ef","local_time":"20210119143200","is_ascension_mode":true,"campfire_choices":[{"data":"Defend_R","floor":7.0,"key":"PURGE"},{"data":"Defend_R","floor":15.0,"key":"PURGE"},{"data":"Strike_R","floor":32.0,"key":"PURGE"},{"data":"Strike_R","floor":40.0,"key":"PURGE"},{"floor":42.0,"key":"RECALL"},{"data":"Strike_R","floor":46.0,"key":"PURGE"},{"data":"Bash","floor":49.0,"key":"PURGE"},{"data":"Strike_R","floor":53.0,"key":"PURGE"}],"circlet_count":0,"master_deck":["AscendersBane","Defend_R+1","Defend_R+1","Burning Pact+1","Shockwave+1","Pommel Strike+1","MostiFishMod:OrdinaryWorld+1","Fiend Fire+1"],"relics":["DaveBox","testmod-TestBox","testmod-Prudence","PatriotShield","testmod-Muramasa","SynthV:TestCard","Pantograph","Molten Egg 2","Singing Bowl","InkBottle","OneHitWonderSystem","Toxic Egg 2","OrangePellets","testmod-ThousandKnives","Centennial Puzzle","ThornShield","testmod-LifeArmor","Gremlin Horn","Coffee Dripper","DianPoetry","SynthV","Bag of Preparation","Strawberry","Anchor","testmod-IntensifyImprint","Happy Flower","Bronze Scales"],"acts_visited":["Exordium","TheCity","TheBeyond","TheEnding"],"potions_floor_usage":[56,56],"damage_taken":[{"damage":0.0,"enemies":"Jaw Worm","floor":1.0,"turns":2.0},{"damage":0.0,"enemies":"Cultist","floor":5.0,"turns":2.0},{"damage":0.0,"enemies":"Gremlin Nob","floor":6.0,"turns":2.0},{"damage":0.0,"enemies":"3 Sentries","floor":8.0,"turns":4.0},{"damage":0.0,"enemies":"Gremlin Nob","floor":10.0,"turns":2.0},{"damage":0.0,"enemies":"2 Louse","floor":12.0,"turns":2.0},{"damage":0.0,"enemies":"2 Fungi Beasts","floor":13.0,"turns":2.0},{"damage":0.0,"enemies":"3 Louse","floor":14.0,"turns":2.0},{"damage":0.0,"enemies":"Hexaghost","floor":16.0,"turns":7.0},{"damage":0.0,"enemies":"2 Thieves","floor":18.0,"turns":2.0},{"damage":0.0,"enemies":"3 Byrds","floor":19.0,"turns":4.0},{"damage":0.0,"enemies":"Centurion and Healer","floor":21.0,"turns":3.0},{"damage":0.0,"enemies":"Snake Plant","floor":22.0,"turns":3.0},{"damage":0.0,"enemies":"Book of Stabbing","floor":23.0,"turns":2.0},{"damage":0.0,"enemies":"Slavers","floor":25.0,"turns":1.0},{"damage":0.0,"enemies":"Chosen and Byrds","floor":27.0,"turns":2.0},{"damage":0.0,"enemies":"Book of Stabbing","floor":28.0,"turns":2.0},{"damage":0.0,"enemies":"Cultist and Chosen","floor":29.0,"turns":2.0},{"damage":0.0,"enemies":"Slavers","floor":30.0,"turns":1.0},{"damage":0.0,"enemies":"Snecko","floor":31.0,"turns":2.0},{"damage":0.0,"enemies":"Collector","floor":33.0,"turns":2.0},{"damage":0.0,"enemies":"3 Darklings","floor":35.0,"turns":2.0},{"damage":0.0,"enemies":"2 Orb Walkers","floor":36.0,"turns":1.0},{"damage":0.0,"enemies":"Orb Walker","floor":37.0,"turns":1.0},{"damage":0.0,"enemies":"Sphere and 2 Shapes","floor":39.0,"turns":1.0},{"damage":0.0,"enemies":"Giant Head","floor":41.0,"turns":1.0},{"damage":0.0,"enemies":"3 Darklings","floor":44.0,"turns":1.0},{"damage":0.0,"enemies":"Nemesis","floor":45.0,"turns":1.0},{"damage":0.0,"enemies":"Giant Head","floor":48.0,"turns":1.0},{"damage":0.0,"enemies":"Time Eater","floor":50.0,"turns":1.0},{"damage":0.0,"enemies":"Donu and Deca","floor":51.0,"turns":1.0},{"damage":0.0,"enemies":"Shield and Spear","floor":55.0,"turns":1.0},{"damage":0,"enemies":"The Heart","floor":56,"turns":3}],"seed_played":"7556239676926387825","potions_obtained":[{"floor":1.0,"key":"EssenceOfSteel"},{"floor":8.0,"key":"GamblersBrew"},{"floor":19.0,"key":"Block Potion"},{"floor":29.0,"key":"DuplicationPotion"},{"floor":35.0,"key":"PowerPotion"}],"is_trial":false,"path_per_floor":["M","?","?","$","M","E","R","E","T","E","T","M","M","M","R","B",null,"M","M","$","M","M","E","?","E","T","M","E","M","E","M","R","B",null,"M","?","M","$","M","R","E","R","T","M","E","R","$","E","R","B","B",null,"R","$","E","B",null],"character_chosen":"IRONCLAD","items_purchased":["Toxic Egg 2","OrangePellets","SynthV","testmod-IntensifyImprint"],"campfire_rested":0,"item_purchase_floors":[20,20,38,47],"current_hp_per_floor":[69,69,46,46,47,48,48,49,49,52,52,53,56,59,59,83,1,3,1,1,1,1,1,1,3,1,3,3,3,3,3,1,3,1,3,3,3,1,3,1,3,1,8,3,3,1,1,3,1,1,1,1,1,1,3,1],"gold":89,"neow_bonus":"BOSS_RELIC","is_daily":false,"chose_seed":false,"campfire_upgraded":0,"win_rate":0.0,"timestamp":1611037920,"path_taken":["M","?","?","?","M","E","R","E","T","E","?","M","M","?","R","BOSS","M","M","$","M","M","E","?","E","T","M","E","M","E","?","R","BOSS","M","?","M","$","M","R","E","R","T","M","E","R","$","E","R","BOSS","BOSS","R","$","E","BOSS"],"items_purchased_type":["Relic","Relic","Relic","Relic"],"build_version":"2020-12-22","purchased_purges":2,"victory":true,"max_hp_per_floor":[75,75,75,75,75,75,75,75,75,77,77,77,79,81,81,83,1,3,1,1,1,1,1,1,3,1,3,3,3,3,3,1,3,1,3,3,3,1,3,1,3,1,8,3,3,1,1,3,1,1,1,1,1,1,3,1],"card_choices":[{"not_picked":["Sever Soul","Perfected Strike","Warcry"],"picked":"SKIP","floor":1.0},{"not_picked":["Pommel Strike","Body Slam","Perfected Strike","Sever Soul","Headbutt"],"picked":"SKIP","floor":5.0},{"not_picked":["Warcry","Inflame","Uppercut","Armaments","Cleave"],"picked":"SKIP","floor":6.0},{"not_picked":["Heavy Blade+1","Thunderclap+1","Carnage+1","Dropkick+1","Bludgeon+1"],"picked":"SKIP","floor":8.0},{"not_picked":["Carnage+1","Flex","Rage","Anger+1","Power Through"],"picked":"Singing Bowl","floor":10.0},{"not_picked":["Warcry","Body Slam+1","Pommel Strike+1","Iron Wave+1"],"picked":"Burning Pact","floor":12.0},{"not_picked":["Searing Blow+1","Headbutt+1","Pummel+1","Body Slam+1","Perfected Strike+1"],"picked":"Singing Bowl","floor":13.0},{"not_picked":["Reckless Charge+1","Iron Wave+1","True Grit","Hemokinesis+1","Flex"],"picked":"Singing Bowl","floor":14.0},{"not_picked":["MostiFishMod:Chiaki","MostiFishMod:ChineseTea","Offering","Brutality","MostiFishMod:UltimateDefense"],"picked":"Singing Bowl","floor":16.0},{"not_picked":["Clothesline+1","Thunderclap+1","Dual Wield","True Grit","Warcry"],"picked":"Singing Bowl","floor":18.0},{"not_picked":["Spot Weakness","True Grit","Thunderclap+1","Warcry"],"picked":"Shockwave+1","floor":19.0},{"not_picked":["Infernal Blade+1","Warcry+1","Dual Wield+1","Shrug It Off+1"],"picked":"Pommel Strike+1","floor":21.0},{"not_picked":["Bloodletting+1","Perfected Strike+1","Anger+1","Clothesline+1"],"picked":"MostiFishMod:OrdinaryWorld+1","floor":22.0},{"not_picked":["Uppercut+1","Thunderclap+1","Flame Barrier+1","Carnage+1"],"picked":"Fiend Fire+1","floor":23.0},{"not_picked":["Bloodletting+1","Armaments+1","MostiFishMod:#F4004+1","Warcry+1","Ghostly Armor+1"],"picked":"Singing Bowl","floor":25.0},{"not_picked":["Flex+1","Disarm+1","True Grit+1","Anger+1","MostiFishMod:#F4004+1"],"picked":"Singing Bowl","floor":27.0},{"not_picked":["Heavy Blade+1","Carnage+1","Pummel+1","MostiFishMod:HellRitual+1","Pommel Strike+1"],"picked":"Singing Bowl","floor":28.0},{"not_picked":["Havoc+1","MostiFishMod:BrandingRite+1","Iron Wave+1","Searing Blow+1","Thunderclap+1"],"picked":"Singing Bowl","floor":29.0},{"not_picked":["Clash+1","Bloodletting+1","Heavy Blade+1","Havoc+1","Blood for Blood+1"],"picked":"Singing Bowl","floor":30.0},{"not_picked":["Dropkick+1","Shrug It Off+1","Battle Trance+1","Clash+1","Perfected Strike+1"],"picked":"Singing Bowl","floor":31.0},{"not_picked":["Berserk","Offering+1","MostiFishMod:HellRitual+1","Corruption","MostiFishMod:RacingGame+1"],"picked":"Singing Bowl","floor":33.0},{"not_picked":["Spot Weakness+1","Clothesline+1","Headbutt+1","Heavy Blade+1","Twin Strike+1"],"picked":"Singing Bowl","floor":35.0},{"not_picked":["Wild Strike+1","Disarm+1","Sword Boomerang+1","Headbutt+1","Twin Strike+1"],"picked":"Singing Bowl","floor":36.0},{"not_picked":["Clash+1","Anger+1","Flex+1","Cleave+1","Blood for Blood+1"],"picked":"Singing Bowl","floor":37.0},{"not_picked":["True Grit+1","Disarm+1","MostiFishMod:BrandingRite+1","Sentinel+1","Body Slam+1"],"picked":"Singing Bowl","floor":39.0},{"not_picked":["Rupture","Armaments+1","Clothesline+1","MostiFishMod:RacingGame+1","Heavy Blade+1"],"picked":"Singing Bowl","floor":41.0},{"not_picked":["Headbutt+1","Twin Strike+1","Uppercut+1","Shrug It Off+1","Dropkick+1"],"picked":"Singing Bowl","floor":44.0},{"not_picked":["Hemokinesis+1","Anger+1","Reckless Charge+1","Blood for Blood+1","Pummel+1"],"picked":"Singing Bowl","floor":45.0},{"not_picked":["Perfected Strike+1","Reckless Charge+1","Battle Trance+1","Immolate+1","Rage+1"],"picked":"Singing Bowl","floor":48.0},{"not_picked":["Shrug It Off+1","Clash+1","Pommel Strike+1","Cleave+1","MostiFishMod:#F4004+1"],"picked":"Singing Bowl","floor":55.0}],"player_experience":1464688,"relics_obtained":[{"floor":1.0,"key":"SynthV:TestCard"},{"floor":6.0,"key":"Pantograph"},{"floor":8.0,"key":"Molten Egg 2"},{"floor":9.0,"key":"Singing Bowl"},{"floor":10.0,"key":"InkBottle"},{"floor":23.0,"key":"testmod-ThousandKnives"},{"floor":25.0,"key":"Centennial Puzzle"},{"floor":26.0,"key":"ThornShield"},{"floor":28.0,"key":"testmod-LifeArmor"},{"floor":30.0,"key":"Gremlin Horn"},{"floor":36.0,"key":"DianPoetry"},{"floor":41.0,"key":"Bag of Preparation"},{"floor":43.0,"key":"Strawberry"},{"floor":45.0,"key":"Anchor"},{"floor":48.0,"key":"Happy Flower"},{"floor":55.0,"key":"Bronze Scales"}],"event_choices":[{"damage_healed":0.0,"max_hp_gain":0.0,"max_hp_loss":0.0,"gold_gain":150.0,"event_name":"Liars Game","player_choice":"AGREE","floor":2.0,"gold_loss":0.0,"damage_taken":0.0,"cards_obtained":["Doubt"]},{"damage_healed":0.0,"max_hp_gain":0.0,"max_hp_loss":0.0,"gold_gain":0.0,"event_name":"Shining Light","player_choice":"Entered Light","floor":3.0,"gold_loss":0.0,"damage_taken":23.0,"cards_upgraded":["Defend_R","Defend_R"]},{"damage_healed":0.0,"max_hp_gain":0.0,"max_hp_loss":0.0,"gold_gain":0.0,"event_name":"Accursed Blacksmith","player_choice":"Forge","floor":24.0,"gold_loss":0.0,"damage_taken":0.0,"cards_upgraded":["Burning Pact"]},{"damage_healed":0.0,"max_hp_gain":0.0,"max_hp_loss":0.0,"gold_gain":0.0,"event_name":"Mysterious Sphere","player_choice":"Fight","floor":36.0,"gold_loss":0.0,"damage_taken":0.0}],"is_beta":false,"boss_relics":[{"not_picked":["Calling Bell","MoonlightInvasionPlan"],"picked":"OneHitWonderSystem"},{"not_picked":["testmod-SaigiyounoYou","ShadowXiaoBlade"],"picked":"Coffee Dripper"}],"items_purged_floors":[4,38],"is_endless":false,"potions_floor_spawned":[1,8,13,14,19,23,25,28,29,30,33,35,41,44,48],"ascension_level":20}}