{"host":"v5j5rnxu2olnd6jo","time":1611085003,"event":{"mods":["BaseMod","Custom Start","DeckTracker","Keyboard Shortcuts","Minty Spire (QoL Compilation)","Permanent Neow","Quick Restart","StSLib","SuperFastMode"],"gold_per_floor":[114,129,129,54,70,70,102,102,125,125,141,42,55,65,65,144,144,163,56,56,74,92,92,124,124,149,149,165,177,177,177],"floor_reached":30,"language":"KOR","playtime":1236,"items_purged":["Pain"],"score":554,"play_id":"7744e2c2-2ae3-41dc-8346-60a8f466e7df","local_time":"20210120043643","is_ascension_mode":true,"campfire_choices":[{"data":"Envenom","floor":6.0,"key":"SMITH"},{"floor":8.0,"key":"REST"},{"floor":15.0,"key":"REST"},{"floor":23.0,"key":"REST"},{"data":"Well Laid Plans","floor":25.0,"key":"SMITH"},{"data":"Burst","floor":27.0,"key":"SMITH"}],"circlet_count":0,"master_deck":["AscendersBane","Strike_G","Strike_G","Defend_G","Defend_G","Defend_G","Survivor","Neutralize","Envenom+1","Distraction","Footwork","Dagger Spray","Slice","Dagger Throw","Finisher","Blade Dance","Blur","Burst+1","Well Laid Plans+1","Blade Dance","Tactician","Dodge and Roll","Crippling Poison"],"relics":["Ring of the Snake","Strawberry","Ancient Tea Set","WarpedTongs","Empty Cage","Ninja Scroll"],"acts_visited":["Exordium","TheCity"],"potions_floor_usage":[],"damage_taken":[{"damage":2.0,"enemies":"2 Louse","floor":1.0,"turns":4.0},{"damage":1.0,"enemies":"Small Slimes","floor":2.0,"turns":3.0},{"damage":1.0,"enemies":"Cultist","floor":5.0,"turns":3.0},{"damage":54.0,"enemies":"3 Sentries","floor":7.0,"turns":11.0},{"damage":17.0,"enemies":"Red Slaver","floor":11.0,"turns":5.0},{"damage":0.0,"enemies":"2 Fungi Beasts","floor":13.0,"turns":1.0},{"damage":10.0,"enemies":"Gremlin Gang","floor":14.0,"turns":2.0},{"damage":4.0,"enemies":"The Guardian","floor":16.0,"turns":9.0},{"damage":42.0,"enemies":"2 Thieves","floor":18.0,"turns":4.0},{"damage":0.0,"enemies":"Spheric Guardian","floor":21.0,"turns":2.0},{"damage":0.0,"enemies":"Centurion and Healer","floor":22.0,"turns":8.0},{"damage":5.0,"enemies":"Gremlin Leader","floor":24.0,"turns":7.0},{"damage":15.0,"enemies":"Snake Plant","floor":28.0,"turns":4.0},{"damage":13.0,"enemies":"Shelled Parasite and Fungi","floor":29.0,"turns":3.0},{"damage":15,"enemies":"Cultist and Chosen","floor":30,"turns":3}],"seed_played":"-2046735752350995288","potions_obtained":[{"floor":1.0,"key":"DistilledChaos"},{"floor":2.0,"key":"Ancient Potion"},{"floor":7.0,"key":"FearPotion"},{"floor":16.0,"key":"Ancient Potion"},{"floor":18.0,"key":"Fire Potion"},{"floor":22.0,"key":"LiquidBronze"}],"is_trial":false,"path_per_floor":["M","M","?","?","M","R","E","R","T","?","M","$","M","M","R","B",null,"M","$","?","M","M","R","E","R","T","R","M","M","M"],"character_chosen":"THE_SILENT","items_purchased":["Blade Dance","Blade Dance","Regen Potion"],"campfire_rested":3,"item_purchase_floors":[12,19,19],"current_hp_per_floor":[57,56,56,56,55,55,8,28,28,28,11,11,11,1,21,17,55,13,13,13,13,28,48,43,43,43,43,28,15,0,0],"gold":177,"neow_bonus":"TRANSFORM_TWO_CARDS","is_daily":false,"chose_seed":false,"campfire_upgraded":3,"win_rate":0.0,"timestamp":1611085003,"path_taken":["M","M","?","?","M","R","E","R","T","?","?","$","M","M","R","BOSS","M","?","?","?","M","R","E","R","T","R","M","M","M"],"items_purchased_type":["Card","Card","Potion"],"build_version":"2020-12-22","purchased_purges":1,"victory":false,"max_hp_per_floor":[60,60,60,60,60,60,67,67,67,67,67,67,67,67,67,67,67,67,67,67,67,67,67,67,67,67,67,67,67,67,67],"card_choices":[{"not_picked":["Outmaneuver","Well Laid Plans"],"picked":"Footwork","floor":1.0},{"not_picked":["Cloak And Dagger","Distraction"],"picked":"Dagger Spray","floor":2.0},{"not_picked":["Cloak And Dagger","Prepared"],"picked":"Slice","floor":5.0},{"not_picked":["Flying Knee","Heel Hook"],"picked":"Dagger Throw","floor":7.0},{"not_picked":["All Out Attack","Die Die Die"],"picked":"Finisher","floor":11.0},{"not_picked":["Concentrate","Noxious Fumes","Flying Knee"],"picked":"SKIP","floor":13.0},{"not_picked":["All Out Attack","Prepared"],"picked":"Blur","floor":14.0},{"not_picked":["Tools of the Trade","Doppelganger"],"picked":"Burst","floor":16.0},{"not_picked":["Eviscerate","All Out Attack"],"picked":"Well Laid Plans","floor":18.0},{"not_picked":["Outmaneuver","Slice","Flying Knee"],"picked":"SKIP","floor":21.0},{"not_picked":["Finisher","Infinite Blades","All Out Attack"],"picked":"SKIP","floor":22.0},{"not_picked":["Slice","Underhanded Strike"],"picked":"Tactician","floor":24.0},{"not_picked":["Prepared+1","Deadly Poison"],"picked":"Dodge and Roll","floor":28.0},{"not_picked":["Skewer","Glass Knife"],"picked":"Crippling Poison","floor":29.0}],"player_experience":888115,"relics_obtained":[{"floor":7.0,"key":"Strawberry"},{"floor":9.0,"key":"Ancient Tea Set"},{"floor":24.0,"key":"Ninja Scroll"}],"event_choices":[{"damage_healed":0.0,"max_hp_gain":0.0,"max_hp_loss":0.0,"gold_gain":0.0,"event_name":"Liars Game","player_choice":"Ignored","floor":3.0,"gold_loss":0.0,"damage_taken":0.0},{"cards_removed":["Defend_G"],"damage_healed":0.0,"max_hp_gain":0.0,"max_hp_loss":0.0,"gold_gain":0.0,"event_name":"The Cleric","player_choice":"Card Removal","floor":4.0,"gold_loss":75.0,"damage_taken":0.0},{"damage_healed":0.0,"max_hp_gain":0.0,"max_hp_loss":0.0,"gold_gain":0.0,"event_name":"Accursed Blacksmith","player_choice":"Rummage","floor":10.0,"gold_loss":0.0,"damage_taken":0.0,"relics_obtained":["WarpedTongs"],"cards_obtained":["Pain"]},{"damage_healed":0.0,"max_hp_gain":0.0,"max_hp_loss":0.0,"gold_gain":0.0,"event_name":"FaceTrader","player_choice":"Leave","floor":20.0,"gold_loss":0.0,"damage_taken":0.0}],"is_beta":false,"boss_relics":[{"not_picked":["Snecko Eye","SacredBark"],"picked":"Empty Cage"}],"items_purged_floors":[12],"is_endless":false,"potions_floor_spawned":[1,2,7,16,18,22],"killed_by":"Cultist and Chosen","ascension_level":20}}