{"host":"u7lm8z2rvb4dg2oo","time":1611074422,"event":{"mods":["AchievementEnabler","BaseMod","Bestiary","Block Reminder","Colored Map","Colored Powertips","Curses Come First","DeckTracker","Googly Eyes","Highlight Path","Minty Spire (QoL Compilation)","Quick Restart","StSLib"],"gold_per_floor":[118,132,207,226,244,272,13,13,39,14,14,14,26,26,26,130,130,149,64,64,64,83,83,83],"floor_reached":23,"language":"ENG","playtime":1424,"items_purged":["Parasite"],"score":265,"play_id":"950e2ef4-98c9-4216-b5a2-3b21042a017f","local_time":"20210119114022","is_ascension_mode":true,"campfire_choices":[{"floor":8.0,"key":"REST"},{"floor":11.0,"key":"REST"},{"data":"Choke","floor":15.0,"key":"SMITH"}],"circlet_count":0,"master_deck":["Survivor","Neutralize","Crippling Poison","Choke+1","Backflip","PiercingWail","Leg Sweep","Bullet Time","Dagger Spray","Bouncing Flask","All Out Attack","Storm of Steel","Tools of the Trade","Bouncing Flask","Malaise","Outmaneuver","Setup","Dagger Throw+1","Pain","Cloak And Dagger+1"],"relics":["Ring of the Snake","Gambling Chip","MawBank","Bag of Marbles","Juzu Bracelet","Pandora\u0027s Box","Boot","WarpedTongs"],"acts_visited":["Exordium","TheCity"],"potions_floor_usage":[],"damage_taken":[{"damage":4.0,"enemies":"Small Slimes","floor":1.0,"turns":6.0},{"damage":0.0,"enemies":"2 Louse","floor":2.0,"turns":5.0},{"damage":2.0,"enemies":"Cultist","floor":4.0,"turns":5.0},{"damage":0.0,"enemies":"Looter","floor":5.0,"turns":4.0},{"damage":44.0,"enemies":"Lagavulin","floor":6.0,"turns":8.0},{"damage":1.0,"enemies":"Red Slaver","floor":13.0,"turns":2.0},{"damage":27.0,"enemies":"The Guardian","floor":16.0,"turns":25.0},{"damage":8.0,"enemies":"2 Thieves","floor":18.0,"turns":3.0},{"damage":7.0,"enemies":"3 Byrds","floor":22.0,"turns":4.0},{"damage":40,"enemies":"Slavers","floor":23,"turns":3}],"seed_played":"-8149751820159407731","potions_obtained":[{"floor":4.0,"key":"Block Potion"},{"floor":5.0,"key":"Swift Potion"},{"floor":16.0,"key":"DistilledChaos"}],"is_trial":false,"path_per_floor":["M","M","?","M","M","E","$","R","T","$","R","?","M","?","R","B",null,"M","?","?","$","M","E"],"character_chosen":"THE_SILENT","items_purchased":["Bag of Marbles","Energy Potion","PiercingWail"],"campfire_rested":2,"item_purchase_floors":[7,7,10],"current_hp_per_floor":[59,59,48,46,46,2,2,22,22,22,42,42,41,41,41,14,54,46,46,46,46,39,0,0],"gold":83,"neow_bonus":"ONE_RARE_RELIC","is_daily":false,"chose_seed":false,"campfire_upgraded":1,"win_rate":0.0,"timestamp":1611074422,"path_taken":["M","M","?","M","M","E","$","R","T","$","R","?","M","?","R","BOSS","M","?","?","$","M","E"],"items_purchased_type":["Relic","Potion","Card"],"build_version":"2020-12-22","purchased_purges":1,"victory":false,"max_hp_per_floor":[70,70,70,70,70,70,67,67,67,67,67,67,67,67,67,67,67,67,67,67,67,67,67,67],"card_choices":[{"not_picked":["Quick Slash","Tactician","Heel Hook"],"picked":"SKIP","floor":1.0},{"not_picked":["Acrobatics","Dagger Spray"],"picked":"Crippling Poison","floor":2.0},{"not_picked":["Flying Knee","Distraction"],"picked":"Choke","floor":4.0},{"not_picked":["Calculated Gamble","Concentrate"],"picked":"Backflip","floor":5.0},{"not_picked":["Slice","All Out Attack","Infinite Blades"],"picked":"SKIP","floor":6.0},{"not_picked":["Slice","Outmaneuver"],"picked":"Leg Sweep","floor":13.0},{"not_picked":["A Thousand Cuts","Doppelganger"],"picked":"Bullet Time","floor":16.0},{"not_picked":["Sucker Punch","Prepared"],"picked":"Dagger Throw+1","floor":18.0},{"not_picked":["Outmaneuver","Dagger Spray"],"picked":"Cloak And Dagger+1","floor":22.0}],"player_experience":1007369,"relics_obtained":[{"floor":6.0,"key":"MawBank"},{"floor":9.0,"key":"Juzu Bracelet"}],"event_choices":[{"damage_healed":0.0,"max_hp_gain":0.0,"max_hp_loss":0.0,"gold_gain":75.0,"event_name":"World of Goop","player_choice":"Gather Gold","floor":3.0,"gold_loss":0.0,"damage_taken":11.0},{"damage_healed":0.0,"max_hp_gain":0.0,"max_hp_loss":0.0,"gold_gain":0.0,"event_name":"Scrap Ooze","player_choice":"Fled","floor":12.0,"gold_loss":0.0,"damage_taken":0.0},{"cards_removed":["Strike_G"],"damage_healed":0.0,"max_hp_gain":0.0,"max_hp_loss":0.0,"gold_gain":0.0,"event_name":"Purifier","player_choice":"Purged","floor":14.0,"gold_loss":0.0,"damage_taken":0.0},{"damage_healed":0.0,"max_hp_gain":0.0,"max_hp_loss":0.0,"gold_gain":0.0,"event_name":"Addict","player_choice":"Obtained Relic","floor":19.0,"gold_loss":85.0,"damage_taken":0.0,"relics_obtained":["Boot"]},{"damage_healed":0.0,"max_hp_gain":0.0,"max_hp_loss":0.0,"gold_gain":0.0,"event_name":"Accursed Blacksmith","player_choice":"Rummage","floor":20.0,"gold_loss":0.0,"damage_taken":0.0,"relics_obtained":["WarpedTongs"],"cards_obtained":["Pain"]}],"is_beta":false,"boss_relics":[{"not_picked":["Ring of the Serpent","Fusion Hammer"],"picked":"Pandora\u0027s Box"}],"items_purged_floors":[7],"is_endless":false,"potions_floor_spawned":[4,5,16],"killed_by":"Slavers","ascension_level":8}}