{"host":"rng0zyo66qdcpyr0","time":1611046160,"event":{"mods":["Ascension Reborn","BaseMod","Lobotomy","LobotomyExtend","Minty Spire (QoL Compilation)","Nova Terra(诺娃・泰拉)","Reimu（博丽灵梦）","Remilia（蕾米莉亚）","RumiaBox-露米娅的神秘盒子","StSLib","TestMod","WarShipGirlsR/战舰少女R mod","Yakumo Yukari mod","[GremlinLeader]The Maniac","【功能Mod】混沌之环修复补丁","【遗物卡牌】REMEMod"],"gold_per_floor":[125,153,176,198,222,234,278,290,328,356,387,399,486,529,541,653,665,694,717,729,766,778,821,848,885,923,935,947,978,359,375,375,339,339,354,413,428,423,423,457,457,477,528,44,54,81,131,145,145,145,145,145,145,25,40,40],"floor_reached":57,"language":"ZHS","playtime":2776,"items_purged":["maniac:Assassinate"],"score":1418,"play_id":"a70ad3be-d80b-470e-b687-587bf6776fd1","local_time":"20210119164920","is_ascension_mode":true,"campfire_choices":[{"data":"maniac:SorceryHour","floor":6,"key":"SMITH"},{"floor":8,"key":"REST"},{"floor":12,"key":"REST"},{"data":"maniac:ShadowContact","floor":15,"key":"SMITH"},{"data":"maniac:TwistedEddies","floor":27,"key":"SMITH"},{"data":"maniac:UndyingDesire","floor":32,"key":"SMITH"},{"floor":49,"key":"RECALL"},{"data":"maniac:StormOfTime","floor":53,"key":"SMITH"}],"circlet_count":0,"master_deck":["Sadistic Nature","maniac:ReconstructWounds","maniac:Hasten","maniac:SorceryHour+1","maniac:GlassScratch","maniac:GlassScratch","maniac:Refine","maniac:ShadowContact+1","maniac:TwistedEddies+1","maniac:RallyToMe","maniac:BladeShoot","maniac:DashForward+1","maniac:UndyingDesire+1","maniac:Refine","maniac:BladeShoot","maniac:Whirlscythe","maniac:UndyingDesire+1","testmod-SubstituteBySubterfuge+1","maniac:ReachVictory","maniac:StormOfTime+1","maniac:UniversalPerception+1","maniac:Collecting+1","maniac:Trap+1","maniac:StormOfTime+1","maniac:UnseenTerror+1","maniac:FanTheHammer+1","maniac:ForsakenHand+1","maniac:HammerDown+1","maniac:Trap+1","maniac:Collecting+1","maniac:TwistedEddies+1","maniac:PanickyParry","Madness","Madness","maniac:Infuriate","Flash of Steel","maniac:UndyingDesire","maniac:StormOfTime","maniac:BladeEnd","maniac:Collecting+1","maniac:BladeEnd"],"relics":["maniac:DamagedAnvil","maniac:BrokenHorn","REME_ComplimentaryCards","testmod-TestBox","testmod-Fortitude","MawBank","LetterFromLob","Happy Flower","MealTicket","RuthlessExorcism:ReiMu","testmod-SaigiyounoYou","Red Mask","ScarletDevilRocket","REME_HandOfSuture","Omamori","SSSystem","REME_OnlineShoppingPlatform","Calling Bell","War Paint","testmod-EqualTreatment","testmod-ConstraintPeriapt","testmod-RealStoneCalender","Juzu Bracelet","Regal Pillow","Centennial Puzzle","Smiling Mask","Membership Card","Vajra","MagicDraw3","Molten Egg 2","REME_LimitBreaker","Boot","testmod-FatalChain","testmod-ArcanaOfDestiny","testmod-BalancedPeriapt","Strawberry"],"acts_visited":["Exordium","TheCity","TheBeyond","TheEnding"],"potions_floor_usage":[16,16,16,23,25,25,33,33,33,33,33,33,33,38,55],"damage_taken":[{"damage":0,"enemies":"Small Slimes","floor":1,"turns":3},{"damage":0,"enemies":"2 Louse","floor":2,"turns":2},{"damage":8,"enemies":"Jaw Worm","floor":3,"turns":2},{"damage":5,"enemies":"Looter","floor":4,"turns":2},{"damage":0,"enemies":"2 Fungi Beasts","floor":5,"turns":2},{"damage":49,"enemies":"3 Sentries","floor":7,"turns":8},{"damage":12,"enemies":"Blue Slaver","floor":10,"turns":2},{"damage":18,"enemies":"Exordium Thugs","floor":11,"turns":2},{"damage":0,"enemies":"Lagavulin","floor":14,"turns":4},{"damage":43,"enemies":"Hexaghost","floor":16,"turns":4},{"damage":7,"enemies":"Spheric Guardian","floor":18,"turns":3},{"damage":0,"enemies":"Chosen","floor":19,"turns":4},{"damage":14,"enemies":"Masked Bandits","floor":21,"turns":4},{"damage":21,"enemies":"Slavers","floor":23,"turns":4},{"damage":0,"enemies":"Sentry and Sphere","floor":24,"turns":4},{"damage":17,"enemies":"Gremlin Leader","floor":25,"turns":3},{"damage":19,"enemies":"Cultist and Chosen","floor":29,"turns":4},{"damage":21,"enemies":"Snake Plant","floor":31,"turns":2},{"damage":83,"enemies":"Collector","floor":33,"turns":7},{"damage":9,"enemies":"Orb Walker","floor":35,"turns":5},{"damage":15,"enemies":"3 Shapes","floor":36,"turns":3},{"damage":0,"enemies":"3 Darklings","floor":37,"turns":1},{"damage":35,"enemies":"Writhing Mass","floor":38,"turns":4},{"damage":5,"enemies":"Nemesis","floor":40,"turns":3},{"damage":6,"enemies":"Sphere and 2 Shapes","floor":42,"turns":1},{"damage":0,"enemies":"Jaw Worm Horde","floor":45,"turns":1},{"damage":3,"enemies":"Reptomancer","floor":46,"turns":1},{"damage":6,"enemies":"Mind Bloom Boss Battle","floor":47,"turns":4},{"damage":0,"enemies":"Spire Growth","floor":48,"turns":2},{"damage":43,"enemies":"Time Eater","floor":50,"turns":6},{"damage":0,"enemies":"Shield and Spear","floor":55,"turns":1},{"damage":18,"enemies":"The Heart","floor":56,"turns":3}],"seed_played":"3907160966189848847","potions_obtained":[{"floor":2,"key":"Strength Potion"},{"floor":4,"key":"SpeedPotion"},{"floor":7,"key":"FearPotion"},{"floor":18,"key":"Fire Potion"},{"floor":23,"key":"FearPotion"},{"floor":24,"key":"Energy Potion"},{"floor":29,"key":"Dexterity Potion"}],"is_trial":false,"path_per_floor":["M","M","M","M","M","R","E","R","T","M","M","R","?","E","R","B",null,"M","M","?","?","?","E","M","E","T","R","?","M","$","M","R","B",null,"M","M","M","M","?","E","?","M","T","$","M","E","?","M","R","B",null,null,"R","$","E","B",null],"character_chosen":"THE_MANIAC","items_purchased":["SSSystem","testmod-SubstituteBySubterfuge","maniac:ReachVictory","REME_OnlineShoppingPlatform","Flash of Steel","Membership Card","Vajra","MagicDraw3","maniac:UndyingDesire","maniac:StormOfTime","testmod-ArcanaOfDestiny"],"campfire_rested":2,"item_purchase_floors":[30,30,30,30,44,44,44,44,44,44,54],"current_hp_per_floor":[80,80,72,67,67,67,30,54,54,46,28,52,41,51,51,12,80,75,80,65,67,67,57,62,60,60,60,60,64,79,64,64,40,85,83,81,85,58,58,75,64,66,66,81,85,85,85,85,85,55,55,85,85,85,85,84],"gold":40,"neow_bonus":"RANDOM_COMMON_RELIC","is_daily":false,"chose_seed":false,"campfire_upgraded":5,"win_rate":0.0,"timestamp":1611046160,"path_taken":["M","M","M","M","M","R","E","R","T","M","M","R","?","E","R","BOSS","M","M","?","?","?","E","M","E","T","R","?","?","?","M","R","BOSS","M","M","M","M","?","E","?","M","T","?","M","E","?","M","R","BOSS","R","$","E","BOSS"],"items_purchased_type":["Relic","Card","Card","Relic","Card","Relic","Relic","Relic","Card","Card","Relic"],"build_version":"2020-12-22","purchased_purges":1,"victory":true,"max_hp_per_floor":[80,80,80,80,80,80,80,80,80,80,80,80,80,80,80,80,80,80,80,85,85,85,85,85,85,85,85,85,85,85,85,85,85,85,85,85,85,85,85,85,85,85,85,85,85,85,85,85,85,85,85,85,85,85,85,85],"card_choices":[{"not_picked":["maniac:PanickyParry","maniac:BladesInCloak"],"picked":"maniac:ReconstructWounds","floor":1},{"not_picked":["maniac:Intimidate","maniac:WardAndDefend"],"picked":"maniac:Assassinate","floor":2},{"not_picked":["maniac:FindAShortcut","maniac:BladesInCloak"],"picked":"maniac:Hasten","floor":3},{"not_picked":["maniac:BladeEnd","maniac:Quickdraw"],"picked":"maniac:SorceryHour","floor":4},{"not_picked":["maniac:DashForward","maniac:BladesInCloak"],"picked":"maniac:GlassScratch","floor":5},{"not_picked":["maniac:FoilArmor","maniac:BladesInCloak"],"picked":"maniac:GlassScratch","floor":7},{"not_picked":["maniac:FoilArmor","maniac:Confront"],"picked":"maniac:Refine","floor":10},{"not_picked":["maniac:UntravelledPath","maniac:Blastwave"],"picked":"maniac:ShadowContact","floor":11},{"not_picked":["maniac:ShelteringEdge","maniac:HammerDown"],"picked":"maniac:TwistedEddies","floor":14},{"not_picked":["maniac:ShadowContact","maniac:UniversalPerception"],"picked":"maniac:RallyToMe","floor":16},{"not_picked":["maniac:ListenToNone","maniac:BladesInCloak"],"picked":"maniac:BladeShoot","floor":18},{"not_picked":["maniac:UntravelledPath+1","maniac:ShiftingShadows"],"picked":"maniac:DashForward+1","floor":19},{"not_picked":["maniac:AllOutAttack","maniac:BladesInCloak"],"picked":"maniac:UndyingDesire","floor":21},{"not_picked":["maniac:BladeShoot","maniac:ListenToNone"],"picked":"maniac:Refine","floor":23},{"not_picked":["maniac:PanickyParry","maniac:ListenToNone"],"picked":"maniac:BladeShoot","floor":24},{"not_picked":["maniac:UntravelledPath","maniac:BladesInCloak"],"picked":"maniac:Whirlscythe","floor":25},{"not_picked":["maniac:UntravelledPath","maniac:FindAShortcut"],"picked":"maniac:UndyingDesire","floor":29},{"not_picked":["maniac:ListenToNone+1","maniac:RallyToMe","maniac:WardAndDefend"],"picked":"SKIP","floor":31},{"not_picked":["maniac:FanTheHammer","maniac:TimeForm"],"picked":"maniac:StormOfTime","floor":33},{"not_picked":["maniac:EndOfTheRoad","maniac:FindAShortcut","maniac:MortalSteel+1"],"picked":"SKIP","floor":35},{"not_picked":["maniac:ShelteringEdge","maniac:FindAShortcut+1","maniac:UndyingDesire"],"picked":"SKIP","floor":36},{"not_picked":["maniac:ExceedEnchantment","maniac:Quickdraw","maniac:FindAShortcut"],"picked":"SKIP","floor":37},{"not_picked":["maniac:Quickdraw","maniac:WardAndDefend"],"picked":"maniac:PanickyParry","floor":38},{"not_picked":["maniac:MeleeStrike","maniac:UniversalPerception","maniac:Confront"],"picked":"SKIP","floor":40},{"not_picked":["maniac:Infuriate","maniac:MeleeStrike","maniac:ShelteringEdge+1"],"picked":"SKIP","floor":42},{"not_picked":["maniac:MeleeStrike","maniac:ShelteringEdge+1"],"picked":"maniac:Infuriate","floor":42},{"not_picked":["maniac:UntravelledPath","maniac:BladeShoot+1"],"picked":"maniac:BladeEnd","floor":45},{"not_picked":["maniac:ArmToTheTeeth+1","maniac:DashForward+1"],"picked":"maniac:Collecting+1","floor":46},{"not_picked":["maniac:SeeingDetails+1","maniac:ListenToNone+1"],"picked":"maniac:BladeEnd","floor":48},{"not_picked":["maniac:Retrospect+1","maniac:SpectralKnives+1","maniac:FindAShortcut"],"picked":"SKIP","floor":55}],"player_experience":107802,"relics_obtained":[{"floor":1,"key":"LetterFromLob"},{"floor":7,"key":"Happy Flower"},{"floor":9,"key":"MealTicket"},{"floor":14,"key":"RuthlessExorcism:ReiMu"},{"floor":21,"key":"Red Mask"},{"floor":23,"key":"ScarletDevilRocket"},{"floor":25,"key":"REME_HandOfSuture"},{"floor":26,"key":"Omamori"},{"floor":34,"key":"War Paint"},{"floor":34,"key":"SumBook"},{"floor":34,"key":"testmod-EqualTreatment"},{"floor":40,"key":"Centennial Puzzle"},{"floor":46,"key":"Boot"},{"floor":47,"key":"testmod-FatalChain"},{"floor":55,"key":"Strawberry"}],"event_choices":[{"damage_healed":0,"gold_gain":75,"player_choice":"Gather Gold","damage_taken":11,"max_hp_gain":0,"max_hp_loss":0,"event_name":"World of Goop","floor":13,"gold_loss":0},{"damage_healed":0,"gold_gain":0,"player_choice":"Shed Blood","damage_taken":20,"max_hp_gain":5,"max_hp_loss":0,"event_name":"Forgotten Altar","floor":20,"gold_loss":0},{"damage_healed":0,"gold_gain":0,"player_choice":"Fought Bandits","damage_taken":0,"max_hp_gain":0,"max_hp_loss":0,"event_name":"Masked Bandits","floor":21,"gold_loss":0},{"damage_healed":0,"gold_gain":0,"player_choice":"Ignored","damage_taken":0,"max_hp_gain":0,"max_hp_loss":0,"event_name":"Ghosts","floor":28,"gold_loss":0},{"damage_healed":0,"gold_gain":0,"player_choice":"Swap Relic","damage_taken":0,"relics_obtained":["Regal Pillow"],"max_hp_gain":0,"max_hp_loss":0,"event_name":"给自己的盒子","floor":39,"relics_lost":["SumBook"],"gold_loss":0},{"damage_healed":0,"gold_gain":0,"player_choice":"Embrace Madness","damage_taken":11,"max_hp_gain":0,"max_hp_loss":0,"event_name":"Winding Halls","floor":41,"gold_loss":0,"cards_obtained":["Madness","Madness"]},{"damage_healed":0,"gold_gain":0,"player_choice":"Fight","damage_taken":0,"max_hp_gain":0,"max_hp_loss":0,"event_name":"MindBloom","floor":47,"gold_loss":0}],"is_beta":false,"boss_relics":[{"not_picked":["Coffee Dripper","Astrolabe"],"picked":"testmod-SaigiyounoYou"},{"not_picked":["Busted Crown","testmod-Nine"],"picked":"Calling Bell"}],"items_purged_floors":[30],"is_endless":false,"potions_floor_spawned":[2,4,7,18,23,24,29,33,37,40,42,45],"ascension_level":0}}