{"host":"ayh4nqhr0ddw4ozv","time":1611093172,"event":{"mods":["BaseMod","Minty Spire (QoL Compilation)","Relic Stats","Replay The Spire","Robot Space Explorer","StSLib"],"gold_per_floor":[118,118,268,8,8,8,25,25,25,25,37,37,37,37,53,53,53,131,131,110,110,110,125,125,125],"floor_reached":24,"language":"ENG","playtime":918,"items_purged":["Doubt"],"score":355,"play_id":"dc14dbac-d497-4c07-9b4e-6bc2f0c4a79e","local_time":"20210119135252","is_ascension_mode":true,"campfire_choices":[{"data":"Apotheosis","floor":6,"key":"SMITH"},{"floor":8,"key":"REST"},{"floor":17,"key":"DIG"}],"circlet_count":0,"master_deck":["AscendersBane","RobotSpaceExplorer:Strike","RobotSpaceExplorer:Strike+1","RobotSpaceExplorer:Strike","RobotSpaceExplorer:Strike","RobotSpaceExplorer:Defend+1","RobotSpaceExplorer:Defend","RobotSpaceExplorer:Defend","RobotSpaceExplorer:Scan","RobotSpaceExplorer:MiniLasers","RobotSpaceExplorer:Counterblock","Apotheosis+1","RobotSpaceExplorer:Jetpack","RobotSpaceExplorer:ImprovisedAttack","RobotSpaceExplorer:TurboDodge","RobotSpaceExplorer:ChargingLaser","RobotSpaceExplorer:JunkDive","RobotSpaceExplorer:JunkDive"],"relics":["RobotSpaceExplorer:RoboCore","Tiny Chest","Eternal Feather","Replay:Bottled Steam","The Courier","Gremlin Horn","Black Star","Strawberry"],"acts_visited":["Exordium","TheCity"],"potions_floor_usage":[18,24],"damage_taken":[{"damage":0.0,"enemies":"2 Louse","floor":1.0,"turns":3.0},{"damage":0,"enemies":"Small Slimes","floor":7,"turns":4},{"damage":0,"enemies":"Jaw Worm","floor":11,"turns":4},{"damage":5,"enemies":"Red Slaver","floor":15,"turns":4},{"damage":36,"enemies":"The Guardian","floor":18,"turns":20},{"damage":14,"enemies":"2 Thieves","floor":20,"turns":4},{"damage":12,"enemies":"Shell Parasite","floor":23,"turns":7},{"damage":39,"enemies":"Snake Plant","floor":24,"turns":7}],"seed_played":"-7261270195872943149","potions_obtained":[{"floor":15,"key":"DistilledChaos"},{"floor":18,"key":"GamblersBrew"},{"floor":23,"key":"Adrenaline Potion"}],"is_trial":false,"path_per_floor":["M","?","?","$","?","R","M","R","T","T","M","PTL","PTL","?","M","$","R","B",null,"M","T","?","M","M"],"character_chosen":"RobotSpaceExplorer","items_purchased":["Apotheosis"],"campfire_rested":1,"item_purchase_floors":[4],"current_hp_per_floor":[64,38,38,38,17,23,23,50,50,50,50,50,50,50,45,45,54,18,58,44,51,51,39,0,0],"gold":125,"neow_bonus":"RANDOM_COMMON_RELIC","is_daily":false,"chose_seed":false,"campfire_upgraded":1,"win_rate":0.0,"timestamp":1611093172,"path_taken":["M","?","?","$","?","R","M","R","T","?","M","PTL","PTL","?","?","?","R","BOSS","M","?","?","M","M"],"items_purchased_type":["Card"],"build_version":"2020-12-22","purchased_purges":1,"victory":false,"max_hp_per_floor":[71,71,71,71,71,71,71,71,71,71,71,71,71,71,71,71,71,71,71,71,78,78,78,78,78],"relic_stats":{"Gremlin Horn":[1,1],"counters":[8,53],"Tiny Chest":2,"Eternal Feather":21,"Black Star":0,"obtain_stats":[{"Gremlin Horn":17,"Strawberry":21,"RobotSpaceExplorer:RoboCore":0,"Tiny Chest":0,"Eternal Feather":2,"The Courier":10,"Black Star":19,"Replay:Bottled Steam":9},{"Gremlin Horn":4,"Strawberry":6,"RobotSpaceExplorer:RoboCore":0,"Tiny Chest":0,"Eternal Feather":1,"The Courier":2,"Black Star":5,"Replay:Bottled Steam":2},{"Gremlin Horn":15,"Strawberry":39,"RobotSpaceExplorer:RoboCore":0,"Tiny Chest":0,"Eternal Feather":3,"The Courier":7,"Black Star":35,"Replay:Bottled Steam":7}]},"card_choices":[{"not_picked":["RobotSpaceExplorer:GlueShot","RobotSpaceExplorer:SurgingShield"],"picked":"RobotSpaceExplorer:Counterblock","floor":1.0},{"not_picked":["RobotSpaceExplorer:Pulsar","RobotSpaceExplorer:GearShield"],"picked":"RobotSpaceExplorer:Jetpack","floor":7},{"not_picked":["RobotSpaceExplorer:Reload","RobotSpaceExplorer:MetalStrike"],"picked":"RobotSpaceExplorer:ImprovisedAttack","floor":11},{"not_picked":["RobotSpaceExplorer:ShockKick","RobotSpaceExplorer:GearShield","RobotSpaceExplorer:SurgingShield"],"picked":"SKIP","floor":15},{"not_picked":["RobotSpaceExplorer:Wormhole","RobotSpaceExplorer:TrailblazerForm"],"picked":"RobotSpaceExplorer:ChargingLaser","floor":18},{"not_picked":["RobotSpaceExplorer:Counterblock","RobotSpaceExplorer:Fix","RobotSpaceExplorer:StarDust"],"picked":"SKIP","floor":20},{"not_picked":["RobotSpaceExplorer:GlueShot","RobotSpaceExplorer:Probe+1"],"picked":"RobotSpaceExplorer:JunkDive","floor":23}],"player_experience":357862,"relics_obtained":[{"floor":9,"key":"Replay:Bottled Steam"},{"floor":10,"key":"The Courier"},{"floor":17,"key":"Gremlin Horn"},{"floor":21,"key":"Strawberry"}],"event_choices":[{"damage_healed":0.0,"max_hp_gain":0.0,"max_hp_loss":0.0,"gold_gain":0.0,"event_name":"Scrap Ooze","player_choice":"Success","floor":2.0,"gold_loss":0.0,"damage_taken":26.0,"relics_obtained":["Eternal Feather"]},{"damage_healed":0.0,"max_hp_gain":0.0,"max_hp_loss":0.0,"gold_gain":150.0,"event_name":"Liars Game","player_choice":"AGREE","floor":3.0,"gold_loss":0.0,"damage_taken":0.0,"cards_obtained":["Doubt"]},{"damage_healed":0,"gold_gain":0,"player_choice":"Entered Light","damage_taken":21,"max_hp_gain":0,"max_hp_loss":0,"event_name":"Shining Light","floor":5,"gold_loss":0,"cards_upgraded":["RobotSpaceExplorer:Defend","RobotSpaceExplorer:Strike"]},{"damage_healed":0,"gold_gain":0,"cards_transformed":["RobotSpaceExplorer:Defend"],"player_choice":"Change","damage_taken":0,"max_hp_gain":0,"max_hp_loss":0,"event_name":"Living Wall","floor":14,"gold_loss":0,"cards_obtained":["RobotSpaceExplorer:TurboDodge"]},{"damage_healed":0,"gold_gain":0,"player_choice":"Read","damage_taken":0,"max_hp_gain":0,"max_hp_loss":0,"event_name":"The Library","floor":22,"gold_loss":0,"cards_obtained":["RobotSpaceExplorer:JunkDive"]}],"is_beta":false,"boss_relics":[{"not_picked":["Velvet Choker","SlaversCollar"],"picked":"Black Star"}],"items_purged_floors":[4],"is_endless":false,"potions_floor_spawned":[15,18,23],"killed_by":"Snake Plant","ascension_level":19}}