{"host":"ao4lxi9bhtts409i","time":1611078477,"event":{"mods":["AchievementEnabler","BaseMod","Colored Map","Colored Powertips","Minty Spire (QoL Compilation)","SuperFastMode"],"gold_per_floor":[112,112,127,138,138,170,16,16,40,40,52,72,72,98,98,194,194,204,99,99,14,14,14,14],"floor_reached":23,"language":"ENG","playtime":995,"items_purged":[],"score":234,"play_id":"6e5365b5-f303-4bb4-85da-e4f47f8eed4e","local_time":"20210119184757","is_ascension_mode":true,"campfire_choices":[{"data":"Creative AI","floor":8,"key":"SMITH"},{"data":"Rip and Tear","floor":13,"key":"SMITH"},{"floor":15,"key":"REST"}],"circlet_count":0,"master_deck":["Zap","Dualcast","Cold Snap","Sunder","Cold Snap","Cold Snap","Steam Power","Creative AI+1","Gash","Rip and Tear+1","Rebound","Rainbow","Thunder Strike","Self Repair","Chaos","Sweeping Beam","Barrage","Chill","Creative AI","Genetic Algorithm","Doom and Gloom","Steam","RitualDagger"],"relics":["Velvet Choker","Vajra","Regal Pillow","Ancient Tea Set","Pandora\u0027s Box","Pear"],"acts_visited":["Exordium","TheCity"],"potions_floor_usage":[12,14,16,23],"damage_taken":[{"damage":0,"enemies":"Small Slimes","floor":1,"turns":2},{"damage":9,"enemies":"Jaw Worm","floor":3,"turns":4},{"damage":0,"enemies":"2 Louse","floor":4,"turns":1},{"damage":0,"enemies":"Blue Slaver","floor":5,"turns":4},{"damage":5,"enemies":"3 Sentries","floor":6,"turns":8},{"damage":13,"enemies":"3 Louse","floor":11,"turns":3},{"damage":14,"enemies":"Exordium Wildlife","floor":12,"turns":4},{"damage":19,"enemies":"Gremlin Nob","floor":14,"turns":5},{"damage":32,"enemies":"Slime Boss","floor":16,"turns":7},{"damage":17,"enemies":"Chosen","floor":18,"turns":6},{"damage":73,"enemies":"Gremlin Leader","floor":23,"turns":6}],"seed_played":"6931693360152390098","potions_obtained":[{"floor":1,"key":"Fruit Juice"},{"floor":4,"key":"PowerPotion"},{"floor":12,"key":"SpeedPotion"},{"floor":14,"key":"SkillPotion"},{"floor":16,"key":"Weak Potion"}],"is_trial":false,"path_per_floor":["M","?","M","M","M","E","$","R","T","?","M","M","R","E","R","B",null,"M","$","?","?","?","E"],"character_chosen":"DEFECT","items_purchased":["Creative AI","Doom and Gloom","Steam"],"campfire_rested":1,"item_purchase_floors":[7,19,19],"current_hp_per_floor":[75,80,71,71,71,66,66,66,66,66,53,39,39,25,65,33,85,75,75,59,69,63,0,0],"gold":14,"neow_bonus":"BOSS_RELIC","is_daily":false,"chose_seed":false,"campfire_upgraded":2,"win_rate":0.0,"timestamp":1611078477,"path_taken":["M","?","M","M","M","E","$","R","T","?","M","?","R","E","R","BOSS","M","$","?","?","?","E"],"items_purchased_type":["Card","Card","Card"],"build_version":"2020-12-22","purchased_purges":0,"victory":false,"max_hp_per_floor":[75,80,80,80,80,80,80,80,80,80,80,80,80,85,85,85,85,85,85,90,100,100,100,100],"card_choices":[{"not_picked":["BootSequence","Barrage"],"picked":"Cold Snap","floor":1},{"not_picked":["Barrage","Leap"],"picked":"Sunder","floor":3},{"not_picked":["Chill","Blizzard"],"picked":"Cold Snap","floor":4},{"not_picked":["Chill","Leap"],"picked":"Cold Snap","floor":5},{"not_picked":["Steam","Meteor Strike"],"picked":"Steam Power","floor":6},{"not_picked":["Redo","Cold Snap"],"picked":"Gash","floor":11},{"not_picked":["Ball Lightning","Lockon"],"picked":"Rip and Tear","floor":12},{"not_picked":["Stack","Turbo"],"picked":"Rebound","floor":14},{"not_picked":["Seek","Core Surge"],"picked":"Rainbow","floor":16},{"not_picked":["Turbo","FTL","Cold Snap"],"picked":"SKIP","floor":18}],"player_experience":200802,"relics_obtained":[{"floor":6,"key":"Vajra"},{"floor":9,"key":"Regal Pillow"},{"floor":14,"key":"Ancient Tea Set"}],"event_choices":[{"damage_healed":0,"gold_gain":0,"player_choice":"Donut","damage_taken":0,"max_hp_gain":5,"max_hp_loss":0,"event_name":"Big Fish","floor":2,"gold_loss":0},{"damage_healed":0,"gold_gain":0,"player_choice":"Leave","damage_taken":0,"max_hp_gain":0,"max_hp_loss":0,"event_name":"The Cleric","floor":10,"gold_loss":0},{"damage_healed":0,"gold_gain":0,"player_choice":"Shed Blood","damage_taken":21,"max_hp_gain":5,"max_hp_loss":0,"event_name":"Forgotten Altar","floor":20,"gold_loss":0},{"damage_healed":0,"gold_gain":0,"player_choice":"Obtained Relic","damage_taken":0,"relics_obtained":["Pear"],"max_hp_gain":0,"max_hp_loss":0,"event_name":"Addict","floor":21,"gold_loss":85},{"damage_healed":0,"gold_gain":0,"player_choice":"Joined the Cult","damage_taken":6,"max_hp_gain":0,"max_hp_loss":0,"event_name":"Nest","floor":22,"gold_loss":0,"cards_obtained":["RitualDagger"]}],"is_beta":false,"boss_relics":[{"not_picked":["Nuclear Battery","SlaversCollar"],"picked":"Pandora\u0027s Box"}],"items_purged_floors":[],"is_endless":false,"potions_floor_spawned":[1,4,12,14,16],"killed_by":"Gremlin Leader","ascension_level":1}}