{"host":"7l3oksimcdddoiz3","time":1611031883,"event":{"mods":["100% Spire Juice","BaseMod","Gremlin Mod","Hermit","Lobotomy","Minty Spire (QoL Compilation)","StSLib","The Cursed","The Servant 0.9.4"],"gold_per_floor":[117,128,20,33,0,0,0,10,34,34,60,74,74,92,92,187,187,200,53,53,53],"floor_reached":20,"language":"ENG","playtime":1470,"items_purged":[],"score":174,"play_id":"4634323b-0b2f-46b3-8930-5cfb57e9af48","local_time":"20210118205123","is_ascension_mode":false,"campfire_choices":[{"floor":7,"key":"REST"},{"floor":13,"key":"REST"},{"floor":15,"key":"REST"}],"circlet_count":0,"master_deck":["Strike_G","Strike_G","Strike_G+1","Strike_G","Defend_G","Defend_G+1","Defend_G","Defend_G+1","Defend_G","Survivor","BigBird","Deflect","Dagger Throw+1","CherryBlossoms","Well Laid Plans","Dagger Spray","All Out Attack","Glass Knife","ShyLook","Dodge and Roll","Deflect","Night Terror","Underhanded Strike"],"relics":["Ring of the Snake","CogitoBucket","PreservedInsect","Whetstone","Black Star","HandDrill"],"acts_visited":["Exordium","TheCity"],"potions_floor_usage":[16,16],"damage_taken":[{"damage":5,"enemies":"Jaw Worm","floor":1,"turns":6},{"damage":0,"enemies":"Small Slimes","floor":2,"turns":5},{"damage":7,"enemies":"Cultist","floor":4,"turns":4},{"damage":1,"enemies":"Blue Slaver","floor":8,"turns":5},{"damage":18,"enemies":"Lagavulin","floor":11,"turns":7},{"damage":31,"enemies":"Looter","floor":12,"turns":5},{"damage":17,"enemies":"Exordium Thugs","floor":14,"turns":5},{"damage":3,"enemies":"Slime Boss","floor":16,"turns":7},{"damage":33,"enemies":"Spheric Guardian","floor":18,"turns":5},{"damage":5,"enemies":"3 Byrds","floor":20,"turns":4}],"seed_played":"2327121994448343196","potions_obtained":[{"floor":2,"key":"CultistPotion"},{"floor":8,"key":"SpeedPotion"},{"floor":14,"key":"AttackPotion"},{"floor":16,"key":"CultistPotion"}],"is_trial":false,"path_per_floor":["M","M","$","M","?","?","R","M","T","?","E","M","R","M","R","B",null,"M","$","M"],"character_chosen":"THE_SILENT","items_purchased":["Well Laid Plans","Crippling Poison","HandDrill"],"campfire_rested":3,"item_purchase_floors":[3,3,19],"current_hp_per_floor":[65,65,65,58,58,44,65,64,64,64,46,15,36,19,40,37,70,39,39,35,35],"gold":53,"neow_bonus":"","is_daily":false,"chose_seed":false,"campfire_upgraded":0,"win_rate":0.0,"timestamp":1611031883,"path_taken":["M","M","$","M","?","?","R","M","T","?","E","M","R","M","R","BOSS","M","$","M"],"items_purchased_type":["Card","Card","Relic"],"build_version":"2020-12-22","purchased_purges":0,"victory":false,"max_hp_per_floor":[70,70,70,70,70,70,70,70,70,70,70,70,70,70,70,70,70,70,70,70,70],"card_choices":[{"not_picked":["Laetitia","ShyLook"],"picked":"BigBird","floor":1},{"not_picked":["Calculated Gamble","All Out Attack"],"picked":"Deflect","floor":1},{"not_picked":["PiercingWail","Outmaneuver"],"picked":"Dagger Throw","floor":2},{"not_picked":["VoidDream","PunishingBird"],"picked":"CherryBlossoms","floor":2},{"not_picked":["VoidDream","ShyLook","OSAHOGD"],"picked":"Singing Bowl","floor":4},{"not_picked":["Quick Slash","Dagger Throw"],"picked":"Dagger Spray","floor":4},{"not_picked":["Concentrate","Calculated Gamble","Phantasmal Killer"],"picked":"SKIP","floor":8},{"not_picked":["Concentrate","Calculated Gamble","Phantasmal Killer"],"picked":"SKIP","floor":8},{"not_picked":["Accuracy","PiercingWail"],"picked":"Glass Knife","floor":11},{"not_picked":["CrumblingArmor","NakedNest"],"picked":"ShyLook","floor":12},{"not_picked":["Sucker Punch","Poisoned Stab"],"picked":"Dodge and Roll","floor":12},{"not_picked":["Flying Knee","Prepared"],"picked":"Deflect","floor":14},{"not_picked":["Venomology","Storm of Steel"],"picked":"Night Terror","floor":16},{"not_picked":["QueenBee","UniverseFragment"],"picked":"Funeral","floor":16},{"not_picked":["Dodge and Roll","Deadly Poison+1"],"picked":"Underhanded Strike","floor":18}],"player_experience":88700,"relics_obtained":[{"floor":9,"key":"PreservedInsect"},{"floor":11,"key":"Whetstone"}],"event_choices":[{"damage_healed":0,"gold_gain":0,"player_choice":"Left Gold","damage_taken":0,"max_hp_gain":0,"max_hp_loss":0,"event_name":"World of Goop","floor":5,"gold_loss":33},{"damage_healed":0,"gold_gain":0,"player_choice":"Entered Light","damage_taken":14,"max_hp_gain":0,"max_hp_loss":0,"event_name":"Shining Light","floor":6,"gold_loss":0,"cards_upgraded":["Defend_G","Defend_G"]},{"damage_healed":0,"gold_gain":0,"cards_transformed":["Strike_G"],"player_choice":"Transformed","damage_taken":0,"max_hp_gain":0,"max_hp_loss":0,"event_name":"Transmorgrifier","floor":10,"gold_loss":0,"cards_obtained":["All Out Attack"]}],"is_beta":false,"boss_relics":[{"not_picked":["Empty Cage","Cursed Key"],"picked":"Black Star"}],"items_purged_floors":[],"is_endless":false,"potions_floor_spawned":[2,8,14,16],"killed_by":"3 Byrds","ascension_level":0}}