{"host":"8efry9zhj4tjp5kw","time":1611070993,"event":{"mods":["Act Like it!","Aspiration","Bard","BaseMod","Beaked The Cultist","Colored Map","Colored Powertips","Conspire","Downfall","Glutton Mod","Halation","Hallownest","Hermit","Highlight Path","Hubris","Infinite Spire","Jedi Mod","Jorbs\u0027s Wanderer Trilogy","Koishi","Mad Scientist","Marisa????????","Mimic Mod","Minty Spire (QoL Compilation)","Reworked Bosses","Shop Mod","StSLib","The Administrix","The Construct","The Disciple","The Elementalist","The Factory","The Jungle","The Mystic","The Necromancer","The Runesmith","The Servant 0.9.4","Unceasing Turn Reminder"],"gold_per_floor":[0,10,30,30,30,30,60,72,109,135,18,18,36,52,72,173,173,173,188,73,73,85,98,130,162,162,190,209,209,227,266,285,285,285],"floor_reached":33,"language":"ENG","playtime":3654,"items_purged":["bronze:Strike","bronze:Strike"],"score":303,"play_id":"3693ff5f-d7a4-43dc-9c0a-78a6b9df6274","local_time":"20210119164313","is_ascension_mode":true,"campfire_choices":[{"data":"bronze:Replicate","floor":1,"key":"SMITH"},{"data":"bronze:Goto","floor":6,"key":"SMITH"},{"data":"bronze:FineTuning","floor":12,"key":"SMITH"},{"data":"bronze:Break","floor":18,"key":"SMITH"},{"floor":26,"key":"REST"},{"floor":29,"key":"REST"}],"circlet_count":0,"master_deck":["bronze:Defend","bronze:Defend","bronze:Defend","bronze:Replicate+1","bronze:Goto+1","bronze:Branch+1","bronze:ChosenStrike","bronze:Fortify","bronze:FineTuning","bronze:FineTuning+1","bronze:Boost","bronze:ItsAFeature","bronze:Break+1","bronze:BronzeArmor+1","bronze:BronzeArmor+1","bronze:Terminator","bronze:Frontload"],"relics":["bronze:BronzeCore","MawBank","halation:QuantumPhysicsTextbook","aspiration:RitualDagger","aspiration:StickyExplosives_weak","conspire:Dentures","StoneCalendar","Sundial"],"acts_visited":["Exordium","TheCity"],"potions_floor_usage":[16,16,27,30,32],"damage_taken":[{"damage":1,"enemies":"Jaw Worm","floor":2,"turns":5},{"damage":0,"enemies":"2 Louse","floor":3,"turns":3},{"damage":0,"enemies":"conspire:RoseBush","floor":7,"turns":5},{"damage":4,"enemies":"3 Sentries","floor":9,"turns":6},{"damage":1,"enemies":"conspire:RoseBush","floor":10,"turns":2},{"damage":0,"enemies":"downfall:FleeingMerchant","floor":11,"turns":4},{"damage":5,"enemies":"conspire:2 RoseBushes","floor":13,"turns":4},{"damage":5,"enemies":"Exordium Thugs","floor":14,"turns":5},{"damage":2,"enemies":"3 Louse","floor":15,"turns":4},{"damage":12,"enemies":"WA_ARCHETYPE_RETAIN","floor":16,"turns":5},{"damage":9,"enemies":"Chosen","floor":19,"turns":3},{"damage":16,"enemies":"downfall:FleeingMerchant","floor":20,"turns":4},{"damage":7,"enemies":"Shell Parasite","floor":22,"turns":2},{"damage":38,"enemies":"Chosen and Byrds","floor":23,"turns":6},{"damage":29,"enemies":"Snecko","floor":24,"turns":7},{"damage":53,"enemies":"Gremlin Leader","floor":25,"turns":4},{"damage":58,"enemies":"Slavers","floor":27,"turns":6},{"damage":9,"enemies":"Snecko","floor":28,"turns":3},{"damage":21,"enemies":"Shelled Parasite and Fungi","floor":30,"turns":5},{"damage":22,"enemies":"Snake Plant","floor":31,"turns":4},{"damage":20,"enemies":"Snake Plant","floor":32,"turns":4},{"damage":13,"enemies":"DF_ARCHETYPE_CLAW","floor":33,"turns":2}],"seed_played":"6431869356984778385","potions_obtained":[{"floor":2,"key":"jedi:StrikingPotion"},{"floor":10,"key":"sneckomod:MuddlingPotion"},{"floor":14,"key":"DistilledChaos"},{"floor":15,"key":"AttackPotion"},{"floor":22,"key":"GamblersBrew"},{"floor":23,"key":"sneckomod:MuddlingPotion"},{"floor":30,"key":"LiquidMemories"}],"is_trial":false,"path_per_floor":["R","M","M","?","?","R","MIM","?","E","M","$","R","M","M","M","B",null,"R","M","$","?","M","M","MIM","E","R","E","M","R","M","MIM","M","B"],"character_chosen":"THE_AUTOMATON","items_purchased":["bronze:Boost"],"campfire_rested":2,"item_purchase_floors":[11],"current_hp_per_floor":[70,69,69,69,69,69,69,69,65,64,64,64,59,54,52,40,70,70,61,45,45,38,70,54,26,47,10,14,35,26,18,8,0,0],"gold":285,"neow_bonus":"REMOVE_TWO","is_daily":false,"chose_seed":false,"campfire_upgraded":4,"win_rate":0.0,"timestamp":1611070993,"path_taken":["R","M","M","?","?","R","MIM","?","E","?","$","R","M","?","M","BOSS","R","M","$","?","M","?","MIM","E","R","E","M","R","M","?","M","BOSS"],"items_purchased_type":["Card"],"build_version":"2020-12-22","purchased_purges":2,"victory":false,"max_hp_per_floor":[70,70,70,70,70,70,70,70,70,70,70,70,70,70,70,70,70,70,70,70,70,70,70,70,70,70,70,70,70,70,70,70,70,70],"card_choices":[{"not_picked":["bronze:BronzeArmor","bronze:Shield"],"picked":"bronze:Branch","floor":2},{"not_picked":["bronze:BronzeOrb","bronze:Overheat"],"picked":"bronze:ChosenStrike","floor":3},{"not_picked":["bronze:OilSpill","bronze:Deprecate"],"picked":"bronze:Fortify","floor":9},{"not_picked":["bronze:Repair","bronze:GetLatest"],"picked":"bronze:FineTuning","floor":10},{"not_picked":["bronze:Overheat","bronze:Virus"],"picked":"bronze:FineTuning","floor":11},{"not_picked":["bronze:BugBarrage","bronze:Frontload"],"picked":"bronze:ItsAFeature","floor":13},{"not_picked":["bronze:DarkDash","bronze:Invalidate","bronze:BuggyMess"],"picked":"SKIP","floor":14},{"not_picked":["bronze:FineTuning","bronze:Allocate","bronze:Return"],"picked":"SKIP","floor":15},{"not_picked":["bronze:HyperBeam","bronze:FindAndReplace"],"picked":"bronze:Break","floor":16},{"not_picked":["bronze:DelayedSlice","bronze:ForceShield"],"picked":"bronze:BronzeArmor+1","floor":19},{"not_picked":["bronze:Philosophize","bronze:BugBarrage","bronze:Separator"],"picked":"SKIP","floor":20},{"not_picked":["bronze:Branch","bronze:ChosenStrike+1"],"picked":"bronze:BronzeArmor+1","floor":22},{"not_picked":["bronze:WildBeam+1","bronze:DigitalCarnage+1","bronze:WhirlingStrike+1"],"picked":"SKIP","floor":23},{"not_picked":["bronze:WildBeam","bronze:Separator+1"],"picked":"bronze:Terminator","floor":24},{"not_picked":["bronze:GetLatest","bronze:Flail+1","bronze:DelayedGuard+1"],"picked":"SKIP","floor":25},{"not_picked":["bronze:Turbo","bronze:ChosenStrike+1","bronze:GetLatest"],"picked":"SKIP","floor":27},{"not_picked":["bronze:Deprecate+1","bronze:Allocate","bronze:OilSpill"],"picked":"SKIP","floor":28},{"not_picked":["bronze:FineTuning","bronze:OilSpill","bronze:Overheat"],"picked":"SKIP","floor":30},{"not_picked":["bronze:AlphaBuild","bronze:CutThrough"],"picked":"bronze:Frontload","floor":32}],"player_experience":1071817,"relics_obtained":[{"floor":7,"key":"MawBank"},{"floor":9,"key":"halation:QuantumPhysicsTextbook"},{"floor":24,"key":"aspiration:StickyExplosives_weak"},{"floor":25,"key":"conspire:Dentures"},{"floor":27,"key":"StoneCalendar"},{"floor":31,"key":"Sundial"}],"event_choices":[{"cards_removed":["bronze:Strike"],"damage_healed":0,"gold_gain":0,"player_choice":"Offered Basic","damage_taken":0,"max_hp_gain":0,"max_hp_loss":0,"event_name":"Bonfire Elementals","floor":8,"gold_loss":0}],"is_beta":false,"boss_relics":[{"not_picked":["halation:CatFaceCupcake","Runesmith:UraniumAnvil"],"picked":"aspiration:RitualDagger"}],"items_purged_floors":[11,20],"is_endless":false,"potions_floor_spawned":[2,10,14,15,22,23,30],"killed_by":"DF_ARCHETYPE_CLAW","ascension_level":1}}