{"host":"utcbn1j9ebmpc40m","time":1611015839,"event":{"mods":["BaseMod","Better Altar","Better Match","GifTheSpireLib","Minty Spire (QoL Compilation)","Poor People Problems","StSLib","SuperFastMode","The IronCluck","The Servant 0.9.4"],"gold_per_floor":[115,115,115,129,54,81,92,105,105,105,115,115,115],"floor_reached":12,"language":"ENG","playtime":316,"items_purged":["Regret"],"score":158,"play_id":"24cd8d39-cd03-46ed-9117-78cfa63fd04b","local_time":"20210118192359","is_ascension_mode":true,"campfire_choices":[{"floor":10,"key":"REST"}],"circlet_count":0,"master_deck":["AscendersBane","Strike_G","Strike_G","Strike_G","Strike_G","Strike_G","Defend_G","Defend_G","Defend_G","Defend_G+1","Defend_G+1","Survivor","Neutralize","Backflip","Expertise","Calculated Gamble","Deflect","Deadly Poison"],"relics":["Ring of the Snake","NeowsBlessing","War Paint","Mummified Hand","Omamori"],"acts_visited":["Exordium"],"potions_floor_usage":[8],"damage_taken":[{"damage":0,"enemies":"Cultist","floor":1,"turns":1},{"damage":0,"enemies":"Jaw Worm","floor":4,"turns":1},{"damage":0,"enemies":"Lagavulin","floor":6,"turns":1},{"damage":2,"enemies":"Small Slimes","floor":7,"turns":6},{"damage":23,"enemies":"Exordium Thugs","floor":8,"turns":8},{"damage":12,"enemies":"Red Slaver","floor":11,"turns":6},{"damage":71,"enemies":"Gremlin Nob","floor":12,"turns":5}],"seed_played":"7261070684389078968","potions_obtained":[{"floor":4,"key":"Poison Potion"},{"floor":11,"key":"LiquidMemories"}],"is_trial":false,"path_per_floor":["M","?","?","M","$","E","M","M","T","R","M","E"],"character_chosen":"THE_SILENT","items_purchased":[],"campfire_rested":1,"item_purchase_floors":[],"current_hp_per_floor":[63,63,70,70,70,70,68,45,45,66,54,0,0],"gold":115,"neow_bonus":"THREE_ENEMY_KILL","is_daily":false,"chose_seed":false,"campfire_upgraded":0,"win_rate":0.0,"timestamp":1611015839,"path_taken":["M","?","?","M","$","E","M","M","T","R","?","E"],"items_purchased_type":[],"build_version":"2020-12-22","purchased_purges":1,"victory":false,"max_hp_per_floor":[70,70,70,70,70,70,70,70,70,70,70,70,70],"card_choices":[{"not_picked":["Outmaneuver","Distraction"],"picked":"Backflip","floor":1},{"not_picked":["Backstab","Infinite Blades"],"picked":"Expertise","floor":4},{"not_picked":["All Out Attack","Endless Agony"],"picked":"Calculated Gamble","floor":6},{"not_picked":["Predator","Backflip"],"picked":"Deflect","floor":7},{"not_picked":["Choke","Finisher","Cloak And Dagger"],"picked":"SKIP","floor":8},{"not_picked":["Heel Hook","Leg Sweep"],"picked":"Deadly Poison","floor":11}],"player_experience":500185,"relics_obtained":[{"floor":6,"key":"Mummified Hand"},{"floor":9,"key":"Omamori"}],"event_choices":[{"damage_healed":0,"gold_gain":0,"player_choice":"Box","damage_taken":0,"relics_obtained":["War Paint"],"max_hp_gain":0,"max_hp_loss":0,"event_name":"Big Fish","floor":2,"gold_loss":0,"cards_obtained":["Regret"]},{"damage_healed":7,"gold_gain":0,"player_choice":"Full Heal","damage_taken":0,"max_hp_gain":0,"max_hp_loss":0,"event_name":"Wheel of Change","floor":3,"gold_loss":0}],"is_beta":false,"boss_relics":[],"items_purged_floors":[5],"is_endless":false,"potions_floor_spawned":[4,11],"killed_by":"Gremlin Nob","ascension_level":10}}