{"host":"2yhbarjh4s9lrrzt","time":1611086202,"event":{"mods":["BaseMod","Better Third Choice","Minty Spire (QoL Compilation)","Replay The Spire","StSLib"],"gold_per_floor":[17,192,202,212,212,212,232,270,295,320,341,341,365,365,365,365,365],"floor_reached":16,"language":"ENG","playtime":1001,"items_purged":[],"score":104,"play_id":"38d535b3-0ed2-41db-ab11-447a8dcef244","local_time":"20210119145642","is_ascension_mode":false,"campfire_choices":[{"floor":6,"key":"REST"},{"floor":12,"key":"REST"},{"floor":15,"key":"REST"}],"circlet_count":0,"master_deck":["Strike_P","Strike_P","Strike_P+1","Strike_P+1","Defend_P","Defend_P","Defend_P","Defend_P","Eruption","Vigilance+1","SignatureMove","Doubt","CarveReality","Replay:DivineShield","Injury","JustLucky","DeceiveReality","ReachHeaven","Replay:Vibes","EmptyBody"],"relics":["PureWater","Unceasing Top","Golden Idol","Whetstone","PreservedInsect"],"acts_visited":["Exordium"],"potions_floor_usage":[7,8,16],"damage_taken":[{"damage":0,"enemies":"Small Slimes","floor":1,"turns":3},{"damage":0,"enemies":"2 Louse","floor":3,"turns":2},{"damage":9,"enemies":"Cultist","floor":4,"turns":5},{"damage":22,"enemies":"Gremlin Gang","floor":7,"turns":5},{"damage":35,"enemies":"Lagavulin","floor":8,"turns":8},{"damage":1,"enemies":"Blue Slaver","floor":10,"turns":5},{"damage":7,"enemies":"Lots of Slimes","floor":11,"turns":6},{"damage":0,"enemies":"Exordium Thugs","floor":13,"turns":4},{"damage":52,"enemies":"Hexaghost","floor":16,"turns":16}],"seed_played":"-2434143578875460400","potions_obtained":[{"floor":3,"key":"SneckoOil"},{"floor":7,"key":"Toxic Potion"},{"floor":8,"key":"Dexterity Potion"}],"is_trial":false,"path_per_floor":["M","?","M","M","?","R","M","E","T","M","M","R","M","?","R","B"],"character_chosen":"WATCHER","items_purchased":[],"campfire_rested":3,"item_purchase_floors":[],"current_hp_per_floor":[72,72,72,63,63,72,50,15,15,14,7,28,28,28,49,0,0],"gold":365,"neow_bonus":"ONE_RARE_RELIC","is_daily":false,"chose_seed":false,"campfire_upgraded":0,"win_rate":0.0,"timestamp":1611086202,"path_taken":["M","?","M","M","?","R","M","E","T","M","M","R","M","?","R","BOSS"],"items_purchased_type":[],"build_version":"2020-12-22","purchased_purges":0,"victory":false,"max_hp_per_floor":[72,72,72,72,72,72,72,72,72,72,72,72,72,72,72,72,72],"card_choices":[{"not_picked":["Consecrate","Replay:AtTheReady"],"picked":"SignatureMove","floor":1},{"not_picked":["Fasting2","WindmillStrike"],"picked":"CarveReality","floor":3},{"not_picked":["Replay:AtTheReady","Evaluate"],"picked":"Replay:DivineShield","floor":4},{"not_picked":["CarveReality","Halt"],"picked":"JustLucky","floor":7},{"not_picked":["Consecrate","ThirdEye"],"picked":"DeceiveReality","floor":8},{"not_picked":["CutThroughFate","CrushJoints"],"picked":"ReachHeaven","floor":10},{"not_picked":["Protect","Fasting2"],"picked":"Replay:Vibes","floor":11},{"not_picked":["Crescendo","DeceiveReality"],"picked":"EmptyBody","floor":13}],"player_experience":225807,"relics_obtained":[{"floor":8,"key":"Whetstone"},{"floor":9,"key":"PreservedInsect"}],"event_choices":[{"damage_healed":0,"gold_gain":175,"player_choice":"AGREE","damage_taken":17,"max_hp_gain":0,"max_hp_loss":0,"event_name":"betterThird:BetterSerpent","floor":2,"gold_loss":0},{"damage_healed":0,"gold_gain":0,"player_choice":"Take Wound","damage_taken":0,"relics_obtained":["Golden Idol"],"max_hp_gain":0,"max_hp_loss":0,"event_name":"Golden Idol","floor":5,"gold_loss":0,"cards_obtained":["Injury"]},{"damage_healed":0,"gold_gain":0,"player_choice":"Upgraded","damage_taken":0,"max_hp_gain":0,"max_hp_loss":0,"event_name":"Upgrade Shrine","floor":14,"gold_loss":0,"cards_upgraded":["Vigilance"]}],"is_beta":false,"boss_relics":[],"items_purged_floors":[],"is_endless":false,"potions_floor_spawned":[3,7,8],"killed_by":"Hexaghost","ascension_level":0}}