{"host":"sz8c8ni79nvzjmmg","time":1611033898,"event":{"mods":["AchievementEnabler","BaseMod","DeckTracker","Keyboard Shortcuts","Minty Spire (QoL Compilation)","SuperFastMode"],"gold_per_floor":[119,131,144,158,138,163,163,175,175,175,191,203,231,290,290,361,361,375,425,443,99,99,99],"floor_reached":22,"language":"KOR","playtime":751,"items_purged":["Strike_B"],"score":396,"play_id":"14d9c693-db61-4202-a356-cb9d5f7354ca","local_time":"20210119142458","is_ascension_mode":true,"campfire_choices":[{"data":"Coolheaded","floor":7.0,"key":"SMITH"},{"floor":10.0,"key":"REST"},{"data":"Recycle","floor":15,"key":"SMITH"}],"circlet_count":0,"master_deck":["AscendersBane","Strike_B","Strike_B","Strike_B","Defend_B","Defend_B","Defend_B","Defend_B","Zap","Dualcast","Lockon","Compile Driver","Coolheaded+1","Biased Cognition","Ball Lightning","Loop","Compile Driver","Recycle+1","Echo Form","Turbo+1","Reboot","Apotheosis","Hologram"],"relics":["Nuclear Battery","Regal Pillow","Strawberry","Blue Candle","Coffee Dripper"],"acts_visited":["Exordium","TheCity"],"potions_floor_usage":[14,16],"damage_taken":[{"damage":7.0,"enemies":"2 Louse","floor":1.0,"turns":3.0},{"damage":2.0,"enemies":"Cultist","floor":2.0,"turns":4.0},{"damage":2.0,"enemies":"Jaw Worm","floor":3.0,"turns":4.0},{"damage":7.0,"enemies":"2 Fungi Beasts","floor":4.0,"turns":3.0},{"damage":22.0,"enemies":"Lagavulin","floor":6.0,"turns":6.0},{"damage":2.0,"enemies":"Red Slaver","floor":8.0,"turns":3.0},{"damage":1.0,"enemies":"Blue Slaver","floor":11.0,"turns":2.0},{"damage":6.0,"enemies":"3 Louse","floor":12.0,"turns":2.0},{"damage":7,"enemies":"Gremlin Nob","floor":13,"turns":3},{"damage":7,"enemies":"Gremlin Nob","floor":14,"turns":3},{"damage":21,"enemies":"The Guardian","floor":16,"turns":11},{"damage":11,"enemies":"Spheric Guardian","floor":18,"turns":4},{"damage":41,"enemies":"3 Byrds","floor":20,"turns":5},{"damage":14,"enemies":"Centurion and Healer","floor":22,"turns":1}],"seed_played":"-2823658372667332102","potions_obtained":[{"floor":2.0,"key":"Dexterity Potion"},{"floor":3.0,"key":"AttackPotion"},{"floor":5.0,"key":"Explosive Potion"},{"floor":6.0,"key":"LiquidMemories"},{"floor":12.0,"key":"DistilledChaos"}],"is_trial":false,"path_per_floor":["M","M","M","M","?","E","R","M","T","R","M","M","E","?","R","B",null,"M","?","M","$","M"],"character_chosen":"DEFECT","items_purchased":["Apotheosis","Hologram"],"campfire_rested":1,"item_purchase_floors":[21,21],"current_hp_per_floor":[57,55,53,46,46,24,24,22,22,58,57,51,51,44,44,23,64,53,53,12,12,0,0],"gold":99,"neow_bonus":"BOSS_RELIC","is_daily":false,"chose_seed":false,"campfire_upgraded":2,"win_rate":0.0,"timestamp":1611033898,"path_taken":["M","M","M","M","?","E","R","?","T","R","M","?","E","?","R","BOSS","M","?","M","$","M"],"items_purchased_type":["Card","Card"],"build_version":"2020-12-22","purchased_purges":1,"victory":false,"max_hp_per_floor":[71,71,71,71,71,71,71,71,71,71,71,71,78,78,78,78,78,78,78,78,78,78,78],"card_choices":[{"not_picked":["Turbo","Rip and Tear"],"picked":"Lockon","floor":1.0},{"not_picked":["Undo","Coolheaded"],"picked":"Compile Driver","floor":2.0},{"not_picked":["Hello World","Conserve Battery"],"picked":"Coolheaded","floor":3.0},{"not_picked":["Stack","Force Field","Conserve Battery"],"picked":"SKIP","floor":4.0},{"not_picked":["Go for the Eyes","Hello World"],"picked":"Biased Cognition","floor":6.0},{"not_picked":["Gash","Storm"],"picked":"Ball Lightning","floor":8.0},{"not_picked":["Streamline","Coolheaded"],"picked":"Loop","floor":11.0},{"not_picked":["Reprogram","Conserve Battery"],"picked":"Compile Driver","floor":12.0},{"not_picked":["Go for the Eyes","Rainbow","Chill"],"picked":"SKIP","floor":13},{"not_picked":["Lockon","Rebound"],"picked":"Recycle","floor":14},{"not_picked":["Buffer","Creative AI"],"picked":"Echo Form","floor":16},{"not_picked":["Conserve Battery","Compile Driver"],"picked":"Turbo+1","floor":18},{"not_picked":["Double Energy","Storm"],"picked":"Reboot","floor":20}],"player_experience":1240579,"relics_obtained":[{"floor":6.0,"key":"Regal Pillow"},{"floor":13,"key":"Strawberry"},{"floor":14,"key":"Blue Candle"}],"event_choices":[{"damage_healed":0.0,"max_hp_gain":0.0,"max_hp_loss":0.0,"gold_gain":0.0,"event_name":"The Woman in Blue","player_choice":"Bought 1 Potion","floor":5.0,"gold_loss":0.0,"damage_taken":0.0},{"damage_healed":0,"gold_gain":0,"player_choice":"Searched \u00271\u0027 times","damage_taken":0,"max_hp_gain":0,"max_hp_loss":0,"event_name":"Dead Adventurer","floor":14,"gold_loss":0},{"damage_healed":0,"gold_gain":50,"player_choice":"Pray","damage_taken":0,"max_hp_gain":0,"max_hp_loss":0,"event_name":"Golden Shrine","floor":19,"gold_loss":0}],"is_beta":false,"boss_relics":[{"not_picked":["SlaversCollar","SacredBark"],"picked":"Coffee Dripper"}],"items_purged_floors":[21],"is_endless":false,"potions_floor_spawned":[2,3,6,12,13],"killed_by":"Centurion and Healer","ascension_level":20}}