{"host":"u1dfzl6o6mfmauc3","time":1611044675,"event":{"mods":["2.2 Compatiblity","AchievementEnabler","BaseMod","Block Reminder","Challenge The Spire","Dark Map","Hermit","Minty Spire (QoL Compilation)","Relic Stats","Robot Space Explorer","StSLib","The Disciple"],"gold_per_floor":[114,131,131,149,114,149,149,164,191,222,245,269,269,293,293,293,293],"floor_reached":16,"language":"ENG","playtime":704,"items_purged":[],"score":120,"play_id":"a0b9e39c-2389-43a5-9c0a-6ed04e2059f0","local_time":"20210119032435","is_ascension_mode":true,"campfire_choices":[{"floor":13,"key":"REST"},{"data":"RobotSpaceExplorer:Calculate","floor":15,"key":"SMITH"}],"circlet_count":0,"master_deck":["RobotSpaceExplorer:Strike","RobotSpaceExplorer:Strike","RobotSpaceExplorer:Strike","RobotSpaceExplorer:Defend","RobotSpaceExplorer:Defend+1","RobotSpaceExplorer:Defend","RobotSpaceExplorer:Defend","RobotSpaceExplorer:Scan","RobotSpaceExplorer:MiniLasers","RobotSpaceExplorer:MetalStrike","RobotSpaceExplorer:SurgingShield+1","RobotSpaceExplorer:Discharger","RobotSpaceExplorer:ExhaustFan","RobotSpaceExplorer:Calculate+1","RobotSpaceExplorer:SlimeMissile"],"relics":["Busted Crown","Golden Idol","Ancient Tea Set","War Paint","Blood Vial"],"acts_visited":["Exordium"],"potions_floor_usage":[10,16,16],"damage_taken":[{"damage":1,"enemies":"2 Louse","floor":1,"turns":3},{"damage":1,"enemies":"Jaw Worm","floor":2,"turns":4},{"damage":0,"enemies":"Small Slimes","floor":4,"turns":3},{"damage":45,"enemies":"Gremlin Nob","floor":6,"turns":6},{"damage":5,"enemies":"Red Slaver","floor":8,"turns":5},{"damage":6,"enemies":"3 Sentries","floor":10,"turns":8},{"damage":0,"enemies":"Large Slime","floor":11,"turns":7},{"damage":0,"enemies":"2 Fungi Beasts","floor":12,"turns":6},{"damage":1,"enemies":"Exordium Wildlife","floor":14,"turns":7},{"damage":46,"enemies":"Hexaghost","floor":16,"turns":16}],"seed_played":"-5414688958795491543","potions_obtained":[{"floor":2,"key":"Explosive Potion"},{"floor":6,"key":"Fire Potion"},{"floor":8,"key":"EssenceOfSteel"},{"floor":11,"key":"Ancient Potion"},{"floor":14,"key":"PowerPotion"}],"is_trial":false,"path_per_floor":["M","M","?","M","?","E","?","M","T","E","M","M","R","M","R","B"],"character_chosen":"RobotSpaceExplorer","items_purchased":[],"campfire_rested":1,"item_purchase_floors":[],"current_hp_per_floor":[74,73,55,55,73,28,28,23,23,17,19,21,43,44,44,0,0],"gold":293,"neow_bonus":"BOSS_RELIC","is_daily":false,"chose_seed":false,"campfire_upgraded":1,"win_rate":0.0,"timestamp":1611044675,"path_taken":["M","M","?","M","?","E","?","M","T","E","M","?","R","M","R","BOSS"],"items_purchased_type":[],"build_version":"2020-12-22","purchased_purges":0,"victory":false,"max_hp_per_floor":[75,75,75,75,75,75,75,75,75,75,75,75,75,75,75,75,75],"relic_stats":{"Blood Vial":8,"Busted Crown":18,"counters":[10,65],"Golden Idol":35,"War Paint":["RobotSpaceExplorer:Defend","RobotSpaceExplorer:SurgingShield"],"obtain_stats":[{"Blood Vial":10,"Busted Crown":0,"Golden Idol":3,"RobotSpaceExplorer:RoboCore":0,"War Paint":9,"Ancient Tea Set":6},{"Blood Vial":6,"Busted Crown":0,"Golden Idol":2,"RobotSpaceExplorer:RoboCore":0,"War Paint":5,"Ancient Tea Set":4},{"Blood Vial":29,"Busted Crown":0,"Golden Idol":7,"RobotSpaceExplorer:RoboCore":0,"War Paint":21,"Ancient Tea Set":16}]},"card_choices":[{"not_picked":[],"picked":"RobotSpaceExplorer:MetalStrike","floor":1},{"not_picked":[],"picked":"RobotSpaceExplorer:SurgingShield","floor":2},{"not_picked":["RobotSpaceExplorer:SwiftStep"],"picked":"SKIP","floor":4},{"not_picked":[],"picked":"RobotSpaceExplorer:Discharger","floor":6},{"not_picked":["RobotSpaceExplorer:SwiftStep"],"picked":"SKIP","floor":8},{"not_picked":["RobotSpaceExplorer:Reload"],"picked":"SKIP","floor":10},{"not_picked":[],"picked":"RobotSpaceExplorer:Calculate","floor":11},{"not_picked":["RobotSpaceExplorer:FrostMissile"],"picked":"SKIP","floor":12},{"not_picked":[],"picked":"RobotSpaceExplorer:SlimeMissile","floor":14}],"player_experience":117330,"relics_obtained":[{"floor":6,"key":"Ancient Tea Set"},{"floor":9,"key":"War Paint"},{"floor":10,"key":"Blood Vial"}],"event_choices":[{"damage_healed":0,"gold_gain":0,"player_choice":"Take Damage","damage_taken":18,"relics_obtained":["Golden Idol"],"max_hp_gain":0,"max_hp_loss":0,"event_name":"Golden Idol","floor":3,"gold_loss":0},{"damage_healed":18,"gold_gain":0,"player_choice":"Healed","damage_taken":0,"max_hp_gain":0,"max_hp_loss":0,"event_name":"The Cleric","floor":5,"gold_loss":35},{"damage_healed":0,"gold_gain":0,"cards_transformed":["RobotSpaceExplorer:Strike"],"player_choice":"Transformed","damage_taken":0,"max_hp_gain":0,"max_hp_loss":0,"event_name":"Transmorgrifier","floor":7,"gold_loss":0,"cards_obtained":["RobotSpaceExplorer:ExhaustFan"]}],"is_beta":false,"boss_relics":[],"items_purged_floors":[],"is_endless":false,"potions_floor_spawned":[2,6,8,11,14],"killed_by":"Hexaghost","ascension_level":1}}