{"host":"BinaryLev","time":1611071174,"event":{"mods":["BaseMod","Colored Map","Colored Powertips","Conspire","DeckTracker","Downfall","Highlight Path","Infinite Spire","Minty Spire (QoL Compilation)","Quick Restart","Random Character Button","Relic Sorter","Relic Stats","StSLib","The Blue Laboratory"],"gold_per_floor":[99,99,99,99,99,99,172,172,197,197,197,210,210,244,244,244,244,244],"floor_reached":16,"language":"ENG","playtime":543,"items_purged":[],"score":129,"play_id":"01de1c51-75a5-4509-afa0-62a1f5f6d25e","local_time":"20210119204614","is_ascension_mode":false,"campfire_choices":[{"data":"champ:Taunt","floor":1,"key":"SMITH"},{"data":"champ:SkillfulDodge","floor":11,"key":"SMITH"},{"data":"champ:DefensiveStyle","floor":13,"key":"SMITH"}],"circlet_count":0,"master_deck":["champ:Strike","champ:Strike","champ:Strike","champ:Strike","champ:Defend","champ:Defend","champ:Defend","champ:Defend","champ:Execute","champ:Taunt+1","champ:SkillfulDodge+1","champ:GutPunch","champ:TornadoPunch","champ:Shatter","champ:Taunt+1","champ:DefensiveStyle+1","champ:UltimateStance"],"relics":["champ:ChampionCrown","downfall:HeartsMalice","StrikeDummy","Ornamental Fan","Centennial Puzzle","infinitespire:Eraser","champ:FightingForDummies"],"acts_visited":["Exordium"],"potions_floor_usage":[9,14,14,15],"damage_taken":[{"damage":0,"enemies":"conspire:RoseBush","floor":3,"turns":1},{"damage":0,"enemies":"Cultist","floor":4,"turns":1},{"damage":0,"enemies":"Jaw Worm","floor":5,"turns":1},{"damage":10,"enemies":"Gremlin Nob","floor":9,"turns":5},{"damage":15,"enemies":"Exordium Wildlife","floor":12,"turns":3},{"damage":22,"enemies":"Lagavulin","floor":14,"turns":7},{"damage":0,"enemies":"3 Louse","floor":15,"turns":1},{"damage":84,"enemies":"WA_ARCHETYPE_RETAIN","floor":16,"turns":7}],"seed_played":"965826269245664337","potions_obtained":[{"floor":2,"key":"blueLaboratory:FrostheartPotion"},{"floor":2,"key":"blueLaboratory:HummingbirdPotion"},{"floor":2,"key":"SmokeBomb"},{"floor":9,"key":"PowerPotion"},{"floor":12,"key":"blueLaboratory:BottleOfVodka"}],"is_trial":false,"path_per_floor":["R","?","M","M","M","?","T","T","E","?","R","M","R","E","M","B"],"character_chosen":"THE_CHAMP","items_purchased":[],"campfire_rested":0,"item_purchase_floors":[],"current_hp_per_floor":[90,90,90,90,90,83,83,83,83,83,83,83,83,76,76,0,0,0],"gold":244,"neow_bonus":"THREE_ENEMY_KILL","is_daily":false,"chose_seed":false,"campfire_upgraded":3,"win_rate":0.0,"timestamp":1611071174,"path_taken":["R","?","M","M","?","?","T","?","E","?","R","M","R","E","M","BOSS"],"items_purchased_type":[],"build_version":"2020-12-18","purchased_purges":0,"victory":false,"max_hp_per_floor":[90,90,90,90,90,90,90,90,90,90,90,90,90,90,90,90,90,90],"relic_stats":{"Centennial Puzzle":[12],"counters":[8,23],"Ornamental Fan":[20],"obtain_stats":[{"Centennial Puzzle":8,"Ornamental Fan":7,"champ:ChampionCrown":0,"downfall:HeartsMalice":0,"infinitespire:Eraser":9,"champ:FightingForDummies":14,"StrikeDummy":6},{"Centennial Puzzle":3,"Ornamental Fan":3,"champ:ChampionCrown":0,"downfall:HeartsMalice":0,"infinitespire:Eraser":4,"champ:FightingForDummies":6,"StrikeDummy":3},{"Centennial Puzzle":0,"Ornamental Fan":0,"champ:ChampionCrown":0,"downfall:HeartsMalice":0,"infinitespire:Eraser":5,"champ:FightingForDummies":15,"StrikeDummy":0}]},"card_choices":[{"not_picked":["champ:PerfectedStrike","champ:ShieldSigil"],"picked":"champ:SkillfulDodge","floor":3},{"not_picked":["champ:TornadoPunch","champ:DeathBlow"],"picked":"champ:GutPunch","floor":4},{"not_picked":["champ:BerserkersShout","champ:CrownThrow"],"picked":"champ:TornadoPunch","floor":5},{"not_picked":["champ:Parry","champ:PerfectedStrike"],"picked":"champ:Shatter","floor":9},{"not_picked":["champ:EnragedBash","champ:BringItOn"],"picked":"champ:DefensiveStyle","floor":12},{"not_picked":["champ:BerserkerStyle","champ:BladeFlurry"],"picked":"champ:UltimateStance","floor":14}],"player_experience":1450828,"relics_obtained":[{"floor":7,"key":"Ornamental Fan"},{"floor":8,"key":"Centennial Puzzle"},{"floor":9,"key":"infinitespire:Eraser"},{"floor":14,"key":"champ:FightingForDummies"}],"event_choices":[{"damage_healed":0,"gold_gain":0,"player_choice":"Got Potions","damage_taken":0,"max_hp_gain":0,"max_hp_loss":0,"event_name":"Lab","floor":2,"gold_loss":0},{"damage_healed":0,"gold_gain":0,"player_choice":"Success","damage_taken":7,"relics_obtained":["StrikeDummy"],"max_hp_gain":0,"max_hp_loss":0,"event_name":"Scrap Ooze","floor":6,"gold_loss":0}],"is_beta":true,"boss_relics":[],"items_purged_floors":[],"is_endless":false,"potions_floor_spawned":[9,12],"killed_by":"WA_ARCHETYPE_RETAIN","ascension_level":0}}