{"host":"jm9833yuloeli2yd","time":1611093194,"event":{"mods":["BaseMod","Better Altar","Better Match","Better Note","Better Sensory Stone","Better Skull","Better Third Choice","Better Vampires","BetterRewards","Colored Map","Colored Powertips","DeckTracker","Minty Spire (QoL Compilation)","Permanent Neow","Quick Restart","Slay-I","StSLib","SuperFastMode"],"gold_per_floor":[115,133,133,133,46,77,77,95,119,133,146,174,174,191,191,268,268,285,285,35,46,96,96,96],"floor_reached":23,"language":"ENG","playtime":497,"items_purged":["Strike_B","Strike_B"],"score":602,"play_id":"36caff4f-d37a-42c8-925d-0a20f316e4c2","local_time":"20210119165314","is_ascension_mode":true,"campfire_choices":[{"data":"Zap","floor":7,"key":"SMITH"},{"data":"Loop","floor":13,"key":"SMITH"},{"data":"Undo","floor":15,"key":"SMITH"}],"circlet_count":0,"master_deck":["AscendersBane","Strike_B+1","Strike_B+1","Defend_B","Defend_B","Zap+1","Dualcast","Reinforced Body","Leap","Finesse","Rip and Tear","Rip and Tear","Steam","Cold Snap","Loop+1","Undo+1","Biased Cognition","Steam","Beam Cell","Steam Power","White Noise+1"],"relics":["Cracked Core","Whetstone","Happy Flower","PreservedInsect","Fusion Hammer","Membership Card"],"acts_visited":["TheCity"],"potions_floor_usage":[6,12,23,23],"damage_taken":[{"damage":0,"enemies":"2 Louse","floor":1,"turns":3},{"damage":7,"enemies":"Small Slimes","floor":2,"turns":3},{"damage":21,"enemies":"Lagavulin","floor":6,"turns":6},{"damage":0,"enemies":"Cultist","floor":8,"turns":3},{"damage":9,"enemies":"Red Slaver","floor":10,"turns":2},{"damage":0,"enemies":"Looter","floor":11,"turns":3},{"damage":6,"enemies":"Gremlin Nob","floor":12,"turns":3},{"damage":7,"enemies":"Exordium Wildlife","floor":14,"turns":3},{"damage":2,"enemies":"The Guardian","floor":16,"turns":13},{"damage":36,"enemies":"Shell Parasite","floor":18,"turns":5},{"damage":13,"enemies":"3 Byrds","floor":21,"turns":6},{"damage":34,"enemies":"Gremlin Leader","floor":23,"turns":5}],"seed_played":"6802242543073754172","potions_obtained":[{"floor":1,"key":"FocusPotion"},{"floor":8,"key":"BlessingOfTheForge"},{"floor":11,"key":"Block Potion"},{"floor":21,"key":"Regen Potion"}],"is_trial":false,"path_per_floor":["M","M","?","?","$","E","R","M","T","M","M","E","R","M","R","B",null,"M","?","$","M","?","E"],"character_chosen":"DEFECT","items_purchased":["Fire Potion","Reinforced Body","Rip and Tear","Membership Card","Strength Potion"],"campfire_rested":0,"item_purchase_floors":[0,0,5,20,20],"current_hp_per_floor":[58,51,56,56,56,35,35,35,35,26,26,20,20,13,13,11,60,24,24,24,11,11,0,0],"gold":96,"neow_bonus":"","is_daily":false,"chose_seed":false,"campfire_upgraded":3,"win_rate":0.0,"timestamp":1611093194,"path_taken":["M","M","?","?","$","E","R","M","T","M","M","E","R","?","R","BOSS","M","?","$","M","?","E"],"items_purchased_type":["Potion","Card","Card","Relic","Potion"],"build_version":"2020-12-22","purchased_purges":2,"victory":false,"max_hp_per_floor":[71,71,76,76,76,76,76,76,76,76,76,76,76,76,76,76,76,76,76,76,76,76,76,76],"card_choices":[{"not_picked":["Gash","Redo","Heatsinks"],"picked":"SKIP","floor":1},{"not_picked":["Redo","Steam Power"],"picked":"Leap","floor":2},{"not_picked":["Trip","The Bomb"],"picked":"Finesse","floor":4},{"not_picked":["Tempest","Redo"],"picked":"Rip and Tear","floor":6},{"not_picked":["Heatsinks","Gash"],"picked":"Steam","floor":8},{"not_picked":["Gash","Steam","Conserve Battery"],"picked":"SKIP","floor":10},{"not_picked":["Conserve Battery","Darkness"],"picked":"Cold Snap","floor":11},{"not_picked":["Aggregate","Thunder Strike"],"picked":"Loop","floor":12},{"not_picked":["Compile Driver","Barrage"],"picked":"Undo","floor":14},{"not_picked":["Amplify","Core Surge"],"picked":"Biased Cognition","floor":16},{"not_picked":["Leap","Hello World"],"picked":"Steam","floor":18},{"not_picked":["Beam Cell","Stack"],"picked":"White Noise+1","floor":21}],"player_experience":1325514,"relics_obtained":[{"floor":6,"key":"Whetstone"},{"floor":9,"key":"Happy Flower"},{"floor":12,"key":"PreservedInsect"}],"event_choices":[{"damage_healed":0,"gold_gain":0,"player_choice":"Donut","damage_taken":0,"max_hp_gain":5,"max_hp_loss":0,"event_name":"Big Fish","floor":3,"gold_loss":0},{"damage_healed":0,"gold_gain":1,"player_choice":"1","damage_taken":0,"max_hp_gain":0,"max_hp_loss":0,"event_name":"betterStone:BetterStone","floor":4,"gold_loss":0},{"damage_healed":0,"gold_gain":0,"cards_transformed":["Defend_B","Defend_B"],"player_choice":"Became Test Subject","damage_taken":0,"max_hp_gain":0,"max_hp_loss":0,"event_name":"Drug Dealer","floor":19,"gold_loss":0,"cards_obtained":["Beam Cell","Steam Power"]},{"damage_healed":0,"gold_gain":50,"player_choice":"Steal","damage_taken":0,"max_hp_gain":0,"max_hp_loss":0,"event_name":"betterThird:BetterNest","floor":22,"gold_loss":0}],"is_beta":false,"boss_relics":[{"not_picked":["SacredBark","Ectoplasm"],"picked":"Fusion Hammer"}],"items_purged_floors":[0,20],"is_endless":false,"potions_floor_spawned":[1,8,10,11,21],"killed_by":"Gremlin Leader","ascension_level":20}}