{"host":"pnw33a014vs8wril","time":1611072963,"event":{"mods":["BaseMod","Downfall","Highlight Path","Minty Spire (QoL Compilation)","StSLib"],"gold_per_floor":[99,99,112,112,126,9,33,45,85,97,109,21,45,85,113,220,232,244,276,173,273,342,242,267,297,213,293,743,754,754,804,817,922,922,922,937,1041,1138,1154,1304,1304,1369,1269,1371,1397,1409,1420,1454,1472,1472,1472,1507,522,522,522,522,522,522],"floor_reached":56,"language":"ENG","playtime":5668,"items_purged":["Slimebound:Strike_Slimebound","Slimebound:Strike_Slimebound","Slimebound:Strike_Slimebound","Normality"],"score":1047,"play_id":"092b3f29-f3c3-45eb-a2a4-c04ba4f98c12","local_time":"20210119171603","is_ascension_mode":true,"campfire_choices":[{"data":"Slimebound:CorrosiveSpit","floor":1,"key":"SMITH"},{"data":"Slimebound:GrowthPunch","floor":8,"key":"SMITH"},{"data":"Slimebound:Split","floor":10,"key":"SMITH"},{"data":"Slimebound:RallyTheTroops","floor":12,"key":"SMITH"},{"floor":18,"key":"RECALL"},{"floor":23,"key":"REST"},{"floor":30,"key":"REST"},{"floor":35,"key":"REST"},{"floor":43,"key":"REST"},{"floor":54,"key":"REST"}],"circlet_count":0,"master_deck":["Slimebound:Tackle","Slimebound:Defend_Slimebound","Slimebound:Defend_Slimebound","Slimebound:Defend_Slimebound","Slimebound:Defend_Slimebound","Slimebound:Split+1","Slimebound:CorrosiveSpit+1","Slimebound:GrowthPunch+1","Slimebound:LeechEnergy","Slimebound:ItLooksTasty+1","Slimebound:RallyTheTroops+1","Slimebound:Gluttony","Slimebound:Dissolve+1","Slimebound:SlimeTap","Slimebound:Overexert","Slimebound:Gluttony","Slimebound:ItLooksTasty","Slimebound:MegaLick+1","Slimebound:Repurpose+1","Slimebound:Dissolve","Slimebound:OozeBath","Slimebound:Schlurp","Slimebound:Nibble","Slimebound:SplitBruiser+1","downfall:Bewildered","Slimebound:RejuvenatingLick","Slimebound:HauntingLick+1","Slimebound:Dissolve+1","Slimebound:Split","Slimebound:FinishingTackle","Slimebound:RejuvenatingLick","Slimebound:MassFeed","Forethought","Slimebound:Nibble+1","Slimebound:Repurpose+1","Slimebound:Schlurp+1","Slimebound:Equalize","Slimebound:MegaLick","Slimebound:SplitLeeching","Deep Breath","expansioncontent:QuickStudy","Slimebound:Schlurp","Slimebound:SplitBruiser"],"relics":["Slimebound:AbsorbEndCombat","Ice Cream","MawBank","Bronze Scales","downfall:HeartBlessingGreen","Dead Branch","Fusion Hammer","downfall:CloakOfManyFaces","CultistMask","FaceOfCleric","NlothsMask","GremlinMask","SsserpentHead","downfall:HeartBlessingRed","Question Card","Tiny Chest","Red Mask","Old Coin","Eternal Feather","sneckomod:BabySnecko","Philosopher\u0027s Stone","Mango","downfall:GremlinSack","Slimebound:PreparedRelic","downfall:HeartBlessingBlue","Happy Flower","Bird Faced Urn","Du-Vu Doll","Akabeko","Lee\u0027s Waffle","Whetstone","War Paint"],"acts_visited":["Exordium","TheCity","TheBeyond","TheEnding"],"potions_floor_usage":[22,26,33,33,38,55,55],"damage_taken":[{"damage":1,"enemies":"Small Slimes","floor":3,"turns":4},{"damage":2,"enemies":"2 Louse","floor":5,"turns":4},{"damage":1,"enemies":"downfall:FleeingMerchant","floor":6,"turns":4},{"damage":19,"enemies":"Lagavulin","floor":9,"turns":6},{"damage":0,"enemies":"Cultist","floor":13,"turns":3},{"damage":17,"enemies":"3 Sentries","floor":14,"turns":6},{"damage":5,"enemies":"Exordium Thugs","floor":15,"turns":3},{"damage":4,"enemies":"SI_SHIV_ARCHETYPE","floor":16,"turns":5},{"damage":9,"enemies":"Shell Parasite","floor":19,"turns":4},{"damage":0,"enemies":"downfall:FleeingMerchant","floor":20,"turns":4},{"damage":10,"enemies":"downfall:FaceTrader","floor":21,"turns":5},{"damage":22,"enemies":"Snecko","floor":22,"turns":5},{"damage":23,"enemies":"Gremlin Leader","floor":25,"turns":3},{"damage":0,"enemies":"downfall:FleeingMerchant","floor":26,"turns":4},{"damage":16,"enemies":"Masked Bandits","floor":27,"turns":4},{"damage":14,"enemies":"IC_STATUS_ARCHETYPE","floor":28,"turns":4},{"damage":0,"enemies":"Cultist and Chosen","floor":29,"turns":3},{"damage":0,"enemies":"3 Cultists","floor":32,"turns":3},{"damage":14,"enemies":"DF_ARCHETYPE_CLAW","floor":33,"turns":4},{"damage":10,"enemies":"3 Darklings","floor":36,"turns":3},{"damage":44,"enemies":"2 Orb Walkers","floor":38,"turns":4},{"damage":1,"enemies":"Orb Walker","floor":39,"turns":2},{"damage":0,"enemies":"Orb Walker","floor":40,"turns":2},{"damage":14,"enemies":"Spire Growth","floor":42,"turns":3},{"damage":12,"enemies":"Reptomancer","floor":45,"turns":4},{"damage":24,"enemies":"3 Darklings","floor":46,"turns":4},{"damage":8,"enemies":"Maw","floor":47,"turns":4},{"damage":3,"enemies":"Giant Head","floor":48,"turns":5},{"damage":1,"enemies":"Sphere and 2 Shapes","floor":49,"turns":3},{"damage":19,"enemies":"WA_ARCHETYPE_DIVINITY","floor":50,"turns":7},{"damage":52,"enemies":"downfall:CharBossMerchant","floor":52,"turns":6},{"damage":10,"enemies":"downfall:NeowBoss","floor":55,"turns":9},{"damage":202,"enemies":"downfall:NeowBossFinal","floor":56,"turns":6}],"seed_played":"-2936689322583488070","potions_obtained":[{"floor":5,"key":"Swift Potion"},{"floor":11,"key":"EssenceOfSteel"},{"floor":11,"key":"EssenceOfSteel"},{"floor":14,"key":"SkillPotion"},{"floor":22,"key":"Block Potion"},{"floor":29,"key":"CultistPotion"},{"floor":32,"key":"Slimebound:SlimyTonguePotion"},{"floor":33,"key":"Guardian:BlockOnCardUsePotion"},{"floor":39,"key":"FairyPotion"},{"floor":40,"key":"Slimebound:SlimyTonguePotion"}],"is_trial":false,"path_per_floor":["R","?","M","?","M","$","T","R","E","R","?","R","M","E","M","B",null,"R","M","$","?","M","R","T","E","$","?","?","M","R","?","M","B",null,"R","M","T","?","M","?","T","M","R","T","E","M","M","E","M","B",null,"E","$","R","B","B"],"character_chosen":"SLIMEBOUND","items_purchased":["Slimebound:ItLooksTasty","Slimebound:OozeBath","Tiny Chest","Lee\u0027s Waffle","Whetstone","War Paint","Deep Breath","expansioncontent:QuickStudy","Slimebound:Schlurp","Slimebound:SplitBruiser"],"campfire_rested":5,"item_purchase_floors":[6,26,26,53,53,53,53,53,53,53],"current_hp_per_floor":[47,47,50,55,61,68,68,68,53,53,53,53,57,48,51,55,70,70,67,70,61,46,67,67,49,54,47,42,51,76,76,77,66,78,78,71,71,50,58,65,65,58,107,107,96,92,103,114,117,118,119,70,127,127,128,0,0,0],"gold":522,"neow_bonus":"ONE_RARE_RELIC","is_daily":false,"chose_seed":false,"campfire_upgraded":4,"win_rate":0.0,"timestamp":1611072963,"path_taken":["R","?","M","?","M","$","T","R","E","R","?","R","?","E","M","BOSS","R","M","$","?","?","R","T","E","$","?","?","M","R","?","M","BOSS","R","M","?","?","M","?","T","?","R","?","E","M","M","E","M","BOSS","E","$","R","BOSS","BOSS"],"items_purchased_type":["Card","Card","Relic","Relic","Relic","Relic","Card","Card","Card","Card"],"build_version":"2020-12-22","purchased_purges":4,"victory":false,"max_hp_per_floor":[65,65,65,70,70,70,70,70,70,70,70,70,70,70,70,70,70,70,70,70,70,71,71,71,72,73,74,75,76,76,76,77,78,78,78,79,79,94,95,96,96,97,107,107,108,112,113,114,118,119,119,120,127,127,128,128,128,128],"card_choices":[{"not_picked":["Slimebound:SplitLeeching","Slimebound:SamplingLick"],"picked":"Slimebound:GrowthPunch","floor":3},{"not_picked":["Slimebound:LeechingTouch","Slimebound:Equalize","Slimebound:FinishingTackle"],"picked":"SKIP","floor":5},{"not_picked":["Slimebound:BestDefense","Slimebound:Equalize"],"picked":"Slimebound:LeechEnergy","floor":6},{"not_picked":["Slimebound:DivideAndConquer","Slimebound:ProtectTheBoss"],"picked":"Slimebound:RallyTheTroops","floor":9},{"not_picked":["Slimebound:ForwardTackle","Slimebound:FormOfPuddle"],"picked":"Slimebound:Gluttony","floor":13},{"not_picked":["Slimebound:RollThrough","Slimebound:FormOfPuddle"],"picked":"Slimebound:Dissolve","floor":14},{"not_picked":["Slimebound:LeechEnergy","Slimebound:ViciousTackle"],"picked":"Slimebound:SlimeTap","floor":15},{"not_picked":["Slimebound:PrepareCrush","Slimebound:RallyTheTroops"],"picked":"Slimebound:Overexert","floor":16},{"not_picked":["Slimebound:LevelUp","Slimebound:Prepare+1"],"picked":"Slimebound:Gluttony","floor":19},{"not_picked":["Slimebound:FinishingTackle","Slimebound:AcidTongue"],"picked":"Slimebound:ItLooksTasty","floor":20},{"not_picked":["Slimebound:SlimeSpikes+1","Slimebound:ItLooksTasty"],"picked":"Slimebound:MegaLick+1","floor":21},{"not_picked":["Slimebound:LevelUp","Slimebound:SplitMire+1"],"picked":"Slimebound:Repurpose+1","floor":22},{"not_picked":["Slimebound:SlimeBrawl","Slimebound:SlimeBarrage","Slimebound:GoopTackle"],"picked":"SKIP","floor":25},{"not_picked":["Slimebound:Chomp","Slimebound:MegaLick","Slimebound:Replication"],"picked":"Slimebound:Dissolve","floor":26},{"not_picked":["Slimebound:ComboTackle","Slimebound:SlimeSpikes","Slimebound:SplitMire"],"picked":"Slimebound:Schlurp","floor":27},{"not_picked":["Slimebound:AcidTongue","Slimebound:GoopTackle","Slimebound:LivingWall"],"picked":"Slimebound:Nibble","floor":28},{"not_picked":["Slimebound:ServeAndProtect+1","Slimebound:PressTheAttack","Slimebound:Grow"],"picked":"Slimebound:SplitBruiser","floor":29},{"not_picked":["Slimebound:ItLooksTasty","Slimebound:OneTwoCombo","Slimebound:RainOfGoop+1"],"picked":"Slimebound:RejuvenatingLick","floor":32},{"not_picked":["Slimebound:LivingWall+1","Slimebound:ComboTackle","Slimebound:ItLooksTasty","Slimebound:GoopSpray+1"],"picked":"SKIP","floor":36},{"not_picked":["Slimebound:ItLooksTasty+1","Slimebound:FlameTackle+1","Slimebound:DivideAndConquer+1"],"picked":"Slimebound:HauntingLick+1","floor":38},{"not_picked":["Slimebound:PressTheAttack+1","Slimebound:LeechEnergy+1","Slimebound:ForwardTackle+1"],"picked":"Slimebound:Dissolve+1","floor":39},{"not_picked":["Slimebound:LivingWall","Slimebound:GrowthPunch","Slimebound:Grow","Slimebound:FinishingTackle+1"],"picked":"SKIP","floor":42},{"not_picked":["Slimebound:SplitAcid","Slimebound:HungryTackle","Slimebound:LivingWall+1"],"picked":"Slimebound:Nibble","floor":45},{"not_picked":["Slimebound:SplitSpecialist","Slimebound:ComboTackle+1","Slimebound:FinishingTackle+1"],"picked":"Slimebound:Repurpose+1","floor":46},{"not_picked":["Slimebound:CheckThePlaybook","Slimebound:RainOfGoop","Slimebound:ComboTackle+1"],"picked":"Slimebound:Schlurp+1","floor":47},{"not_picked":["Slimebound:PressTheAttack+1","Slimebound:SlimeBarrage","Slimebound:ServeAndProtect"],"picked":"Slimebound:Equalize","floor":48},{"not_picked":["Slimebound:GoopSpray","Slimebound:HungryTackle+1","Slimebound:GoopTackle+1"],"picked":"Slimebound:MegaLick","floor":49},{"not_picked":["Slimebound:ServeAndProtect","Slimebound:ItLooksTasty","Slimebound:SlimeSpikes+1"],"picked":"Slimebound:SplitLeeching","floor":52}],"player_experience":963240,"relics_obtained":[{"floor":7,"key":"MawBank"},{"floor":9,"key":"Bronze Scales"},{"floor":14,"key":"Dead Branch"},{"floor":21,"key":"downfall:CloakOfManyFaces"},{"floor":25,"key":"Question Card"},{"floor":27,"key":"Red Mask"},{"floor":28,"key":"Old Coin"},{"floor":28,"key":"Eternal Feather"},{"floor":38,"key":"Mango"},{"floor":40,"key":"downfall:GremlinSack"},{"floor":41,"key":"Slimebound:PreparedRelic"},{"floor":44,"key":"Happy Flower"},{"floor":45,"key":"Bird Faced Urn"},{"floor":48,"key":"Du-Vu Doll"},{"floor":52,"key":"Akabeko"}],"event_choices":[{"damage_healed":0,"gold_gain":0,"player_choice":"Donut","damage_taken":0,"max_hp_gain":5,"max_hp_loss":0,"event_name":"Big Fish","floor":4,"gold_loss":0},{"damage_healed":0,"gold_gain":0,"player_choice":"Got Potions","damage_taken":0,"max_hp_gain":0,"max_hp_loss":0,"event_name":"Lab","floor":11,"gold_loss":0},{"damage_healed":0,"gold_gain":0,"player_choice":"Fought Bandits","damage_taken":0,"max_hp_gain":0,"max_hp_loss":0,"event_name":"Masked Bandits","floor":27,"gold_loss":0},{"damage_healed":0,"gold_gain":0,"player_choice":"Fight","damage_taken":0,"max_hp_gain":0,"max_hp_loss":0,"event_name":"Mysterious Sphere","floor":38,"gold_loss":0}],"is_beta":false,"boss_relics":[{"not_picked":["Black Star","Astrolabe"],"picked":"Fusion Hammer"},{"not_picked":["Sozu","Empty Cage"],"picked":"Philosopher\u0027s Stone"}],"items_purged_floors":[6,20,26,53],"is_endless":false,"potions_floor_spawned":[5,14,15,21,22,29,32,33,39,40,42,47,49,52],"killed_by":"downfall:NeowBossFinal","ascension_level":3}}