{"host":"xp5rvh2jwe2ejyfm","time":1611037253,"event":{"mods":["BaseMod","Hermit","Minty Spire (QoL Compilation)","Replay The Spire","StSLib","The Construct","The Cursed","The Disciple","The Hierophant","The Necromancer","The Runesmith"],"gold_per_floor":[116,126,126,142,142,176,193,193,216,234,250,270,32,48,48,149,149,138,149,160,171,14,14,25,25,25,25,25,25,25,35,35,35,35],"floor_reached":33,"language":"ENG","playtime":1313,"items_purged":[],"score":255,"play_id":"e9d205de-6a9d-4e46-96cf-f941174a06e7","local_time":"20210119012053","is_ascension_mode":false,"campfire_choices":[{"floor":8,"key":"REST"},{"floor":15,"key":"REST"},{"floor":23,"key":"REST"},{"floor":25,"key":"DIG"},{"floor":28,"key":"REST"},{"floor":32,"key":"REST"}],"circlet_count":0,"master_deck":["TheCursedMod:Strike_TheCursed","TheCursedMod:Strike_TheCursed","TheCursedMod:Strike_TheCursed","TheCursedMod:Strike_TheCursed+1","TheCursedMod:Defend_TheCursed","TheCursedMod:Defend_TheCursed+1","TheCursedMod:Defend_TheCursed","TheCursedMod:CursedWand+1","TheCursedMod:CleanUpWorkshop","TheCursedMod:Dregs","TheCursedMod:CircleOfCorruption","TheCursedMod:CursedBlade+1","TheCursedMod:TacticalStrike","TheCursedMod:AshesToAshes","TheCursedMod:OutForBlood","TheCursedMod:WearCloak","TheCursedMod:Obscuration","TheCursedMod:RavingStaff","TheCursedMod:SmokeScreen","TheCursedMod:VoidForm","TheCursedMod:CircleOfAbyss","ReplayTheSpireMod:Faulty Equipment","Clumsy","Clumsy","TheCursedMod:CircleOfFlame+1","TheCursedMod:DoubleShield","TheCursedMod:CircleOfCorruption","TheCursedMod:CircleOfFlame","TheCursedMod:Torture","TheCursedMod:VoidForm"],"relics":["TheCursedMod:BlackMagic101","NeowsBlessing","Tiny Chest","ReplayTheSpireMod:TigerMarble","StrikeDummy","Replay:Ancient Bell","Vajra","ReplayTheSpireMod:Shallot","Shovel","PreservedInsect","Juzu Bracelet","Whetstone","Toxic Egg 2"],"acts_visited":["Exordium","TheCity"],"potions_floor_usage":[7,12,16,20,24,27],"damage_taken":[{"damage":0,"enemies":"Cultist","floor":1,"turns":1},{"damage":0,"enemies":"Small Slimes","floor":2,"turns":1},{"damage":0,"enemies":"2 Louse","floor":4,"turns":1},{"damage":15,"enemies":"Gremlin Nob","floor":6,"turns":4},{"damage":10,"enemies":"Lots of Slimes","floor":7,"turns":2},{"damage":13,"enemies":"Exordium Thugs","floor":10,"turns":5},{"damage":0,"enemies":"Exordium Wildlife","floor":11,"turns":3},{"damage":0,"enemies":"3 Louse","floor":12,"turns":2},{"damage":0,"enemies":"Lots of Slimes","floor":14,"turns":3},{"damage":41,"enemies":"The Guardian","floor":16,"turns":10},{"damage":0,"enemies":"2 Thieves","floor":18,"turns":4},{"damage":22,"enemies":"Shell Parasite","floor":19,"turns":5},{"damage":15,"enemies":"Snake Plant","floor":20,"turns":5},{"damage":30,"enemies":"Shelled Parasite and Fungi","floor":21,"turns":10},{"damage":21,"enemies":"Cultist and Chosen","floor":24,"turns":8},{"damage":0,"enemies":"Snake Plant","floor":27,"turns":1},{"damage":40,"enemies":"3 Cultists","floor":31,"turns":6},{"damage":31,"enemies":"Collector","floor":33,"turns":7}],"seed_played":"-5943175545175679179","potions_obtained":[{"floor":4,"key":"Explosive Potion"},{"floor":6,"key":"Ancient Potion"},{"floor":7,"key":"ColorlessPotion"},{"floor":12,"key":"AttackPotion"},{"floor":19,"key":"Weak Potion"},{"floor":21,"key":"Regen Potion"},{"floor":24,"key":"SmokeBomb"}],"is_trial":false,"path_per_floor":["M","M","?","M","?","E","M","R","T","M","M","M","$","M","R","B",null,"M","M","M","M","$","R","M","R","T","M","R","?","T","M","R","B"],"character_chosen":"THE_CURSED","items_purchased":["StrikeDummy","PreservedInsect"],"campfire_rested":5,"item_purchase_floors":[13,22],"current_hp_per_floor":[75,75,60,60,60,45,35,57,57,44,44,44,44,44,66,25,75,75,53,38,8,8,30,24,24,24,24,46,46,46,6,28,0,0],"gold":35,"neow_bonus":"THREE_ENEMY_KILL","is_daily":false,"chose_seed":false,"campfire_upgraded":0,"win_rate":0.0,"timestamp":1611037253,"path_taken":["M","?","?","M","?","E","M","R","T","M","M","M","$","M","R","BOSS","M","M","M","?","$","R","M","R","T","M","R","?","?","M","R","BOSS"],"items_purchased_type":["Relic","Relic"],"build_version":"2020-12-22","purchased_purges":0,"victory":false,"max_hp_per_floor":[75,75,75,75,75,75,75,75,75,75,75,75,75,75,75,75,75,75,75,75,75,75,75,75,75,75,75,75,75,75,75,75,75,75],"card_choices":[{"not_picked":["TheCursedMod:AshesToAshes","TheCursedMod:Wield"],"picked":"TheCursedMod:CircleOfCorruption","floor":1},{"not_picked":["TheCursedMod:CursedMace","TheCursedMod:DoubleShield"],"picked":"TheCursedMod:CursedBlade","floor":2},{"not_picked":["TheCursedMod:CursedAmulet","TheCursedMod:ShockAndAwe"],"picked":"TheCursedMod:TacticalStrike","floor":4},{"not_picked":["TheCursedMod:Mangle","TheCursedMod:AntiAging"],"picked":"TheCursedMod:OutForBlood","floor":6},{"not_picked":["TheCursedMod:Stigma","TheCursedMod:RavingStaff"],"picked":"TheCursedMod:WearCloak","floor":7},{"not_picked":["TheCursedMod:Evocation","TheCursedMod:SoulCrush"],"picked":"TheCursedMod:Obscuration","floor":10},{"not_picked":["TheCursedMod:Wield","TheCursedMod:Stretching"],"picked":"TheCursedMod:RavingStaff","floor":11},{"not_picked":["TheCursedMod:TacticalStrike","TheCursedMod:FleshFromBone"],"picked":"TheCursedMod:SmokeScreen","floor":12},{"not_picked":["TheCursedMod:CircleOfCorruption","TheCursedMod:CursedAmulet"],"picked":"TheCursedMod:VoidForm","floor":14},{"not_picked":["TheCursedMod:ShockAndAwe","TheCursedMod:DemonicPact"],"picked":"TheCursedMod:CircleOfAbyss","floor":16},{"not_picked":["Languid","Overencumbered"],"picked":"ReplayTheSpireMod:Faulty Equipment","floor":17},{"not_picked":["Voices","Parasite"],"picked":"Clumsy","floor":17},{"not_picked":["Looming Evil","Spreading Infection"],"picked":"Clumsy","floor":17},{"not_picked":["TheCursedMod:FleshFromBone+1","TheCursedMod:CursedBoomerang"],"picked":"TheCursedMod:CircleOfFlame+1","floor":18},{"not_picked":["TheCursedMod:CursedMace","TheCursedMod:Obscuration"],"picked":"TheCursedMod:DoubleShield","floor":19},{"not_picked":["TheCursedMod:SmokeScreen+1","TheCursedMod:VitalStrike"],"picked":"TheCursedMod:CircleOfCorruption","floor":20},{"not_picked":["TheCursedMod:WearCloak","TheCursedMod:CursedMace"],"picked":"TheCursedMod:CircleOfFlame","floor":21},{"not_picked":["TheCursedMod:SmokeScreen","TheCursedMod:SurpriseAttack"],"picked":"TheCursedMod:Torture","floor":24},{"not_picked":["TheCursedMod:WearCloak+1","TheCursedMod:Evocation+1"],"picked":"TheCursedMod:VoidForm","floor":31}],"player_experience":246189,"relics_obtained":[{"floor":6,"key":"Tiny Chest"},{"floor":9,"key":"ReplayTheSpireMod:TigerMarble"},{"floor":25,"key":"Juzu Bracelet"},{"floor":26,"key":"Whetstone"},{"floor":30,"key":"Toxic Egg 2"}],"event_choices":[{"damage_healed":0,"gold_gain":0,"player_choice":"Entered Light","damage_taken":15,"max_hp_gain":0,"max_hp_loss":0,"event_name":"Shining Light","floor":3,"gold_loss":0,"cards_upgraded":["TheCursedMod:Defend_TheCursed","TheCursedMod:Strike_TheCursed"]},{"damage_healed":0,"gold_gain":0,"cards_transformed":["TheCursedMod:Defend_TheCursed"],"player_choice":"Transformed","damage_taken":0,"max_hp_gain":0,"max_hp_loss":0,"event_name":"Transmorgrifier","floor":5,"gold_loss":0,"cards_obtained":["TheCursedMod:AshesToAshes"]}],"is_beta":false,"boss_relics":[{"not_picked":["ReplayTheSpireMod:DimensionalGlitch","Abe\u0027s Treasure"],"picked":"Replay:Ancient Bell"},{"not_picked":["Omamori","Nunchaku"],"picked":"Vajra"},{"not_picked":["Replay:Ringing Soul","Replay:Bottled Snecko"],"picked":"ReplayTheSpireMod:Shallot"},{"not_picked":["Unceasing Top","Replay:PocketPolymizer"],"picked":"Shovel"}],"items_purged_floors":[],"is_endless":false,"potions_floor_spawned":[4,6,7,12,19,21,24],"killed_by":"Collector","ascension_level":0}}