{"host":"viepjj0bn20d0lzc","time":1611073662,"event":{"mods":["AchievementEnabler","BaseMod","Better Altar","Better Match","Better Note","Better Sensory Stone","Better Skull","Better Third Choice","Better Vampires","Block Reminder","Colored Map","Colored Powertips","Disable Question Mark Monsters","Downfall","Hermit","Highlight Path","Hubris","Mimic Mod","Minty Spire (QoL Compilation)","Permanent Neow","Practice Mode","Quick Restart","Random Character Button","Rare Cards Sparkle","Relic Sorter","StSLib","The Blue Laboratory","The Cursed","The Jungle","The Runesmith","Wandering Minibosses"],"gold_per_floor":[14,34,34,44,44,78,78,92,92,167,186,201,233,248,248,248,248],"floor_reached":16,"language":"ENG","playtime":593,"items_purged":[],"score":114,"play_id":"8650c7fc-8622-4126-9b73-6ac0901863a9","local_time":"20210119102742","is_ascension_mode":false,"campfire_choices":[{"floor":15,"key":"REST"}],"circlet_count":0,"master_deck":["Strike_R","Strike_R","Strike_R","Strike_R","Strike_R","Defend_R+1","Defend_R","Defend_R","Defend_R","Bash","Carnage","Armaments","Seeing Red+1","Thunderclap","hubris:NaturalOne","Impervious","Pommel Strike","Whirlwind"],"relics":["Burning Blood","Torii","Boot","hubris:Icosahedron","Unceasing Top","HornCleat","War Paint"],"acts_visited":["Exordium"],"potions_floor_usage":[16],"damage_taken":[{"damage":1,"enemies":"2 Louse","floor":1,"turns":4},{"damage":10,"enemies":"Small Slimes","floor":2,"turns":3},{"damage":6,"enemies":"Cultist","floor":4,"turns":3},{"damage":38,"enemies":"Gremlin Nob","floor":6,"turns":5},{"damage":12,"enemies":"Exordium Wildlife","floor":8,"turns":4},{"damage":0,"enemies":"3 Louse","floor":11,"turns":3},{"damage":12,"enemies":"Blue Slaver","floor":12,"turns":4},{"damage":37,"enemies":"Lagavulin","floor":13,"turns":7},{"damage":19,"enemies":"2 Fungi Beasts","floor":14,"turns":4},{"damage":69,"enemies":"Hexaghost","floor":16,"turns":11}],"seed_played":"-4588851109145530268","potions_obtained":[{"floor":1,"key":"BloodPotion"},{"floor":6,"key":"blueLaboratory:HorrorPotion"},{"floor":8,"key":"CultistPotion"}],"is_trial":false,"path_per_floor":["M","M","?","M","?","E","?","M","T","?","M","M","E","M","R","B"],"character_chosen":"IRONCLAD","items_purchased":[],"campfire_rested":1,"item_purchase_floors":[],"current_hp_per_floor":[80,76,76,76,76,44,44,80,80,69,75,69,38,25,49,0,0],"gold":248,"neow_bonus":"ONE_RARE_RELIC","is_daily":false,"chose_seed":false,"campfire_upgraded":0,"win_rate":0.0,"timestamp":1611073662,"path_taken":["M","M","?","M","?","E","?","?","T","?","M","M","E","M","R","BOSS"],"items_purchased_type":[],"build_version":"2020-12-22","purchased_purges":0,"victory":false,"max_hp_per_floor":[80,80,80,80,80,80,80,80,80,80,80,80,80,80,80,80,80],"card_choices":[{"not_picked":["Pommel Strike","Twin Strike"],"picked":"Carnage","floor":1},{"not_picked":["Bludgeon","Warcry"],"picked":"Armaments","floor":2},{"not_picked":["Warcry","Headbutt","Thunderclap"],"picked":"SKIP","floor":4},{"not_picked":["Clash","Body Slam"],"picked":"Seeing Red","floor":6},{"not_picked":["True Grit","Warcry"],"picked":"Thunderclap","floor":8},{"not_picked":["Hemokinesis","Warcry"],"picked":"Impervious","floor":11},{"not_picked":["Warcry","Dropkick"],"picked":"Pommel Strike","floor":12},{"not_picked":["Clash","Carnage","Iron Wave"],"picked":"SKIP","floor":13},{"not_picked":["Headbutt","hubris:ReadiedAction"],"picked":"Whirlwind","floor":14}],"player_experience":29489,"relics_obtained":[{"floor":6,"key":"Unceasing Top"},{"floor":9,"key":"HornCleat"},{"floor":13,"key":"War Paint"}],"event_choices":[{"damage_healed":0,"gold_gain":0,"player_choice":"Box","damage_taken":0,"relics_obtained":["Boot"],"max_hp_gain":0,"max_hp_loss":0,"event_name":"Big Fish","floor":3,"gold_loss":0,"cards_obtained":["Regret"]},{"cards_removed":["Regret"],"damage_healed":0,"gold_gain":0,"player_choice":"Removed Curses","damage_taken":0,"max_hp_gain":0,"max_hp_loss":0,"event_name":"Fountain of Cleansing","floor":7,"gold_loss":0},{"damage_healed":0,"gold_gain":75,"player_choice":"Gold","damage_taken":11,"max_hp_gain":0,"max_hp_loss":0,"event_name":"betterThird:BetterGoop","floor":10,"gold_loss":0}],"is_beta":false,"boss_relics":[],"items_purged_floors":[],"is_endless":false,"potions_floor_spawned":[1,6,8],"killed_by":"Hexaghost","ascension_level":0}}