{"host":"640uue19m79c7wbt","time":1611028756,"event":{"mods":["BaseMod","Colored Map","Googly Eyes","Highlight Path","Minty Spire (QoL Compilation)","Quick Restart","StSLib"],"gold_per_floor":[110,124,124,43,43,70,70,102,102,121,271,50,63,86,86,160,160,175,175,175,75,90,90,120,120,143,162,162,162,87,105,105,178,178,192,247,70,70,70],"floor_reached":38,"language":"ENG","playtime":1483,"items_purged":["Doubt","Strike_G","Flying Knee"],"score":740,"play_id":"3391b966-6f92-4c83-ba8a-7438784ecadc","local_time":"20210118225916","is_ascension_mode":true,"campfire_choices":[{"data":"Tools of the Trade","floor":7.0,"key":"SMITH"},{"floor":15.0,"key":"REST"},{"floor":23.0,"key":"REST"},{"floor":28,"key":"REST"},{"floor":32,"key":"REST"}],"circlet_count":0,"master_deck":["AscendersBane","Defend_G","Defend_G","Defend_G","Survivor","Neutralize","Underhanded Strike","Reflex","Tactician","Calculated Gamble","Tools of the Trade+1","Eviscerate","Eviscerate","Underhanded Strike","Burst","Phantasmal Killer","Grand Finale+1","PiercingWail+1","Well Laid Plans+1","Blur","Terror","Prepared","Underhanded Strike","Adrenaline"],"relics":["Ring of the Snake","NeowsBlessing","Torii","TungstenRod","Bottled Flame","Lantern","Odd Mushroom","Astrolabe","Enchiridion","The Courier","Boot","Busted Crown","The Specimen"],"acts_visited":["Exordium","TheCity","TheBeyond"],"potions_floor_usage":[27,31,38],"damage_taken":[{"damage":0.0,"enemies":"Small Slimes","floor":1.0,"turns":1.0},{"damage":0.0,"enemies":"Jaw Worm","floor":2.0,"turns":1.0},{"damage":0.0,"enemies":"3 Sentries","floor":6.0,"turns":1.0},{"damage":9.0,"enemies":"Gremlin Nob","floor":8.0,"turns":4.0},{"damage":0.0,"enemies":"2 Louse","floor":10.0,"turns":3.0},{"damage":5.0,"enemies":"Looter","floor":13.0,"turns":3.0},{"damage":0.0,"enemies":"The Mushroom Lair","floor":14.0,"turns":2.0},{"damage":47.0,"enemies":"Slime Boss","floor":16.0,"turns":12.0},{"damage":0.0,"enemies":"3 Byrds","floor":18.0,"turns":5.0},{"damage":0.0,"enemies":"Shell Parasite","floor":22.0,"turns":4.0},{"damage":14.0,"enemies":"Slavers","floor":24.0,"turns":7.0},{"damage":14,"enemies":"Cultist and Chosen","floor":27,"turns":4},{"damage":15,"enemies":"Shelled Parasite and Fungi","floor":31,"turns":6},{"damage":31,"enemies":"Collector","floor":33,"turns":8},{"damage":13,"enemies":"Orb Walker","floor":35,"turns":3},{"damage":27,"enemies":"2 Orb Walkers","floor":36,"turns":5},{"damage":37,"enemies":"3 Shapes","floor":38,"turns":3}],"seed_played":"-7305636097996923332","potions_obtained":[{"floor":2.0,"key":"EssenceOfSteel"},{"floor":6.0,"key":"AttackPotion"},{"floor":13.0,"key":"SneckoOil"},{"floor":14.0,"key":"Dexterity Potion"},{"floor":16.0,"key":"BlessingOfTheForge"},{"floor":24.0,"key":"DuplicationPotion"},{"floor":27,"key":"EssenceOfSteel"}],"is_trial":false,"path_per_floor":["M","M","?","$","?","E","R","E","T","M","?","$","M","?","R","B",null,"M","?","?","$","M","R","E","?","T","M","R","?","?","M","R","B",null,"M","?","$","M"],"character_chosen":"THE_SILENT","items_purchased":["Calculated Gamble","Lantern","Fruit Juice"],"campfire_rested":4,"item_purchase_floors":[4,12,37],"current_hp_per_floor":[59,59,59,59,52,52,52,43,43,43,43,43,38,38,57,10,52,52,52,35,35,35,54,40,40,40,26,45,45,45,30,49,18,54,41,14,14,0,0],"gold":70,"neow_bonus":"THREE_ENEMY_KILL","is_daily":false,"chose_seed":false,"campfire_upgraded":1,"win_rate":0.0,"timestamp":1611028756,"path_taken":["M","M","?","$","?","E","R","E","T","M","?","$","M","?","R","BOSS","M","?","?","$","M","R","E","?","T","M","R","?","?","M","R","BOSS","M","?","$","M"],"items_purchased_type":["Card","Relic","Potion"],"build_version":"2020-12-22","purchased_purges":3,"victory":false,"max_hp_per_floor":[66,66,66,66,66,66,66,66,66,66,66,66,66,66,66,66,66,66,66,66,66,66,66,66,66,66,66,66,66,66,66,66,66,66,66,66,66,71,71],"card_choices":[{"not_picked":["PiercingWail","Blade Dance"],"picked":"Underhanded Strike","floor":1.0},{"not_picked":["Dodge and Roll","Blade Dance"],"picked":"Reflex","floor":2.0},{"not_picked":["Outmaneuver","Underhanded Strike"],"picked":"Tools of the Trade","floor":6.0},{"not_picked":["Dagger Throw","Bane"],"picked":"Eviscerate","floor":8.0},{"not_picked":["Bane","Deadly Poison"],"picked":"Eviscerate","floor":10.0},{"not_picked":["PiercingWail","Dagger Throw"],"picked":"Underhanded Strike","floor":13.0},{"not_picked":["Deadly Poison","Outmaneuver"],"picked":"Burst","floor":14.0},{"not_picked":["Unload","Storm of Steel"],"picked":"Phantasmal Killer","floor":16.0},{"not_picked":["Flechettes","Sucker Punch"],"picked":"Well Laid Plans+1","floor":18.0},{"not_picked":["Blade Dance","Acrobatics"],"picked":"Blur","floor":22.0},{"not_picked":["Sucker Punch","PiercingWail"],"picked":"Terror","floor":24.0},{"not_picked":["Cloak And Dagger","Riddle With Holes"],"picked":"Prepared","floor":27},{"not_picked":["Quick Slash","Caltrops"],"picked":"Underhanded Strike","floor":31},{"not_picked":["A Thousand Cuts","Burst"],"picked":"Adrenaline","floor":33},{"not_picked":["Sucker Punch+1"],"picked":"SKIP","floor":35},{"not_picked":[],"picked":"Flying Knee","floor":36}],"player_experience":619835,"relics_obtained":[{"floor":6.0,"key":"Torii"},{"floor":8.0,"key":"TungstenRod"},{"floor":9.0,"key":"Bottled Flame"},{"floor":14.0,"key":"Odd Mushroom"},{"floor":20.0,"key":"Enchiridion"},{"floor":24.0,"key":"The Courier"},{"floor":26.0,"key":"Boot"},{"floor":36,"key":"The Specimen"}],"event_choices":[{"damage_healed":0.0,"max_hp_gain":0.0,"max_hp_loss":0.0,"gold_gain":0.0,"cards_transformed":["Strike_G"],"event_name":"Living Wall","player_choice":"Change","floor":3.0,"gold_loss":0.0,"damage_taken":0.0,"cards_obtained":["Tactician"]},{"cards_removed":["Strike_G"],"damage_healed":0.0,"max_hp_gain":0.0,"max_hp_loss":0.0,"gold_gain":0.0,"event_name":"Golden Wing","player_choice":"Card Removal","floor":5.0,"gold_loss":0.0,"damage_taken":7.0},{"damage_healed":0.0,"max_hp_gain":0.0,"max_hp_loss":0.0,"gold_gain":150.0,"event_name":"Liars Game","player_choice":"AGREE","floor":11.0,"gold_loss":0.0,"damage_taken":0.0,"cards_obtained":["Doubt"]},{"damage_healed":0.0,"max_hp_gain":0.0,"max_hp_loss":0.0,"gold_gain":0.0,"event_name":"Mushrooms","player_choice":"Fought Mushrooms","floor":14.0,"gold_loss":0.0,"damage_taken":0.0},{"damage_healed":0.0,"max_hp_gain":0.0,"max_hp_loss":0.0,"gold_gain":0.0,"event_name":"Ghosts","player_choice":"Ignored","floor":19.0,"gold_loss":0.0,"damage_taken":0.0},{"damage_healed":0.0,"max_hp_gain":0.0,"max_hp_loss":0.0,"gold_gain":0.0,"event_name":"Cursed Tome","player_choice":"Obtained Book","floor":20.0,"gold_loss":0.0,"damage_taken":21.0},{"cards_removed":["Sucker Punch"],"damage_healed":0.0,"max_hp_gain":0.0,"max_hp_loss":0.0,"gold_gain":0.0,"event_name":"Back to Basics","player_choice":"Elegance","floor":25.0,"gold_loss":0.0,"damage_taken":0.0},{"damage_healed":0,"gold_gain":0,"player_choice":"Ignored","damage_taken":0,"max_hp_gain":0,"max_hp_loss":0,"event_name":"Vampires","floor":29,"gold_loss":0},{"cards_removed":["Defend_G"],"damage_healed":0,"gold_gain":0,"player_choice":"Gave Gold","damage_taken":0,"max_hp_gain":0,"max_hp_loss":0,"event_name":"Beggar","floor":30,"gold_loss":75},{"damage_healed":0,"gold_gain":0,"player_choice":"Fight","damage_taken":0,"max_hp_gain":0,"max_hp_loss":0,"event_name":"Mysterious Sphere","floor":36,"gold_loss":0}],"is_beta":false,"boss_relics":[{"not_picked":["Pandora\u0027s Box","Runic Dome"],"picked":"Astrolabe"},{"not_picked":["Fusion Hammer","Philosopher\u0027s Stone"],"picked":"Busted Crown"}],"items_purged_floors":[12,21,37],"is_endless":false,"potions_floor_spawned":[2,6,13,14,16,24,27],"killed_by":"3 Shapes","ascension_level":15}}