{"host":"z4nt7tdd4gjrinn7","time":1611015835,"event":{"mods":["100% Spire Juice","BaseMod","Minty Spire (QoL Compilation)","StSLib"],"gold_per_floor":[109,128,139,154,154,154,11,26,104,104,115,115,134,167,167,271,271,289,289,307,324,324,324,66,66,66],"floor_reached":25,"language":"ENG","playtime":1787,"items_purged":[],"score":205,"play_id":"9cc60b0e-ad03-4861-b5c3-5e7b61275b39","local_time":"20210118192355","is_ascension_mode":false,"campfire_choices":[{"floor":6,"key":"REST"},{"floor":10,"key":"REST"},{"floor":15,"key":"REST"},{"floor":23,"key":"REST"}],"circlet_count":0,"master_deck":["Strike_B","Strike_B","Strike_B","Strike_B","Defend_B","Defend_B","Defend_B","Defend_B","Zap","Dualcast","Compile Driver","Chaos","White Noise","Reinforced Body","Gash","White Noise","Melter","BootSequence","Echo Form","Ball Lightning","Doom and Gloom+1","BootSequence+1"],"relics":["Cracked Core","Pocketwatch","HandDrill","Shuriken","Pen Nib","SlaversCollar","Pantograph"],"acts_visited":["Exordium","TheCity"],"potions_floor_usage":[11,11,16,20,21,25],"damage_taken":[{"damage":1,"enemies":"Cultist","floor":1,"turns":3},{"damage":1,"enemies":"Jaw Worm","floor":2,"turns":3},{"damage":9,"enemies":"2 Louse","floor":3,"turns":3},{"damage":30,"enemies":"Large Slime","floor":4,"turns":5},{"damage":9,"enemies":"Red Slaver","floor":8,"turns":3},{"damage":4,"enemies":"Gremlin Gang","floor":11,"turns":5},{"damage":0,"enemies":"Looter","floor":13,"turns":4},{"damage":14,"enemies":"3 Sentries","floor":14,"turns":7},{"damage":32,"enemies":"Hexaghost","floor":16,"turns":9},{"damage":26,"enemies":"3 Byrds","floor":18,"turns":4},{"damage":6,"enemies":"Chosen","floor":20,"turns":5},{"damage":34,"enemies":"Centurion and Healer","floor":21,"turns":5},{"damage":55,"enemies":"Chosen and Byrds","floor":25,"turns":6}],"seed_played":"7116921332699837560","potions_obtained":[{"floor":2,"key":"EssenceOfSteel"},{"floor":8,"key":"LiquidBronze"},{"floor":11,"key":"Ancient Potion"},{"floor":13,"key":"BlessingOfTheForge"},{"floor":16,"key":"FocusPotion"},{"floor":18,"key":"PowerPotion"},{"floor":20,"key":"Swift Potion"}],"is_trial":false,"path_per_floor":["M","M","M","M","?","R","$","M","T","R","M","$","M","E","R","B",null,"M","$","M","M","?","R","$","M"],"character_chosen":"DEFECT","items_purchased":["HandDrill","Pantograph"],"campfire_rested":4,"item_purchase_floors":[7,24],"current_hp_per_floor":[81,80,71,41,41,65,65,56,56,80,76,76,76,62,82,50,82,56,56,50,16,16,40,40,0,0],"gold":66,"neow_bonus":"TEN_PERCENT_HP_BONUS","is_daily":false,"chose_seed":false,"campfire_upgraded":0,"win_rate":0.0,"timestamp":1611015835,"path_taken":["M","?","?","M","?","R","$","M","T","R","M","$","?","E","R","BOSS","M","$","M","M","?","R","$","M"],"items_purchased_type":["Relic","Relic"],"build_version":"2020-12-22","purchased_purges":0,"victory":false,"max_hp_per_floor":[82,82,82,82,82,82,82,82,82,82,82,82,82,82,82,82,82,82,82,82,82,82,82,82,82,82],"card_choices":[{"not_picked":["Streamline","Steam"],"picked":"Compile Driver","floor":1},{"not_picked":["Coolheaded","Cold Snap"],"picked":"Chaos","floor":2},{"not_picked":["Coolheaded","Steam"],"picked":"White Noise","floor":3},{"not_picked":["Tempest","Skim"],"picked":"Reinforced Body","floor":4},{"not_picked":["Streamline","Go for the Eyes"],"picked":"Gash","floor":8},{"not_picked":["Coolheaded","Steam Power"],"picked":"White Noise","floor":11},{"not_picked":["Double Energy","Compile Driver"],"picked":"Melter","floor":13},{"not_picked":["Biased Cognition","Double Energy"],"picked":"BootSequence","floor":14},{"not_picked":["Fission","Biased Cognition"],"picked":"Echo Form","floor":16},{"not_picked":["Cold Snap+1","Barrage"],"picked":"Ball Lightning","floor":18},{"not_picked":["Rebound","Conserve Battery"],"picked":"Doom and Gloom+1","floor":20},{"not_picked":["Undo+1","Steam Power"],"picked":"BootSequence+1","floor":21}],"player_experience":99970,"relics_obtained":[{"floor":5,"key":"Pocketwatch"},{"floor":9,"key":"Shuriken"},{"floor":14,"key":"Pen Nib"}],"event_choices":[{"damage_healed":0,"gold_gain":0,"player_choice":"Relic","damage_taken":0,"max_hp_gain":0,"max_hp_loss":0,"event_name":"Wheel of Change","floor":5,"gold_loss":0},{"damage_healed":0,"gold_gain":0,"player_choice":"Ignored","damage_taken":0,"max_hp_gain":0,"max_hp_loss":0,"event_name":"Vampires","floor":22,"gold_loss":0}],"is_beta":false,"boss_relics":[{"not_picked":["Cursed Key","Empty Cage"],"picked":"SlaversCollar"}],"items_purged_floors":[],"is_endless":false,"potions_floor_spawned":[2,8,11,13,16,18,20],"killed_by":"Chosen and Byrds","ascension_level":0}}