{"host":"rjbqai8ni6dsiu37","time":1611063662,"event":{"mods":["100% Spire Juice","BaseMod","CapriCore","Lobotomy","Minty Spire (QoL Compilation)","StSLib","The Poker Player","WarShipGirlsR/??á´Ò³R mod"],"gold_per_floor":[119,119,119,119,136,45,63,63,63,76,100,74,74,88,88,216,96,116,17,17,116,116,160,160,204,204,129,129,32,57,78,78,206,86,105,105,105,124,50,50,86,86,168,93,93,93,93,124,124,124],"floor_reached":51,"language":"KOR","playtime":1626,"items_purged":["Moonworks:SweetBattle+1"],"score":1162,"play_id":"1eea184b-a64d-4a0f-8c54-4dec2c88e8bb","local_time":"20210119224102","is_ascension_mode":true,"campfire_choices":[{"floor":13.0,"key":"REST"},{"data":"Moonworks:LongDistanceShot","floor":15.0,"key":"SMITH"},{"data":"Moonworks:MetallicMonocoque","floor":24,"key":"SMITH"},{"data":"Moonworks:EvilSpyWorkPreparation","floor":32,"key":"SMITH"},{"data":"Moonworks:Gamble","floor":40,"key":"SMITH"},{"floor":42,"key":"RECALL"},{"data":"Moonworks:NicePresent","floor":45,"key":"SMITH"},{"data":"Moonworks:PlushieMaster","floor":47,"key":"SMITH"},{"data":"Moonworks:JonathanRush","floor":49,"key":"SMITH"}],"circlet_count":0,"master_deck":["Moonworks:Ambush+1","Moonworks:LongDistanceShot+1","Moonworks:JonathanRush","Moonworks:JonathanRush","Moonworks:MetallicMonocoque+1","Moonworks:JonathanRush","Moonworks:PlushieMaster+1","CurseOfTheBell","Moonworks:EvilSpyWorkPreparation+1","Moonworks:NicePresent+1","Ghostly","Ghostly","Ghostly","Ghostly","Ghostly","Moonworks:EvilSpyWorkPreparation+1","Moonworks:EvilSpyWorkPreparation+1","Moonworks:EvilSpyWorkPreparation+1","Moonworks:AwakeningOfTalent","Moonworks:CookingTime","Moonworks:ShieldCounter+1","Moonworks:SealedMemories+1","Moonworks:Gamble+1","Moonworks:ForcedRevival+1","Moonworks:NicePresent+1","Master of Strategy+1","Moonworks:JonathanRush+1","Moonworks:WindyEnchantment+1","Moonworks:BackdoorTrade+1"],"relics":["Moonworks:BrokenBomb","Moonworks:Homemark","HornCleat","Torii","Golden Idol","Orichalcum","Calling Bell","Bag of Marbles","Kunai","Lizard Tail","Toxic Egg 2","Art of War","Blue Candle","Pandora\u0027s Box","Strawberry","Molten Egg 2","Bronze Scales"],"acts_visited":["Exordium","TheCity","TheBeyond"],"potions_floor_usage":[18,18,20,33],"damage_taken":[{"damage":4.0,"enemies":"2 Louse","floor":1.0,"turns":2.0},{"damage":0.0,"enemies":"Small Slimes","floor":5.0,"turns":3.0},{"damage":40.0,"enemies":"Lagavulin","floor":6.0,"turns":7.0},{"damage":0.0,"enemies":"Jaw Worm","floor":7.0,"turns":2.0},{"damage":1.0,"enemies":"Exordium Thugs","floor":10.0,"turns":5.0},{"damage":1.0,"enemies":"Red Slaver","floor":11.0,"turns":3.0},{"damage":0.0,"enemies":"2 Fungi Beasts","floor":14.0,"turns":3.0},{"damage":2.0,"enemies":"Hexaghost","floor":16.0,"turns":9.0},{"damage":1,"enemies":"Chosen","floor":18,"turns":3},{"damage":0,"enemies":"Spheric Guardian","floor":19,"turns":3},{"damage":0,"enemies":"Snecko","floor":20,"turns":3},{"damage":0,"enemies":"Slavers","floor":23,"turns":5},{"damage":0,"enemies":"Book of Stabbing","floor":25,"turns":7},{"damage":1,"enemies":"Shelled Parasite and Fungi","floor":29,"turns":5},{"damage":1,"enemies":"3 Cultists","floor":30,"turns":6},{"damage":0,"enemies":"Sentry and Sphere","floor":31,"turns":3},{"damage":1,"enemies":"Collector","floor":33,"turns":8},{"damage":0,"enemies":"Orb Walker","floor":35,"turns":4},{"damage":0,"enemies":"3 Shapes","floor":38,"turns":4},{"damage":0,"enemies":"Giant Head","floor":41,"turns":3},{"damage":1,"enemies":"Nemesis","floor":48,"turns":5},{"damage":0,"enemies":"Time Eater","floor":50,"turns":2}],"seed_played":"2088815003881265811","potions_obtained":[{"floor":6.0,"key":"SteroidPotion"},{"floor":11.0,"key":"Explosive Potion"},{"floor":16.0,"key":"SteroidPotion"},{"floor":19,"key":"SmokeBomb"},{"floor":29,"key":"PowerPotion"},{"floor":30,"key":"Swift Potion"},{"floor":33,"key":"SmokeBomb"},{"floor":35,"key":"SteroidPotion"}],"is_trial":false,"path_per_floor":["M","?","?","?","M","E","M","?","T","M","M","$","R","M","R","B",null,"M","M","M","?","?","E","R","E","T","?","?","M","M","M","R","B",null,"M","?","?","M","$","R","E","R","T","$","R","T","R","E","R","B",null],"character_chosen":"THE_STARBREAKER","items_purchased":["Moonworks:JonathanRush","Moonworks:WindyEnchantment+1"],"campfire_rested":1,"item_purchase_floors":[12,39],"current_hp_per_floor":[56,56,44,44,44,4,4,4,4,3,2,2,18,18,18,16,56,55,55,55,55,28,28,28,28,28,28,28,27,26,26,26,25,28,28,28,28,28,28,28,35,35,35,35,35,35,35,7,7,15],"gold":124,"neow_bonus":"UPGRADE_CARD","is_daily":false,"chose_seed":false,"campfire_upgraded":7,"win_rate":0.0,"timestamp":1611063662,"path_taken":["M","?","?","?","M","E","M","?","T","?","M","?","R","M","R","BOSS","M","M","M","?","?","E","R","E","T","?","?","M","M","M","R","BOSS","M","?","?","M","$","R","E","R","T","$","R","?","R","E","R","BOSS"],"items_purchased_type":["Card","Card"],"build_version":"2020-12-22","purchased_purges":1,"victory":true,"max_hp_per_floor":[60,60,60,60,60,60,60,56,56,56,56,56,56,56,56,56,56,56,56,56,56,28,28,28,28,28,28,28,28,28,28,28,28,28,28,28,28,28,28,28,35,35,35,35,35,35,35,35,35,35],"card_choices":[{"not_picked":["Moonworks:Assault","Moonworks:BigMagnum","Moonworks:StiffCrystal"],"picked":"SKIP","floor":1.0},{"not_picked":["Moonworks:UnpaidWork","Moonworks:ScrambledEve","Moonworks:CloudOfSeagulls"],"picked":"SKIP","floor":5.0},{"not_picked":["Moonworks:Poppoformation","Moonworks:IndiscriminateFireSupport"],"picked":"Moonworks:JonathanRush","floor":6.0},{"not_picked":["Moonworks:CloudOfSeagulls","Moonworks:TacticalRetreat","Moonworks:Heat300Percent"],"picked":"SKIP","floor":7.0},{"not_picked":["Moonworks:ImOnFire","Moonworks:MiracleRedBeanIceCream"],"picked":"Moonworks:JonathanRush","floor":10.0},{"not_picked":["Moonworks:SakisCookie","Moonworks:LulusLuckyEgg"],"picked":"Moonworks:MetallicMonocoque","floor":11.0},{"not_picked":["Moonworks:Assault","Moonworks:IndiscriminateFireSupport","Moonworks:CloudOfSeagulls"],"picked":"SKIP","floor":14.0},{"not_picked":["Moonworks:MetallicMonocoque","Moonworks:AccelHyper"],"picked":"Moonworks:PlushieMaster","floor":16.0},{"not_picked":["Moonworks:SakisCookie","Moonworks:ImOnFire"],"picked":"Moonworks:EvilSpyWorkPreparation","floor":18},{"not_picked":["Moonworks:SakisCookie","Moonworks:AngelHand"],"picked":"Moonworks:NicePresent","floor":19},{"not_picked":["Moonworks:CloudOfSeagulls","Moonworks:Wanted+1"],"picked":"Moonworks:EvilSpyWorkPreparation+1","floor":23},{"not_picked":["Moonworks:MeltingMemories","Moonworks:BeyondHell+1","Moonworks:SweetBattle+1"],"picked":"SKIP","floor":25},{"not_picked":["Moonworks:BigMagnum+1","Moonworks:ReproductionOfRecords+1"],"picked":"Moonworks:EvilSpyWorkPreparation+1","floor":29},{"not_picked":["Moonworks:DeployBits+1","Moonworks:CookingTime"],"picked":"Moonworks:EvilSpyWorkPreparation+1","floor":30},{"not_picked":["Moonworks:LulusLuckyEgg+1","Moonworks:ReproductionOfRecords+1","Moonworks:ScrambledEve+1"],"picked":"SKIP","floor":31},{"not_picked":["Moonworks:Blazing","Moonworks:SinkOrSwim"],"picked":"Moonworks:Encore","floor":33},{"not_picked":["Moonworks:BeyondHell+1","Moonworks:LulusLuckyEgg+1"],"picked":"Moonworks:NicePresent+1","floor":35},{"not_picked":["Madness+1","Sadistic Nature"],"picked":"Master of Strategy+1","floor":37},{"not_picked":["Moonworks:EvilSpyWorkPreparation+1","Moonworks:LulusLuckyEgg+1"],"picked":"Moonworks:JonathanRush","floor":38},{"not_picked":["Moonworks:IndiscriminateFireSupport+1","Moonworks:LulusLuckyEgg+1","Moonworks:StiffCrystal+1"],"picked":"SKIP","floor":41},{"not_picked":["Moonworks:DeployBits+1","Moonworks:CrystalBarrier"],"picked":"Moonworks:BackdoorTrade+1","floor":48}],"player_experience":184090,"relics_obtained":[{"floor":6.0,"key":"Torii"},{"floor":9.0,"key":"Orichalcum"},{"floor":17.0,"key":"Bag of Marbles"},{"floor":17.0,"key":"Kunai"},{"floor":17.0,"key":"Lizard Tail"},{"floor":23,"key":"Toxic Egg 2"},{"floor":25,"key":"Art of War"},{"floor":26,"key":"Blue Candle"},{"floor":41,"key":"Strawberry"},{"floor":43,"key":"Molten Egg 2"},{"floor":48,"key":"Bronze Scales"}],"event_choices":[{"damage_healed":0.0,"max_hp_gain":0.0,"max_hp_loss":0.0,"gold_gain":0.0,"event_name":"Liars Game","player_choice":"Ignored","floor":2.0,"gold_loss":0.0,"damage_taken":0.0},{"damage_healed":0.0,"max_hp_gain":0.0,"max_hp_loss":0.0,"gold_gain":0.0,"event_name":"Scrap Ooze","player_choice":"Success","floor":3.0,"gold_loss":0.0,"damage_taken":12.0,"relics_obtained":["HornCleat"]},{"damage_healed":0.0,"max_hp_gain":0.0,"max_hp_loss":0.0,"gold_gain":0.0,"event_name":"Golden Wing","player_choice":"Ignored","floor":4.0,"gold_loss":0.0,"damage_taken":0.0},{"damage_healed":0.0,"max_hp_gain":0.0,"max_hp_loss":4.0,"gold_gain":0.0,"event_name":"Golden Idol","player_choice":"Lose Max HP","floor":8.0,"gold_loss":0.0,"damage_taken":0.0,"relics_obtained":["Golden Idol"]},{"damage_healed":0,"gold_gain":99,"player_choice":"Stole From Cult","damage_taken":0,"max_hp_gain":0,"max_hp_loss":0,"event_name":"Nest","floor":21,"gold_loss":0},{"damage_healed":0,"gold_gain":0,"player_choice":"Became a Ghost","damage_taken":0,"max_hp_gain":0,"max_hp_loss":28,"event_name":"Ghosts","floor":22,"gold_loss":0,"cards_obtained":["Ghostly","Ghostly","Ghostly","Ghostly","Ghostly"]},{"cards_removed":["Moonworks:Strike"],"damage_healed":0,"gold_gain":0,"player_choice":"Gave Gold","damage_taken":0,"max_hp_gain":0,"max_hp_loss":0,"event_name":"Beggar","floor":27,"gold_loss":75},{"damage_healed":0,"gold_gain":0,"player_choice":"Ignored","damage_taken":0,"max_hp_gain":0,"max_hp_loss":0,"event_name":"Vampires","floor":28,"gold_loss":0},{"cards_removed":["Moonworks:Encore"],"damage_healed":0,"gold_gain":0,"player_choice":"Removed Power","damage_taken":0,"max_hp_gain":0,"max_hp_loss":0,"event_name":"Falling","floor":36,"gold_loss":0},{"damage_healed":0,"gold_gain":0,"player_choice":"Memory 1","damage_taken":0,"max_hp_gain":0,"max_hp_loss":0,"event_name":"SensoryStone","floor":37,"gold_loss":0}],"is_beta":false,"boss_relics":[{"not_picked":["Velvet Choker","Snecko Eye"],"picked":"Calling Bell"},{"not_picked":["Runic Dome","Runic Pyramid"],"picked":"Pandora\u0027s Box"}],"items_purged_floors":[44],"is_endless":false,"potions_floor_spawned":[6,11,16,19,29,30,33,35,48],"ascension_level":2}}