{"host":"f5n4tidiz2n5sooh","time":1611060169,"event":{"mods":["BaseMod","Colored Map","Minty Spire (QoL Compilation)","Relic Stats","Slay the Relics Exporter","StSLib"],"gold_per_floor":[119,130,140,160,160,160,185,197,233,279,311,340,369,346,358,448,460,484,496,525,537,537],"floor_reached":21,"language":"ENG","playtime":838,"items_purged":[],"score":391,"play_id":"1fcd8d39-13ca-4ec2-b3c8-7509694bae01","local_time":"20210119064249","is_ascension_mode":true,"campfire_choices":[{"data":"Dagger Spray","floor":6,"key":"SMITH"},{"data":"Predator","floor":8,"key":"SMITH"},{"data":"Leg Sweep","floor":15,"key":"SMITH"}],"circlet_count":0,"master_deck":["AscendersBane","Defend_G","Defend_G","Defend_G","Defend_G","Defend_G","Survivor","Neutralize","Adrenaline","Predator+1","Dagger Spray+1","Tools of the Trade","Leg Sweep+1","Glass Knife","Bite","Bite","Bite","Bite","Bite","Terror"],"relics":["Ring of the Snake","MawBank","Pen Nib","Black Star"],"acts_visited":["Exordium","TheCity"],"potions_floor_usage":[10,16,16,21,21],"damage_taken":[{"damage":7,"enemies":"Cultist","floor":1,"turns":5},{"damage":7,"enemies":"Jaw Worm","floor":2,"turns":3},{"damage":0,"enemies":"2 Louse","floor":3,"turns":2},{"damage":0,"enemies":"2 Fungi Beasts","floor":4,"turns":4},{"damage":22,"enemies":"Lagavulin","floor":10,"turns":5},{"damage":0,"enemies":"3 Louse","floor":11,"turns":2},{"damage":3,"enemies":"Blue Slaver","floor":12,"turns":4},{"damage":4,"enemies":"Exordium Thugs","floor":13,"turns":4},{"damage":22,"enemies":"Slime Boss","floor":16,"turns":10},{"damage":25,"enemies":"Shell Parasite","floor":18,"turns":6},{"damage":26,"enemies":"Chosen","floor":20,"turns":6},{"damage":17,"enemies":"Masked Bandits","floor":21,"turns":2}],"seed_played":"-7906025119936077038","potions_obtained":[{"floor":3,"key":"PowerPotion"},{"floor":4,"key":"AttackPotion"},{"floor":10,"key":"BlessingOfTheForge"},{"floor":16,"key":"Ancient Potion"},{"floor":18,"key":"Dexterity Potion"}],"is_trial":false,"path_per_floor":["M","M","M","M","?","R","T","R","T","E","M","M","M","?","R","B",null,"M","?","M","?"],"character_chosen":"THE_SILENT","items_purchased":[],"campfire_rested":0,"item_purchase_floors":[],"current_hp_per_floor":[52,45,45,45,38,38,38,38,38,16,18,17,15,30,30,10,48,25,25,13,0,0],"gold":537,"neow_bonus":"THREE_RARE_CARDS","is_daily":false,"chose_seed":false,"campfire_upgraded":3,"win_rate":0.0,"timestamp":1611060169,"path_taken":["M","M","M","?","?","R","?","R","T","E","M","M","M","?","R","BOSS","M","?","M","?"],"items_purchased_type":[],"build_version":"2020-12-22","purchased_purges":0,"victory":false,"max_hp_per_floor":[60,60,60,60,60,60,60,60,60,60,60,60,60,60,60,60,60,60,60,60,60,60],"relic_stats":{"counters":[12,53],"Pen Nib":[7],"Black Star":0,"MawBank":168,"obtain_stats":[{"Blood Vial":10,"Pen Nib":9,"Black Star":17,"MawBank":7,"Ring of the Snake":0},{"Blood Vial":5,"Pen Nib":4,"Black Star":9,"MawBank":4,"Ring of the Snake":0},{"Blood Vial":19,"Pen Nib":14,"Black Star":39,"MawBank":14,"Ring of the Snake":0}],"Ring of the Snake":[24]},"card_choices":[{"not_picked":["Night Terror","Malaise"],"picked":"Adrenaline","floor":0},{"not_picked":["Dagger Throw","Eviscerate"],"picked":"Predator","floor":1},{"not_picked":["Outmaneuver","PiercingWail","Sucker Punch"],"picked":"SKIP","floor":2},{"not_picked":["Outmaneuver","PiercingWail","Sucker Punch"],"picked":"SKIP","floor":2},{"not_picked":["Flying Knee","Reflex","Skewer"],"picked":"SKIP","floor":3},{"not_picked":["Underhanded Strike","Prepared"],"picked":"Dagger Spray","floor":4},{"not_picked":["Slice","Acrobatics"],"picked":"Tools of the Trade","floor":10},{"not_picked":["Escape Plan","Endless Agony"],"picked":"Leg Sweep","floor":11},{"not_picked":["Eviscerate","Bane","Deflect"],"picked":"SKIP","floor":12},{"not_picked":["Infinite Blades","Sucker Punch","Backflip"],"picked":"SKIP","floor":13},{"not_picked":["Envenom","Doppelganger"],"picked":"Glass Knife","floor":16},{"not_picked":["Infinite Blades+1","Setup","Deflect"],"picked":"SKIP","floor":18},{"not_picked":["Choke","Dodge and Roll"],"picked":"Terror","floor":20}],"player_experience":2018667,"relics_obtained":[{"floor":7,"key":"MawBank"},{"floor":9,"key":"Pen Nib"},{"floor":10,"key":"Blood Vial"}],"event_choices":[{"cards_removed":["Strike_G"],"damage_healed":0,"gold_gain":0,"player_choice":"Card Removal","damage_taken":7,"max_hp_gain":0,"max_hp_loss":0,"event_name":"Golden Wing","floor":5,"gold_loss":0},{"damage_healed":15,"gold_gain":0,"player_choice":"Healed","damage_taken":0,"max_hp_gain":0,"max_hp_loss":0,"event_name":"The Cleric","floor":14,"gold_loss":35},{"damage_healed":0,"gold_gain":0,"player_choice":"Became a vampire (Vial)","damage_taken":0,"max_hp_gain":0,"max_hp_loss":0,"event_name":"Vampires","floor":19,"relics_lost":["Blood Vial"],"gold_loss":0,"cards_obtained":["Bite","Bite","Bite","Bite","Bite"]},{"damage_healed":0,"gold_gain":0,"player_choice":"Fought Bandits","damage_taken":0,"max_hp_gain":0,"max_hp_loss":0,"event_name":"Masked Bandits","floor":21,"gold_loss":0}],"is_beta":false,"boss_relics":[{"not_picked":["Busted Crown","Calling Bell"],"picked":"Black Star"}],"items_purged_floors":[],"is_endless":false,"potions_floor_spawned":[3,4,10,16,18,20],"killed_by":"Masked Bandits","ascension_level":20}}