{"host":"2brg86hfzr3u5cix","time":1611044835,"event":{"mods":["AchievementEnabler","Ascension Unlocker","BaseMod","CapriCore","DeckTracker","Highlight Path","Keyboard Shortcuts","Minty Spire (QoL Compilation)","Permanent Neow","Relic Stats","StSLib","Twitch Utils","Uncapped","UnlockEverythingMod"],"gold_per_floor":[109,34,34,34,54,54,103,141,141,150,150,175,227,256,256,363,363,388,410,53,53,53,76,76,109,136,36,36,36],"floor_reached":28,"language":"KOR","playtime":1083,"items_purged":["Strike_R","Strike_R","Anger"],"score":502,"play_id":"b5f5ec0f-47ac-461a-a046-db7774bb2259","local_time":"20210119172715","is_ascension_mode":true,"campfire_choices":[{"data":"Iron Wave","floor":6.0,"key":"SMITH"},{"floor":10.0,"key":"REST"},{"data":"Armaments","floor":15.0,"key":"SMITH"},{"floor":24,"key":"REST"}],"circlet_count":0,"master_deck":["AscendersBane","Strike_R+1","Strike_R+1","Strike_R+1","Defend_R+1","Defend_R+1","Defend_R+1","Defend_R+1","Bash","Iron Wave+1","Uppercut","Pommel Strike+1","Rampage","Armaments+1","Warcry","Impervious","Second Wind","Rage","Thunderclap","Blood for Blood"],"relics":["Burning Blood","NeowsBlessing","Golden Idol","CeramicFish","Odd Mushroom","Dream Catcher","The Courier","Pocketwatch","Mark of Pain","Self Forming Clay","Blood Vial"],"acts_visited":["Exordium","TheCity"],"potions_floor_usage":[18],"damage_taken":[{"damage":0.0,"enemies":"Jaw Worm","floor":1.0,"turns":1.0},{"damage":0.0,"enemies":"2 Louse","floor":5.0,"turns":1.0},{"damage":0.0,"enemies":"3 Sentries","floor":7.0,"turns":2.0},{"damage":24.0,"enemies":"The Mushroom Lair","floor":8.0,"turns":6.0},{"damage":0.0,"enemies":"Cultist","floor":12.0,"turns":3.0},{"damage":21.0,"enemies":"Gremlin Nob","floor":13.0,"turns":4.0},{"damage":2.0,"enemies":"2 Fungi Beasts","floor":14.0,"turns":3.0},{"damage":59.0,"enemies":"The Guardian","floor":16.0,"turns":10.0},{"damage":20,"enemies":"Shell Parasite","floor":18,"turns":6},{"damage":26,"enemies":"2 Thieves","floor":19,"turns":4},{"damage":15,"enemies":"Snake Plant","floor":23,"turns":7},{"damage":12,"enemies":"Centurion and Healer","floor":25,"turns":7},{"damage":39,"enemies":"Slavers","floor":28,"turns":4}],"seed_played":"6603840283873732160","potions_obtained":[{"floor":1.0,"key":"BlessingOfTheForge"},{"floor":13.0,"key":"Explosive Potion"},{"floor":14.0,"key":"FairyPotion"},{"floor":16.0,"key":"Weak Potion"},{"floor":23,"key":"Dexterity Potion"}],"is_trial":false,"path_per_floor":["M","$","?","?","M","R","E","?","T","R","T","M","E","M","R","B",null,"M","M","$","?","?","M","R","M","T","$","E"],"character_chosen":"IRONCLAD","items_purchased":["Rage","Self Forming Clay"],"campfire_rested":2,"item_purchase_floors":[20,20],"current_hp_per_floor":[74,74,48,25,31,31,37,19,19,41,41,47,32,36,36,11,59,45,25,25,25,25,16,38,32,32,32,0,0],"gold":36,"neow_bonus":"THREE_ENEMY_KILL","is_daily":false,"chose_seed":false,"campfire_upgraded":2,"win_rate":0.0,"timestamp":1611044835,"path_taken":["M","$","?","?","M","R","E","?","T","R","?","M","E","M","R","BOSS","M","M","$","?","?","M","R","?","T","$","E"],"items_purchased_type":["Card","Relic"],"build_version":"2020-12-22","purchased_purges":3,"victory":false,"max_hp_per_floor":[75,75,75,75,75,75,75,75,75,75,75,75,75,75,75,75,75,75,75,75,75,75,75,75,75,75,75,75,75],"relic_stats":{"Blood Vial":2,"Dream Catcher":2,"counters":[13,58],"Golden Idol":70,"Self Forming Clay":[30],"CeramicFish":99,"obtain_stats":[{"Blood Vial":26,"Dream Catcher":9,"NeowsBlessing":0,"Golden Idol":3,"Self Forming Clay":20,"CeramicFish":7,"The Courier":11,"Mark of Pain":17,"Odd Mushroom":8,"Burning Blood":0,"Pocketwatch":13},{"Blood Vial":12,"Dream Catcher":4,"NeowsBlessing":0,"Golden Idol":1,"Self Forming Clay":10,"CeramicFish":3,"The Courier":4,"Mark of Pain":8,"Odd Mushroom":4,"Burning Blood":0,"Pocketwatch":6},{"Blood Vial":54,"Dream Catcher":10,"NeowsBlessing":0,"Golden Idol":1,"Self Forming Clay":40,"CeramicFish":4,"The Courier":10,"Mark of Pain":30,"Odd Mushroom":10,"Burning Blood":0,"Pocketwatch":17}],"Burning Blood":72,"Pocketwatch":[51]},"card_choices":[{"not_picked":["Sever Soul","Body Slam","Havoc"],"picked":"SKIP","floor":1.0},{"not_picked":["Sever Soul","Clothesline"],"picked":"Iron Wave","floor":5.0},{"not_picked":["Warcry","Heavy Blade"],"picked":"Uppercut","floor":7.0},{"not_picked":["Headbutt","Combust"],"picked":"Pommel Strike","floor":8.0},{"not_picked":["Iron Wave","Anger"],"picked":"Rampage","floor":10.0},{"not_picked":["Headbutt","True Grit"],"picked":"Armaments","floor":12.0},{"not_picked":["Rampage","Cleave"],"picked":"Warcry","floor":13.0},{"not_picked":["Reaper","Combust"],"picked":"Anger","floor":14.0},{"not_picked":["Demon Form","Fiend Fire"],"picked":"Impervious","floor":16.0},{"not_picked":["Heavy Blade","Clothesline","Searing Blow"],"picked":"SKIP","floor":18},{"not_picked":["Dropkick","Thunderclap"],"picked":"Second Wind","floor":19},{"not_picked":["Second Wind","Cleave"],"picked":"Thunderclap","floor":23},{"not_picked":["Clash","Anger"],"picked":"Blood for Blood","floor":25}],"player_experience":326219,"relics_obtained":[{"floor":7.0,"key":"CeramicFish"},{"floor":8.0,"key":"Odd Mushroom"},{"floor":9.0,"key":"Dream Catcher"},{"floor":11.0,"key":"The Courier"},{"floor":13.0,"key":"Pocketwatch"},{"floor":26,"key":"Blood Vial"}],"event_choices":[{"damage_healed":0.0,"max_hp_gain":0.0,"max_hp_loss":0.0,"gold_gain":0.0,"event_name":"Golden Idol","player_choice":"Take Damage","floor":3.0,"gold_loss":0.0,"damage_taken":26.0,"relics_obtained":["Golden Idol"]},{"damage_healed":0.0,"max_hp_gain":0.0,"max_hp_loss":0.0,"gold_gain":0.0,"event_name":"Shining Light","player_choice":"Entered Light","floor":4.0,"gold_loss":0.0,"damage_taken":23.0,"cards_upgraded":["Strike_R","Strike_R"]},{"damage_healed":0.0,"max_hp_gain":0.0,"max_hp_loss":0.0,"gold_gain":0.0,"event_name":"Mushrooms","player_choice":"Fought Mushrooms","floor":8.0,"gold_loss":0.0,"damage_taken":0.0},{"damage_healed":0,"gold_gain":0,"player_choice":"Simplicity","damage_taken":0,"max_hp_gain":0,"max_hp_loss":0,"event_name":"Back to Basics","floor":21,"gold_loss":0,"cards_upgraded":["Strike_R","Defend_R","Defend_R","Defend_R","Defend_R"]},{"damage_healed":0,"gold_gain":0,"player_choice":"Forge","damage_taken":0,"max_hp_gain":0,"max_hp_loss":0,"event_name":"Accursed Blacksmith","floor":22,"gold_loss":0,"cards_upgraded":["Pommel Strike"]}],"is_beta":false,"boss_relics":[{"not_picked":["Black Blood","Philosopher\u0027s Stone"],"picked":"Mark of Pain"}],"items_purged_floors":[2,20,27],"is_endless":false,"potions_floor_spawned":[1,13,14,16,23],"killed_by":"Slavers","ascension_level":20}}