{"host":"xy1hv1rgvrf7f9nu","time":1611094486,"event":{"mods":["BaseMod","Duelist Mod","Fox Events","Koishi","Minty Spire (QoL Compilation)","Robot Space Explorer","StSLib","The Cursed"],"gold_per_floor":[145,157,157,157,175,205,205,205,205,220,246,246,421,454,454,558,558,575,594,509,509,98,126,140,151,151,151,165,76,1,1,1,96,96,112,112,132,132,150,150,180,180,180,197,6,22,22,34,34,34,34],"floor_reached":50,"language":"FRA","playtime":6321,"items_purged":["Doubt"],"score":560,"play_id":"5f8fc5fd-a6e2-49b7-84e3-5bd102c51a35","local_time":"20210119231446","is_ascension_mode":false,"campfire_choices":[{"floor":7.0,"key":"REST"},{"data":"theDuelist:RedEyes","floor":12.0,"key":"SMITH"},{"data":"theDuelist:BeserkDragon","floor":15.0,"key":"SMITH"},{"data":"theDuelist:AncientPixieDragon","floor":27.0,"key":"SMITH"},{"floor":32.0,"key":"REST"},{"floor":40.0,"key":"REST"},{"floor":42.0,"key":"REST"},{"floor":47.0,"key":"REST"},{"floor":49.0,"key":"REST"}],"circlet_count":0,"master_deck":["theDuelist:BarrelDragon","theDuelist:TyrantWing","theDuelist:Earthquake+1","theDuelist:ThunderDragon+1","theDuelist:RedEyes+1","theDuelist:RedHeadedOni+1","theDuelist:AutorokketDragon","theDuelist:DragonMirror","Dark Shackles","theDuelist:CyberDinosaur","theDuelist:LesserDragon+1","theDuelist:BlueDuston","theDuelist:FrostflameDragon","theDuelist:VampireCurse","theDuelist:ArmageddonDragonEmp","theDuelist:DragonMastery","theDuelist:CaveDragon","theDuelist:CastleWalls","theDuelist:MagicalStone","theDuelist:EyeTimaeus","theDuelist:DarkFactory+1","theDuelist:Lancephorhynchus","theDuelist:AncientPixieDragon+1","theDuelist:BeserkDragon+1","theDuelist:LesserDragon","theDuelist:CaveDragon+1","theDuelist:YamataDragon","theDuelist:Sparks","theDuelist:GreyGreedOni+1","theDuelist:DragonPiper","theDuelist:CyberDragonNachster","Pain","theDuelist:BabyDragon","theDuelist:Sparks","theDuelist:RedRisingDragon","Parasite","theDuelist:CyberDragonVier+1","theDuelist:YamiForm","theDuelist:CyberneticRevolution+1","Chrysalis+1"],"relics":["theDuelist:MillenniumPuzzle","theDuelist:CardPoolRelic","theDuelist:CardPoolBasicRelic","theDuelist:BoosterPackPoolRelic","theDuelist:CardPoolAddRelic","theDuelist:CardPoolMinusRelic","theDuelist:CardPoolSaveRelic","theDuelist:CardPoolOptionsRelic","theDuelist:WhiteBowlRelic","theDuelist:DuelistUrn","Mummified Hand","Matryoshka","Singing Bowl","Cursed Key","theDuelist:BoosterPackTrapEgg","theDuelist:MillenniumRing","theDuelist:DuelistOrichalcum","Nunchaku","theDuelist:GiftAnubis","SacredBark","theDuelist:MillenniumNecklace","Mercury Hourglass","Anchor","Kunai"],"acts_visited":["Exordium","TheCity","TheBeyond"],"potions_floor_usage":[50,50,50],"damage_taken":[{"damage":1.0,"enemies":"Small Slimes","floor":1.0,"turns":3.0},{"damage":3.0,"enemies":"2 Louse","floor":2.0,"turns":2.0},{"damage":0.0,"enemies":"Jaw Worm","floor":5.0,"turns":3.0},{"damage":12.0,"enemies":"Gremlin Nob","floor":6.0,"turns":4.0},{"damage":3.0,"enemies":"Looter","floor":10.0,"turns":2.0},{"damage":4.0,"enemies":"Lagavulin","floor":11.0,"turns":8.0},{"damage":9.0,"enemies":"3 Sentries","floor":14.0,"turns":4.0},{"damage":14.0,"enemies":"Slime Boss","floor":16.0,"turns":8.0},{"damage":0.0,"enemies":"Shell Parasite","floor":18.0,"turns":5.0},{"damage":0.0,"enemies":"3 Byrds","floor":19.0,"turns":4.0},{"damage":0.0,"enemies":"Book of Stabbing","floor":23.0,"turns":4.0},{"damage":18.0,"enemies":"Shelled Parasite and Fungi","floor":24.0,"turns":4.0},{"damage":14.0,"enemies":"Centurion and Healer","floor":25.0,"turns":5.0},{"damage":6.0,"enemies":"Snecko","floor":28.0,"turns":6.0},{"damage":53.0,"enemies":"Automaton","floor":33.0,"turns":8.0},{"damage":10.0,"enemies":"3 Shapes","floor":35.0,"turns":4.0},{"damage":0.0,"enemies":"Orb Walker","floor":37.0,"turns":4.0},{"damage":19.0,"enemies":"3 Darklings","floor":39.0,"turns":2.0},{"damage":32.0,"enemies":"Nemesis","floor":41.0,"turns":7.0},{"damage":25.0,"enemies":"Writhing Mass","floor":44.0,"turns":7.0},{"damage":20.0,"enemies":"Transient","floor":46.0,"turns":5.0},{"damage":9.0,"enemies":"Sphere and 2 Shapes","floor":48.0,"turns":2.0},{"damage":31,"enemies":"Time Eater","floor":50,"turns":5}],"seed_played":"-1956652266660624197","potions_obtained":[{"floor":1.0,"key":"FocusPotion"},{"floor":14.0,"key":"theDuelist:BabyPotion"},{"floor":16.0,"key":"theDuelist:StunPotion"},{"floor":19.0,"key":"theDuelist:BabyPotion"},{"floor":21.0,"key":"theDuelist:BigOrbBottle"},{"floor":25.0,"key":"theDuelist:SealedPackC"},{"floor":39.0,"key":"theDuelist:ReducerPotion"},{"floor":39.0,"key":"theDuelist:FireBottle"},{"floor":41.0,"key":"theDuelist:BigTributeBottle"},{"floor":44.0,"key":"theDuelist:DragonfirePotion"},{"floor":46.0,"key":"theDuelist:BurningPotion"},{"floor":48.0,"key":"theDuelist:FlamingBottle"}],"is_trial":false,"path_per_floor":["M","M","?","?","M","E","R","T","T","M","E","R","?","E","R","B",null,"M","M","?","?","$","E","M","M","T","R","M","$","?","?","R","B",null,"M","?","M","?","M","R","E","R","T","M","$","M","R","M","R","B"],"character_chosen":"THE_DUELIST","items_purchased":["theDuelist:AncientPixieDragon","theDuelist:MillenniumRing","theDuelist:CyberDinosaur","theDuelist:DragonMirror","theDuelist:CyberDragonNachster","theDuelist:YamiForm"],"campfire_rested":6,"item_purchase_floors":[22,22,22,29,29,45],"current_hp_per_floor":[79,76,60,60,60,48,72,72,72,69,65,65,65,56,56,44,80,80,80,80,80,80,80,68,56,56,56,54,54,54,54,68,15,68,60,60,60,60,41,61,33,53,53,30,30,12,32,23,43,14,14],"gold":34,"neow_bonus":"RANDOM_COLORLESS","is_daily":false,"chose_seed":false,"campfire_upgraded":3,"win_rate":0.0,"timestamp":1611094486,"path_taken":["M","M","?","?","M","E","R","?","T","M","E","R","?","E","R","BOSS","M","M","?","?","$","E","M","M","T","R","?","?","?","?","R","BOSS","M","?","M","?","M","R","E","R","T","?","$","?","R","M","R","BOSS"],"items_purchased_type":["Card","Relic","Card","Card","Card","Card"],"build_version":"2020-12-22","purchased_purges":1,"victory":false,"max_hp_per_floor":[80,80,80,80,80,80,80,80,80,80,80,80,80,80,80,80,80,80,80,80,80,80,80,80,80,80,80,80,80,80,68,68,68,68,68,68,68,68,68,68,68,68,68,68,68,68,68,68,68,68,68],"card_choices":[{"not_picked":["Forethought","theDuelist:FeatherPho"],"picked":"Dark Shackles","floor":0.0},{"not_picked":["theDuelist:TwinHeadedFire","theDuelist:MaskedDragon","theDuelist:Hydrogeddon","theDuelist:BlackPtera"],"picked":"theDuelist:BeserkDragon","floor":1.0},{"not_picked":["theDuelist:TwinHeadedFire","theDuelist:ScrapIronScarecrow","theDuelist:BabyDragon","theDuelist:AncientPixieDragon"],"picked":"theDuelist:Earthquake","floor":2.0},{"not_picked":["theDuelist:MadSwordBeast","theDuelist:GiantRex","theDuelist:BlackTyranno","theDuelist:MadFlameKaiju"],"picked":"theDuelist:BarrelDragon","floor":5.0},{"not_picked":["theDuelist:SauropodBrachion","theDuelist:DarkDriceratops","theDuelist:Carboneddon","theDuelist:Babycerasaurus"],"picked":"theDuelist:Lancephorhynchus","floor":6.0},{"not_picked":["theDuelist:DarkHorus","theDuelist:BusterBlader","theDuelist:RedRisingDragon","theDuelist:BusterDrake"],"picked":"theDuelist:RedEyes","floor":10.0},{"not_picked":["theDuelist:BigFire","theDuelist:Jinzo","theDuelist:ShardGreed","theDuelist:BigKoala"],"picked":"theDuelist:MagicalStone","floor":11.0},{"not_picked":["theDuelist:SilverWing","theDuelist:CastleDragonSouls","theDuelist:ArtifactSanctum"],"picked":"theDuelist:TyrantWing","floor":14.0},{"not_picked":["theDuelist:StardustDragon","theDuelist:QueenDragunDjinn","theDuelist:DragonMastery","theDuelist:BlasterDragonInfernos"],"picked":"theDuelist:BlueDuston","floor":16.0},{"not_picked":["theDuelist:MadSwordBeast","theDuelist:SilverDragon","theDuelist:TyrantWing","theDuelist:Babycerasaurus+1"],"picked":"theDuelist:ThunderDragon+1","floor":18.0},{"not_picked":["theDuelist:TwinBarrelDragon","theDuelist:Freezadon","theDuelist:Duoterion","theDuelist:MoltenDestruction"],"picked":"theDuelist:FrostflameDragon","floor":19.0},{"not_picked":["theDuelist:MirageDragon","theDuelist:BlackPtera","theDuelist:Duoterion","theDuelist:CyberDragon+1"],"picked":"theDuelist:RedRisingDragon","floor":23.0},{"not_picked":["theDuelist:Pyrorex","theDuelist:BlueEyesUltimate","theDuelist:HorusServant","theDuelist:TwinHeadedBehemoth"],"picked":"theDuelist:RedHeadedOni+1","floor":24.0},{"not_picked":["theDuelist:YamataDragon","theDuelist:BusterDrake","theDuelist:Earthquake","theDuelist:Pyrorex+1"],"picked":"theDuelist:DragonPiper","floor":25.0},{"not_picked":["theDuelist:WhiteNightDragon","theDuelist:DarkstormDragon","theDuelist:FrostflameDragon","theDuelist:BurstBreath+1"],"picked":"theDuelist:AutorokketDragon","floor":28.0},{"not_picked":["theDuelist:FiveHeaded+1","theDuelist:CyberDragonInfinity","theDuelist:BlueDuston","theDuelist:BSkullDragon+1"],"picked":"theDuelist:ArmageddonDragonEmp","floor":33.0},{"not_picked":["theDuelist:ArmedDragon5","theDuelist:GalaxyTyranno+1","theDuelist:Pyrorex+1","theDuelist:VolcanicEruption+1"],"picked":"theDuelist:EyeTimaeus","floor":35.0},{"not_picked":["theDuelist:StampingDestruction+1","theDuelist:SpiralSpearStrike","theDuelist:HymnOfLight","theDuelist:EyeTimaeus+1"],"picked":"theDuelist:DragonMastery","floor":37.0},{"not_picked":["theDuelist:BattleguardKing+1","theDuelist:LightningDarts+1","theDuelist:BlueBloodedOni+1","theDuelist:ImperialOrder+1"],"picked":"theDuelist:GreyGreedOni+1","floor":39.0},{"not_picked":["theDuelist:Hinotama","theDuelist:GreyGreedOni+1","theDuelist:Mausoleum+1","theDuelist:RainbowBridge"],"picked":"theDuelist:DarkFactory+1","floor":41.0},{"not_picked":["theDuelist:ViceDragon","theDuelist:CyberDinosaur+1","theDuelist:DefenseDraw+1","theDuelist:DarkfireDragon"],"picked":"theDuelist:CyberDragonVier+1","floor":44.0},{"not_picked":["theDuelist:AxeDespair","theDuelist:VeilDarkness","theDuelist:DragonCaptureJar+2","theDuelist:DarkfireDragon"],"picked":"theDuelist:CyberneticRevolution+1","floor":46.0},{"not_picked":["Flash of Steel+1","Good Instincts","Metamorphosis"],"picked":"Chrysalis+1","floor":48.0}],"player_experience":287394,"relics_obtained":[{"floor":6.0,"key":"theDuelist:WhiteBowlRelic"},{"floor":8.0,"key":"theDuelist:DuelistUrn"},{"floor":9.0,"key":"Mummified Hand"},{"floor":11.0,"key":"Matryoshka"},{"floor":14.0,"key":"Singing Bowl"},{"floor":23.0,"key":"theDuelist:DuelistOrichalcum"},{"floor":26.0,"key":"Nunchaku"},{"floor":26.0,"key":"theDuelist:GiftAnubis"},{"floor":41.0,"key":"Mercury Hourglass"},{"floor":43.0,"key":"Anchor"},{"floor":43.0,"key":"Kunai"}],"event_choices":[{"damage_healed":0.0,"max_hp_gain":0.0,"max_hp_loss":0.0,"gold_gain":0.0,"event_name":"Shining Light","player_choice":"Entered Light","floor":3.0,"gold_loss":0.0,"damage_taken":16.0,"cards_upgraded":["theDuelist:CaveDragon","theDuelist:LesserDragon"]},{"damage_healed":0.0,"max_hp_gain":0.0,"max_hp_loss":0.0,"gold_gain":0.0,"event_name":"Living Wall","player_choice":"Grow","floor":4.0,"gold_loss":0.0,"damage_taken":0.0,"cards_upgraded":["theDuelist:Earthquake"]},{"damage_healed":0.0,"max_hp_gain":0.0,"max_hp_loss":0.0,"gold_gain":175.0,"event_name":"Liars Game","player_choice":"AGREE","floor":13.0,"gold_loss":0.0,"damage_taken":0.0,"cards_obtained":["Doubt"]},{"damage_healed":0.0,"max_hp_gain":0.0,"max_hp_loss":0.0,"gold_gain":0.0,"event_name":"Addict","player_choice":"Obtained Relic","floor":20.0,"gold_loss":85.0,"damage_taken":0.0,"relics_obtained":["theDuelist:BoosterPackTrapEgg"]},{"damage_healed":0.0,"max_hp_gain":0.0,"max_hp_loss":0.0,"gold_gain":0.0,"event_name":"Lab","player_choice":"Got Potions","floor":21.0,"gold_loss":0.0,"damage_taken":0.0},{"cards_removed":["Doubt"],"damage_healed":0.0,"max_hp_gain":0.0,"max_hp_loss":0.0,"gold_gain":0.0,"event_name":"Beggar","player_choice":"Gave Gold","floor":30.0,"gold_loss":75.0,"damage_taken":0.0},{"cards_removed":["theDuelist:CastleWalls"],"damage_healed":0.0,"max_hp_gain":0.0,"max_hp_loss":0.0,"gold_gain":0.0,"event_name":"Falling","player_choice":"Removed Skill","floor":36.0,"gold_loss":0.0,"damage_taken":0.0},{"damage_healed":0.0,"max_hp_gain":0.0,"max_hp_loss":0.0,"gold_gain":0.0,"event_name":"Millennium Items","player_choice":"Took item - Received: Millennium Necklace","duelist":true,"floor":38.0,"gold_loss":0.0,"damage_taken":0.0}],"is_beta":false,"boss_relics":[{"not_picked":["HoveringKite","Busted Crown"],"picked":"Cursed Key"},{"not_picked":["Empty Cage","Snecko Eye"],"picked":"SacredBark"}],"items_purged_floors":[22],"is_endless":false,"potions_floor_spawned":[1,14,16,19,23,25,39,48],"killed_by":"Time Eater","ascension_level":0}}