{"host":"lnt5dzsuhru0aonl","time":1611054441,"event":{"mods":["2.2 Compatiblity","BaseMod","Colored Map","Colored Powertips","DeckTracker","Keyboard Shortcuts","Minty Spire (QoL Compilation)","Permanent Neow","StSLib","SuperFastMode","everything is the same but u backflip on backflip"],"gold_per_floor":[112,112,37,37,50,81,81,117,117,138,161,241,256,256,256,256,256],"floor_reached":16,"language":"KOR","playtime":532,"items_purged":["Strike_B"],"score":220,"play_id":"b78f9290-e8e6-4512-b7ad-e1eba8471427","local_time":"20210119200721","is_ascension_mode":true,"campfire_choices":[{"data":"Dualcast","floor":7,"key":"SMITH"},{"data":"Turbo","floor":15,"key":"SMITH"}],"circlet_count":0,"master_deck":["AscendersBane","Strike_B","Strike_B","Strike_B","Defend_B","Defend_B","Defend_B","Defend_B","Zap","Dualcast+1","Echo Form","Coolheaded","Rebound","Steam","Chill","Glacier","Turbo+1","Skim"],"relics":["Cracked Core","Golden Idol","White Beast Statue","Unceasing Top","Gremlin Horn","Blue Candle"],"acts_visited":["Exordium"],"potions_floor_usage":[8,16,16],"damage_taken":[{"damage":12,"enemies":"Small Slimes","floor":1,"turns":4},{"damage":1,"enemies":"Cultist","floor":5,"turns":3},{"damage":18,"enemies":"Lagavulin","floor":6,"turns":10},{"damage":5,"enemies":"3 Sentries","floor":8,"turns":13},{"damage":0,"enemies":"2 Louse","floor":10,"turns":3},{"damage":3,"enemies":"Blue Slaver","floor":11,"turns":5},{"damage":5,"enemies":"Lots of Slimes","floor":13,"turns":6},{"damage":25,"enemies":"Slime Boss","floor":16,"turns":9}],"seed_played":"-5462746636634504873","potions_obtained":[{"floor":1,"key":"FocusPotion"},{"floor":8,"key":"SpeedPotion"},{"floor":10,"key":"SpeedPotion"},{"floor":13,"key":"Energy Potion"},{"floor":14,"key":"PowerPotion"}],"is_trial":false,"path_per_floor":["M","?","$","?","M","E","R","E","T","M","M","T","M","?","R","B"],"character_chosen":"DEFECT","items_purchased":[],"campfire_rested":0,"item_purchase_floors":[],"current_hp_per_floor":[52,52,52,52,51,33,33,28,28,28,25,25,20,20,20,0,0],"gold":256,"neow_bonus":"THREE_RARE_CARDS","is_daily":false,"chose_seed":false,"campfire_upgraded":2,"win_rate":0.0,"timestamp":1611054441,"path_taken":["M","?","?","?","M","E","R","E","T","M","M","?","?","?","R","BOSS"],"items_purchased_type":[],"build_version":"2020-12-22","purchased_purges":1,"victory":false,"max_hp_per_floor":[64,64,64,58,58,58,58,58,58,58,58,58,58,58,58,58,58],"card_choices":[{"not_picked":["Meteor Strike","Multi-Cast"],"picked":"Echo Form","floor":0.0},{"not_picked":["Auto Shields","Compile Driver"],"picked":"Coolheaded","floor":1},{"not_picked":["Barrage","Redo"],"picked":"Steam","floor":5},{"not_picked":["Compile Driver","Coolheaded"],"picked":"Chill","floor":6},{"not_picked":["Leap","Sweeping Beam"],"picked":"Glacier","floor":8},{"not_picked":["Hello World","Coolheaded","Force Field"],"picked":"SKIP","floor":10},{"not_picked":["Go for the Eyes","Genetic Algorithm"],"picked":"Turbo","floor":11},{"not_picked":["Cold Snap","Melter"],"picked":"Skim","floor":13}],"player_experience":699855,"relics_obtained":[{"floor":6,"key":"White Beast Statue"},{"floor":8,"key":"Unceasing Top"},{"floor":9,"key":"Gremlin Horn"},{"floor":12,"key":"Blue Candle"}],"event_choices":[{"damage_healed":0,"gold_gain":0,"player_choice":"1 cards matched","damage_taken":0,"max_hp_gain":0,"max_hp_loss":0,"event_name":"Match and Keep!","floor":2,"gold_loss":0,"cards_obtained":["Rebound"]},{"damage_healed":0,"gold_gain":0,"player_choice":"Lose Max HP","damage_taken":0,"relics_obtained":["Golden Idol"],"max_hp_gain":0,"max_hp_loss":6,"event_name":"Golden Idol","floor":4,"gold_loss":0},{"damage_healed":0,"gold_gain":0,"player_choice":"Got Potions","damage_taken":0,"max_hp_gain":0,"max_hp_loss":0,"event_name":"Lab","floor":14,"gold_loss":0}],"is_beta":false,"boss_relics":[],"items_purged_floors":[3],"is_endless":false,"potions_floor_spawned":[1,8,10,11,13],"killed_by":"Slime Boss","ascension_level":20}}