{"host":"v4tuy5ykrbdcm9o9","time":1611036280,"event":{"mods":["BaseMod","Duelist Mod","Minty Spire (QoL Compilation)","Replay The Spire","StSLib"],"gold_per_floor":[112,127,139,158,158,186,186,214,214,142,142,154,154,154],"floor_reached":13,"language":"ENG","playtime":1293,"items_purged":[],"score":119,"play_id":"ef61f11f-3a33-4c8e-9763-68dd0b1fcc8e","local_time":"20210119010440","is_ascension_mode":true,"campfire_choices":[{"data":"ThirdEye","floor":7,"key":"SMITH"},{"floor":11,"key":"REST"}],"circlet_count":0,"master_deck":["Strike_P","Strike_P","Strike_P","Strike_P","Defend_P","Defend_P","Defend_P","Defend_P","Eruption+1","Vigilance","Nirvana","Weave","CrushJoints","Replay:Cycle","ThirdEye+1","CutThroughFate","Replay:DivineShield"],"relics":["PureWater","Eternal Feather","Smiling Mask","Anchor","HornCleat"],"acts_visited":["Exordium"],"potions_floor_usage":[6,8],"damage_taken":[{"damage":2,"enemies":"2 Louse","floor":1,"turns":3},{"damage":2,"enemies":"Cultist","floor":2,"turns":3},{"damage":0,"enemies":"Small Slimes","floor":3,"turns":2},{"damage":17,"enemies":"Looter","floor":4,"turns":3},{"damage":26,"enemies":"Gremlin Nob","floor":6,"turns":3},{"damage":26,"enemies":"3 Sentries","floor":8,"turns":13},{"damage":0,"enemies":"Lots of Slimes","floor":12,"turns":6},{"damage":4,"enemies":"Lagavulin","floor":13,"turns":5}],"seed_played":"9196345560832483373","potions_obtained":[{"floor":2,"key":"Dexterity Potion"},{"floor":6,"key":"Adrenaline Potion"},{"floor":12,"key":"FairyPotion"}],"is_trial":false,"path_per_floor":["M","M","M","M","?","E","R","E","T","?","R","M","E"],"character_chosen":"WATCHER","items_purchased":[],"campfire_rested":1,"item_purchase_floors":[],"current_hp_per_floor":[70,68,68,51,51,25,34,8,8,8,38,38,34,34],"gold":154,"neow_bonus":"UPGRADE_CARD","is_daily":false,"chose_seed":false,"campfire_upgraded":1,"win_rate":0.0,"timestamp":1611036280,"path_taken":["M","M","M","M","?","E","R","E","T","?","R","M","E"],"items_purchased_type":[],"build_version":"2020-12-22","purchased_purges":0,"victory":false,"max_hp_per_floor":[72,72,72,72,72,72,72,72,72,72,72,72,72,72],"card_choices":[{"not_picked":["Halt","ClearTheMind"],"picked":"Nirvana","floor":1},{"not_picked":["Prostrate","Consecrate"],"picked":"Weave","floor":2},{"not_picked":["Replay:BluntJabs","DeceiveReality"],"picked":"CrushJoints","floor":3},{"not_picked":["PathToVictory","LikeWater"],"picked":"Replay:Cycle","floor":4},{"not_picked":["MasterReality","Tantrum"],"picked":"ThirdEye","floor":6},{"not_picked":["Scrawl","FollowUp"],"picked":"CutThroughFate","floor":8},{"not_picked":["Consecrate","Replay:Anticipation"],"picked":"Replay:DivineShield","floor":12}],"player_experience":592685,"relics_obtained":[{"floor":6,"key":"Eternal Feather"},{"floor":8,"key":"Smiling Mask"},{"floor":9,"key":"Anchor"}],"event_choices":[{"damage_healed":0,"gold_gain":0,"player_choice":"Ignored","damage_taken":0,"max_hp_gain":0,"max_hp_loss":0,"event_name":"Golden Wing","floor":5,"gold_loss":0},{"damage_healed":0,"gold_gain":0,"player_choice":"Paid Gold","damage_taken":0,"relics_obtained":["HornCleat"],"max_hp_gain":0,"max_hp_loss":0,"event_name":"WeMeetAgain","floor":10,"gold_loss":72}],"is_beta":false,"boss_relics":[],"items_purged_floors":[],"is_endless":false,"potions_floor_spawned":[2,6,12],"killed_by":"Lagavulin","ascension_level":5}}