{"host":"7z9izfsmsy4azoxx","time":1611049271,"event":{"mods":["AchievementEnabler","BaseMod","Colored Map","Custom Start","Hermit","Minty Spire (QoL Compilation)","Replay The Spire","StSLib","SuperFastMode"],"gold_per_floor":[111,45465110,45465126,45464467,45464486,45464521,45464521,45464549,45464549,45464549,45464514,45464547,45464565,45464604,45464613,45464696,45464696,45464710,45464720,45463732,45463757,45463766,45463792,45463792,45463818,45463818,45463855,45463867,45463886,45463914,45462857,45462857,45462930,45462957,45462977,45462889,45461915,0,56455800,56455832,56455865,56455865,56455912,56455912,56455941,56455941,56456003,56456038,56456038,56456038,56456038,56456038,56456038,56455042,56455077,56455077],"floor_reached":57,"language":"KOR","playtime":1391,"items_purged":["Strike_R","Strike_R","Voices","Strike_R","Amnesia","Strike_R","Defend_R"],"score":2613,"play_id":"1c3620d1-f032-487f-a8fa-9e8c69800870","local_time":"20210119184111","is_ascension_mode":true,"campfire_choices":[{"data":"Whirlwind","floor":7.0,"key":"SMITH"},{"data":"Offering","floor":24.0,"key":"SMITH"},{"data":"Double Tap","floor":32,"key":"SMITH"},{"floor":42,"key":"RECALL"},{"data":"Pommel Strike","floor":44,"key":"SMITH"},{"data":"Pommel Strike","floor":49,"key":"SMITH"},{"data":"ReplayTheSpireMod:Strike From Hell","floor":53,"key":"SMITH"}],"circlet_count":0,"master_deck":["AscendersBane","Strike_R","Defend_R+1","Defend_R+1","Defend_R","Bash","Shrug It Off","Double Tap+1","Pommel Strike+1","ReplayTheSpireMod:Strike From Hell+1","ReplayReversal+1","Offering+1","Pommel Strike+1","Necronomicurse","Whirlwind+1","Pommel Strike+1","AbeCurse","ReplayTheSpireMod:Strike From Hell+1","Swift Strike+1","Wild Strike+1","Perfected Strike+1","Feel No Pain+1","ReplayTheSpireMod:LeadingStrike+1","Wild Strike+1"],"relics":["Burning Blood","Juzu Bracelet","Ancient Tea Set","Oddly Smooth Stone","Happy Flower","Thread and Needle","Pocketwatch","Another Sword","Ring of Misfortune","Ring of Hypnosis","Anchor","CeramicFish","SacredBark","Pantograph","Sundial","Sling","Necronomicon","Potion Belt","Smiling Mask","Molten Egg 2","Pet Ghost","Champion Belt","Durian","Replay:Bottled Snecko","ClockworkSouvenir","Replay:Ancient Bell","Simple Rune","Replay:WaspNest","Prayer Wheel","Chemical X","Matryoshka","Golden Egg","Red Mask","Blue Doll","Toxic Egg 2","OrangePellets","Orichalcum","Mango","Turnip","InkBottle","Medical Kit","Lantern","Blue Candle","Kunai"],"acts_visited":["Exordium","TheCity","TheBeyond","TheEnding"],"potions_floor_usage":[27,30,30,33,41,50,51,51,56,56,56,56],"damage_taken":[{"damage":9.0,"enemies":"Jaw Worm","floor":1.0,"turns":3.0},{"damage":22.0,"enemies":"Small Slimes","floor":3.0,"turns":4.0},{"damage":0.0,"enemies":"Cultist","floor":5.0,"turns":4.0},{"damage":63.0,"enemies":"Gremlin Nob","floor":6.0,"turns":6.0},{"damage":27.0,"enemies":"Lagavulin","floor":8.0,"turns":4.0},{"damage":2.0,"enemies":"Gremlin Nob","floor":12.0,"turns":3.0},{"damage":0.0,"enemies":"3 Louse","floor":13.0,"turns":1.0},{"damage":13.0,"enemies":"Lagavulin","floor":14.0,"turns":3.0},{"damage":7.0,"enemies":"Slime Boss","floor":16.0,"turns":12.0},{"damage":3.0,"enemies":"2 Thieves","floor":18.0,"turns":4.0},{"damage":22.0,"enemies":"3 Byrds","floor":19.0,"turns":7.0},{"damage":11.0,"enemies":"Centurion and Healer","floor":21.0,"turns":4.0},{"damage":25.0,"enemies":"Slavers","floor":23.0,"turns":3.0},{"damage":11.0,"enemies":"Book of Stabbing","floor":25.0,"turns":3.0},{"damage":10,"enemies":"Slavers","floor":27,"turns":3},{"damage":18,"enemies":"Snake Plant","floor":28,"turns":3},{"damage":14,"enemies":"Shelled Parasite and Fungi","floor":29,"turns":2},{"damage":0,"enemies":"Gremlin Leader","floor":30,"turns":2},{"damage":17,"enemies":"Collector","floor":33,"turns":5},{"damage":3,"enemies":"Orb Walker","floor":35,"turns":1},{"damage":3,"enemies":"3 Darklings","floor":36,"turns":3},{"damage":1,"enemies":"Nemesis","floor":40,"turns":5},{"damage":0,"enemies":"Transient","floor":41,"turns":6},{"damage":6,"enemies":"Reptomancer","floor":45,"turns":1},{"damage":0,"enemies":"2 Orb Walkers","floor":47,"turns":1},{"damage":14,"enemies":"R_Hoarder","floor":48,"turns":4},{"damage":29,"enemies":"Time Eater","floor":50,"turns":5},{"damage":17,"enemies":"Replay:Hell Engine","floor":51,"turns":2},{"damage":2,"enemies":"Shield and Spear","floor":55,"turns":3},{"damage":76,"enemies":"The Heart","floor":56,"turns":5}],"seed_played":"4636244810148388909","potions_obtained":[{"floor":1.0,"key":"SkillPotion"},{"floor":6.0,"key":"Venom Potion"},{"floor":13.0,"key":"Dexterity Potion"},{"floor":16.0,"key":"PowerPotion"},{"floor":23.0,"key":"PowerPotion"},{"floor":25.0,"key":"Explosive Potion"},{"floor":28,"key":"AttackPotion"},{"floor":29,"key":"DuplicationPotion"},{"floor":41,"key":"AttackPotion"}],"is_trial":false,"path_per_floor":["M","$","M","$","M","E","R","E","T","?","?","E","M","E","R_BF","B",null,"M","M","$","M","?","E","R","E","T","E","M","M","E","$","R","B",null,"M","M","$","?","$","E","M","R","T","R","E","?","?","E","R","B","B",null,"R","$","E","B",null],"character_chosen":"IRONCLAD","items_purchased":["SkillPotion","Juzu Bracelet","Ancient Tea Set","Oddly Smooth Stone","Happy Flower","Shrug It Off","Double Tap","Pantograph","Sundial","Sling","AttackPotion","DuplicationPotion","Durian","Replay:Bottled Snecko","ClockworkSouvenir","GamblersBrew","Flashbang","BlessingOfTheForge","Chemical X","Matryoshka","Golden Egg","Energy Potion","Strength Potion","Swift Strike+1","Blue Doll","Toxic Egg 2","OrangePellets","Medical Kit","Lantern","Blue Candle","Feel No Pain","ReplayTheSpireMod:LeadingStrike+1","Toxic Potion","FearPotion","SteroidPotion"],"campfire_rested":0,"item_purchase_floors":[2,2,2,4,4,4,4,20,20,20,20,20,31,31,31,31,31,31,37,37,37,37,37,37,39,39,39,54,54,54,54,54,54,54,54],"current_hp_per_floor":[65,65,49,49,55,48,48,27,27,27,45,49,55,48,48,47,68,71,55,55,50,29,56,56,51,51,47,35,27,33,38,38,52,73,76,79,79,79,79,80,80,80,80,80,94,94,94,86,86,71,83,91,91,91,94,24],"gold":56455077,"neow_bonus":"THREE_CARDS","is_daily":false,"chose_seed":false,"campfire_upgraded":6,"win_rate":0.0,"timestamp":1611049271,"path_taken":["M","$","M","$","M","E","R","E","T","?","?","E","M","E","R_BF","BOSS","M","M","$","M","?","E","R","E","T","E","M","M","E","$","R","BOSS","M","M","$","?","$","E","M","R","T","R","E","?","?","E","R","BOSS","BOSS","R","$","E","BOSS"],"items_purchased_type":["Potion","Relic","Relic","Relic","Relic","Card","Card","Relic","Relic","Relic","Potion","Potion","Relic","Relic","Relic","Potion","Potion","Potion","Relic","Relic","Relic","Potion","Potion","Card","Relic","Relic","Relic","Relic","Relic","Relic","Card","Card","Potion","Potion","Potion"],"build_version":"2020-12-22","purchased_purges":7,"victory":true,"max_hp_per_floor":[75,75,75,75,75,75,75,75,75,75,75,75,75,75,75,75,75,75,75,75,75,75,75,75,75,75,75,75,75,75,80,80,80,80,80,80,80,80,80,80,80,80,80,80,94,94,94,94,94,94,94,94,94,94,94,94],"card_choices":[{"not_picked":["Second Wind","ReplayTheSpireMod:Limb From Limb"],"picked":"Whirlwind","floor":1.0},{"not_picked":["Flame Barrier","Armaments","Cleave"],"picked":"SKIP","floor":3.0},{"not_picked":["Headbutt","Seeing Red","Heavy Blade"],"picked":"SKIP","floor":5.0},{"not_picked":["Spot Weakness","Clothesline","Seeing Red"],"picked":"SKIP","floor":6.0},{"not_picked":["Wild Strike","Thunderclap","Anger"],"picked":"SKIP","floor":8.0},{"not_picked":["Whirlwind","Cleave","Battle Trance"],"picked":"SKIP","floor":12.0},{"not_picked":["Whirlwind","Cleave","Battle Trance"],"picked":"SKIP","floor":12.0},{"not_picked":["Shrug It Off","Flex"],"picked":"Pommel Strike","floor":13.0},{"not_picked":["Ghostly Armor","Shrug It Off","ReplayTheSpireMod:Strike From Hell"],"picked":"SKIP","floor":14.0},{"not_picked":["Ghostly Armor","Shrug It Off"],"picked":"ReplayTheSpireMod:Strike From Hell","floor":14.0},{"not_picked":["Brutality","Exhume"],"picked":"Offering","floor":16.0},{"not_picked":["Infernal Blade","Havoc","Headbutt"],"picked":"SKIP","floor":18.0},{"not_picked":["True Grit","Dark Embrace","Replay:Many Hands"],"picked":"SKIP","floor":19.0},{"not_picked":["Anger+1","Power Through"],"picked":"Pommel Strike","floor":21.0},{"not_picked":["ReplayTheSpireMod:Corrosion Curse","True Grit","Power Through"],"picked":"SKIP","floor":23.0},{"not_picked":["Anger","Ghostly Armor","Defy Death"],"picked":"SKIP","floor":25.0},{"not_picked":["Havoc","Eclipse"],"picked":"Whirlwind+1","floor":27},{"not_picked":["Clash+1","Dark Embrace","Body Slam+1"],"picked":"SKIP","floor":28},{"not_picked":["Abandon","Replay:Undeath\u0027s Touch+1"],"picked":"Pommel Strike+1","floor":29},{"not_picked":["Clash+1","Seeing Red+1","Headbutt+1"],"picked":"SKIP","floor":30},{"not_picked":["Overencumbered","Shame"],"picked":"Amnesia","floor":34},{"not_picked":["Replay:Hysterical Blindness","Parasite"],"picked":"ReplayTheSpireMod:IOU","floor":34},{"not_picked":["ReplayTheSpireMod:Doomed","ReplayTheSpireMod:Splinters"],"picked":"AbeCurse","floor":34},{"not_picked":["ReplayTheSpireMod:Corrosion Curse+1","Anger+1"],"picked":"ReplayTheSpireMod:Strike From Hell+1","floor":35},{"not_picked":["Replay:Undeath\u0027s Touch+1","Replay:Many Hands","Ghostly Armor"],"picked":"SKIP","floor":35},{"not_picked":["Replay:Undeath\u0027s Touch+1","Armaments","Intimidate"],"picked":"SKIP","floor":36},{"not_picked":["Shrug It Off","Thunderclap+1","Body Slam+1"],"picked":"SKIP","floor":36},{"not_picked":["ReplayTheSpireMod:Corrosion Curse+1","Rage+1","Battle Trance+1"],"picked":"SKIP","floor":40},{"not_picked":["Fire Breathing","Cleave+1"],"picked":"Wild Strike+1","floor":41},{"not_picked":["Impervious+1","True Grit+1"],"picked":"Whirlwind+1","floor":41},{"not_picked":["ReplayTheSpireMod:Strike From Hell+1","Clash+1","Anger+1"],"picked":"SKIP","floor":45},{"not_picked":["Thunderclap+1","Twin Strike+1"],"picked":"Perfected Strike+1","floor":47},{"not_picked":["Clash+1","Anger+1","Flex+1"],"picked":"SKIP","floor":48},{"not_picked":["Impervious+1","Twin Strike+1"],"picked":"Wild Strike+1","floor":55}],"player_experience":532256,"relics_obtained":[{"floor":6.0,"key":"Thread and Needle"},{"floor":8.0,"key":"Pocketwatch"},{"floor":9.0,"key":"Another Sword"},{"floor":10.0,"key":"Ring of Misfortune"},{"floor":10.0,"key":"Ring of Hypnosis"},{"floor":12.0,"key":"Anchor"},{"floor":14.0,"key":"CeramicFish"},{"floor":22.0,"key":"Necronomicon"},{"floor":23.0,"key":"Potion Belt"},{"floor":25.0,"key":"Smiling Mask"},{"floor":26,"key":"Molten Egg 2"},{"floor":27,"key":"Pet Ghost"},{"floor":30,"key":"Champion Belt"},{"floor":40,"key":"Orichalcum"},{"floor":45,"key":"Mango"},{"floor":47,"key":"Turnip"},{"floor":48,"key":"InkBottle"},{"floor":55,"key":"Kunai"}],"event_choices":[{"damage_healed":18.0,"max_hp_gain":0.0,"max_hp_loss":0.0,"gold_gain":0.0,"event_name":"The Cleric","player_choice":"Healed","floor":11.0,"gold_loss":35.0,"damage_taken":0.0},{"damage_healed":0.0,"max_hp_gain":0.0,"max_hp_loss":0.0,"gold_gain":0.0,"event_name":"Cursed Tome","player_choice":"Obtained Book","floor":22.0,"gold_loss":0.0,"damage_taken":21.0},{"damage_healed":0,"gold_gain":0,"player_choice":"Paid","damage_taken":0,"relics_obtained":["Red Mask"],"max_hp_gain":0,"max_hp_loss":0,"event_name":"Tomb of Lord Red Mask","floor":38,"gold_loss":45461915},{"cards_removed":["Whirlwind"],"damage_healed":0,"gold_gain":0,"player_choice":"Removed Attack","damage_taken":0,"max_hp_gain":0,"max_hp_loss":0,"event_name":"Falling","floor":46,"gold_loss":0},{"damage_healed":0,"gold_gain":0,"player_choice":"Fight","damage_taken":0,"max_hp_gain":0,"max_hp_loss":0,"event_name":"Mysterious Sphere","floor":47,"gold_loss":0}],"is_beta":false,"boss_relics":[{"not_picked":["Ooze Armor","Replay:Bronze Core"],"picked":"SacredBark"},{"not_picked":["Black Blood","Runic Cube"],"picked":"Replay:Ancient Bell"},{"not_picked":["Replay:Wax Seal","ReplayTheSpireMod:Lightbulb"],"picked":"Simple Rune"},{"not_picked":["Replay:Accelerometer","Paper Frog"],"picked":"Replay:WaspNest"},{"not_picked":["Shovel","Incense Burner"],"picked":"Prayer Wheel"}],"items_purged_floors":[2,4,20,31,37,39,54],"is_endless":false,"potions_floor_spawned":[1,6,13,16,23,25,28,29,41,45,48],"ascension_level":20}}