{"host":"p7cjtxxrilhp4dw7","time":1611021861,"event":{"mods":["BaseMod","Block Reminder","Colored Map","Highlight Path","Minty Spire (QoL Compilation)","Replay The Spire","StSLib","The Hierophant"],"gold_per_floor":[117,47,66,66,76,76,102,102,102,122,136,136,164,178,178,282,282,296,296,296,306,319,319,345,345,345],"floor_reached":25,"language":"ENG","playtime":1973,"items_purged":[],"score":338,"play_id":"d01b49a3-8338-4be2-88b2-27803f0bc38b","local_time":"20210118190421","is_ascension_mode":true,"campfire_choices":[{"floor":6,"key":"REST"},{"floor":8,"key":"REST"},{"floor":12,"key":"REST"},{"floor":15,"key":"REST"},{"floor":23,"key":"RECALL"}],"circlet_count":0,"master_deck":["Strike_B","Strike_B","Strike_B","Strike_B","Defend_B","Defend_B","Defend_B","Defend_B","Zap","Dualcast","Zap","hierophant:Defend_Hierophant","Thunder Strike","Rebound","Defragment","Panic Button","Cold Snap","Electrodynamics","BasicCrystalCard","Lockon","Mirror Shield","Redo+1","Conserve Battery+1","ReplaySolidLightProjector"],"relics":["Cracked Core","Lizard Tail","Replay:Baseball","CaptainsWheel","Sozu","Durian"],"acts_visited":["Exordium","TheCity"],"potions_floor_usage":[14,16,22],"damage_taken":[{"damage":5,"enemies":"Small Slimes","floor":1,"turns":4},{"damage":7,"enemies":"Jaw Worm","floor":3,"turns":3},{"damage":6,"enemies":"Cultist","floor":5,"turns":4},{"damage":34,"enemies":"Lagavulin","floor":7,"turns":8},{"damage":15,"enemies":"Exordium Thugs","floor":10,"turns":6},{"damage":6,"enemies":"Looter","floor":11,"turns":4},{"damage":34,"enemies":"Gremlin Nob","floor":13,"turns":4},{"damage":0,"enemies":"3 Louse","floor":14,"turns":3},{"damage":36,"enemies":"The Guardian","floor":16,"turns":11},{"damage":0,"enemies":"Spheric Guardian","floor":18,"turns":3},{"damage":4,"enemies":"Shell Parasite","floor":21,"turns":5},{"damage":9,"enemies":"Shelled Parasite and Fungi","floor":22,"turns":5},{"damage":47,"enemies":"Book of Stabbing","floor":24,"turns":6},{"damage":0,"enemies":"Cultist and Chosen","floor":25,"turns":4}],"seed_played":"-2124322316348016475","potions_obtained":[{"floor":7,"key":"BlessingOfTheForge"},{"floor":13,"key":"Block Potion"},{"floor":16,"key":"Block Potion"}],"is_trial":false,"path_per_floor":["M","$","M","?","M","R","E","R","T","M","M","R","E","M","R","B",null,"M","?","?","M","M","R","E","M"],"character_chosen":"DEFECT","items_purchased":["Defragment"],"campfire_rested":4,"item_purchase_floors":[2],"current_hp_per_floor":[63,63,56,49,43,65,31,53,53,38,32,54,20,20,42,6,58,58,58,75,71,62,62,20,20,20],"gold":345,"neow_bonus":"THREE_RARE_CARDS","is_daily":false,"chose_seed":false,"campfire_upgraded":0,"win_rate":0.0,"timestamp":1611021861,"path_taken":["M","$","M","?","M","R","E","R","T","M","M","R","E","M","R","BOSS","M","?","?","?","M","R","E","M"],"items_purchased_type":["Card"],"build_version":"2020-12-22","purchased_purges":0,"victory":false,"max_hp_per_floor":[75,75,75,75,75,75,75,75,75,75,75,75,75,75,75,75,75,75,75,75,75,75,75,80,80,80],"card_choices":[{"not_picked":["Hyperbeam","ReplayTheSpireMod:Omega Cannon"],"picked":"Thunder Strike","floor":0},{"not_picked":["Sweeping Beam","Compile Driver"],"picked":"Rebound","floor":1},{"not_picked":["Darkness","FTL"],"picked":"Panic Button","floor":3},{"not_picked":["Steam","Go for the Eyes"],"picked":"Cold Snap","floor":5},{"not_picked":["ReplayTheSpireMod:Calculation Training","Skim"],"picked":"Electrodynamics","floor":7},{"not_picked":["Gash","Beam Cell"],"picked":"BasicCrystalCard","floor":10},{"not_picked":["Hologram","Beam Cell"],"picked":"Doom and Gloom","floor":11},{"not_picked":["Steam Power","Gash"],"picked":"Lockon","floor":13},{"not_picked":["FIFO Queue","ReplayGash","Gash"],"picked":"SKIP","floor":14},{"not_picked":["Rainbow","Buffer"],"picked":"Mirror Shield","floor":16},{"not_picked":["ReplayTheSpireMod:Reroute Power","ReplayTheSpireMod:Repulse","Go for the Eyes"],"picked":"SKIP","floor":18},{"not_picked":["BasicCrystalCard","Panic Button+1"],"picked":"Redo+1","floor":21},{"not_picked":["Gash","Go for the Eyes"],"picked":"Conserve Battery+1","floor":22},{"not_picked":["ReplayTheSpireMod:Calculation Training","Hyperbeam"],"picked":"ReplaySolidLightProjector","floor":24}],"player_experience":501857,"relics_obtained":[{"floor":7,"key":"Replay:Baseball"},{"floor":13,"key":"CaptainsWheel"},{"floor":24,"key":"Durian"}],"event_choices":[{"damage_healed":0,"gold_gain":0,"player_choice":"Success","damage_taken":7,"relics_obtained":["Lizard Tail"],"max_hp_gain":0,"max_hp_loss":0,"event_name":"Scrap Ooze","floor":4,"gold_loss":0},{"cards_removed":["Doom and Gloom"],"damage_healed":17,"gold_gain":0,"player_choice":"Offered Uncommon","damage_taken":0,"max_hp_gain":0,"max_hp_loss":0,"event_name":"Bonfire Elementals","floor":20,"gold_loss":0}],"is_beta":false,"boss_relics":[{"not_picked":["Astrolabe","Replay:Wanted Poster"],"picked":"Sozu"}],"items_purged_floors":[],"is_endless":false,"potions_floor_spawned":[7,13,16,21,24],"killed_by":"Cultist and Chosen","ascension_level":9}}