{"host":"qxeepl7ydvsgmfdb","time":1611062737,"event":{"mods":["AchievementEnabler","BaseMod","Colored Powertips","Minty Spire (QoL Compilation)","Quick Restart","slay the spire mod where everything is the same but ironclad has a cowboy hat"],"gold_per_floor":[118,130,130,141,141,187,187,200,200,224,114,139,152,152,152,152,152],"floor_reached":16,"language":"ENG","playtime":1035,"items_purged":[],"score":127,"play_id":"b3cb1a4f-f42a-4b3f-8d87-2aee1827bc9b","local_time":"20210119082537","is_ascension_mode":true,"campfire_choices":[{"floor":7,"key":"REST"},{"floor":15,"key":"REST"}],"circlet_count":0,"master_deck":["Strike_B","Strike_B","Strike_B","Strike_B","Defend_B","Defend_B","Defend_B","Defend_B","Zap+1","Dualcast","Coolheaded","Sweeping Beam","Capacitor","Cold Snap","Chaos","Doom and Gloom","Rainbow","Ball Lightning","Regret"],"relics":["Cracked Core","NeowsBlessing","Orichalcum","Darkstone Periapt","Boot","Tiny Chest","Anchor","Centennial Puzzle"],"acts_visited":["Exordium"],"potions_floor_usage":[6,16],"damage_taken":[{"damage":0,"enemies":"2 Louse","floor":1,"turns":1},{"damage":0,"enemies":"Jaw Worm","floor":2,"turns":1},{"damage":0,"enemies":"Small Slimes","floor":4,"turns":1},{"damage":55,"enemies":"Lagavulin","floor":6,"turns":9},{"damage":16,"enemies":"3 Louse","floor":8,"turns":2},{"damage":12,"enemies":"Gremlin Nob","floor":12,"turns":4},{"damage":0,"enemies":"Large Slime","floor":13,"turns":5},{"damage":42,"enemies":"Hexaghost","floor":16,"turns":9}],"seed_played":"-5983639887872008953","potions_obtained":[{"floor":4,"key":"ColorlessPotion"},{"floor":8,"key":"FearPotion"},{"floor":12,"key":"AttackPotion"}],"is_trial":false,"path_per_floor":["M","M","?","M","?","E","R","M","T","T","$","E","M","?","R","B"],"character_chosen":"DEFECT","items_purchased":["Chaos","Doom and Gloom"],"campfire_rested":2,"item_purchase_floors":[11,11],"current_hp_per_floor":[75,75,72,72,72,17,39,23,23,23,23,11,11,17,41,0,0],"gold":152,"neow_bonus":"THREE_ENEMY_KILL","is_daily":false,"chose_seed":false,"campfire_upgraded":0,"win_rate":0.0,"timestamp":1611062737,"path_taken":["M","M","?","M","?","E","R","M","T","?","$","E","M","?","R","BOSS"],"items_purchased_type":["Card","Card"],"build_version":"2020-12-22","purchased_purges":0,"victory":false,"max_hp_per_floor":[75,75,75,75,75,75,75,75,75,75,75,75,75,81,81,81,81],"card_choices":[{"not_picked":["Gash","Rip and Tear"],"picked":"Coolheaded","floor":1},{"not_picked":["Static Discharge","Tempest"],"picked":"Sweeping Beam","floor":2},{"not_picked":["Stack","Sweeping Beam"],"picked":"Capacitor","floor":4},{"not_picked":["Beam Cell","Conserve Battery"],"picked":"Cold Snap","floor":6},{"not_picked":["Buffer","Sweeping Beam","Hologram"],"picked":"SKIP","floor":8},{"not_picked":["Hologram","Force Field"],"picked":"Rainbow","floor":12},{"not_picked":["Barrage","Rebound"],"picked":"Ball Lightning","floor":13}],"player_experience":186160,"relics_obtained":[{"floor":6,"key":"Darkstone Periapt"},{"floor":9,"key":"Boot"},{"floor":10,"key":"Tiny Chest"},{"floor":12,"key":"Anchor"}],"event_choices":[{"damage_healed":0,"gold_gain":0,"player_choice":"Success","damage_taken":3,"relics_obtained":["Orichalcum"],"max_hp_gain":0,"max_hp_loss":0,"event_name":"Scrap Ooze","floor":3,"gold_loss":0},{"damage_healed":0,"gold_gain":0,"player_choice":"Grow","damage_taken":0,"max_hp_gain":0,"max_hp_loss":0,"event_name":"Living Wall","floor":5,"gold_loss":0,"cards_upgraded":["Zap"]},{"damage_healed":0,"gold_gain":0,"player_choice":"Box","damage_taken":0,"relics_obtained":["Centennial Puzzle"],"max_hp_gain":0,"max_hp_loss":0,"event_name":"Big Fish","floor":14,"gold_loss":0,"cards_obtained":["Regret"]}],"is_beta":false,"boss_relics":[],"items_purged_floors":[],"is_endless":false,"potions_floor_spawned":[4,8,12],"killed_by":"Hexaghost","ascension_level":3}}