{"host":"w9njud19qyl0lpz1","time":1611083429,"event":{"mods":["BaseMod","Minty Spire (QoL Compilation)","StSLib"],"gold_per_floor":[13,23,41,57,69,69,101,101,101,128,53,53,53,3,3,122,122,140,163,163,7,7,7,45,45,72,91,91,91,114,135,135,256,256,276,299,61,61,121,155,155,180,207,251,274,21,45,61,61,61],"floor_reached":51,"language":"ENG","playtime":5880,"items_purged":["Strike_G"],"score":723,"play_id":"a94bdce6-07dc-42a1-972e-e1960eba1183","local_time":"20210119141029","is_ascension_mode":false,"campfire_choices":[{"data":"Phantasmal Killer","floor":6,"key":"SMITH"},{"data":"Bane","floor":8,"key":"SMITH"},{"data":"Finisher","floor":12,"key":"SMITH"},{"data":"Terror","floor":15,"key":"SMITH"},{"data":"A Thousand Cuts","floor":23,"key":"SMITH"},{"data":"After Image","floor":25,"key":"SMITH"},{"data":"Blade Dance","floor":28,"key":"SMITH"},{"floor":32,"key":"REST"},{"floor":41,"key":"REST"},{"floor":49,"key":"REST"}],"circlet_count":0,"master_deck":["Survivor","Neutralize","Phantasmal Killer+1","Dash","Terror+1","Bane+1","Blade Dance","Finisher+1","Injury","Burst","Bouncing Flask","Dagger Spray+1","A Thousand Cuts+1","Corpse Explosion","Sucker Punch+1","Blade Dance+1","After Image+1","PiercingWail+1","Blade Dance","Adrenaline","Catalyst","Venomology","Predator+1","Backstab","Panache","Backstab","Jack Of All Trades","Envenom","Endless Agony+1","Footwork+1","Adrenaline+1","Leg Sweep+1"],"relics":["Ring of the Snake","Vajra","Centennial Puzzle","Odd Mushroom","Golden Idol","Pandora\u0027s Box","Whetstone","TwistedFunnel","Potion Belt","Toy Ornithopter","WristBlade","The Specimen","Toxic Egg 2","Boot","Strawberry","Molten Egg 2","HornCleat"],"acts_visited":["Exordium","TheCity","TheBeyond"],"potions_floor_usage":[4,5,7,16,18,39,40,44,45,50,50],"damage_taken":[{"damage":0,"enemies":"Jaw Worm","floor":1,"turns":4},{"damage":0,"enemies":"2 Louse","floor":2,"turns":3},{"damage":0,"enemies":"Cultist","floor":3,"turns":3},{"damage":0,"enemies":"3 Louse","floor":4,"turns":2},{"damage":5,"enemies":"Blue Slaver","floor":5,"turns":2},{"damage":0,"enemies":"Gremlin Nob","floor":7,"turns":2},{"damage":13,"enemies":"The Mushroom Lair","floor":10,"turns":3},{"damage":13,"enemies":"Hexaghost","floor":16,"turns":4},{"damage":0,"enemies":"Chosen","floor":18,"turns":1},{"damage":19,"enemies":"Slavers","floor":24,"turns":2},{"damage":0,"enemies":"3 Byrds","floor":27,"turns":3},{"damage":2,"enemies":"Snecko","floor":30,"turns":4},{"damage":0,"enemies":"3 Cultists","floor":31,"turns":3},{"damage":23,"enemies":"Collector","floor":33,"turns":6},{"damage":6,"enemies":"Orb Walker","floor":35,"turns":2},{"damage":0,"enemies":"3 Darklings","floor":36,"turns":3},{"damage":8,"enemies":"2 Orb Walkers","floor":39,"turns":2},{"damage":31,"enemies":"Reptomancer","floor":40,"turns":4},{"damage":0,"enemies":"Giant Head","floor":44,"turns":5},{"damage":8,"enemies":"Writhing Mass","floor":45,"turns":4},{"damage":0,"enemies":"Sphere and 2 Shapes","floor":47,"turns":3},{"damage":6,"enemies":"Spire Growth","floor":48,"turns":2},{"damage":73,"enemies":"Awakened One","floor":50,"turns":10}],"seed_played":"3049973645267309806","potions_obtained":[{"floor":1,"key":"Explosive Potion"},{"floor":2,"key":"PowerPotion"},{"floor":5,"key":"SteroidPotion"},{"floor":10,"key":"SteroidPotion"},{"floor":27,"key":"SpeedPotion"},{"floor":35,"key":"PowerPotion"},{"floor":40,"key":"CunningPotion"},{"floor":44,"key":"Block Potion"}],"is_trial":false,"path_per_floor":["M","M","M","M","M","R","E","R","T","?","$","R","?","$","R","B",null,"M","T","?","$","?","R","E","R","T","M","R","?","M","M","R","B",null,"M","M","$","?","?","E","R","T","T","E","M","$","M","M","R","B",null],"character_chosen":"THE_SILENT","items_purchased":["Poison Potion","TwistedFunnel","Panache","Backstab","HornCleat"],"campfire_rested":3,"item_purchase_floors":[14,21,37,37,46],"current_hp_per_floor":[70,70,70,70,65,65,65,65,65,52,52,52,52,52,52,39,70,70,70,70,70,70,70,51,51,51,51,51,51,49,49,70,47,70,64,64,64,64,61,35,56,56,63,68,65,65,65,59,77,14],"gold":61,"neow_bonus":"THREE_RARE_CARDS","is_daily":false,"chose_seed":false,"campfire_upgraded":7,"win_rate":0.0,"timestamp":1611083429,"path_taken":["M","M","M","M","M","R","E","R","T","?","$","R","?","?","R","BOSS","M","?","?","$","?","R","E","R","T","M","R","?","M","?","R","BOSS","M","M","$","?","?","E","R","?","T","E","M","$","M","M","R","BOSS"],"items_purchased_type":["Potion","Relic","Card","Card","Relic"],"build_version":"2020-12-22","purchased_purges":1,"victory":true,"max_hp_per_floor":[70,70,70,70,70,70,70,70,70,70,70,70,70,70,70,70,70,70,70,70,70,70,70,70,70,70,70,70,70,70,70,70,70,70,70,70,70,70,70,70,70,70,77,77,77,77,77,77,77,77],"card_choices":[{"not_picked":["Burst","Wraith Form v2"],"picked":"Phantasmal Killer","floor":0},{"not_picked":["Dodge and Roll","Noxious Fumes"],"picked":"Dash","floor":1},{"not_picked":["Heel Hook","Slice"],"picked":"Terror","floor":2},{"not_picked":["Outmaneuver","Bouncing Flask"],"picked":"Bane","floor":3},{"not_picked":["Riddle With Holes","Outmaneuver"],"picked":"Blade Dance","floor":4},{"not_picked":["Catalyst","All Out Attack","Bane"],"picked":"SKIP","floor":5},{"not_picked":["Expertise","Infinite Blades","Slice"],"picked":"SKIP","floor":7},{"not_picked":["Infinite Blades","Setup"],"picked":"Finisher","floor":10},{"not_picked":["Unload","Phantasmal Killer"],"picked":"Burst","floor":16},{"not_picked":["Slice+1","Terror","Dagger Throw"],"picked":"SKIP","floor":18},{"not_picked":["All Out Attack","Deflect+1","Calculated Gamble"],"picked":"SKIP","floor":24},{"not_picked":["Eviscerate","Dash"],"picked":"PiercingWail+1","floor":27},{"not_picked":["Eviscerate","Flying Knee","Blade Dance+1"],"picked":"SKIP","floor":30},{"not_picked":["Noxious Fumes","Dagger Throw"],"picked":"Catalyst","floor":31},{"not_picked":["Die Die Die","Night Terror"],"picked":"Venomology","floor":33},{"not_picked":["Riddle With Holes+1","Flying Knee+1"],"picked":"Predator+1","floor":35},{"not_picked":["Deflect+1","Choke"],"picked":"Backstab","floor":36},{"not_picked":["Impatience","PanicButton"],"picked":"Jack Of All Trades","floor":38},{"not_picked":["PiercingWail+1","Sucker Punch"],"picked":"Envenom","floor":40},{"not_picked":["Dash+1","Bane+1"],"picked":"Endless Agony+1","floor":44},{"not_picked":["Expertise+1","Underhanded Strike+1"],"picked":"Footwork+1","floor":45},{"not_picked":["Escape Plan+1","Dagger Throw+1"],"picked":"Adrenaline+1","floor":47},{"not_picked":["Acrobatics+1","Distraction+1"],"picked":"Leg Sweep+1","floor":48}],"player_experience":2229311,"relics_obtained":[{"floor":7,"key":"Vajra"},{"floor":9,"key":"Centennial Puzzle"},{"floor":10,"key":"Odd Mushroom"},{"floor":19,"key":"Whetstone"},{"floor":24,"key":"Potion Belt"},{"floor":26,"key":"Toy Ornithopter"},{"floor":39,"key":"The Specimen"},{"floor":40,"key":"Toxic Egg 2"},{"floor":42,"key":"Boot"},{"floor":43,"key":"Strawberry"},{"floor":44,"key":"Molten Egg 2"}],"event_choices":[{"damage_healed":0,"gold_gain":0,"player_choice":"Fought Mushrooms","damage_taken":0,"max_hp_gain":0,"max_hp_loss":0,"event_name":"Mushrooms","floor":10,"gold_loss":0},{"damage_healed":0,"gold_gain":0,"player_choice":"Take Wound","damage_taken":0,"relics_obtained":["Golden Idol"],"max_hp_gain":0,"max_hp_loss":0,"event_name":"Golden Idol","floor":13,"gold_loss":0,"cards_obtained":["Injury"]},{"damage_healed":0,"gold_gain":0,"player_choice":"Ignored","damage_taken":0,"max_hp_gain":0,"max_hp_loss":0,"event_name":"Ghosts","floor":20,"gold_loss":0},{"damage_healed":0,"gold_gain":0,"cards_transformed":["Concentrate","Backflip"],"player_choice":"Became Test Subject","damage_taken":0,"max_hp_gain":0,"max_hp_loss":0,"event_name":"Drug Dealer","floor":29,"gold_loss":0,"cards_obtained":["Blade Dance","Adrenaline"]},{"damage_healed":0,"gold_gain":0,"player_choice":"Memory 1","damage_taken":0,"max_hp_gain":0,"max_hp_loss":0,"event_name":"SensoryStone","floor":38,"gold_loss":0},{"damage_healed":0,"gold_gain":0,"player_choice":"Fight","damage_taken":0,"max_hp_gain":0,"max_hp_loss":0,"event_name":"Mysterious Sphere","floor":39,"gold_loss":0}],"is_beta":false,"boss_relics":[{"not_picked":["HoveringKite","Tiny House"],"picked":"Pandora\u0027s Box"},{"not_picked":["Philosopher\u0027s Stone","SlaversCollar"],"picked":"WristBlade"}],"items_purged_floors":[11],"is_endless":false,"potions_floor_spawned":[1,2,5,10,27,35,40,44],"ascension_level":0}}