{"host":"uc0x0d8zaap3n3zi","time":1611069828,"event":{"mods":["2.2 Compatiblity","AchievementEnabler","Act Like it!","Alarm Clock","BaseMod","Colored Powertips","Downfall","Gensokyo","Marisa????????","Minty Spire (QoL Compilation)","Pale of the Ancients","Rare Cards Sparkle","Relic Stats","Spire Arcade","StSLib","The Cursed","The Hierophant","The Marked","The Servant 0.9.4","slay the spire mod where everything is the same but ironclad has a cowboy hat"],"gold_per_floor":[199,214,214,149,169,179,227,212,212,226,226,252,152,165,184,282,282,182,197,211,227,67,80,80,80,65,65,65,82,110,120,140,236,236,236,247,247,247,460,510,533,553,453,70,70,70,85,112,122,122,136,146,246,121,121,140,140,165,165,165],"floor_reached":61,"language":"ENG","playtime":3620,"items_purged":["Guardian:Strike_Guardian","downfall:Aged","Guardian:Strike_Guardian"],"score":1575,"play_id":"20752d3f-ed1b-412d-aa76-5a942cc1115a","local_time":"20210120042348","is_ascension_mode":false,"campfire_choices":[{"data":"Guardian:TwinSlam","floor":1.0,"key":"SMITH"},{"data":"Guardian:Repulse","floor":9.0,"key":"SMITH"},{"floor":13.0,"key":"RECALL"},{"data":"Guardian:EvasiveProtocol","floor":18,"key":"SMITH"},{"data":"Guardian:BodySlam","floor":27,"key":"SMITH"},{"data":"Guardian:PiercingHide","floor":35,"key":"SMITH"},{"data":"Guardian:RevengeProtocol","floor":43,"key":"SMITH"},{"data":"Guardian:RevengeProtocol","floor":46,"key":"SMITH"},{"data":"Guardian:EvasiveProtocol","floor":55,"key":"SMITH"},{"data":"Guardian:EvasiveProtocol","floor":57,"key":"SMITH"}],"circlet_count":0,"master_deck":["Guardian:Strike_Guardian","Guardian:Defend_Guardian","Guardian:Defend_Guardian","Guardian:Defend_Guardian+1","Guardian:Defend_Guardian","Guardian:CurlUp","Guardian:TwinSlam+1","Guardian:Repulse+1","Guardian:PiercingHide+1","Guardian:EvasiveProtocol+1","Guardian:ShieldCharger+1","Guardian:SentryBeam+1","Guardian:BodySlam+1","Guardian:BodySlam+1","Guardian:VentSteam+1","Guardian:EvasiveProtocol+1","Guardian:EvasiveProtocol+1","Guardian:RevengeProtocol+1"],"relics":["Guardian:ModeShifterPlus","Bronze Scales","Ginger","downfall:HeartBlessingGreen","downfall:HeartBlessingRed","PreservedInsect","Pear","Darkstone Periapt","SlaversCollar","Guardian:StasisEgg","Incense Burner","downfall:HeartBlessingBlue","War Paint","Juzu Bracelet","paleoftheancients:Timepiece","paleoftheancients:KeyRelic","Sozu","paleoftheancients:SoulOfTheGuardian","Vajra"],"acts_visited":["Exordium","TheCity","TheBeyond","paleoftheancients:PaleOfTheAncients"],"potions_floor_usage":[16,32,47],"damage_taken":[{"damage":3.0,"enemies":"Small Slimes","floor":2.0,"turns":4.0},{"damage":5.0,"enemies":"downfall:FleeingMerchant","floor":4.0,"turns":4.0},{"damage":1.0,"enemies":"Cultist","floor":5.0,"turns":3.0},{"damage":1.0,"enemies":"2 Louse","floor":6.0,"turns":2.0},{"damage":10.0,"enemies":"downfall:FleeingMerchant","floor":8.0,"turns":4.0},{"damage":3.0,"enemies":"2 Fungi Beasts","floor":10.0,"turns":4.0},{"damage":0.0,"enemies":"Lagavulin","floor":12.0,"turns":10.0},{"damage":0.0,"enemies":"3 Louse","floor":14.0,"turns":4.0},{"damage":4.0,"enemies":"Exordium Thugs","floor":15.0,"turns":6.0},{"damage":14,"enemies":"WA_ARCHETYPE_RETAIN","floor":16,"turns":10},{"damage":7,"enemies":"Spheric Guardian","floor":19,"turns":5},{"damage":0,"enemies":"Shell Parasite","floor":20,"turns":6},{"damage":0,"enemies":"Centurion and Healer","floor":21,"turns":9},{"damage":0,"enemies":"downfall:FleeingMerchant","floor":22,"turns":4},{"damage":0,"enemies":"Chosen and Byrds","floor":23,"turns":6},{"damage":0,"enemies":"downfall:FleeingMerchant","floor":26,"turns":4},{"damage":4,"enemies":"Shelled Parasite and Fungi","floor":29,"turns":4},{"damage":19,"enemies":"Slavers","floor":30,"turns":4},{"damage":0,"enemies":"Cultist and Chosen","floor":31,"turns":6},{"damage":6,"enemies":"Centurion and Healer","floor":32,"turns":5},{"damage":0,"enemies":"DF_ARCHETYPE_CLAW","floor":33,"turns":5},{"damage":0,"enemies":"Orb Walker","floor":36,"turns":4},{"damage":0,"enemies":"downfall:FleeingMerchant","floor":39,"turns":4},{"damage":0,"enemies":"downfall:FleeingMerchant","floor":40,"turns":4},{"damage":0,"enemies":"3 Shapes","floor":42,"turns":4},{"damage":0,"enemies":"Transient","floor":47,"turns":5},{"damage":0,"enemies":"Reptomancer","floor":48,"turns":4},{"damage":0,"enemies":"Jaw Worm Horde","floor":49,"turns":4},{"damage":1,"enemies":"SI_POISON_ARCHETYPE","floor":50,"turns":4},{"damage":0,"enemies":"SI_POISON_ARCHETYPE","floor":51,"turns":4},{"damage":0,"enemies":"SI_POISON_ARCHETYPE","floor":52,"turns":1},{"damage":0,"enemies":"SI_POISON_ARCHETYPE","floor":56,"turns":4},{"damage":0,"enemies":"paleoftheancients:N","floor":60,"turns":3}],"seed_played":"8571568526693356972","potions_obtained":[{"floor":5.0,"key":"Guardian:StasisDiscoveryPotion"},{"floor":6.0,"key":"Fire Potion"},{"floor":12.0,"key":"AttackPotion"},{"floor":14.0,"key":"CultistPotion"},{"floor":20,"key":"Guardian:DefensiveModePotion"},{"floor":31,"key":"Fruit Juice"},{"floor":32,"key":"SteroidPotion"},{"floor":47,"key":"DistilledChaos"}],"is_trial":false,"path_per_floor":["R","M","?","$","M","M","T","$","R","M","?","E","R","M","M","B",null,"R","M","M","M","$","M","T","?","$","R","?","M","E","M","M","B",null,"R","M","?","?","$","?","T","M","R","$","?","R","M","E","M","B","M","M","?","$","R","M","R","T","?","B",null],"character_chosen":"GUARDIAN","items_purchased":["PowerPotion","PreservedInsect","Guardian:EvasiveProtocol","Guardian:RevengeProtocol","War Paint"],"campfire_rested":0,"item_purchase_floors":[4,22,39,44,44],"current_hp_per_floor":[80,77,77,72,71,70,70,60,60,57,57,57,57,57,53,39,80,80,73,73,73,73,73,83,83,83,83,83,79,60,60,59,59,95,95,95,101,101,101,101,101,101,111,111,111,111,111,111,111,116,116,116,116,116,116,116,116,116,116,116],"gold":165,"neow_bonus":"HUNDRED_GOLD","is_daily":false,"chose_seed":false,"campfire_upgraded":9,"win_rate":0.0,"timestamp":1611069828,"path_taken":["R","M","?","$","M","M","T","?","R","M","?","E","R","M","M","BOSS","R","M","M","M","$","M","T","?","$","R","?","M","E","?","M","BOSS","R","M","?","?","$","?","T","M","R","?","?","R","M","E","M","BOSS","M","M","?","$","R","M","R","T","?","BOSS"],"items_purchased_type":["Potion","Relic","Card","Card","Relic"],"build_version":"2020-12-22","purchased_purges":3,"victory":true,"max_hp_per_floor":[80,80,80,80,80,80,80,80,80,80,80,80,80,80,80,80,80,80,80,80,80,80,80,90,90,90,90,90,90,90,90,95,95,95,95,95,101,101,101,101,101,101,111,111,111,111,111,111,111,116,116,116,116,116,116,116,116,116,116,116],"relic_stats":{"Darkstone Periapt":6,"Sozu":0,"counters":[33,154],"Bronze Scales":[347],"PreservedInsect":98,"Juzu Bracelet":0,"Ginger":[17],"War Paint":["Guardian:ShieldCharger","Guardian:Defend_Guardian"],"obtain_stats":[{"Darkstone Periapt":30,"paleoftheancients:KeyRelic":50,"Pear":24,"Guardian:ModeShifterPlus":17,"downfall:HeartBlessingRed":18,"Guardian:StasisEgg":37,"Guardian:ModeShifter":0,"Vajra":58,"downfall:HeartBlessingGreen":13,"PreservedInsect":22,"Incense Burner":40,"Juzu Bracelet":48,"Ginger":12,"War Paint":44,"paleoftheancients:Timepiece":50,"Sozu":50,"SlaversCollar":34,"paleoftheancients:SoulOfTheGuardian":51,"downfall:HeartBlessingBlue":43,"Bronze Scales":7},{"Darkstone Periapt":18,"paleoftheancients:KeyRelic":29,"Pear":15,"Guardian:ModeShifterPlus":10,"downfall:HeartBlessingRed":10,"Guardian:StasisEgg":22,"Guardian:ModeShifter":0,"Vajra":32,"downfall:HeartBlessingGreen":7,"PreservedInsect":14,"Incense Burner":24,"Juzu Bracelet":27,"Ginger":7,"War Paint":25,"paleoftheancients:Timepiece":29,"Sozu":29,"SlaversCollar":21,"paleoftheancients:SoulOfTheGuardian":30,"downfall:HeartBlessingBlue":25,"Bronze Scales":4},{"Darkstone Periapt":93,"paleoftheancients:KeyRelic":142,"Pear":81,"Guardian:ModeShifterPlus":51,"downfall:HeartBlessingRed":51,"Guardian:StasisEgg":113,"Guardian:ModeShifter":0,"Vajra":151,"downfall:HeartBlessingGreen":31,"PreservedInsect":75,"Incense Burner":121,"Juzu Bracelet":134,"Ginger":31,"War Paint":125,"paleoftheancients:Timepiece":142,"Sozu":142,"SlaversCollar":109,"paleoftheancients:SoulOfTheGuardian":146,"downfall:HeartBlessingBlue":125,"Bronze Scales":13}]},"card_choices":[{"not_picked":["Guardian:Reroute","Guardian:RollAttack","Guardian:PolyBeam"],"picked":"SKIP","floor":2.0},{"not_picked":["Guardian:Gem_Cyan","Guardian:Gem_Red"],"picked":"Guardian:Repulse","floor":4.0},{"not_picked":["Guardian:ShieldSpikes","Guardian:BodySlam"],"picked":"Guardian:Gem_Green","floor":5.0},{"not_picked":["Guardian:Gem_Yellow","Guardian:DonusPower","Guardian:RollAttack"],"picked":"SKIP","floor":6.0},{"not_picked":["Guardian:BodySlam","Guardian:Orbwalk","Guardian:SphericShield"],"picked":"SKIP","floor":8.0},{"not_picked":["Guardian:Reroute","Guardian:GuardianWhirl"],"picked":"Guardian:PiercingHide","floor":10.0},{"not_picked":["Guardian:ChargeCore","Guardian:Gem_White"],"picked":"Guardian:Gem_Cyan","floor":12.0},{"not_picked":["Guardian:WalkerClaw","Guardian:Preprogram","Guardian:Reroute"],"picked":"SKIP","floor":14.0},{"not_picked":["Guardian:Recover","Guardian:PrimingBeam","Guardian:TemporalStrike"],"picked":"SKIP","floor":15.0},{"not_picked":["Guardian:TimeSifter","Guardian:HyperBeam_Guardian"],"picked":"Guardian:Gem_Orange","floor":16},{"not_picked":["Guardian:Recover","Guardian:PrimingBeam+1"],"picked":"Guardian:ShieldCharger","floor":19},{"not_picked":["Guardian:Gem_Cyan","Guardian:TemporalStrike+1"],"picked":"Guardian:SentryBeam+1","floor":20},{"not_picked":["Guardian:PrimingBeam","Guardian:ArmoredProtocol"],"picked":"Guardian:Gem_Green","floor":21},{"not_picked":["Guardian:PrimingBeam","Guardian:TimeCapacitor"],"picked":"Guardian:BodySlam","floor":22},{"not_picked":["Guardian:TemporalStrike","Guardian:PrimingBeam","Guardian:GatlingBeam"],"picked":"SKIP","floor":23},{"not_picked":["Guardian:TimeBomb","Guardian:PiercingHide"],"picked":"Guardian:BodySlam+1","floor":26},{"not_picked":["Guardian:Gem_White","Guardian:ShieldCharger"],"picked":"Guardian:VentSteam+1","floor":29},{"not_picked":["Guardian:ShieldCharger+1","Guardian:TemporalShield","Guardian:GuardianWhirl"],"picked":"SKIP","floor":30},{"not_picked":["Guardian:TimeBomb","Guardian:ShieldCharger+1"],"picked":"Guardian:EvasiveProtocol","floor":31},{"not_picked":["Guardian:Incinerate","Guardian:ChargeCore+1","Guardian:Recover+1"],"picked":"SKIP","floor":32},{"not_picked":["Guardian:AncientConstruct","Guardian:FierceBash"],"picked":"Guardian:RevengeProtocol","floor":33},{"not_picked":["Guardian:WalkerClaw+1","Guardian:Incinerate+1","Guardian:Recover+1"],"picked":"SKIP","floor":36},{"not_picked":["Guardian:PiercingHide","Guardian:WalkerClaw+1","Guardian:RollAttack"],"picked":"SKIP","floor":39},{"not_picked":["Guardian:BodySlam+1","Guardian:Reroute","Guardian:PrismaticBarrier+1"],"picked":"SKIP","floor":42},{"not_picked":["Guardian:MultiBeam+1","Guardian:TemporalStrike+1","Guardian:Gem_Lightblue"],"picked":"SKIP","floor":47},{"not_picked":["Guardian:Gem_Green","Guardian:DecasProtection","Guardian:VentSteam"],"picked":"SKIP","floor":48},{"not_picked":["Guardian:DonusPower","Guardian:Incinerate+1","Guardian:Gem_Cyan"],"picked":"SKIP","floor":49},{"not_picked":["Guardian:VentSteam","Guardian:Clone","Guardian:ShieldSpikes"],"picked":"SKIP","floor":51},{"not_picked":["Guardian:VentSteam+1","Guardian:Suspension","Guardian:ArmoredProtocol"],"picked":"SKIP","floor":52},{"not_picked":["Guardian:TimeCapacitor","Guardian:Gem_Cyan","Guardian:RollAttack+1"],"picked":"SKIP","floor":56},{"not_picked":["Guardian:TimeCapacitor","Guardian:RollAttack+1"],"picked":"Guardian:Gem_Cyan","floor":56}],"player_experience":302861,"relics_obtained":[{"floor":7.0,"key":"Bronze Scales"},{"floor":12.0,"key":"Ginger"},{"floor":24,"key":"Pear"},{"floor":30,"key":"Darkstone Periapt"},{"floor":40,"key":"Incense Burner"},{"floor":48,"key":"Juzu Bracelet"},{"floor":51,"key":"paleoftheancients:SoulOfTheGuardian"},{"floor":58,"key":"Vajra"}],"event_choices":[{"damage_healed":0,"gold_gain":0,"player_choice":"Ignored","damage_taken":0,"max_hp_gain":0,"max_hp_loss":0,"event_name":"Ghosts","floor":28,"gold_loss":0},{"cards_removed":["Guardian:RevengeProtocol"],"damage_healed":0,"gold_gain":0,"player_choice":"Removed Power","damage_taken":0,"max_hp_gain":0,"max_hp_loss":0,"event_name":"Falling","floor":45,"gold_loss":0}],"is_beta":false,"boss_relics":[{"not_picked":["Philosopher\u0027s Stone","Cursed Key"],"picked":"Guardian:ModeShifterPlus"},{"not_picked":["Coffee Dripper","Velvet Choker"],"picked":"SlaversCollar"}],"items_purged_floors":[39,44,54],"is_endless":false,"potions_floor_spawned":[5,6,10,12,14,15,20,23,30,31,32,40,42,47,51,52],"ascension_level":0}}