{"host":"kdt6w7ix8lwe69i9","time":1611076804,"event":{"mods":["100% Spire Juice","Bartender","BaseMod","ChefMod","Downfall","Evolution","Fiend Mod","Jorbs\u0027s Wanderer Trilogy","Minty Spire (QoL Compilation)","Reimu（博丽灵梦）","Robot Space Explorer","Shade Mod","StSLib","The Caster","The Cursed","The Disciple","The Dragon Tamer","The Druid","The Fake Hero","The Forsaken","The Gatherer","The Marked","TheBandit","TheSwordswoman"],"gold_per_floor":[11,11,11,28,38,65,85,85,85,103,114,142,157,5,5,100,100,110,91,190,190,190,190,219,239,320,320,320,334,352,380,380,380,380,380],"floor_reached":33,"language":"ENG","playtime":5414,"items_purged":[],"score":299,"play_id":"bfce1812-b608-4264-b28e-8662dfc46d70","local_time":"20210119122004","is_ascension_mode":false,"metric_token":1555,"campfire_choices":[{"floor":8,"key":"REST"},{"floor":15,"key":"REST"},{"data":"DTMod:SneakAttack","floor":23,"key":"SMITH"},{"floor":28,"key":"REST"},{"floor":32,"key":"REST"}],"dtmod_dragon_data":[0,56,0,-1,12,0],"circlet_count":0,"master_deck":["DTMod:Strike","DTMod:DoubleHit","DTMod:TargetDefense","DTMod:TargetDefense","DTMod:TargetDefense","DTMod:TargetDefense","DTMod:SwitchingTactic","DTMod:LightShield","DTMod:BurningEnergy","DTMod:QuickFly","DTMod:Overwhelm","DTMod:CleansingStrike","DTMod:BlazingStrike","DTMod:HeatWave","DTMod:HeatWave","DTMod:SneakAttack+1","DTMod:LowKick","DTMod:Dissolve","DTMod:MagiciansMark","DTMod:ResonanceForm","DTMod:PurifyingFlame+1","DTMod:MasterPlan+1","DTMod:Dissolve+1","DTMod:Coolant+1","DTMod:RecklessFlurry","DTMod:Coolant","DTMod:CrossStep","DTMod:SneakAttack","DTMod:ShieldDrain","DTMod:HeadStart"],"relics":["DTMod:PactStone","EVO:Axolotl","Smiling Mask","Mummified Hand","Centennial Puzzle","Astrolabe","Mastiff:ReiMu","InkBottle","DTMod:DragonFood","Vajra"],"acts_visited":["Exordium","TheCity"],"potions_floor_usage":[6,16,16,25,31],"damage_taken":[{"damage":0,"enemies":"Small Slimes","floor":1,"turns":5},{"damage":1,"enemies":"2 Louse","floor":4,"turns":3},{"damage":0,"enemies":"Cultist","floor":5,"turns":3},{"damage":23,"enemies":"3 Sentries","floor":6,"turns":8},{"damage":0,"enemies":"Looter","floor":7,"turns":3},{"damage":0,"enemies":"Exordium Wildlife","floor":10,"turns":4},{"damage":0,"enemies":"Exordium Thugs","floor":11,"turns":4},{"damage":13,"enemies":"Lagavulin","floor":12,"turns":7},{"damage":0,"enemies":"Lots of Slimes","floor":13,"turns":3},{"damage":11,"enemies":"The Guardian","floor":16,"turns":13},{"damage":0,"enemies":"Shell Parasite","floor":18,"turns":7},{"damage":12,"enemies":"2 Thieves","floor":19,"turns":4},{"damage":5,"enemies":"Slavers","floor":24,"turns":10},{"damage":0,"enemies":"Shelled Parasite and Fungi","floor":25,"turns":9},{"damage":0,"enemies":"Centurion and Healer","floor":29,"turns":11},{"damage":7,"enemies":"Sentry and Sphere","floor":30,"turns":9},{"damage":22,"enemies":"Book of Stabbing","floor":31,"turns":9},{"damage":40,"enemies":"Champ","floor":33,"turns":14}],"seed_played":"-8675592787347509607","potions_obtained":[{"floor":5,"key":"Explosive Potion"},{"floor":6,"key":"Ancient Potion"},{"floor":12,"key":"ColorlessPotion"},{"floor":13,"key":"LiquidMemories"},{"floor":29,"key":"SpeedPotion"},{"floor":30,"key":"FearPotion"}],"is_trial":false,"path_per_floor":["M","?","?","M","M","E","M","R","T","M","M","E","M","$","R","B",null,"M","M","?","T","?","R","E","M","T","?","R","M","M","E","R","B"],"character_chosen":"THE_DT","items_purchased":["DTMod:Dissolve","DTMod:MagiciansMark"],"campfire_rested":4,"item_purchase_floors":[14,14],"current_hp_per_floor":[45,45,45,44,44,21,21,34,34,34,34,21,21,21,34,23,45,45,33,33,33,33,33,28,28,28,43,45,45,38,16,29,0,0,0],"gold":380,"neow_bonus":"THREE_RARE_CARDS","is_daily":false,"chose_seed":false,"campfire_upgraded":1,"win_rate":0.0,"timestamp":1611076804,"path_taken":["M","?","?","M","M","E","?","R","T","M","M","E","M","$","R","BOSS","M","M","?","?","?","R","E","M","T","?","R","?","?","E","R","BOSS"],"items_purchased_type":["Card","Card"],"build_version":"2020-12-22","purchased_purges":0,"victory":false,"max_hp_per_floor":[45,45,45,45,45,45,45,45,45,45,45,45,45,45,45,45,45,45,45,45,45,45,45,45,45,45,45,45,45,45,45,45,45,45,45],"card_choices":[{"not_picked":["DTMod:GearUp","DTMod:Outburst"],"picked":"DTMod:LightShield","floor":0},{"not_picked":["DTMod:Adaptation","DTMod:MasterPlan"],"picked":"DTMod:BurningEnergy","floor":1},{"not_picked":["DTMod:Haste","DTMod:WarmUp"],"picked":"DTMod:QuickFly","floor":4},{"not_picked":["DTMod:BlazingStrike","DTMod:BizarreTactic"],"picked":"DTMod:Overwhelm","floor":5},{"not_picked":["DTMod:StunTrap","DTMod:Weaken"],"picked":"DTMod:CleansingStrike","floor":6},{"not_picked":["DTMod:Hide","DTMod:BalancedStrike"],"picked":"DTMod:BlazingStrike","floor":7},{"not_picked":["DTMod:MagicField","DTMod:GhostSkin"],"picked":"DTMod:HeatWave","floor":10},{"not_picked":["DTMod:BurningEnergy","DTMod:Cover"],"picked":"DTMod:HeatWave","floor":11},{"not_picked":["DTMod:GearUp","DTMod:MagicField"],"picked":"DTMod:SneakAttack","floor":12},{"not_picked":["DTMod:BizarreTactic","DTMod:DarkBreath"],"picked":"DTMod:LowKick","floor":13},{"not_picked":["DTMod:Outburst","DTMod:OpeningTactic"],"picked":"DTMod:ResonanceForm","floor":16},{"not_picked":["DTMod:MagicField","DTMod:MasterPlan"],"picked":"DTMod:Coolant+1","floor":18},{"not_picked":["DTMod:MasterPlan+1","DTMod:BlazingStrike"],"picked":"DTMod:RecklessFlurry","floor":19},{"not_picked":["DTMod:MagicField","DTMod:WarmUp"],"picked":"DTMod:Coolant","floor":24},{"not_picked":["DTMod:RecklessFlurry","DTMod:Weaken"],"picked":"DTMod:CrossStep","floor":25},{"not_picked":["DTMod:BurningEnergy","DTMod:Conduct+1"],"picked":"DTMod:SneakAttack","floor":29},{"not_picked":["DTMod:SneakAttack","DTMod:BreakAttack"],"picked":"DTMod:ShieldDrain","floor":30},{"not_picked":["DTMod:Punisher+1","DTMod:RecklessFlurry"],"picked":"DTMod:HeadStart","floor":31}],"player_experience":1868935,"relics_obtained":[{"floor":6,"key":"Mummified Hand"},{"floor":12,"key":"Centennial Puzzle"},{"floor":21,"key":"Mastiff:ReiMu"},{"floor":24,"key":"InkBottle"},{"floor":26,"key":"DTMod:DragonFood"},{"floor":31,"key":"Vajra"}],"event_choices":[{"damage_healed":0,"gold_gain":0,"player_choice":"Box","damage_taken":0,"relics_obtained":["Smiling Mask"],"max_hp_gain":0,"max_hp_loss":0,"event_name":"Big Fish","floor":2,"gold_loss":0,"cards_obtained":["Regret"]},{"cards_removed":["Regret"],"damage_healed":0,"gold_gain":0,"player_choice":"Removed Curses","damage_taken":0,"max_hp_gain":0,"max_hp_loss":0,"event_name":"Fountain of Cleansing","floor":3,"gold_loss":0},{"damage_healed":0,"gold_gain":99,"player_choice":"Stole From Cult","damage_taken":0,"max_hp_gain":0,"max_hp_loss":0,"event_name":"Nest","floor":20,"gold_loss":0},{"damage_healed":15,"gold_gain":0,"player_choice":"Heal","damage_taken":0,"max_hp_gain":0,"max_hp_loss":0,"event_name":"The Library","floor":27,"gold_loss":0}],"is_beta":false,"boss_relics":[{"not_picked":["Velvet Choker","bronze:MakeshiftBattery"],"picked":"Astrolabe"}],"items_purged_floors":[],"is_endless":false,"potions_floor_spawned":[5,6,12,13,29,30],"killed_by":"Champ","ascension_level":0}}