{"host":"psx7kpya4lma94s4","time":1611042954,"event":{"mods":["BaseMod","BetterRewards","Hubris","Hyrulean Relics","Marked Mod","Minty Spire (QoL Compilation)","Replay The Spire","StSLib","The Dragon Tamer","The Poker Player"],"gold_per_floor":[144,144,144,144,144,189,77,77,53,53,78,78,78,123,213,258,258,558,558,603,628,673,673,673,673,673,673,673],"floor_reached":26,"language":"ENG","playtime":1531,"items_purged":[],"score":227,"play_id":"0d41569b-610b-4434-b920-e652f43c7ed6","local_time":"20210119095554","daily_mods":["Allstar","Purple Cards","Midas"],"is_ascension_mode":false,"metric_token":659,"campfire_choices":[{"floor":8,"key":"REST"},{"floor":17,"key":"DIG"},{"floor":25,"key":"REST"}],"dtmod_dragon_data":[0,50,1,-1,12,0],"circlet_count":0,"master_deck":["DTMod:Strike+1","DTMod:Strike+1","DTMod:Strike+1","DTMod:Strike+1","DTMod:DoubleHit","DTMod:TargetDefense+1","DTMod:TargetDefense+1","DTMod:TargetDefense+1","DTMod:TargetDefense+1","DTMod:SwitchingTactic","Finesse","Panache","Specialist","Transmutation","Jack Of All Trades","DTMod:BizarreTactic","DTMod:BreakAttack","DTMod:BurningEnergy+1","DTMod:ForkedFire","DTMod:FlameSlash","Pain","DTMod:RepeatStrike","DTMod:DeepFocus","DTMod:Weaken","DTMod:Safeguard","DTMod:QuickFly","DTMod:Observe"],"relics":["DTMod:PactStone","hubris:Towel","hubris:Icosahedron","Tiny Chest","Sundial","hubris:BundleOfHerbs","Fusion Hammer","Lantern","Blood Vial"],"acts_visited":["Exordium","TheCity"],"potions_floor_usage":[16,16,18,18,20],"damage_taken":[{"damage":0,"enemies":"Small Slimes","floor":1,"turns":3},{"damage":1,"enemies":"Jaw Worm","floor":6,"turns":7},{"damage":0,"enemies":"2 Louse","floor":14,"turns":1},{"damage":0,"enemies":"3 Sentries","floor":15,"turns":3},{"damage":0,"enemies":"2 Fungi Beasts","floor":16,"turns":2},{"damage":8,"enemies":"The Guardian","floor":18,"turns":9},{"damage":6,"enemies":"Spheric Guardian","floor":20,"turns":5},{"damage":0,"enemies":"3 Byrds","floor":22,"turns":4},{"damage":59,"enemies":"Gremlin Leader","floor":26,"turns":5}],"seed_played":"3706737729498028133","potions_obtained":[{"floor":1,"key":"Explosive Potion"},{"floor":6,"key":"FearPotion"},{"floor":14,"key":"SteroidPotion"},{"floor":18,"key":"Weak Potion"}],"is_trial":false,"path_per_floor":["M","?","PTL","PTL","?","M","$","R","$","$","T","?","?","M","E","M","R","B",null,"M","T","M","?","?","R","E"],"character_chosen":"THE_DT","items_purchased":["DTMod:BurningEnergy+1","DTMod:ForkedFire","DTMod:FlameSlash"],"campfire_rested":2,"item_purchase_floors":[7,7,9],"current_hp_per_floor":[45,45,45,45,45,44,44,45,45,45,45,45,45,45,45,45,45,37,45,39,39,39,39,39,45,0,0,0],"gold":673,"neow_bonus":"","is_daily":true,"chose_seed":false,"campfire_upgraded":0,"win_rate":0.0,"timestamp":1611042954,"path_taken":["M","?","PTL","PTL","?","M","$","R","?","$","T","?","?","?","E","M","R","BOSS","M","?","M","?","?","R","E"],"items_purchased_type":["Card","Card","Card"],"build_version":"2020-12-22","purchased_purges":0,"victory":false,"max_hp_per_floor":[45,45,45,45,45,45,45,45,45,45,45,45,45,45,45,45,45,45,45,45,45,45,45,45,45,45,45,45],"card_choices":[{"not_picked":["DTMod:TagTeam","DTMod:MasterPlan"],"picked":"DTMod:BizarreTactic","floor":1},{"not_picked":["DTMod:DragonDance","DTMod:MasterPlan"],"picked":"DTMod:BreakAttack","floor":6},{"not_picked":["DTMod:Conduct","DTMod:BurningForce"],"picked":"DTMod:RepeatStrike","floor":14},{"not_picked":["DTMod:MagicField","DTMod:BuildUp"],"picked":"DTMod:DeepFocus","floor":15},{"not_picked":["DTMod:LastStand","DTMod:PurifyingFlame"],"picked":"DTMod:Weaken","floor":16},{"not_picked":["DTMod:Outburst","DTMod:HeadStart"],"picked":"DTMod:Safeguard","floor":18},{"not_picked":["DTMod:BizarreTactic","DTMod:MagicField"],"picked":"DTMod:QuickFly","floor":20},{"not_picked":["DTMod:CrossStep+1","DTMod:Feint+1"],"picked":"DTMod:Observe","floor":22}],"player_experience":47166,"relics_obtained":[{"floor":11,"key":"Tiny Chest"},{"floor":15,"key":"Sundial"},{"floor":17,"key":"hubris:BundleOfHerbs"},{"floor":21,"key":"Lantern"}],"event_choices":[{"damage_healed":0,"gold_gain":0,"player_choice":"Ignored","damage_taken":0,"max_hp_gain":0,"max_hp_loss":0,"event_name":"Golden Wing","floor":12,"gold_loss":0},{"damage_healed":0,"gold_gain":0,"player_choice":"Opened","damage_taken":0,"relics_obtained":["Blood Vial"],"max_hp_gain":0,"max_hp_loss":0,"event_name":"The Mausoleum","floor":23,"gold_loss":0},{"damage_healed":0,"gold_gain":0,"player_choice":"Simplicity","damage_taken":0,"max_hp_gain":0,"max_hp_loss":0,"event_name":"Back to Basics","floor":24,"gold_loss":0,"cards_upgraded":["DTMod:Strike","DTMod:Strike","DTMod:Strike","DTMod:Strike","DTMod:TargetDefense","DTMod:TargetDefense","DTMod:TargetDefense","DTMod:TargetDefense"]}],"is_beta":false,"boss_relics":[{"not_picked":["hubris:Backtick","hubris:ScarierMask"],"picked":"Fusion Hammer"}],"items_purged_floors":[],"is_endless":false,"potions_floor_spawned":[1,6,14,18],"killed_by":"Gremlin Leader","ascension_level":0}}