{"host":"mydft8i2zzydgggw","time":1611060161,"event":{"mods":["AchievementEnabler","BaseMod","BetterRewards","Colored Map","Colored Powertips","DeckTracker","Keyboard Shortcuts","Minty Spire (QoL Compilation)","Rare Cards Sparkle","StSLib","SuperFastMode","everything is the same but u backflip on backflip"],"gold_per_floor":[119,119,119,44,69,69,103,103,130,130,130,156,174,221,221,361,361,395,410,325,325,349,349,402,427,427,427,470,500,500,500,500],"floor_reached":31,"language":"KOR","playtime":542,"items_purged":["Strike_G"],"score":430,"play_id":"829d3b03-06c1-4aa3-9dd7-52890c1946a1","local_time":"20210119214241","is_ascension_mode":true,"campfire_choices":[{"data":"Cloak And Dagger","floor":6.0,"key":"SMITH"},{"data":"Corpse Explosion","floor":8,"key":"SMITH"},{"data":"Neutralize","floor":10,"key":"SMITH"},{"data":"Deadly Poison","floor":15,"key":"SMITH"},{"data":"Phantasmal Killer","floor":23,"key":"SMITH"},{"floor":27,"key":"REST"}],"circlet_count":0,"master_deck":["Strike_G","Strike_G","Strike_G","Defend_G","Defend_G","Defend_G","Defend_G","Defend_G","Survivor","Neutralize+1","Cloak And Dagger+1","Corpse Explosion+1","Deadly Poison+1","Accuracy","Phantasmal Killer+1","Backflip+1","Acrobatics","Storm of Steel","Reflex"],"relics":["Ring of the Snake","NeowsBlessing","Bloody Idol","Pen Nib","Lantern","Boot","CeramicFish","HoveringKite","Nunchaku","Orichalcum","MealTicket","Centennial Puzzle"],"acts_visited":["Exordium","TheCity"],"potions_floor_usage":[19,19,24,31],"damage_taken":[{"damage":0.0,"enemies":"2 Louse","floor":1.0,"turns":1.0},{"damage":0.0,"enemies":"Small Slimes","floor":5.0,"turns":1.0},{"damage":0.0,"enemies":"Lagavulin","floor":7.0,"turns":1.0},{"damage":1,"enemies":"Jaw Worm","floor":13,"turns":2},{"damage":19,"enemies":"3 Sentries","floor":14,"turns":11},{"damage":8,"enemies":"Hexaghost","floor":16,"turns":7},{"damage":0,"enemies":"Chosen","floor":18,"turns":4},{"damage":1,"enemies":"Spheric Guardian","floor":19,"turns":3},{"damage":15,"enemies":"Snake Plant","floor":22,"turns":3},{"damage":24,"enemies":"Gremlin Leader","floor":24,"turns":5},{"damage":5,"enemies":"3 Cultists","floor":25,"turns":3},{"damage":25,"enemies":"Book of Stabbing","floor":28,"turns":5},{"damage":6,"enemies":"Cultist and Chosen","floor":29,"turns":3},{"damage":8,"enemies":"Snake Plant","floor":31,"turns":2}],"seed_played":"4242280401610727602","potions_obtained":[{"floor":5.0,"key":"SteroidPotion"},{"floor":13,"key":"SkillPotion"},{"floor":18,"key":"ColorlessPotion"},{"floor":29,"key":"Energy Potion"}],"is_trial":false,"path_per_floor":["M","?","?","$","M","R","E","R","T","R","?","T","M","E","R","B",null,"M","M","?","?","M","R","E","M","T","R","E","M","?","M"],"character_chosen":"THE_SILENT","items_purchased":[],"campfire_rested":1,"item_purchase_floors":[],"current_hp_per_floor":[63,63,68,68,68,68,68,68,68,68,68,68,67,48,48,40,63,63,62,62,62,47,47,23,18,18,39,14,8,8,0,0],"gold":500,"neow_bonus":"THREE_ENEMY_KILL","is_daily":false,"chose_seed":false,"campfire_upgraded":5,"win_rate":0.0,"timestamp":1611060161,"path_taken":["M","?","?","$","M","R","E","R","T","R","?","?","M","E","R","BOSS","M","M","?","?","?","R","E","?","T","R","E","M","?","M"],"items_purchased_type":[],"build_version":"2020-12-22","purchased_purges":1,"victory":false,"max_hp_per_floor":[70,65,70,70,70,70,70,70,70,70,70,70,70,70,70,70,70,70,70,70,70,70,70,70,70,70,70,70,70,70,70,70],"card_choices":[{"not_picked":["Deflect","Deadly Poison","Blade Dance"],"picked":"SKIP","floor":1.0},{"not_picked":["Dodge and Roll","Deadly Poison"],"picked":"Cloak And Dagger","floor":5.0},{"not_picked":["Bouncing Flask","Tactician"],"picked":"Corpse Explosion","floor":7},{"not_picked":["Endless Agony","Riddle With Holes"],"picked":"Deadly Poison","floor":13},{"not_picked":["Sucker Punch","All Out Attack"],"picked":"Accuracy","floor":14},{"not_picked":["Doppelganger","A Thousand Cuts"],"picked":"Phantasmal Killer","floor":16},{"not_picked":["Dodge and Roll","Dagger Spray"],"picked":"Backflip+1","floor":18},{"not_picked":["Finisher","Dagger Spray","Deflect+1"],"picked":"SKIP","floor":19},{"not_picked":["Distraction","Sucker Punch+1"],"picked":"Acrobatics","floor":22},{"not_picked":["Outmaneuver","Dagger Throw"],"picked":"Storm of Steel","floor":24},{"not_picked":["Dodge and Roll","Dagger Throw+1","PiercingWail"],"picked":"SKIP","floor":25},{"not_picked":["Blade Dance+1","Caltrops","Choke"],"picked":"SKIP","floor":28},{"not_picked":["PiercingWail","Quick Slash+1"],"picked":"Reflex","floor":29}],"player_experience":183286,"relics_obtained":[{"floor":7,"key":"Pen Nib"},{"floor":9,"key":"Lantern"},{"floor":12,"key":"Boot"},{"floor":14,"key":"CeramicFish"},{"floor":24,"key":"Orichalcum"},{"floor":26,"key":"MealTicket"},{"floor":28,"key":"Centennial Puzzle"}],"event_choices":[{"damage_healed":0.0,"max_hp_gain":0.0,"max_hp_loss":5.0,"gold_gain":0.0,"event_name":"Golden Idol","player_choice":"Lose Max HP","floor":2.0,"gold_loss":0.0,"damage_taken":0.0,"relics_obtained":["Golden Idol"]},{"damage_healed":0.0,"max_hp_gain":5.0,"max_hp_loss":0.0,"gold_gain":0.0,"event_name":"Big Fish","player_choice":"Donut","floor":3.0,"gold_loss":0.0,"damage_taken":0.0},{"cards_removed":["Strike_G"],"damage_healed":0,"gold_gain":0,"player_choice":"Forget","damage_taken":0,"max_hp_gain":0,"max_hp_loss":0,"event_name":"Living Wall","floor":11,"gold_loss":0},{"damage_healed":0,"gold_gain":0,"player_choice":"Obtained Relic","damage_taken":0,"relics_obtained":["Nunchaku"],"max_hp_gain":0,"max_hp_loss":0,"event_name":"Addict","floor":20,"gold_loss":85},{"damage_healed":0,"gold_gain":0,"player_choice":"Ignored","damage_taken":0,"max_hp_gain":0,"max_hp_loss":0,"event_name":"Vampires","floor":21,"gold_loss":0},{"damage_healed":0,"gold_gain":0,"player_choice":"Gave Idol","damage_taken":0,"relics_obtained":["Bloody Idol"],"max_hp_gain":0,"max_hp_loss":0,"event_name":"Forgotten Altar","floor":30,"relics_lost":["Golden Idol"],"gold_loss":0}],"is_beta":false,"boss_relics":[{"not_picked":["Velvet Choker","Tiny House"],"picked":"HoveringKite"}],"items_purged_floors":[4],"is_endless":false,"potions_floor_spawned":[5,13,18,29],"killed_by":"Snake Plant","ascension_level":6}}