{"host":"o5jvvi5yapo90aia","time":1611045805,"event":{"mods":["BaseMod","CapriCore","Minty Spire (QoL Compilation)","MostiFishMod","Prisma Mod","Spicy Shops","StSLib","TestMod","The Immortal","Yakumo Yukari mod","【人物mod】游戏王New YuGiOh mod","【功能Mod】Neow奖励"],"gold_per_floor":[119,147,147,147,175,219,219,259,259,58,102,102,133,164,164,254,254,286,286,318,351,980,980,1028,1184,1184,1184,1342,1342,407,577,577,801,801,955,1108,435,593,179,354,531,531,531,116,288,288,288,463,463,610,754,754,754,199,373,392],"floor_reached":57,"language":"ZHS","playtime":1604,"items_purged":["Injury","Strike_P"],"score":4031,"play_id":"ebb03586-e71d-42c2-9cba-5809b7e6014d","local_time":"20210119164325","is_ascension_mode":true,"campfire_choices":[{"data":"Defend_P","floor":7,"key":"PURGE"},{"data":"Defend_P","floor":12,"key":"PURGE"},{"data":"Defend_P","floor":15,"key":"PURGE"},{"data":"MostiFishMod:CyberBuddha","floor":23,"key":"SMITH"},{"data":"MostiFishMod:Nomercy","floor":29,"key":"PURGE"},{"data":"Strike_P","floor":32,"key":"PURGE"},{"floor":42,"key":"RECALL"},{"data":"Eruption","floor":46,"key":"PURGE"},{"data":"Vigilance+1","floor":49,"key":"PURGE"},{"data":"MostiFishMod:Nomercy","floor":53,"key":"PURGE"}],"circlet_count":0,"master_deck":["AscendersBane","MentalFortress","MostiFishMod:StarOceanP+1","TalkToTheHand+1","MostiFishMod:CyberBuddha+1","Collect","Scrawl","MostiFishMod:Speedup","Tantrum","FearNoEvil+1","MostiFishMod:SephirahHod","Adaptation+1","MostiFishMod:LegendTransform"],"relics":["DaveBox","testmod-TestBox","ShadowXiaoBlade","Civilization","testmod-TheFather","SynthV:TestCard","Bag of Preparation","StrikeDummy","Centennial Puzzle","testmod-IntensifyImprint","testmod-Justice","GreenFoldingFan","PreservedInsect","WingedGreaves","TheAbacus","Anchor","Pear","Akabeko","War Paint","ArrowTower","MostiFishMod:Hod","Lantern","SynthV","testmod-Register","PrismaticShard","OrangePellets","Damaru","Bird Faced Urn","Ancient Tea Set","InkBottle","Sundial","testmod-ArcanaOfDestiny","Bag of Marbles","Dream Catcher","Ice Cream","Medical Kit","testmod-LifeArmor","Whetstone"],"acts_visited":["Exordium","TheCity","TheBeyond","TheEnding"],"potions_floor_usage":[20,38],"damage_taken":[{"damage":4,"enemies":"Jaw Worm","floor":1,"turns":2},{"damage":0,"enemies":"Small Slimes","floor":2,"turns":2},{"damage":0,"enemies":"Cultist","floor":5,"turns":2},{"damage":0,"enemies":"3 Sentries","floor":6,"turns":2},{"damage":0,"enemies":"Gremlin Nob","floor":8,"turns":2},{"damage":0,"enemies":"3 Sentries","floor":11,"turns":1},{"damage":0,"enemies":"Blue Slaver","floor":13,"turns":2},{"damage":0,"enemies":"Exordium Thugs","floor":14,"turns":2},{"damage":0,"enemies":"Slime Boss","floor":16,"turns":2},{"damage":11,"enemies":"2 Thieves","floor":18,"turns":2},{"damage":26,"enemies":"Shell Parasite","floor":20,"turns":3},{"damage":2,"enemies":"3 Cultists","floor":21,"turns":1},{"damage":2,"enemies":"Snake Plant","floor":22,"turns":1},{"damage":2,"enemies":"Slavers","floor":24,"turns":1},{"damage":21,"enemies":"Shelled Parasite and Fungi","floor":25,"turns":3},{"damage":4,"enemies":"Centurion and Healer","floor":28,"turns":2},{"damage":6,"enemies":"Book of Stabbing","floor":31,"turns":3},{"damage":21,"enemies":"Collector","floor":33,"turns":3},{"damage":4,"enemies":"3 Shapes","floor":35,"turns":2},{"damage":2,"enemies":"3 Darklings","floor":36,"turns":2},{"damage":2,"enemies":"Jaw Worm Horde","floor":38,"turns":1},{"damage":2,"enemies":"Giant Head","floor":40,"turns":1},{"damage":2,"enemies":"Reptomancer","floor":41,"turns":1},{"damage":2,"enemies":"Nemesis","floor":45,"turns":1},{"damage":2,"enemies":"Giant Head","floor":48,"turns":1},{"damage":4,"enemies":"Awakened One","floor":50,"turns":2},{"damage":2,"enemies":"Donu and Deca","floor":51,"turns":1},{"damage":2,"enemies":"Shield and Spear","floor":55,"turns":1},{"damage":4,"enemies":"The Heart","floor":56,"turns":2}],"seed_played":"910478327218485443","potions_obtained":[{"floor":2,"key":"Block Potion"},{"floor":8,"key":"testmod-TestPotion"},{"floor":18,"key":"testmod-SpacePotion"},{"floor":20,"key":"Fire Potion"},{"floor":22,"key":"Fire Potion"},{"floor":36,"key":"DuplicationPotion"},{"floor":40,"key":"PowerPotion"}],"is_trial":false,"path_per_floor":["M","M","?","?","M","E","R","E","T","$","E","R","M","M","R","B",null,"M","?","M","M","M","R","E","M","T","T","M","R","$","E","R","B",null,"M","M","$","M","$","E","E","R","T","$","E","R","?","E","R","B","B",null,"R","$","E","B",null],"character_chosen":"WATCHER","items_purchased":["testmod-IntensifyImprint","TheAbacus","Anchor","Pear","Akabeko","War Paint","Lantern","SynthV","testmod-SpacePotion","testmod-Register","PrismaticShard","OrangePellets","Damaru","Sundial","testmod-ArcanaOfDestiny","Ice Cream","Medical Kit","MostiFishMod:LegendTransform","testmod-LifeArmor"],"campfire_rested":0,"item_purchase_floors":[10,30,30,30,30,30,37,37,37,37,39,39,39,44,44,54,54,54,54],"current_hp_per_floor":[58,63,63,63,69,76,76,85,85,85,91,91,96,101,101,106,106,111,111,102,119,126,126,131,127,127,127,141,141,151,156,156,152,159,166,171,171,176,176,181,186,186,186,186,191,191,191,196,196,201,206,206,206,206,211,216],"gold":392,"neow_bonus":"BOSS_RELIC","is_daily":false,"chose_seed":false,"campfire_upgraded":1,"win_rate":0.0,"timestamp":1611045805,"path_taken":["M","M","?","?","M","E","R","E","T","$","E","R","M","M","R","BOSS","M","?","M","M","M","R","E","M","T","?","?","R","$","E","R","BOSS","M","M","?","M","$","E","E","R","T","$","E","R","?","E","R","BOSS","BOSS","R","$","E","BOSS"],"items_purchased_type":["Relic","Relic","Relic","Relic","Relic","Relic","Relic","Relic","Potion","Relic","Relic","Relic","Relic","Relic","Relic","Relic","Relic","Card","Relic"],"build_version":"2020-12-22","purchased_purges":2,"victory":true,"max_hp_per_floor":[69,72,72,72,76,81,81,86,86,86,91,91,96,101,101,106,106,111,111,116,121,126,126,131,136,136,136,141,141,151,156,156,161,161,166,171,171,176,176,181,186,186,186,186,191,191,191,196,196,201,206,206,206,206,211,216],"card_choices":[{"not_picked":["EmptyFist","MostiFishMod:PathToVictory","Study"],"picked":"SKIP","floor":1},{"not_picked":["CutThroughFate","Study","Swivel","PathToVictory"],"picked":"MentalFortress","floor":2},{"not_picked":["CrushJoints","EmptyBody","EmptyFist","Prostrate","Meditate"],"picked":"SKIP","floor":5},{"not_picked":["ForeignInfluence","MostiFishMod:StarHerder","FlurryOfBlows","Consecrate","FlyingSleeves"],"picked":"SKIP","floor":6},{"not_picked":["DeceiveReality","Perseverance","FollowUp","Nirvana"],"picked":"MostiFishMod:StarOceanP","floor":8},{"not_picked":["EmptyBody","Evaluate","CrushJoints","Prostrate","FlyingSleeves"],"picked":"SKIP","floor":11},{"not_picked":["Prostrate","EmptyMind","WindmillStrike","EmptyFist"],"picked":"TalkToTheHand","floor":13},{"not_picked":["CrushJoints","SandsOfTime","Wireheading","SashWhip","FlyingSleeves"],"picked":"SKIP","floor":14},{"not_picked":["MostiFishMod:StarWish","MostiFishMod:StarLaLaLa","MostiFishMod:Minus","MostiFishMod:DisColor"],"picked":"MostiFishMod:CyberBuddha","floor":16},{"not_picked":["ThirdEye","Protect","Evaluate","CrushJoints","Conclude"],"picked":"SKIP","floor":18},{"not_picked":["MostiFishMod:LegendTransform","Prostrate","ClearTheMind","Halt","CutThroughFate"],"picked":"SKIP","floor":20},{"not_picked":["EmptyMind","FollowUp","Worship+1","CarveReality"],"picked":"Scrawl","floor":21},{"not_picked":["CarveReality","MostiFishMod:FlowState","EmptyBody","Prostrate+1","Evaluate"],"picked":"SKIP","floor":22},{"not_picked":["MostiFishMod:FlowState","Vengeance","MostiFishMod:PathToVictory","Conclude","Scrawl"],"picked":"SKIP","floor":24},{"not_picked":["MostiFishMod:Nomercy","PathToVictory","WaveOfTheHand","Consecrate"],"picked":"MostiFishMod:Speedup","floor":25},{"not_picked":["Consecrate","EmptyFist","FlyingSleeves+1","SashWhip"],"picked":"Tantrum","floor":28},{"not_picked":["Prostrate","PathToVictory","Evaluate","ClearTheMind+1"],"picked":"FearNoEvil","floor":31},{"not_picked":["CrushJoints","EmptyFist","Vengeance","Protect"],"picked":"Adaptation+1","floor":35},{"not_picked":["WaveOfTheHand","ClearTheMind","CutThroughFate+1","Halt+1","Evaluate+1"],"picked":"SKIP","floor":36},{"not_picked":["MostiFishMod:Nomercy+1","SignatureMove","Weave+1","DeceiveReality","FollowUp"],"picked":"SKIP","floor":38},{"not_picked":["Gash","Acrobatics","PrismaMod:IllyaInstallForeigner","CaseMagic","MokouMod:Refresh+1"],"picked":"SKIP","floor":40},{"not_picked":["Outmaneuver+1","Flechettes","SuddenShock","testmod-TreasureHunter","Heavy Blade"],"picked":"SKIP","floor":41},{"not_picked":["StateErode_purple","Student","PrismaMod:MiyuCheapEvoke","CooperationSpell+1","PrismaMod:MiyuEvokeCheapAttack"],"picked":"SKIP","floor":45},{"not_picked":["testmod-DeathImprint","PrismaMod:MiyuOrbIncreasePerm","BlackMage+1","PrismaMod:IllyaRussianRoulette","Finisher"],"picked":"SKIP","floor":48},{"not_picked":["Glacier","Purity","Consecrate+1","PrismaMod:ChloeExhaustOne","PrismaMod:MiyuCheapChannelAttack"],"picked":"SKIP","floor":55}],"player_experience":1467156,"relics_obtained":[{"floor":1,"key":"SynthV:TestCard"},{"floor":6,"key":"Bag of Preparation"},{"floor":8,"key":"StrikeDummy"},{"floor":9,"key":"Centennial Puzzle"},{"floor":11,"key":"testmod-Justice"},{"floor":24,"key":"PreservedInsect"},{"floor":27,"key":"WingedGreaves"},{"floor":31,"key":"ArrowTower"},{"floor":40,"key":"Bird Faced Urn"},{"floor":41,"key":"Ancient Tea Set"},{"floor":43,"key":"InkBottle"},{"floor":45,"key":"Bag of Marbles"},{"floor":48,"key":"Dream Catcher"},{"floor":55,"key":"Whetstone"}],"event_choices":[{"damage_healed":0,"gold_gain":0,"cards_transformed":["Defend_P"],"player_choice":"Change","damage_taken":0,"max_hp_gain":0,"max_hp_loss":0,"event_name":"Living Wall","floor":3,"gold_loss":0,"cards_obtained":["MostiFishMod:Nomercy"]},{"damage_healed":0,"gold_gain":0,"player_choice":"Ignored","damage_taken":0,"max_hp_gain":0,"max_hp_loss":0,"event_name":"Liars Game","floor":4,"gold_loss":0},{"damage_healed":0,"gold_gain":0,"cards_transformed":["Strike_P","Strike_P"],"player_choice":"Became Test Subject","damage_taken":0,"max_hp_gain":0,"max_hp_loss":0,"event_name":"Drug Dealer","floor":19,"gold_loss":0,"cards_obtained":["Collect","MostiFishMod:Nomercy"]},{"damage_healed":0,"gold_gain":0,"player_choice":"Ignored","damage_taken":0,"max_hp_gain":0,"max_hp_loss":0,"event_name":"SecretPortal","floor":47,"gold_loss":0}],"is_beta":false,"boss_relics":[{"not_picked":["Calling Bell","Philosopher\u0027s Stone"],"picked":"GreenFoldingFan"},{"not_picked":["TimeKeys","testmod-Recursion"],"picked":"MostiFishMod:Hod"}],"items_purged_floors":[10,37],"is_endless":false,"potions_floor_spawned":[2,8,13,18,20,22,25,28,33,36,40],"ascension_level":20}}