{"host":"2qyxu97h6u4ukicb","time":1611016974,"event":{"mods":["AchievementEnabler","BaseMod","BetterRewards","Colored Map","Colored Powertips","Minty Spire (QoL Compilation)","Replay The Spire","Shop Mod","StSLib"],"gold_per_floor":[115,133,133,133,152,152,152,186,186,196,196,196,196,196,196,196,196],"floor_reached":16,"language":"ENG","playtime":527,"items_purged":[],"score":98,"play_id":"91642b1f-9c6b-4261-949b-beb89cd8c640","local_time":"20210118184254","is_ascension_mode":false,"campfire_choices":[{"data":"ReplayTheSpireMod:Speed Training","floor":6,"key":"SMITH"},{"data":"Blade Dance","floor":11,"key":"SMITH"},{"data":"Slice","floor":15,"key":"SMITH"}],"circlet_count":0,"master_deck":["Strike_G","Strike_G","Strike_G","Strike_G","Strike_G","Defend_G","Defend_G","Defend_G","Defend_G","Defend_G","Survivor","Neutralize","Slice+1","Dash","ReplayTheSpireMod:Speed Training+1","Blade Dance+1","Slice+1"],"relics":["NeowsBlessing","Sizzling Blood","Calipers","The Specimen"],"acts_visited":["Exordium"],"potions_floor_usage":[8,8],"damage_taken":[{"damage":0,"enemies":"Cultist","floor":1,"turns":1},{"damage":0,"enemies":"2 Louse","floor":2,"turns":1},{"damage":0,"enemies":"Small Slimes","floor":5,"turns":1},{"damage":10,"enemies":"Lagavulin","floor":8,"turns":6},{"damage":9,"enemies":"Exordium Wildlife","floor":10,"turns":6},{"damage":0,"enemies":"The Guardian","floor":16,"turns":2}],"seed_played":"-2224931680872691925","potions_obtained":[{"floor":1,"key":"SkillPotion"},{"floor":2,"key":"Toxic Potion"},{"floor":10,"key":"BlessingOfTheForge"}],"is_trial":false,"path_per_floor":["M","M","?","?","M","R","$","E","T","M","R","?","?","$","R","B"],"character_chosen":"THE_SILENT","items_purchased":[],"campfire_rested":0,"item_purchase_floors":[],"current_hp_per_floor":[70,70,74,74,74,74,74,68,68,63,63,63,63,63,63,63,63],"gold":196,"neow_bonus":"THREE_ENEMY_KILL","is_daily":false,"chose_seed":false,"campfire_upgraded":3,"win_rate":0.0,"timestamp":1611016974,"path_taken":["M","?","?","?","M","R","$","E","T","?","R","?","?","?","R","BOSS"],"items_purchased_type":[],"build_version":"2020-12-22","purchased_purges":0,"victory":false,"max_hp_per_floor":[70,70,74,74,74,74,74,74,74,74,74,74,74,74,74,74,74],"card_choices":[{"not_picked":["Crippling Poison","Backflip"],"picked":"Slice","floor":1},{"not_picked":["Underhanded Strike","Hidden Blade"],"picked":"Dash","floor":2},{"not_picked":["Well Laid Plans","Dagger Spray"],"picked":"Blade Dance","floor":5},{"not_picked":["Hidden Blade","Outmaneuver"],"picked":"Slice","floor":8},{"not_picked":["Choke","Concentrate","Flying Knee"],"picked":"SKIP","floor":10}],"player_experience":741403,"relics_obtained":[{"floor":8,"key":"Calipers"},{"floor":9,"key":"The Specimen"}],"event_choices":[{"damage_healed":0,"gold_gain":0,"player_choice":"1 cards matched","damage_taken":0,"max_hp_gain":0,"max_hp_loss":0,"event_name":"Match and Keep!","floor":4,"gold_loss":0,"cards_obtained":["ReplayTheSpireMod:Speed Training"]},{"damage_healed":0,"gold_gain":0,"player_choice":"Leave","damage_taken":0,"max_hp_gain":0,"max_hp_loss":0,"event_name":"The Cleric","floor":12,"gold_loss":0},{"damage_healed":0,"gold_gain":0,"player_choice":"Grow","damage_taken":0,"max_hp_gain":0,"max_hp_loss":0,"event_name":"Living Wall","floor":13,"gold_loss":0,"cards_upgraded":["Slice"]}],"is_beta":false,"boss_relics":[],"items_purged_floors":[],"is_endless":false,"potions_floor_spawned":[1,2,10],"killed_by":"The Guardian","ascension_level":0}}