{"host":"o5jvvi5yapo90aia","time":1611070188,"event":{"mods":["BaseMod","CapriCore","Minty Spire (QoL Compilation)","MostiFishMod","Prisma Mod","Spicy Shops","StSLib","TestMod","The Immortal","Yakumo Yukari mod","【人物mod】游戏王New YuGiOh mod","【功能Mod】Neow奖励"],"gold_per_floor":[131,157,157,187,212,259,259,304,363,375,387,453,465,42,42,150,150,178,178,208,248,248,303,303,352,352,407,442,495,221,496,496,511,511,539,539,126,173,173,219,47,96,96,131,160,210,210,266,266,381,396,396,396,109,165,180],"floor_reached":57,"language":"ZHS","playtime":1800,"items_purged":["Strike_P"],"score":4149,"play_id":"0a60a7fa-6c9b-41a5-8794-f7a5f97f06c3","local_time":"20210119232948","is_ascension_mode":true,"campfire_choices":[{"data":"Regret","floor":7.0,"key":"PURGE"},{"data":"Defend_P","floor":11.0,"key":"PURGE"},{"data":"Defend_P","floor":15,"key":"PURGE"},{"data":"Defend_P","floor":24,"key":"PURGE"},{"data":"Regret","floor":32,"key":"PURGE"},{"data":"Alpha","floor":47,"key":"PURGE"},{"floor":49,"key":"RECALL"},{"data":"DeusExMachina","floor":53,"key":"SMITH"}],"circlet_count":0,"master_deck":["AscendersBane","Eruption","Vigilance","Wallop","Omniscience","Alpha","DeusExMachina+1","Adaptation+1","MostiFishMod:StarOceanP","Pray","FearNoEvil+1","MostiFishMod:Adaptation","MostiFishMod:Speedup","Vault","InnerPeace","MostiFishMod:Moonprays","MostiFishMod:DisColor","MostiFishMod:Awakening","Fasting2+1","MentalFortress+1"],"relics":["DaveBox","testmod-TestBox","SlaversCollar","OneHitWonderSystem","testmod-EnergyCheck","SynthV:TestCard","Pen Nib","testmod-ArcanaOfDestiny","MawBank","SynthV:C4","Golden Idol","Pantograph","Matryoshka","ClockworkSouvenir","GreenFoldingFan","Mercury Hourglass","ArrowTower","Tiny Chest","Shuriken","Pocketwatch","Regal Pillow","Sundial","HereWithMe","Dead Branch","Lantern","Frozen Egg 2","Medical Kit","Ancient Tea Set","Prayer Wheel","Bronze Scales","Centennial Puzzle","testmod-ObsoleteBoomerang"],"acts_visited":["Exordium","TheCity","TheBeyond","TheEnding"],"potions_floor_usage":[56],"damage_taken":[{"damage":0.0,"enemies":"Cultist","floor":1.0,"turns":2.0},{"damage":0.0,"enemies":"2 Louse","floor":2.0,"turns":3.0},{"damage":0.0,"enemies":"Small Slimes","floor":4.0,"turns":2.0},{"damage":0.0,"enemies":"2 Fungi Beasts","floor":5.0,"turns":2.0},{"damage":0.0,"enemies":"Gremlin Nob","floor":6.0,"turns":3.0},{"damage":0.0,"enemies":"Lagavulin","floor":8.0,"turns":4.0},{"damage":0.0,"enemies":"Gremlin Nob","floor":12.0,"turns":3.0},{"damage":0,"enemies":"Hexaghost","floor":16,"turns":4},{"damage":0,"enemies":"3 Byrds","floor":18,"turns":2},{"damage":0,"enemies":"Chosen","floor":20,"turns":1},{"damage":0,"enemies":"Centurion and Healer","floor":21,"turns":2},{"damage":0,"enemies":"Slavers","floor":23,"turns":3},{"damage":0,"enemies":"Gremlin Leader","floor":25,"turns":3},{"damage":0,"enemies":"Slavers","floor":27,"turns":2},{"damage":0,"enemies":"Snake Plant","floor":28,"turns":2},{"damage":0,"enemies":"Gremlin Leader","floor":29,"turns":2},{"damage":0,"enemies":"Collector","floor":33,"turns":2},{"damage":0,"enemies":"3 Shapes","floor":35,"turns":2},{"damage":0,"enemies":"Giant Head","floor":40,"turns":4},{"damage":0,"enemies":"Nemesis","floor":42,"turns":3},{"damage":0,"enemies":"3 Darklings","floor":44,"turns":2},{"damage":0,"enemies":"Transient","floor":45,"turns":5},{"damage":0,"enemies":"Giant Head","floor":46,"turns":4},{"damage":0,"enemies":"Nemesis","floor":48,"turns":4},{"damage":0,"enemies":"Awakened One","floor":50,"turns":3},{"damage":0,"enemies":"Donu and Deca","floor":51,"turns":2},{"damage":0,"enemies":"Shield and Spear","floor":55,"turns":3},{"damage":0,"enemies":"The Heart","floor":56,"turns":5}],"seed_played":"7138130196646574901","potions_obtained":[{"floor":2.0,"key":"Ambrosia"},{"floor":5.0,"key":"GamblersBrew"},{"floor":45,"key":"DuplicationPotion"}],"is_trial":false,"path_per_floor":["M","M","?","M","M","E","R","E","T","?","R","E","?","$","R","B",null,"M","?","M","M","?","E","R","E","T","E","M","E","$","?","R","B",null,"M","?","$","T","?","E","$","E","T","M","M","E","R","E","R","B","B",null,"R","$","E","B",null],"character_chosen":"WATCHER","items_purchased":["Matryoshka","ClockworkSouvenir","Sundial","Dead Branch","Medical Kit","MostiFishMod:Awakening","Fasting2+1"],"campfire_rested":0,"item_purchase_floors":[14,14,30,37,41,54,54],"current_hp_per_floor":[1,1,1,1,1,1,1,1,1,1,1,1,1,1,1,1,1,1,1,1,1,1,1,1,1,1,1,1,1,1,1,1,1,1,1,1,1,1,1,1,1,1,1,1,1,1,1,1,1,1,1,1,1,1,1,1],"gold":180,"neow_bonus":"BOSS_RELIC","is_daily":false,"chose_seed":false,"campfire_upgraded":1,"win_rate":0.0,"timestamp":1611070188,"path_taken":["M","?","?","M","M","E","R","E","T","?","R","E","?","$","R","BOSS","M","?","M","M","?","E","R","E","T","E","M","E","?","?","R","BOSS","M","?","$","?","?","E","$","E","T","M","M","E","R","E","R","BOSS","BOSS","R","$","E","BOSS"],"items_purchased_type":["Relic","Relic","Relic","Relic","Relic","Card","Card"],"build_version":"2020-12-22","purchased_purges":1,"victory":true,"max_hp_per_floor":[1,1,1,1,1,1,1,1,1,1,1,1,1,1,1,1,1,1,1,1,1,1,1,1,1,1,1,1,1,1,1,1,1,1,1,1,1,1,1,1,1,1,1,1,1,1,1,1,1,1,1,1,1,1,1,1],"card_choices":[{"not_picked":["FlyingSleeves","EmptyFist","PathToVictory"],"picked":"SKIP","floor":1.0},{"not_picked":["Crescendo","ThirdEye","MostiFishMod:FlowState","FlyingSleeves"],"picked":"Wallop","floor":2.0},{"not_picked":["Crescendo","FollowUp","SashWhip","CrushJoints","Sanctity"],"picked":"SKIP","floor":4.0},{"not_picked":["Vengeance","CutThroughFate","Evaluate","Consecrate","SandsOfTime"],"picked":"SKIP","floor":5.0},{"not_picked":["EmptyBody","Pray","Prostrate","JustLucky"],"picked":"Omniscience","floor":6.0},{"not_picked":["FollowUp","PathToVictory","Halt","MostiFishMod:FlowState","SpiritShield"],"picked":"SKIP","floor":8.0},{"not_picked":["Sanctity","FlyingSleeves","Crescendo","Alpha","DeceiveReality"],"picked":"SKIP","floor":12.0},{"not_picked":["MostiFishMod:Minus","ConjureBlade","MostiFishMod:Pointsdynamics","Alpha"],"picked":"DeusExMachina","floor":16},{"not_picked":["Worship","BowlingBash","ClearTheMind","Prostrate"],"picked":"Adaptation+1","floor":18},{"not_picked":["ThirdEye","BowlingBash","CutThroughFate","WreathOfFlame"],"picked":"FearNoEvil+1","floor":20},{"not_picked":["Consecrate","ReachHeaven+1","PathToVictory","ClearTheMind","Sanctity"],"picked":"SKIP","floor":21},{"not_picked":["Wallop","WreathOfFlame","Fasting2","Worship"],"picked":"MostiFishMod:Adaptation","floor":23},{"not_picked":["ClearTheMind+1","MostiFishMod:Nomercy","InnerPeace","Fasting2"],"picked":"MostiFishMod:Speedup","floor":25},{"not_picked":["JustLucky","MostiFishMod:DisColor","CrushJoints","Prostrate","Wish"],"picked":"SKIP","floor":27},{"not_picked":["FollowUp","Evaluate","ForeignInfluence","FlyingSleeves","Pray"],"picked":"SKIP","floor":28},{"not_picked":["MostiFishMod:Speedup","EmptyBody","CarveReality","Evaluate","JustLucky"],"picked":"SKIP","floor":29},{"not_picked":["Conclude","FlyingSleeves","SashWhip","MostiFishMod:Speedup","JustLucky+1"],"picked":"SKIP","floor":35},{"not_picked":["JustLucky","Nirvana+1","SashWhip","FlyingSleeves"],"picked":"InnerPeace","floor":40},{"not_picked":["Swivel","EmptyFist","MostiFishMod:FlowState+1","CutThroughFate","FlurryOfBlows"],"picked":"SKIP","floor":42},{"not_picked":["SashWhip","Protect","CutThroughFate","Vault","EmptyFist+1"],"picked":"SKIP","floor":44},{"not_picked":["Nirvana+1","Crescendo","SandsOfTime+1","FlyingSleeves+1","SashWhip+1"],"picked":"SKIP","floor":44},{"not_picked":["SashWhip","Protect","MostiFishMod:FlowState","BowlingBash","Perseverance"],"picked":"SKIP","floor":45},{"not_picked":["InnerPeace","FollowUp","SashWhip","Pray","Consecrate"],"picked":"SKIP","floor":45},{"not_picked":["Wish","EmptyBody","MostiFishMod:Nomercy+1","Protect"],"picked":"MostiFishMod:Moonprays","floor":46},{"not_picked":["Swivel","SashWhip","ForeignInfluence","Study+1"],"picked":"MostiFishMod:DisColor","floor":48},{"not_picked":["SignatureMove","EmptyBody","CutThroughFate+1","PathToVictory"],"picked":"MentalFortress+1","floor":55}],"player_experience":1483380,"relics_obtained":[{"floor":1.0,"key":"SynthV:TestCard"},{"floor":6.0,"key":"testmod-ArcanaOfDestiny"},{"floor":8.0,"key":"MawBank"},{"floor":9.0,"key":"SynthV:C4"},{"floor":12.0,"key":"Pantograph"},{"floor":23,"key":"Mercury Hourglass"},{"floor":25,"key":"ArrowTower"},{"floor":26,"key":"Tiny Chest"},{"floor":26,"key":"Shuriken"},{"floor":27,"key":"Pocketwatch"},{"floor":29,"key":"Regal Pillow"},{"floor":38,"key":"Lantern"},{"floor":40,"key":"Frozen Egg 2"},{"floor":42,"key":"Ancient Tea Set"},{"floor":43,"key":"Prayer Wheel"},{"floor":46,"key":"Bronze Scales"},{"floor":48,"key":"Centennial Puzzle"},{"floor":55,"key":"testmod-ObsoleteBoomerang"}],"event_choices":[{"damage_healed":0.0,"max_hp_gain":0.0,"max_hp_loss":0.0,"gold_gain":0.0,"event_name":"Big Fish","player_choice":"Box","floor":3.0,"gold_loss":0.0,"damage_taken":0.0,"relics_obtained":["Pen Nib"],"cards_obtained":["Regret"]},{"damage_healed":0.0,"max_hp_gain":0.0,"max_hp_loss":0.0,"gold_gain":0.0,"event_name":"Golden Idol","player_choice":"Take Damage","floor":10.0,"gold_loss":0.0,"damage_taken":0.0,"relics_obtained":["Golden Idol"]},{"damage_healed":0.0,"max_hp_gain":0.0,"max_hp_loss":0.0,"gold_gain":0.0,"cards_transformed":["Defend_P"],"event_name":"Living Wall","player_choice":"Change","floor":13.0,"gold_loss":0.0,"damage_taken":0.0,"cards_obtained":["Alpha"]},{"damage_healed":0,"gold_gain":0,"cards_transformed":["Strike_P","Strike_P"],"player_choice":"Became Test Subject","damage_taken":0,"max_hp_gain":0,"max_hp_loss":0,"event_name":"Drug Dealer","floor":19,"gold_loss":0,"cards_obtained":["MostiFishMod:StarOceanP","Pray"]},{"damage_healed":0,"gold_gain":0,"player_choice":"Ignored","damage_taken":0,"max_hp_gain":0,"max_hp_loss":0,"event_name":"Ghosts","floor":22,"gold_loss":0},{"damage_healed":0,"gold_gain":275,"player_choice":"Desecrate","damage_taken":0,"max_hp_gain":0,"max_hp_loss":0,"event_name":"Golden Shrine","floor":31,"gold_loss":0,"cards_obtained":["Regret"]},{"damage_healed":0,"gold_gain":0,"player_choice":"1 cards matched","damage_taken":0,"max_hp_gain":0,"max_hp_loss":0,"event_name":"Match and Keep!","floor":36,"gold_loss":0,"cards_obtained":["Vault"]},{"damage_healed":0,"gold_gain":0,"cards_transformed":["Strike_P"],"player_choice":"Transformed","damage_taken":0,"max_hp_gain":0,"max_hp_loss":0,"event_name":"Transmorgrifier","floor":39,"gold_loss":0,"cards_obtained":["Alpha"]}],"is_beta":false,"boss_relics":[{"not_picked":["TakeMeEscape","Ectoplasm"],"picked":"GreenFoldingFan"},{"not_picked":["MoonlightInvasionPlan","Tiny House"],"picked":"HereWithMe"}],"items_purged_floors":[37],"is_endless":false,"potions_floor_spawned":[2,5,16,23,27,33,42,45],"ascension_level":20}}