{"host":"97k5lqmr6aaz1p9r","time":1611084563,"event":{"mods":["BaseMod","Colored Map","Downfall","Jorbs\u0027s Wanderer Trilogy","Minty Spire (QoL Compilation)","StSLib","The Cursed"],"gold_per_floor":[99,119,134,309,309,309,332,351,501,534,434,434,449,449,477,477,477,477],"floor_reached":16,"language":"ENG","playtime":1048,"items_purged":[],"score":105,"play_id":"647ffbcc-ffd9-4135-8fac-462601a2a16b","local_time":"20210119192923","is_ascension_mode":true,"campfire_choices":[{"data":"hexamod:Float","floor":1,"key":"SMITH"},{"data":"hexamod:NightmareStrike","floor":6,"key":"SMITH"},{"data":"hexamod:GhostShield","floor":11,"key":"SMITH"}],"circlet_count":0,"master_deck":["hexamod:Strike+1","hexamod:Strike","hexamod:Strike+1","hexamod:Strike","hexamod:Defend","hexamod:Defend","hexamod:Sear","hexamod:Float+1","downfall:Haunted","hexamod:StepThrough+1","hexamod:SpectralAdrenaline","hexamod:SpectersWail","hexamod:NightmareStrike+1","Doubt","downfall:Malfunctioning","hexamod:GhostShield+1","downfall:Icky","hexamod:FifthSeal","hexamod:FirstSeal","hexamod:SecondSeal","hexamod:ThirdSeal","hexamod:GhostflameBarrier"],"relics":["hexamod:SpiritBrand","Vajra","Mummified Hand","downfall:HeartBlessingGreen","Meat on the Bone"],"acts_visited":["Exordium"],"potions_floor_usage":[10,16],"damage_taken":[{"damage":1,"enemies":"Jaw Worm","floor":2,"turns":2},{"damage":0,"enemies":"Small Slimes","floor":3,"turns":3},{"damage":0,"enemies":"2 Louse","floor":8,"turns":2},{"damage":8,"enemies":"3 Sentries","floor":10,"turns":7},{"damage":5,"enemies":"Gremlin Gang","floor":13,"turns":4},{"damage":3,"enemies":"Exordium Wildlife","floor":15,"turns":4},{"damage":108,"enemies":"DF_ARCHETYPE_STREAMLINE","floor":16,"turns":14}],"seed_played":"9074463138723428687","potions_obtained":[{"floor":3,"key":"Fire Potion"},{"floor":15,"key":"Guardian:BlockOnCardUsePotion"}],"is_trial":false,"path_per_floor":["R","M","M","?","?","R","T","M","?","E","R","T","M","?","M","B"],"character_chosen":"THE_SPIRIT","items_purchased":[],"campfire_rested":0,"item_purchase_floors":[],"current_hp_per_floor":[70,69,69,69,69,69,69,69,69,61,61,61,56,61,58,0,0,0],"gold":477,"neow_bonus":"TRANSFORM_TWO_CARDS","is_daily":false,"chose_seed":false,"campfire_upgraded":3,"win_rate":0.0,"timestamp":1611084563,"path_taken":["R","M","M","?","?","R","T","M","?","E","R","?","?","?","M","BOSS"],"items_purchased_type":[],"build_version":"2020-12-22","purchased_purges":0,"victory":false,"max_hp_per_floor":[70,70,70,70,70,70,70,70,70,70,70,70,70,75,75,75,75,75],"card_choices":[{"not_picked":["hexamod:SpectralSpark","hexamod:RetreatToShadows"],"picked":"hexamod:SpectersWail","floor":2},{"not_picked":["hexamod:FlamesFromBeyond","hexamod:HeatMetal"],"picked":"hexamod:NightmareStrike","floor":3},{"not_picked":["hexamod:StepThrough","hexamod:ThermalTransfer"],"picked":"hexamod:GhostShield","floor":8},{"not_picked":["hexamod:SwordOfDarkness","hexamod:BacktrackSmack"],"picked":"hexamod:FifthSeal","floor":10},{"not_picked":["hexamod:FourthSeal","hexamod:SecondSeal"],"picked":"hexamod:FirstSeal","floor":13},{"not_picked":["hexamod:GhostLash","hexamod:AdvancingGuard"],"picked":"hexamod:SecondSeal","floor":13},{"not_picked":["hexamod:SecondSeal","hexamod:FourthSeal"],"picked":"hexamod:ThirdSeal","floor":15},{"not_picked":["hexamod:NightmareStrike","hexamod:HexaLevel"],"picked":"hexamod:GhostflameBarrier","floor":15}],"player_experience":694404,"relics_obtained":[{"floor":7,"key":"Vajra"},{"floor":10,"key":"Mummified Hand"},{"floor":12,"key":"Meat on the Bone"}],"event_choices":[{"damage_healed":0,"gold_gain":0,"player_choice":"Donut","damage_taken":0,"max_hp_gain":5,"max_hp_loss":0,"event_name":"Big Fish","floor":14,"gold_loss":0}],"is_beta":false,"boss_relics":[],"items_purged_floors":[],"is_endless":false,"potions_floor_spawned":[3,15],"killed_by":"DF_ARCHETYPE_STREAMLINE","ascension_level":1}}