{"host":"vyjryxuuuxkt43k4","time":1611062335,"event":{"mods":["AchievementEnabler","BaseMod","Colored Map","DeckTracker","Keyboard Shortcuts","Minty Spire (QoL Compilation)","Permanent Neow","Quick Restart","Rare Cards Sparkle","StSLib","SuperFastMode","everything is the same but u backflip on backflip"],"gold_per_floor":[113,128,128,143,163,163,233,233,233],"floor_reached":8,"language":"KOR","playtime":363,"items_purged":[],"score":79,"play_id":"ee04ce31-2ce2-4a41-9b10-05638cf6fbb0","local_time":"20210119221855","is_ascension_mode":true,"campfire_choices":[{"data":"True Grit","floor":6.0,"key":"SMITH"}],"circlet_count":0,"master_deck":["AscendersBane","Strike_R","Strike_R","Strike_R","Strike_R","Strike_R","Defend_R","Defend_R","Defend_R","Defend_R","Bash","Offering","Clothesline","Spot Weakness","Battle Trance","True Grit+1","Limit Break"],"relics":["Burning Blood","Golden Idol","Ornamental Fan"],"acts_visited":["Exordium"],"potions_floor_usage":[7],"damage_taken":[{"damage":13.0,"enemies":"Jaw Worm","floor":1.0,"turns":2.0},{"damage":6.0,"enemies":"Cultist","floor":2.0,"turns":3.0},{"damage":18.0,"enemies":"Small Slimes","floor":4.0,"turns":2.0},{"damage":11.0,"enemies":"3 Louse","floor":5.0,"turns":4.0},{"damage":26,"enemies":"Gremlin Nob","floor":7,"turns":4},{"damage":12,"enemies":"Lagavulin","floor":8,"turns":3}],"seed_played":"4076894285458959696","potions_obtained":[{"floor":2.0,"key":"SpeedPotion"}],"is_trial":false,"path_per_floor":["M","M","?","M","M","R","?","E"],"character_chosen":"IRONCLAD","items_purchased":[],"campfire_rested":0,"item_purchase_floors":[],"current_hp_per_floor":[65,65,45,33,28,28,8,0,0],"gold":233,"neow_bonus":"ONE_RANDOM_RARE_CARD","is_daily":false,"chose_seed":false,"campfire_upgraded":1,"win_rate":0.0,"timestamp":1611062335,"path_taken":["M","M","?","M","M","R","?","E"],"items_purchased_type":[],"build_version":"2020-12-22","purchased_purges":0,"victory":false,"max_hp_per_floor":[80,80,80,80,80,80,80,80,80],"card_choices":[{"not_picked":["Anger","Body Slam"],"picked":"Clothesline","floor":1.0},{"not_picked":["Shrug It Off","Disarm"],"picked":"Spot Weakness","floor":2.0},{"not_picked":["Rampage","Headbutt"],"picked":"Battle Trance","floor":4.0},{"not_picked":["Pommel Strike","Iron Wave"],"picked":"True Grit","floor":5.0},{"not_picked":["Warcry","Bloodletting"],"picked":"Limit Break","floor":7}],"player_experience":351991,"relics_obtained":[{"floor":7,"key":"Ornamental Fan"}],"event_choices":[{"damage_healed":0.0,"max_hp_gain":0.0,"max_hp_loss":0.0,"gold_gain":0.0,"event_name":"Golden Idol","player_choice":"Take Damage","floor":3.0,"gold_loss":0.0,"damage_taken":20.0,"relics_obtained":["Golden Idol"]},{"damage_healed":0,"gold_gain":0,"player_choice":"Searched \u00271\u0027 times","damage_taken":0,"max_hp_gain":0,"max_hp_loss":0,"event_name":"Dead Adventurer","floor":7,"gold_loss":0}],"is_beta":false,"boss_relics":[],"items_purged_floors":[],"is_endless":false,"potions_floor_spawned":[2],"killed_by":"Lagavulin","ascension_level":13}}