{"host":"19stjawbpc2pvkmg","time":1611079191,"event":{"mods":["Always Whale","BaseMod","Faster Ascension Climbing","Hubris","Infinite Spire","Mimic Mod","Minty Spire (QoL Compilation)","Replay The Spire","Shop Mod","StSLib","The Necromancer"],"gold_per_floor":[115,23,37,37,49,49,68,96,96,96,96],"floor_reached":10,"language":"ENG","playtime":459,"items_purged":[],"score":136,"play_id":"72e30cab-7c9f-405c-9b61-edafcc138ac7","local_time":"20210119185951","is_ascension_mode":true,"campfire_choices":[{"data":"Blood_Curse","floor":6,"key":"SMITH"}],"circlet_count":0,"master_deck":["AscendersBane","Strike_W","Strike_W","Strike_W","Strike_W","Defend_W","Defend_W","Defend_W","Defend_W","Negative_Energy_Arrows","Bone_Wall","Blood_Curse+1","Bone_Armor"],"relics":["Vampire_Amulet","infinitespire:Beetle Shell","Replay:WaspNest","Dream Catcher","infinitespire:Bottled Soul"],"acts_visited":["Exordium"],"potions_floor_usage":[8,10,10],"damage_taken":[{"damage":13,"enemies":"Jaw Worm","floor":1,"turns":8},{"damage":1,"enemies":"Cultist","floor":3,"turns":4},{"damage":5,"enemies":"Small Slimes","floor":5,"turns":3},{"damage":6,"enemies":"Red Slaver","floor":7,"turns":4},{"damage":18,"enemies":"3 Sentries","floor":8,"turns":9},{"damage":48,"enemies":"Lagavulin","floor":10,"turns":13}],"seed_played":"3172331183835085161","potions_obtained":[{"floor":3,"key":"SpeedPotion"},{"floor":4,"key":"LiquidBronze"},{"floor":4,"key":"Energy Potion"},{"floor":8,"key":"Dexterity Potion"}],"is_trial":false,"path_per_floor":["M","?","M","?","M","R","M","E","T","E"],"character_chosen":"NECROMANCER","items_purchased":[],"campfire_rested":0,"item_purchase_floors":[],"current_hp_per_floor":[53,53,54,54,53,53,49,37,37,0,0],"gold":96,"neow_bonus":"RANDOM_COMMON_RELIC","is_daily":false,"chose_seed":false,"campfire_upgraded":1,"win_rate":0.0,"timestamp":1611079191,"path_taken":["M","?","?","?","?","R","M","E","T","E"],"items_purchased_type":[],"build_version":"2020-12-22","purchased_purges":0,"victory":false,"max_hp_per_floor":[71,71,71,71,71,71,71,71,71,71,71],"card_choices":[{"not_picked":["Strike_from_Beyond","Toxic_Smoke_Screen"],"picked":"Blood_Curse","floor":1},{"not_picked":["Deaths_Shadow","Vampiric_Strike","Scare"],"picked":"SKIP","floor":3},{"not_picked":["Violent_Necrosis","Consume_Illness"],"picked":"Bone_Armor","floor":5},{"not_picked":["Chill_Blood","Blood_Curse","Uncharnel"],"picked":"SKIP","floor":7},{"not_picked":["Blood_Magic","Deaths_Shadow","Death_Coil"],"picked":"SKIP","floor":8}],"player_experience":425352,"relics_obtained":[{"floor":8,"key":"Dream Catcher"},{"floor":9,"key":"infinitespire:Bottled Soul"}],"event_choices":[{"damage_healed":0,"gold_gain":0,"player_choice":"Paid Gold","damage_taken":0,"relics_obtained":["Replay:WaspNest"],"max_hp_gain":0,"max_hp_loss":0,"event_name":"WeMeetAgain","floor":2,"gold_loss":92},{"damage_healed":0,"gold_gain":0,"player_choice":"Got Potions","damage_taken":0,"max_hp_gain":0,"max_hp_loss":0,"event_name":"Lab","floor":4,"gold_loss":0}],"is_beta":false,"boss_relics":[],"items_purged_floors":[],"is_endless":false,"potions_floor_spawned":[3,5,7,8],"killed_by":"Lagavulin","ascension_level":20}}