{"host":"tjq6rykv202u6iqx","time":1611079397,"event":{"mods":["AchievementEnabler","BaseMod","Minty Spire (QoL Compilation)","Rare Cards Sparkle","Relic Stats"],"gold_per_floor":[99,99,99,99,99,99,99,99,99,99,99,99,99,99,99,99,99,99,99,99,99,99,99,99,99,99,99,99,99,99,99,99,99,99,99,99,99,99,99,99,99,99,99,99,99,99,99,99,99,99,99,99,99,24,24,24],"floor_reached":57,"language":"ENG","playtime":4072,"items_purged":["Strike_P+1"],"score":3103,"play_id":"910f568f-1a79-4b19-ad63-b842f643b759","local_time":"20210119120317","is_ascension_mode":true,"campfire_choices":[{"floor":10.0,"key":"REST"},{"data":"1","floor":15.0,"key":"LIFT"},{"floor":24.0,"key":"REST"},{"data":"2","floor":29.0,"key":"LIFT"},{"data":"3","floor":32.0,"key":"LIFT"},{"floor":42.0,"key":"RECALL"},{"data":"TalkToTheHand","floor":49.0,"key":"SMITH"},{"data":"Wallop","floor":53.0,"key":"SMITH"}],"circlet_count":0,"master_deck":["AscendersBane","Strike_P+1","Strike_P+1","Strike_P+1","Defend_P+1","Defend_P+1","Defend_P+1","Defend_P+1","Eruption","Vigilance","Consecrate+1","EmptyFist","FearNoEvil","FlurryOfBlows","Indignation","ThirdEye","MentalFortress","Adaptation","Wish","Meditate","BowlingBash+1","Halt+1","Crescendo+1","Vault+1","Brilliance","Wallop+1","TalkToTheHand+1","Thinking Ahead+1","Violence+1","ThirdEye+1","WaveOfTheHand+1","CutThroughFate","Meditate+1","EmptyMind+1","CutThroughFate","Fasting2"],"relics":["Ectoplasm","Letter Opener","TeardropLocket","Singing Bowl","Mercury Hourglass","Mango","Girya","Black Star","Oddly Smooth Stone","Gambling Chip","Ginger","Damaru","Toxic Egg 2","Ice Cream","VioletLotus","GoldenEye","Yang","Matryoshka","Lantern","White Beast Statue","Mummified Hand","Ornamental Fan","Prayer Wheel","Ancient Tea Set","Du-Vu Doll","StrikeDummy","TungstenRod"],"acts_visited":["Exordium","TheCity","TheBeyond","TheEnding"],"potions_floor_usage":[56,56],"damage_taken":[{"damage":0.0,"enemies":"Jaw Worm","floor":1.0,"turns":4.0},{"damage":0.0,"enemies":"Small Slimes","floor":2.0,"turns":2.0},{"damage":0.0,"enemies":"Cultist","floor":4.0,"turns":3.0},{"damage":25.0,"enemies":"Lagavulin","floor":6.0,"turns":8.0},{"damage":0.0,"enemies":"Exordium Wildlife","floor":7.0,"turns":3.0},{"damage":6.0,"enemies":"Gremlin Nob","floor":8.0,"turns":3.0},{"damage":2.0,"enemies":"Exordium Thugs","floor":11.0,"turns":3.0},{"damage":3.0,"enemies":"3 Sentries","floor":12.0,"turns":3.0},{"damage":3.0,"enemies":"Gremlin Nob","floor":14.0,"turns":3.0},{"damage":5.0,"enemies":"The Guardian","floor":16.0,"turns":9.0},{"damage":15.0,"enemies":"Shell Parasite","floor":18.0,"turns":3.0},{"damage":0.0,"enemies":"3 Byrds","floor":20.0,"turns":2.0},{"damage":19.0,"enemies":"Shelled Parasite and Fungi","floor":21.0,"turns":3.0},{"damage":46.0,"enemies":"Gremlin Leader","floor":23.0,"turns":4.0},{"damage":6.0,"enemies":"Slavers","floor":25.0,"turns":4.0},{"damage":0.0,"enemies":"Centurion and Healer","floor":28.0,"turns":5.0},{"damage":0.0,"enemies":"Snake Plant","floor":30.0,"turns":3.0},{"damage":0.0,"enemies":"3 Cultists","floor":31.0,"turns":2.0},{"damage":0.0,"enemies":"Automaton","floor":33.0,"turns":6.0},{"damage":0.0,"enemies":"3 Shapes","floor":35.0,"turns":4.0},{"damage":0.0,"enemies":"Orb Walker","floor":36.0,"turns":2.0},{"damage":0.0,"enemies":"Maw","floor":38.0,"turns":5.0},{"damage":0.0,"enemies":"2 Orb Walkers","floor":39.0,"turns":3.0},{"damage":0.0,"enemies":"Nemesis","floor":40.0,"turns":4.0},{"damage":0.0,"enemies":"Jaw Worm Horde","floor":41.0,"turns":1.0},{"damage":0.0,"enemies":"Sphere and 2 Shapes","floor":45.0,"turns":2.0},{"damage":0.0,"enemies":"Reptomancer","floor":46.0,"turns":4.0},{"damage":0.0,"enemies":"Spire Growth","floor":47.0,"turns":2.0},{"damage":3.0,"enemies":"Nemesis","floor":48.0,"turns":4.0},{"damage":29.0,"enemies":"Donu and Deca","floor":50.0,"turns":5.0},{"damage":24.0,"enemies":"Time Eater","floor":51.0,"turns":7.0},{"damage":0,"enemies":"Shield and Spear","floor":55,"turns":3},{"damage":71,"enemies":"The Heart","floor":56,"turns":10}],"seed_played":"7431025657688160812","potions_obtained":[{"floor":1.0,"key":"Strength Potion"},{"floor":8.0,"key":"Fruit Juice"},{"floor":12.0,"key":"DistilledChaos"},{"floor":14.0,"key":"SmokeBomb"},{"floor":16.0,"key":"FearPotion"},{"floor":18.0,"key":"Dexterity Potion"},{"floor":21.0,"key":"Explosive Potion"},{"floor":28.0,"key":"Weak Potion"},{"floor":35.0,"key":"Swift Potion"},{"floor":39.0,"key":"Dexterity Potion"},{"floor":48.0,"key":"AttackPotion"}],"is_trial":false,"path_per_floor":["M","M","?","M","?","E","M","E","T","R","M","E","T","E","R","B",null,"M","?","M","M","?","E","R","E","T","T","M","R","M","M","R","B",null,"M","M","?","M","?","E","M","R","T","T","M","E","M","E","R","B","B",null,"R","$","E","B",null],"character_chosen":"WATCHER","items_purchased":[],"campfire_rested":2,"item_purchase_floors":[],"current_hp_per_floor":[61,61,41,41,41,16,16,10,10,36,34,33,47,44,44,39,77,64,64,64,47,47,3,31,25,25,25,25,25,25,25,25,25,78,78,78,70,70,70,72,74,74,74,74,74,74,74,73,73,44,20,82,82,82,82,11],"gold":24,"neow_bonus":"BOSS_RELIC","is_daily":false,"chose_seed":false,"campfire_upgraded":2,"win_rate":0.0,"timestamp":1611079397,"path_taken":["M","M","?","M","?","E","M","E","T","R","?","E","?","E","R","BOSS","M","?","M","M","?","E","R","E","T","?","M","R","M","M","R","BOSS","M","M","?","M","?","E","M","R","T","?","M","E","M","E","R","BOSS","BOSS","R","$","E","BOSS"],"items_purchased_type":[],"build_version":"2020-12-22","purchased_purges":1,"victory":true,"max_hp_per_floor":[68,68,68,68,68,68,68,68,68,73,73,75,89,89,89,89,89,91,91,91,93,93,95,95,95,95,95,95,95,95,95,95,95,95,95,95,97,97,97,99,101,101,101,101,101,101,101,103,103,103,103,103,103,103,103,103],"relic_stats":{"Singing Bowl":16,"counters":[33,126],"Yang":[138],"Letter Opener":[222],"Ginger":[10],"GoldenEye":[62],"Mercury Hourglass":[373],"Mummified Hand":[14],"Ornamental Fan":[104],"Gambling Chip":[53],"Prayer Wheel":1,"Ectoplasm":894,"VioletLotus":[43],"Black Star":6,"obtain_stats":[{"Ice Cream":27,"Lantern":43,"Singing Bowl":9,"Mango":13,"Yang":40,"TeardropLocket":8,"Ginger":25,"Ancient Tea Set":48,"Matryoshka":40,"Mummified Hand":44,"Gambling Chip":23,"Prayer Wheel":46,"VioletLotus":34,"Toxic Egg 2":26,"Girya":14,"Oddly Smooth Stone":23,"Damaru":25,"Letter Opener":6,"GoldenEye":39,"White Beast Statue":44,"Mercury Hourglass":12,"Du-Vu Doll":48,"Ornamental Fan":46,"Ectoplasm":0,"Black Star":17,"PureWater":0,"StrikeDummy":55,"TungstenRod":55},{"Ice Cream":15,"Lantern":25,"Singing Bowl":6,"Mango":8,"Yang":24,"TeardropLocket":6,"Ginger":15,"Ancient Tea Set":29,"Matryoshka":24,"Mummified Hand":25,"Gambling Chip":14,"Prayer Wheel":27,"VioletLotus":19,"Toxic Egg 2":15,"Girya":9,"Oddly Smooth Stone":14,"Damaru":15,"Letter Opener":4,"GoldenEye":23,"White Beast Statue":25,"Mercury Hourglass":8,"Du-Vu Doll":29,"Ornamental Fan":27,"Ectoplasm":0,"Black Star":10,"PureWater":0,"StrikeDummy":32,"TungstenRod":32},{"Ice Cream":55,"Lantern":90,"Singing Bowl":23,"Mango":29,"Yang":89,"TeardropLocket":23,"Ginger":55,"Ancient Tea Set":101,"Matryoshka":89,"Mummified Hand":90,"Gambling Chip":52,"Prayer Wheel":95,"VioletLotus":71,"Toxic Egg 2":55,"Girya":31,"Oddly Smooth Stone":52,"Damaru":55,"Letter Opener":17,"GoldenEye":85,"White Beast Statue":90,"Mercury Hourglass":29,"Du-Vu Doll":101,"Ornamental Fan":95,"Ectoplasm":0,"Black Star":40,"PureWater":0,"StrikeDummy":116,"TungstenRod":116}],"TungstenRod":24},"card_choices":[{"not_picked":["ForeignInfluence","Crescendo"],"picked":"Consecrate","floor":1.0},{"not_picked":["Prostrate","Evaluate"],"picked":"EmptyFist","floor":2.0},{"not_picked":["Vault","PathToVictory"],"picked":"FearNoEvil","floor":4.0},{"not_picked":["Wireheading","Weave"],"picked":"FlurryOfBlows","floor":6.0},{"not_picked":["WreathOfFlame","JustLucky"],"picked":"Indignation","floor":7.0},{"not_picked":["DeceiveReality","FollowUp"],"picked":"ThirdEye","floor":8.0},{"not_picked":["Wireheading","Study"],"picked":"MentalFortress","floor":11.0},{"not_picked":["Evaluate","EmptyFist","SpiritShield"],"picked":"Singing Bowl","floor":12.0},{"not_picked":["Sanctity","InnerPeace"],"picked":"Adaptation","floor":14.0},{"not_picked":["Brilliance","Blasphemy"],"picked":"Wish","floor":16.0},{"not_picked":["FlyingSleeves","Sanctity","SignatureMove"],"picked":"Singing Bowl","floor":18.0},{"not_picked":["CrushJoints","BowlingBash+1"],"picked":"Meditate","floor":20.0},{"not_picked":["MentalFortress","Swivel","Evaluate"],"picked":"Singing Bowl","floor":21.0},{"not_picked":["Evaluate+1","SashWhip","EmptyBody"],"picked":"Singing Bowl","floor":23.0},{"not_picked":["EmptyFist","Pray"],"picked":"BowlingBash+1","floor":25.0},{"not_picked":["EmptyBody+1","Collect+1"],"picked":"Halt+1","floor":28.0},{"not_picked":["Wireheading","LikeWater"],"picked":"Crescendo+1","floor":30.0},{"not_picked":["FlurryOfBlows","Protect+1"],"picked":"Vault+1","floor":31.0},{"not_picked":["DevaForm","Establishment"],"picked":"Brilliance","floor":33.0},{"not_picked":["Perseverance+1","Nirvana"],"picked":"Wallop","floor":35.0},{"not_picked":["Conclude","FlyingSleeves"],"picked":"TalkToTheHand","floor":36.0},{"not_picked":["Good Instincts+1","Chrysalis+1"],"picked":"Thinking Ahead+1","floor":37.0},{"not_picked":["Enlightenment+1","Jack Of All Trades+1","Good Instincts+1"],"picked":"Singing Bowl","floor":37.0},{"not_picked":["Bandage Up+1","Secret Technique+1"],"picked":"Violence+1","floor":37.0},{"not_picked":["Wallop","EmptyBody+1"],"picked":"ThirdEye+1","floor":38.0},{"not_picked":["BowlingBash","PathToVictory+1"],"picked":"WaveOfTheHand+1","floor":39.0},{"not_picked":["Collect+1","BattleHymn","Consecrate+1"],"picked":"Singing Bowl","floor":40.0},{"not_picked":["Crescendo+1","Conclude","Judgement+1"],"picked":"Singing Bowl","floor":41.0},{"not_picked":["Crescendo+1","Perseverance+1"],"picked":"CutThroughFate","floor":45.0},{"not_picked":["Evaluate+1","Establishment"],"picked":"Meditate+1","floor":46.0},{"not_picked":["BowlingBash","ThirdEye+1"],"picked":"EmptyMind+1","floor":47.0},{"not_picked":["SashWhip","PathToVictory+1"],"picked":"CutThroughFate","floor":47.0},{"not_picked":["BowlingBash+1","Conclude+1","JustLucky+1"],"picked":"Singing Bowl","floor":48.0},{"not_picked":["Consecrate","EmptyFist"],"picked":"Fasting2","floor":55}],"player_experience":829356,"relics_obtained":[{"floor":6.0,"key":"Letter Opener"},{"floor":8.0,"key":"TeardropLocket"},{"floor":9.0,"key":"Singing Bowl"},{"floor":12.0,"key":"Mercury Hourglass"},{"floor":13.0,"key":"Mango"},{"floor":14.0,"key":"Girya"},{"floor":23.0,"key":"Oddly Smooth Stone"},{"floor":23.0,"key":"Gambling Chip"},{"floor":25.0,"key":"Ginger"},{"floor":25.0,"key":"Damaru"},{"floor":26.0,"key":"Toxic Egg 2"},{"floor":27.0,"key":"Ice Cream"},{"floor":39.0,"key":"GoldenEye"},{"floor":40.0,"key":"Yang"},{"floor":40.0,"key":"Matryoshka"},{"floor":43.0,"key":"Lantern"},{"floor":44.0,"key":"White Beast Statue"},{"floor":44.0,"key":"Mummified Hand"},{"floor":46.0,"key":"Ornamental Fan"},{"floor":46.0,"key":"Prayer Wheel"},{"floor":48.0,"key":"Ancient Tea Set"},{"floor":48.0,"key":"Du-Vu Doll"},{"floor":55,"key":"StrikeDummy"},{"floor":55,"key":"TungstenRod"}],"event_choices":[{"damage_healed":0.0,"max_hp_gain":0.0,"max_hp_loss":0.0,"gold_gain":0.0,"event_name":"Shining Light","player_choice":"Entered Light","floor":3.0,"gold_loss":0.0,"damage_taken":20.0,"cards_upgraded":["Defend_P","Consecrate"]},{"damage_healed":0.0,"max_hp_gain":0.0,"max_hp_loss":0.0,"gold_gain":50.0,"event_name":"Golden Shrine","player_choice":"Pray","floor":5.0,"gold_loss":0.0,"damage_taken":0.0},{"damage_healed":0.0,"max_hp_gain":0.0,"max_hp_loss":0.0,"gold_gain":0.0,"event_name":"Back to Basics","player_choice":"Simplicity","floor":19.0,"gold_loss":0.0,"damage_taken":0.0,"cards_upgraded":["Strike_P","Strike_P","Strike_P","Strike_P","Defend_P","Defend_P","Defend_P"]},{"damage_healed":0.0,"max_hp_gain":0.0,"max_hp_loss":0.0,"gold_gain":0.0,"event_name":"SensoryStone","player_choice":"Memory 3","floor":37.0,"gold_loss":0.0,"damage_taken":10.0},{"damage_healed":0.0,"max_hp_gain":0.0,"max_hp_loss":0.0,"gold_gain":0.0,"event_name":"Mysterious Sphere","player_choice":"Fight","floor":39.0,"gold_loss":0.0,"damage_taken":0.0}],"is_beta":false,"boss_relics":[{"not_picked":["Fusion Hammer","Pandora\u0027s Box"],"picked":"Black Star"},{"not_picked":["Snecko Eye","SlaversCollar"],"picked":"VioletLotus"}],"items_purged_floors":[54],"is_endless":false,"potions_floor_spawned":[1,8,12,14,16,18,21,28,35,39,40,45,46,47,48,55],"ascension_level":20}}