{"host":"i4yzoangb31cseo0","time":1611059662,"event":{"mods":["AchievementEnabler","BaseMod","Colored Powertips","Curses Come First","Downfall","Hermit","Minty Spire (QoL Compilation)","StSLib","The Cursed","The Necromancer","The Senshi"],"gold_per_floor":[115,125,138,157,169,202,219,219,219,219,252,14,42,53,53,148,148,168,186,186,106,106,106,56,72,97,97,130,145,145,162,162,263,263,280,280,280,295,295,295,309,54,80,380,380,397,397,397,397],"floor_reached":48,"language":"ENG","playtime":5072,"items_purged":["Death_March_Dance"],"score":577,"play_id":"a72b8c00-83f8-4d13-bd95-0c2a04801d5f","local_time":"20210119230422","is_ascension_mode":false,"campfire_choices":[{"floor":8.0,"key":"REST"},{"floor":15.0,"key":"REST"},{"floor":23.0,"key":"REST"},{"floor":27.0,"key":"REST"},{"floor":32,"key":"REST"},{"floor":45,"key":"REST"}],"circlet_count":0,"master_deck":["Strike_W","Strike_W","Defend_W","Defend_W","Defend_W","Defend_W","Negative_Energy_Arrows","Bone_Wall","Finger_Of_Death","Bone_Spikes","Corrupt","Uncharnel","Bone_Armor","Negative_Energy_Shield","Shade_Step","Skeleton_Dragon","Blood_Is_Power","Uncharnel","Bone_Shift","Epidemic","Summon_Undead+1","RitualDagger","Summon_Undead","Stop_Heart","Bone_Armor","Negative_Energy_Mist","Hellfire","Negative_Energy_Burst+1","Grasp_Heart","Madness","Madness","Bone_Armor","Exploit+1","Uncharnel","Bone_Armor+1","Trip"],"relics":["Vampire_Amulet","NeowsBlessing","Dream Catcher","Torii","Omamori","Du-Vu Doll","Gremlin Horn","Bottled Flame","Empty Cage","Nunchaku","Thread and Needle","Fusion Hammer","Strawberry","MealTicket"],"acts_visited":["Exordium","TheCity","TheBeyond"],"potions_floor_usage":[33,33,33,40,40,46,46,48],"damage_taken":[{"damage":0.0,"enemies":"Cultist","floor":1.0,"turns":1.0},{"damage":0.0,"enemies":"Jaw Worm","floor":2.0,"turns":1.0},{"damage":0.0,"enemies":"2 Louse","floor":3.0,"turns":1.0},{"damage":6.0,"enemies":"Large Slime","floor":4.0,"turns":6.0},{"damage":10.0,"enemies":"Lots of Slimes","floor":5.0,"turns":5.0},{"damage":38.0,"enemies":"Lagavulin","floor":6.0,"turns":8.0},{"damage":0.0,"enemies":"2 Fungi Beasts","floor":7.0,"turns":4.0},{"damage":24.0,"enemies":"Gremlin Nob","floor":11.0,"turns":8.0},{"damage":14.0,"enemies":"Lagavulin","floor":13.0,"turns":9.0},{"damage":11.0,"enemies":"Exordium Thugs","floor":14.0,"turns":5.0},{"damage":17.0,"enemies":"The Guardian","floor":16.0,"turns":12.0},{"damage":17.0,"enemies":"3 Byrds","floor":18.0,"turns":7.0},{"damage":26.0,"enemies":"Chosen","floor":19.0,"turns":7.0},{"damage":42.0,"enemies":"Centurion and Healer","floor":25.0,"turns":9.0},{"damage":61,"enemies":"Gremlin Leader","floor":28,"turns":11},{"damage":9,"enemies":"Sentry and Sphere","floor":29,"turns":4},{"damage":46,"enemies":"3 Cultists","floor":31,"turns":7},{"damage":63,"enemies":"Automaton","floor":33,"turns":11},{"damage":27,"enemies":"3 Shapes","floor":35,"turns":5},{"damage":41,"enemies":"3 Darklings","floor":38,"turns":8},{"damage":21,"enemies":"Reptomancer","floor":40,"turns":4},{"damage":23,"enemies":"Sphere and 2 Shapes","floor":41,"turns":5},{"damage":31,"enemies":"Writhing Mass","floor":46,"turns":7},{"damage":51,"enemies":"Transient","floor":48,"turns":5}],"seed_played":"289090988276949474","potions_obtained":[{"floor":1.0,"key":"PowerPotion"},{"floor":4.0,"key":"Ancient Potion"},{"floor":7.0,"key":"Block Potion"},{"floor":11.0,"key":"SkillPotion"},{"floor":13.0,"key":"EssenceOfSteel"},{"floor":19.0,"key":"Swift Potion"},{"floor":28,"key":"DuplicationPotion"},{"floor":29,"key":"GamblersBrew"},{"floor":31,"key":"Energy Potion"},{"floor":33,"key":"SmokeBomb"},{"floor":35,"key":"Fire Potion"},{"floor":46,"key":"DuplicationPotion"}],"is_trial":false,"path_per_floor":["M","M","M","M","M","E","M","R","T","?","E","$","E","M","R","B",null,"M","M","?","$","?","R","?","M","T","R","E","M","?","M","R","B",null,"M","?","T","M","?","E","M","$","T","?","R","M","?","M"],"character_chosen":"NECROMANCER","items_purchased":["Gremlin Horn","Summon_Undead","Uncharnel","AttackPotion","Weak Potion"],"campfire_rested":6,"item_purchase_floors":[12,21,42,42,42],"current_hp_per_floor":[75,75,75,73,73,37,41,63,63,56,34,34,22,15,37,22,75,64,40,34,34,34,56,56,39,39,61,29,24,85,45,70,13,85,77,66,73,43,43,28,11,11,11,11,38,36,36,0,0],"gold":397,"neow_bonus":"THREE_ENEMY_KILL","is_daily":false,"chose_seed":false,"campfire_upgraded":0,"win_rate":0.0,"timestamp":1611059662,"path_taken":["M","M","M","M","?","E","M","R","T","?","E","$","E","M","R","BOSS","M","M","?","$","?","R","?","?","T","R","E","M","?","M","R","BOSS","M","?","?","M","?","E","M","$","T","?","R","?","?","M"],"items_purchased_type":["Relic","Card","Card","Potion","Potion"],"build_version":"2020-12-22","purchased_purges":1,"victory":false,"max_hp_per_floor":[75,75,75,75,75,75,75,75,75,75,75,75,75,75,75,75,75,75,75,75,75,75,75,75,75,75,75,75,75,85,85,85,85,85,85,85,92,92,92,92,92,92,92,92,92,92,92,92,92],"card_choices":[{"not_picked":["Uncharnel","Toxic_Smoke_Screen"],"picked":"Finger_Of_Death","floor":1.0},{"not_picked":["Chill_Blood","Negative_Energy_Sphere"],"picked":"Bone_Spikes","floor":2.0},{"not_picked":["Deaths_Shadow","Flesh_Made_Foul"],"picked":"Corrupt","floor":3.0},{"not_picked":["Necromantic_Selection","Bones_to_Steel"],"picked":"Uncharnel","floor":4.0},{"not_picked":["Toxic_Smoke_Screen","Death_Coil"],"picked":"Bone_Armor","floor":5.0},{"not_picked":["Corrupt","Negative_Energy_Javelin"],"picked":"Negative_Energy_Shield","floor":6.0},{"not_picked":["Acid_Javelin","Blood_Curse"],"picked":"Shade_Step","floor":7.0},{"not_picked":["Chill_Blood","Death_Coil"],"picked":"Skeleton_Dragon","floor":8.0},{"not_picked":["Cloudkill","Deaths_Shadow"],"picked":"Death_March_Dance","floor":11.0},{"not_picked":["Consume_Illness","Negative_Energy_Burst"],"picked":"Blood_Is_Power","floor":13.0},{"not_picked":["Shackles_Of_Pain","Bones_to_Steel"],"picked":"Uncharnel","floor":14.0},{"not_picked":["Shackles_Of_Pain","Summon_Lich"],"picked":"Bone_Shift","floor":15.0},{"not_picked":["Blood_Wake","Summon_Vampire_Lady"],"picked":"Blood_Magic","floor":16.0},{"not_picked":["Whirlwind_of_Bones+1","Negative_Energy_Shield"],"picked":"Epidemic","floor":18.0},{"not_picked":["Blood_Whip","Bone_Shift"],"picked":"Summon_Undead+1","floor":19.0},{"not_picked":["Bones_to_Steel","Shade_Step"],"picked":"Stop_Heart","floor":23.0},{"not_picked":["Toxic_Smoke_Screen","Blood_Wake","Bone_Bullets"],"picked":"SKIP","floor":25.0},{"not_picked":["Blood_Is_Power","Chill_Blood"],"picked":"Bone_Armor","floor":27.0},{"not_picked":["Vampiric_Strike","Chill_Blood+1"],"picked":"Negative_Energy_Mist","floor":28},{"not_picked":["Summon_Lich","Flesh_Made_Foul+1"],"picked":"Hellfire","floor":29},{"not_picked":["Chill_Blood+1","Negative_Energy_Sphere"],"picked":"Negative_Energy_Burst+1","floor":31},{"not_picked":["Negative_Energy_Bomb","Blood_Magic"],"picked":"Grasp_Heart","floor":33},{"not_picked":["Vampiric_Strike","Negative_Energy_Sphere+1","Bone_Spikes"],"picked":"SKIP","floor":35},{"not_picked":["Pandemic","Toxic_Smoke_Screen"],"picked":"Bone_Armor","floor":38},{"not_picked":["Death_March_Dance","Flesh_Made_Foul"],"picked":"Exploit+1","floor":41},{"not_picked":["Consume_Illness","Death_March_Dance"],"picked":"Bone_Armor+1","floor":45},{"not_picked":["Negative_Energy_Bomb","Negative_Energy_Shield+1","Negative_Energy_Mist+1"],"picked":"SKIP","floor":46},{"not_picked":["Purity","Swift Strike"],"picked":"Trip","floor":47}],"player_experience":123022,"relics_obtained":[{"floor":6.0,"key":"Dream Catcher"},{"floor":9.0,"key":"Torii"},{"floor":11.0,"key":"Du-Vu Doll"},{"floor":13.0,"key":"Bottled Flame"},{"floor":26.0,"key":"Nunchaku"},{"floor":28,"key":"Thread and Needle"},{"floor":37,"key":"Strawberry"},{"floor":43,"key":"MealTicket"}],"event_choices":[{"damage_healed":0.0,"max_hp_gain":0.0,"max_hp_loss":0.0,"gold_gain":0.0,"event_name":"Scrap Ooze","player_choice":"Success","floor":10.0,"gold_loss":0.0,"damage_taken":7.0,"relics_obtained":["Omamori"]},{"damage_healed":0.0,"max_hp_gain":0.0,"max_hp_loss":0.0,"gold_gain":0.0,"event_name":"Nest","player_choice":"Joined the Cult","floor":20.0,"gold_loss":0.0,"damage_taken":6.0,"cards_obtained":["RitualDagger"]},{"damage_healed":0.0,"max_hp_gain":0.0,"max_hp_loss":0.0,"gold_gain":0.0,"event_name":"The Joust","player_choice":"Bet on Murderer","floor":24.0,"gold_loss":50.0,"damage_taken":0.0},{"cards_removed":["Blood_Magic"],"damage_healed":51,"gold_gain":0,"player_choice":"Offered Rare","damage_taken":0,"max_hp_gain":10,"max_hp_loss":0,"event_name":"Bonfire Elementals","floor":30,"gold_loss":0},{"damage_healed":0,"gold_gain":0,"player_choice":"Embrace Madness","damage_taken":11,"max_hp_gain":0,"max_hp_loss":0,"event_name":"Winding Halls","floor":36,"gold_loss":0,"cards_obtained":["Madness","Madness"]},{"damage_healed":0,"gold_gain":0,"player_choice":"Ignored","damage_taken":0,"max_hp_gain":0,"max_hp_loss":0,"event_name":"Tomb of Lord Red Mask","floor":39,"gold_loss":0},{"damage_healed":0,"gold_gain":300,"player_choice":"Gold","damage_taken":0,"max_hp_gain":0,"max_hp_loss":0,"event_name":"Wheel of Change","floor":44,"gold_loss":0},{"damage_healed":0,"gold_gain":0,"player_choice":"Memory 1","damage_taken":0,"max_hp_gain":0,"max_hp_loss":0,"event_name":"SensoryStone","floor":47,"gold_loss":0}],"is_beta":false,"boss_relics":[{"not_picked":["Sozu","bronze:MakeshiftBattery"],"picked":"Empty Cage"},{"not_picked":["Coffee Dripper","Runic Dome"],"picked":"Fusion Hammer"}],"items_purged_floors":[42],"is_endless":false,"potions_floor_spawned":[1,4,7,11,13,19,28,29,31,33,35,40,46],"killed_by":"Transient","ascension_level":0}}