{"host":"bw00wb7p5bw58om7","time":1611093704,"event":{"mods":["100% Spire Juice","Act Like it!","BaseMod","Better Third Choice","CapriCore","Chen","Downfall","Gensokyo","Koishi","KomeijiMod","Marisa????????","Minty Spire (QoL Compilation)","Onozuka Komachi Mod","Permanent Neow","Prisma Mod","Reimu??????","Remilia??????","StSLib","The Administrix","The Immortal","The Senshi","The Servant 0.9.4","Yakumo Yukari mod"],"gold_per_floor":[119,119,119,119,119,144,144,172,197,214,226,226,73,101,101],"floor_reached":14,"language":"ENG","playtime":979,"items_purged":[],"score":110,"play_id":"57504260-69d3-40ba-b94a-825c149e1e4d","local_time":"20210119220144","is_ascension_mode":true,"campfire_choices":[{"data":"Koishi:TerrifyingSpectre","floor":7,"key":"SMITH"},{"data":"Koishi:UnconsciousUprising","floor":12,"key":"SMITH"}],"circlet_count":0,"master_deck":["Koishi:BasicStrike","Koishi:BasicStrike","Koishi:BasicStrike","Koishi:BasicStrike","Koishi:BasicDefend","Koishi:BasicDefend","Koishi:BasicDefend","Koishi:BasicDefend","Koishi:Provoke","Koishi:HauntingSlash","Koishi:TerrifyingSpectre+1","Clumsy","Koishi:JumpScare","Koishi:Untouchable","Koishi:FidgetySnatcher","Koishi:UnconsciousUprising+1","Koishi:UnconsciousUprising+1","Koishi:HeartStoppingHorror"],"relics":["Koishi:ImaginaryFriend","Gensokyo:NagashiBinaDoll","Gensokyo:Justice","Koishi:AHoleWhereASisterShouldBe","Bronze Scales","Boot","DollysMirror","MawBank"],"acts_visited":["Gensokyo:Gensokyo"],"potions_floor_usage":[11],"damage_taken":[{"damage":4,"enemies":"Gensokyo:Gryphon","floor":1,"turns":6},{"damage":30,"enemies":"Gensokyo:Cirno","floor":6,"turns":5},{"damage":22,"enemies":"Gensokyo:Mamizou","floor":8,"turns":14},{"damage":3,"enemies":"Gensokyo:Python","floor":10,"turns":5},{"damage":0,"enemies":"Gensokyo:3_Fairies","floor":11,"turns":5},{"damage":11,"enemies":"Gensokyo:Aya","floor":14,"turns":8}],"seed_played":"-3524155954507185175","potions_obtained":[{"floor":1,"key":"GrandPatriotsElixir:ReiMu"},{"floor":6,"key":"BlessingOfTheForge"},{"floor":11,"key":"Dexterity Potion"}],"is_trial":false,"path_per_floor":["M","?","?","$","?","E","R","E","T","M","M","R","COS","E"],"character_chosen":"KOISHI","items_purchased":[],"campfire_rested":0,"item_purchase_floors":[],"current_hp_per_floor":[41,56,56,56,56,26,26,9,9,11,15,15,15,7,7],"gold":101,"neow_bonus":"THREE_RARE_CARDS","is_daily":false,"chose_seed":false,"campfire_upgraded":2,"win_rate":0.0,"timestamp":1611093704,"path_taken":["M","?","?","$","?","E","R","E","T","?","M","R","COS","E"],"items_purchased_type":[],"build_version":"2020-12-22","purchased_purges":0,"victory":false,"max_hp_per_floor":[60,60,60,60,60,60,60,60,60,60,60,60,60,60,60],"card_choices":[{"not_picked":["Koishi:ConfinedInnocent","Koishi:HeartStoppingHorror"],"picked":"Koishi:TerrifyingSpectre","floor":0},{"not_picked":["Koishi:EmbersOfLove","Koishi:BramblyRoseGarden"],"picked":"Koishi:DanmakuParanoia","floor":1},{"not_picked":["Koishi:TremblingHands","Koishi:BramblyRoseGarden"],"picked":"Koishi:JumpScare","floor":6},{"not_picked":["Koishi:Heartbroken","Koishi:Jaunt"],"picked":"Koishi:Untouchable","floor":8},{"not_picked":["Koishi:PhantomStrike","Koishi:EmbryosDream"],"picked":"Koishi:FidgetySnatcher","floor":10},{"not_picked":["Koishi:SuperEgo","Koishi:UnansweredLove"],"picked":"Koishi:UnconsciousUprising","floor":11},{"not_picked":["Koishi:GhostParty","Koishi:JumpScare"],"picked":"Koishi:HeartStoppingHorror","floor":14}],"player_experience":269016,"relics_obtained":[{"floor":6,"key":"Koishi:AHoleWhereASisterShouldBe"},{"floor":8,"key":"Bronze Scales"},{"floor":9,"key":"Boot"},{"floor":14,"key":"MawBank"}],"event_choices":[],"is_beta":false,"boss_relics":[],"items_purged_floors":[],"is_endless":false,"potions_floor_spawned":[1,6,11],"killed_by":"Gensokyo:Aya","ascension_level":1}}