{"host":"wj6vwlg8bkoql3lv","time":1611073354,"event":{"mods":["BaseMod","Colored Map","Friendly Minions","Hermit","Hubris","Infinite Spire","JesterMod","Jorbs\u0027s Wanderer Trilogy","Marisa????????","Minty Spire (QoL Compilation)","Replay The Spire","Shade Mod","StSLib","The Blue Laboratory","The Bug Knight","The Cursed","The Disciple","The Gatherer","The Hierophant","The Jungle","The Marked","The Mystic","The Runesmith","The Senshi","The Servant 0.9.4"],"gold_per_floor":[109,127,30,30,42,42,71,89,89,89,89,101,115,131,131,232,232,243,243,254,272,272,272],"floor_reached":22,"language":"ENG","playtime":3071,"items_purged":[],"score":190,"play_id":"a9601532-8da7-4967-b0bb-c4af465c1049","local_time":"20210119162234","is_ascension_mode":false,"campfire_choices":[{"data":"HollowMod:GrimmsGift","floor":6.0,"key":"SMITH"},{"data":"HollowMod:FocusHealStart","floor":11.0,"key":"SMITH"},{"data":"HollowMod:SiblingsSouls","floor":15,"key":"SMITH"}],"circlet_count":0,"master_deck":["HollowMod:NailStrikeStart","HollowMod:NailStrikeStart","HollowMod:NailStrikeStart","HollowMod:QuickDashStart","HollowMod:QuickDashStart","HollowMod:QuickDashStart","HollowMod:QuickDashStart","HollowMod:FocusHealStart+1","HollowMod:PogoStrike","HollowMod:GrimmsGift+1","HollowMod:CycloneSlash","HollowMod:SiblingsSouls+1","HollowMod:HowlingWraiths","HollowMod:GoodIntentions+1","HollowMod:SoulVessel","HollowMod:PerfectDash","HollowMod:Weaversong","HollowMod:BaldurShell","HollowMod:CycloneSlash","HollowMod:DashSlash","HollowMod:SlysStrikes","HollowMod:DoubleDash+1","HollowMod:RecoilStrike","HollowMod:PureNailStrike"],"relics":["HollowMod:VesselMask","Nunchaku","HornCleat","Runic Pyramid"],"acts_visited":["Exordium","TheCity"],"potions_floor_usage":[16],"damage_taken":[{"damage":13.0,"enemies":"infinitespire:Voidling","floor":1.0,"turns":5.0},{"damage":8.0,"enemies":"2 Louse","floor":2.0,"turns":3.0},{"damage":3.0,"enemies":"Cultist","floor":5.0,"turns":4.0},{"damage":14.0,"enemies":"Gremlin Nob","floor":7.0,"turns":5.0},{"damage":2.0,"enemies":"3 Louse","floor":8.0,"turns":2.0},{"damage":10.0,"enemies":"Gremlin Gang","floor":12.0,"turns":3.0},{"damage":11.0,"enemies":"Blue Slaver","floor":13.0,"turns":5.0},{"damage":8,"enemies":"Exordium Wildlife","floor":14,"turns":6},{"damage":63,"enemies":"The Guardian","floor":16,"turns":18},{"damage":22,"enemies":"Spheric Guardian","floor":18,"turns":7},{"damage":25,"enemies":"Shell Parasite","floor":20,"turns":8},{"damage":42,"enemies":"Snecko","floor":21,"turns":11},{"damage":16,"enemies":"Cultist and Chosen","floor":22,"turns":4}],"seed_played":"2512861427206471505","potions_obtained":[{"floor":1.0,"key":"blueLaboratory:BottleOfRum"},{"floor":2.0,"key":"blueLaboratory:PhilterOfMotion"},{"floor":5.0,"key":"blueLaboratory:BottleOfVodka"},{"floor":18,"key":"blueLaboratory:ImpenetrablePotion"}],"is_trial":false,"path_per_floor":["M","M","$","?","M","R","E","M","T","?","R","M","M","M","R","B",null,"M","?","M","M","M"],"character_chosen":"THE_BUGKNIGHT","items_purchased":["HollowMod:HowlingWraiths","HollowMod:GoodIntentions"],"campfire_rested":0,"item_purchase_floors":[3,3],"current_hp_per_floor":[75,67,67,67,70,70,62,60,60,60,60,50,49,51,51,12,75,56,61,42,6,0,0],"gold":272,"neow_bonus":"THREE_CARDS","is_daily":false,"chose_seed":false,"campfire_upgraded":3,"win_rate":0.0,"timestamp":1611073354,"path_taken":["M","?","$","?","M","R","E","M","T","?","R","?","M","M","R","BOSS","M","?","?","M","?"],"items_purchased_type":["Card","Card"],"build_version":"2020-12-22","purchased_purges":0,"victory":false,"max_hp_per_floor":[75,75,75,75,75,75,75,75,75,75,75,75,75,75,75,75,75,75,75,75,75,75,75],"card_choices":[{"not_picked":["HollowMod:SoulStrike","HollowMod:ShapeofUnn"],"picked":"HollowMod:GrimmsGift","floor":0.0},{"not_picked":["HollowMod:ChannelNail","HollowMod:VengefulVoid"],"picked":"HollowMod:CycloneSlash","floor":1.0},{"not_picked":["HollowMod:NewLittleFool","HollowMod:VengefulVoid"],"picked":"HollowMod:SiblingsSouls","floor":2.0},{"not_picked":["HollowMod:MawleksShell","HollowMod:DoubleDash"],"picked":"HollowMod:SoulVessel","floor":5.0},{"not_picked":["HollowMod:ChannelNail","HollowMod:ShapeofUnn"],"picked":"HollowMod:InfectedCysts","floor":7.0},{"not_picked":["HollowMod:FallenFury","HollowMod:ChannelNail"],"picked":"HollowMod:PerfectDash","floor":8.0},{"not_picked":["HollowMod:GoodIntentions","HollowMod:SharpenedShadows"],"picked":"HollowMod:BaldurShell","floor":12.0},{"not_picked":["HollowMod:DoubleDash","HollowMod:LifebloodCocoon"],"picked":"HollowMod:CycloneSlash","floor":13.0},{"not_picked":["HollowMod:SoulSplash","HollowMod:SoulStrike"],"picked":"HollowMod:DashSlash","floor":14},{"not_picked":["HollowMod:AwokenDreamNail","HollowMod:Weaversong"],"picked":"HollowMod:SlysStrikes","floor":16},{"not_picked":["HollowMod:WraithStrike","HollowMod:PerfectDash"],"picked":"HollowMod:DoubleDash+1","floor":18},{"not_picked":["HollowMod:WraithStrike+1","HollowMod:NewLittleFool+1"],"picked":"HollowMod:RecoilStrike","floor":20},{"not_picked":["HollowMod:AbyssShriek","HollowMod:VengefulVoid"],"picked":"HollowMod:PureNailStrike","floor":21}],"player_experience":80022,"relics_obtained":[{"floor":7.0,"key":"Nunchaku"},{"floor":9.0,"key":"HornCleat"}],"event_choices":[{"damage_healed":0.0,"max_hp_gain":0.0,"max_hp_loss":0.0,"gold_gain":0.0,"cards_transformed":["HollowMod:NailStrikeStart"],"event_name":"Transmorgrifier","player_choice":"Transformed","floor":10.0,"gold_loss":0.0,"damage_taken":0.0,"cards_obtained":["HollowMod:Weaversong"]},{"cards_removed":["HollowMod:InfectedCysts"],"damage_healed":5,"gold_gain":0,"player_choice":"Offered Common","damage_taken":0,"max_hp_gain":0,"max_hp_loss":0,"event_name":"Bonfire Elementals","floor":19,"gold_loss":0},{"cards_removed":["HollowMod:InfectedCysts"],"damage_healed":5,"gold_gain":0,"player_choice":"Offered Special","damage_taken":0,"max_hp_gain":0,"max_hp_loss":0,"event_name":"Bonfire Elementals","floor":19,"gold_loss":0}],"is_beta":false,"boss_relics":[{"not_picked":["Snecko Eye","Black Star"],"picked":"Runic Pyramid"}],"items_purged_floors":[],"is_endless":false,"potions_floor_spawned":[1,2,5,18],"killed_by":"Cultist and Chosen","ascension_level":0}}