{"host":"nbmmy2ys5j9alw05","time":1611060467,"event":{"mods":["AchievementEnabler","BaseMod","Bestiary","Better Vampires","Colored Map","Colored Powertips","Googly Eyes","Minty Spire (QoL Compilation)","Quick Restart","StSLib","The Hierophant","The IronCluck","everything is the same but u backflip on backflip"],"gold_per_floor":[118,132,151,2,16,45,45,64,64,64,81,116,128,151,163,175,175],"floor_reached":16,"language":"ENG","playtime":686,"items_purged":[],"score":190,"play_id":"9485d9a9-3fa2-4ca6-933c-8f29c827af61","local_time":"20210119044747","is_ascension_mode":true,"campfire_choices":[{"data":"Armaments","floor":10,"key":"SMITH"},{"data":"Wild Strike","floor":13,"key":"SMITH"},{"floor":15,"key":"REST"}],"circlet_count":0,"master_deck":["Strike_R","Strike_R","Strike_R","Strike_R","Strike_R","Defend_R","Defend_R","Defend_R","Defend_R","Bash","Pummel","Uppercut","Infernal Blade","Fiend Fire","Wild Strike+1","Battle Trance","Armaments+1","Power Through","Disarm","Carnage"],"relics":["Burning Blood","Vajra","Oddly Smooth Stone","MawBank"],"acts_visited":["Exordium"],"potions_floor_usage":[6,6,12,16],"damage_taken":[{"damage":6,"enemies":"Cultist","floor":1,"turns":3},{"damage":9,"enemies":"Jaw Worm","floor":2,"turns":3},{"damage":6,"enemies":"2 Louse","floor":3,"turns":3},{"damage":5,"enemies":"2 Fungi Beasts","floor":5,"turns":3},{"damage":32,"enemies":"Lagavulin","floor":6,"turns":6},{"damage":11,"enemies":"Blue Slaver","floor":8,"turns":3},{"damage":13,"enemies":"3 Louse","floor":11,"turns":4},{"damage":14,"enemies":"3 Sentries","floor":12,"turns":5},{"damage":2,"enemies":"Large Slime","floor":14,"turns":6},{"damage":52,"enemies":"The Guardian","floor":16,"turns":9}],"seed_played":"8890271273862185771","potions_obtained":[{"floor":1,"key":"Dexterity Potion"},{"floor":2,"key":"Fire Potion"},{"floor":8,"key":"Swift Potion"},{"floor":11,"key":"BlessingOfTheForge"},{"floor":12,"key":"DuplicationPotion"}],"is_trial":false,"path_per_floor":["M","M","M","$","M","E","$","M","T","R","M","E","R","M","R","B"],"character_chosen":"IRONCLAD","items_purchased":["Fiend Fire"],"campfire_rested":1,"item_purchase_floors":[4],"current_hp_per_floor":[67,64,64,64,65,39,39,34,34,34,27,19,19,23,51,0,0],"gold":175,"neow_bonus":"TWENTY_PERCENT_HP_BONUS","is_daily":false,"chose_seed":false,"campfire_upgraded":2,"win_rate":0.0,"timestamp":1611060467,"path_taken":["M","M","?","$","M","E","$","M","T","R","M","E","R","M","R","BOSS"],"items_purchased_type":["Card"],"build_version":"2020-12-22","purchased_purges":0,"victory":false,"max_hp_per_floor":[96,96,96,96,96,96,96,96,96,96,96,96,96,96,96,96,96],"card_choices":[{"not_picked":["Second Wind","Warcry"],"picked":"Pummel","floor":1},{"not_picked":["Twin Strike","Feel No Pain"],"picked":"Uppercut","floor":2},{"not_picked":["Thunderclap","Heavy Blade"],"picked":"Infernal Blade","floor":3},{"not_picked":["Sword Boomerang","Pommel Strike"],"picked":"Wild Strike","floor":5},{"not_picked":["Feed","Shrug It Off"],"picked":"Battle Trance","floor":6},{"not_picked":["Sentinel","Twin Strike"],"picked":"Armaments","floor":8},{"not_picked":["Anger","Second Wind"],"picked":"Power Through","floor":11},{"not_picked":["Dropkick","Infernal Blade"],"picked":"Disarm","floor":12},{"not_picked":["Blood for Blood","Flex"],"picked":"Carnage","floor":14}],"player_experience":472608,"relics_obtained":[{"floor":6,"key":"Vajra"},{"floor":9,"key":"Oddly Smooth Stone"},{"floor":12,"key":"MawBank"}],"event_choices":[],"is_beta":false,"boss_relics":[],"items_purged_floors":[],"is_endless":false,"potions_floor_spawned":[1,2,8,11,12],"killed_by":"The Guardian","ascension_level":9}}