{"host":"xh3brefae6wm9kl8","time":1611077428,"event":{"mods":["AchievementEnabler","BaseMod","GifTheSpireLib","Keyboard Shortcuts","Minty Spire (QoL Compilation)","Permanent Neow","Relic Stats","StSLib","SuperFastMode"],"gold_per_floor":[116,136,147,107,62,62,89,89,116,136,136,166,166,181,181,253,253,266,286,103,103,153,153,185,185,209,209,209,221,221,66,66,141,141,151,161,180,193,211,246,246,279,324,357,357,47,57,67,67,67,67],"floor_reached":52,"language":"KOR","playtime":2916,"items_purged":["Strike_G","Strike_G","Defend_G"],"score":2490,"play_id":"0b029c19-45d5-45cb-af89-5f74bc2f36d3","local_time":"20210120023028","is_ascension_mode":true,"campfire_choices":[{"data":"Prepared","floor":6.0,"key":"SMITH"},{"floor":8.0,"key":"REST"},{"data":"Eviscerate","floor":11.0,"key":"SMITH"},{"data":"Tactician","floor":13.0,"key":"SMITH"},{"data":"Calculated Gamble","floor":15.0,"key":"SMITH"},{"floor":23.0,"key":"REST"},{"data":"Reflex","floor":25.0,"key":"SMITH"},{"data":"Terror","floor":28.0,"key":"SMITH"},{"floor":30.0,"key":"REST"},{"data":"Acrobatics","floor":32.0,"key":"SMITH"},{"data":"Strike_G","floor":41.0,"key":"PURGE"},{"data":"Well Laid Plans","floor":49,"key":"SMITH"}],"circlet_count":0,"master_deck":["AscendersBane","Defend_G+1","Defend_G","Defend_G","Defend_G","Survivor","Neutralize+1","Eviscerate+1","Underhanded Strike","Prepared+1","Tactician+1","Calculated Gamble+1","Reflex+1","Terror+1","Acrobatics","PiercingWail+1","Acrobatics+1","After Image","Well Laid Plans+1"],"relics":["Ring of the Snake","Happy Flower","Bag of Preparation","Tiny Chest","SacredBark","TungstenRod","Boot","Singing Bowl","Empty Cage","Peace Pipe","The Courier","War Paint","Bottled Tornado"],"acts_visited":["Exordium","TheCity","TheBeyond"],"potions_floor_usage":[],"damage_taken":[{"damage":5.0,"enemies":"Cultist","floor":1.0,"turns":5.0},{"damage":12.0,"enemies":"Small Slimes","floor":2.0,"turns":5.0},{"damage":0.0,"enemies":"Jaw Worm","floor":3.0,"turns":4.0},{"damage":3.0,"enemies":"Looter","floor":4.0,"turns":4.0},{"damage":33.0,"enemies":"Lagavulin","floor":7.0,"turns":8.0},{"damage":0.0,"enemies":"Exordium Thugs","floor":10.0,"turns":5.0},{"damage":2.0,"enemies":"3 Sentries","floor":12.0,"turns":7.0},{"damage":0.0,"enemies":"2 Fungi Beasts","floor":14.0,"turns":1.0},{"damage":39.0,"enemies":"Hexaghost","floor":16.0,"turns":13.0},{"damage":0.0,"enemies":"3 Byrds","floor":18.0,"turns":2.0},{"damage":13.0,"enemies":"Shell Parasite","floor":19.0,"turns":4.0},{"damage":5.0,"enemies":"Slavers","floor":24.0,"turns":4.0},{"damage":18.0,"enemies":"Snecko","floor":29.0,"turns":5.0},{"damage":0.0,"enemies":"Collector","floor":33.0,"turns":2.0},{"damage":0.0,"enemies":"Orb Walker","floor":35.0,"turns":3.0},{"damage":0.0,"enemies":"3 Darklings","floor":36.0,"turns":1.0},{"damage":0.0,"enemies":"Writhing Mass","floor":37.0,"turns":3.0},{"damage":0.0,"enemies":"Sphere and 2 Shapes","floor":38.0,"turns":2.0},{"damage":0.0,"enemies":"Transient","floor":39.0,"turns":4.0},{"damage":0.0,"enemies":"Reptomancer","floor":40.0,"turns":2.0},{"damage":0.0,"enemies":"Giant Head","floor":42.0,"turns":1.0},{"damage":0,"enemies":"Reptomancer","floor":44,"turns":1},{"damage":0,"enemies":"Maw","floor":47,"turns":3},{"damage":0,"enemies":"Writhing Mass","floor":48,"turns":1},{"damage":0,"enemies":"Donu and Deca","floor":50,"turns":2},{"damage":0,"enemies":"Awakened One","floor":51,"turns":2}],"seed_played":"2348057325888467161","potions_obtained":[{"floor":1.0,"key":"Weak Potion"},{"floor":7.0,"key":"PowerPotion"},{"floor":12.0,"key":"FairyPotion"},{"floor":16.0,"key":"LiquidBronze"},{"floor":19.0,"key":"Explosive Potion"},{"floor":24.0,"key":"SmokeBomb"},{"floor":36.0,"key":"Swift Potion"},{"floor":40.0,"key":"SpeedPotion"},{"floor":42.0,"key":"DuplicationPotion"},{"floor":44,"key":"Dexterity Potion"},{"floor":48,"key":"GhostInAJar"}],"is_trial":false,"path_per_floor":["M","M","M","M","$","R","E","R","T","M","R","E","R","M","R","B",null,"M","M","$","?","?","R","E","R","T","T","R","M","R","$","R","B",null,"M","M","M","M","M","E","R","E","T","E","?","$","M","M","R","B","B",null],"character_chosen":"THE_SILENT","items_purchased":["Calculated Gamble","CultistPotion","Acrobatics","Bottled Tornado"],"campfire_rested":3,"item_purchase_floors":[5,20,31,46],"current_hp_per_floor":[54,42,42,39,39,39,6,25,25,25,25,23,23,23,23,3,50,50,37,37,19,19,40,35,35,35,35,35,19,40,40,40,40,65,67,67,69,71,73,75,75,77,77,79,79,79,81,83,83,83,83],"gold":67,"neow_bonus":"UPGRADE_CARD","is_daily":false,"chose_seed":false,"campfire_upgraded":8,"win_rate":0.0,"timestamp":1611077428,"path_taken":["M","M","?","M","$","R","E","R","T","M","R","E","R","?","R","BOSS","M","M","$","?","?","R","E","R","T","?","R","?","R","$","R","BOSS","M","M","M","M","M","E","R","E","T","E","?","$","M","M","R","BOSS","BOSS"],"items_purchased_type":["Card","Potion","Card","Relic"],"build_version":"2020-12-22","purchased_purges":3,"victory":true,"max_hp_per_floor":[66,66,66,66,66,66,66,66,66,66,66,66,66,66,66,66,66,66,66,66,71,71,71,71,71,71,71,71,73,73,73,73,73,73,75,75,77,79,81,83,83,85,85,87,87,87,89,91,91,91,91],"relic_stats":{"Peace Pipe":1,"Happy Flower":[22],"Singing Bowl":20,"counters":[26,94],"Tiny Chest":1,"Bag of Preparation":[42],"War Paint":["Defend_G","PiercingWail"],"Boot":[43],"obtain_stats":[{"Happy Flower":7,"Singing Bowl":27,"SacredBark":17,"The Courier":42,"Bag of Preparation":9,"War Paint":44,"Bottled Tornado":46,"Boot":26,"Empty Cage":34,"Peace Pipe":40,"Tiny Chest":12,"TungstenRod":24,"Ring of the Snake":0},{"Happy Flower":5,"Singing Bowl":12,"SacredBark":9,"The Courier":21,"Bag of Preparation":5,"War Paint":22,"Bottled Tornado":22,"Boot":12,"Empty Cage":14,"Peace Pipe":20,"Tiny Chest":7,"TungstenRod":12,"Ring of the Snake":0},{"Happy Flower":26,"Singing Bowl":62,"SacredBark":52,"The Courier":85,"Bag of Preparation":26,"War Paint":86,"Bottled Tornado":86,"Boot":62,"Empty Cage":69,"Peace Pipe":84,"Tiny Chest":38,"TungstenRod":62,"Ring of the Snake":0}],"TungstenRod":3,"Ring of the Snake":[52]},"card_choices":[{"not_picked":["Catalyst","Sucker Punch"],"picked":"Eviscerate","floor":1.0},{"not_picked":["Blur","Choke"],"picked":"Underhanded Strike","floor":2.0},{"not_picked":["Backflip","Slice"],"picked":"Prepared","floor":3.0},{"not_picked":["Crippling Poison","Poisoned Stab"],"picked":"Tactician","floor":4.0},{"not_picked":["Noxious Fumes","Heel Hook"],"picked":"Reflex","floor":7.0},{"not_picked":["Dagger Spray","Accuracy","Dodge and Roll"],"picked":"SKIP","floor":10.0},{"not_picked":["Venomology","Skewer","Riddle With Holes"],"picked":"SKIP","floor":12.0},{"not_picked":["Prepared","Outmaneuver"],"picked":"Terror","floor":14.0},{"not_picked":["Quick Slash","Outmaneuver"],"picked":"Acrobatics","floor":18.0},{"not_picked":["Flying Knee","Poisoned Stab"],"picked":"PiercingWail","floor":19.0},{"not_picked":["Quick Slash","Cloak And Dagger","Flying Knee"],"picked":"SKIP","floor":24.0},{"not_picked":["Poisoned Stab","Concentrate","Blur"],"picked":"Singing Bowl","floor":29.0},{"not_picked":["Venomology","Wraith Form v2"],"picked":"After Image","floor":33.0},{"not_picked":["Deadly Poison","Acrobatics","Underhanded Strike"],"picked":"Singing Bowl","floor":35.0},{"not_picked":["Underhanded Strike","PiercingWail+1"],"picked":"Well Laid Plans","floor":36.0},{"not_picked":["Distraction","Flying Knee","Outmaneuver+1"],"picked":"Singing Bowl","floor":37.0},{"not_picked":["Unload","Dodge and Roll","Infinite Blades"],"picked":"Singing Bowl","floor":38.0},{"not_picked":["Accuracy","Backflip","Outmaneuver"],"picked":"Singing Bowl","floor":39.0},{"not_picked":["Burst","Riddle With Holes","Dagger Spray"],"picked":"Singing Bowl","floor":40.0},{"not_picked":["Escape Plan","Infinite Blades","Backflip"],"picked":"Singing Bowl","floor":42.0},{"not_picked":["Flechettes","Leg Sweep","Dagger Throw"],"picked":"Singing Bowl","floor":44},{"not_picked":["Poisoned Stab","Bouncing Flask+1","Bullet Time"],"picked":"Singing Bowl","floor":47},{"not_picked":["Footwork+1","Bouncing Flask","Flying Knee+1"],"picked":"Singing Bowl","floor":48}],"player_experience":424808,"relics_obtained":[{"floor":7.0,"key":"Happy Flower"},{"floor":9.0,"key":"Bag of Preparation"},{"floor":12.0,"key":"Tiny Chest"},{"floor":24.0,"key":"TungstenRod"},{"floor":26.0,"key":"Boot"},{"floor":27.0,"key":"Singing Bowl"},{"floor":40.0,"key":"Peace Pipe"},{"floor":42.0,"key":"The Courier"},{"floor":44,"key":"War Paint"}],"event_choices":[{"damage_healed":0.0,"max_hp_gain":5.0,"max_hp_loss":0.0,"gold_gain":0.0,"event_name":"Forgotten Altar","player_choice":"Shed Blood","floor":21.0,"gold_loss":0.0,"damage_taken":23.0},{"damage_healed":0.0,"max_hp_gain":0.0,"max_hp_loss":0.0,"gold_gain":50.0,"event_name":"Nest","player_choice":"Stole From Cult","floor":22.0,"gold_loss":0.0,"damage_taken":0.0},{"damage_healed":0,"gold_gain":0,"player_choice":"Ignored","damage_taken":0,"max_hp_gain":0,"max_hp_loss":0,"event_name":"Tomb of Lord Red Mask","floor":45,"gold_loss":0}],"is_beta":false,"boss_relics":[{"not_picked":["Snecko Eye","Runic Dome"],"picked":"SacredBark"},{"not_picked":["Sozu","Fusion Hammer"],"picked":"Empty Cage"}],"items_purged_floors":[20,31,46],"is_endless":false,"potions_floor_spawned":[1,7,12,16,19,24,36,40,42,44,47,48],"ascension_level":20}}