{"host":"ik8ww1p4uabx5gam","time":1611017381,"event":{"mods":["Always Whale","Aspiration","BaseMod","Beaked The Cultist","Better Third Choice","BetterRewards","Colored Map","Colored Powertips","Conspire","Energized Spire","FetchMod","GifTheSpireLib","Hubris","Infinite Spire","Ironclad Rager","Jedi Mod","Minty Spire (QoL Compilation)","Random Character Button","Replay The Spire","Shop Mod","Spicy Shops","Spikes Relics","StSLib","Stuff the Spire","The Blue Laboratory","The Gatherer","Wandering Minibosses","??????REMEMod"],"gold_per_floor":[111,61,95,126,126,159,159,174,198,198,198,123,123,171,171,298,298,318,352,421,454,454],"floor_reached":21,"language":"ENG","playtime":965,"items_purged":["Strike_P"],"score":196,"play_id":"e089011d-292d-49ee-ae50-cf987f0252c5","local_time":"20210118184941","is_ascension_mode":true,"campfire_choices":[{"data":"Crow Ritual","floor":7,"key":"SMITH"},{"floor":13,"key":"REST"},{"data":"Scrawl","floor":13,"key":"SMITH"},{"data":"Pot Of Greed","floor":15,"key":"SMITH"}],"circlet_count":0,"master_deck":["Strike_P","Strike_P","Strike_P","Defend_P","Defend_P","Defend_P","Eruption","Vigilance","Crow Ritual+1","Flash of Steel","Consecrate","conspire:SpireCoStock","Replay:Cycle","Tantrum","Evaluate","Scrawl+1","Pot Of Greed+1","Pot Of Greed","Adrenaline"],"relics":["REME_ComplimentaryCards","Tiny Chest","Replay:Rubber Ducky","infinitespire:Magic Flask","Replay:M_StaffOfTheSnake","Grinning Jar","energizedSpire:BlackCloud","aspiration:StickyExplosives_weak"],"acts_visited":["Exordium","TheCity"],"potions_floor_usage":[6,14,21],"damage_taken":[{"damage":2,"enemies":"2 Louse","floor":1,"turns":3},{"damage":2,"enemies":"Small Slimes","floor":3,"turns":3},{"damage":2,"enemies":"Cultist","floor":4,"turns":6},{"damage":22,"enemies":"Gremlin Nob","floor":6,"turns":3},{"damage":1,"enemies":"2 Fungi Beasts","floor":8,"turns":2},{"damage":1,"enemies":"Replay:BlueRogue","floor":14,"turns":7},{"damage":33,"enemies":"The Guardian","floor":16,"turns":6},{"damage":0,"enemies":"conspire:FuzzyDice","floor":18,"turns":3},{"damage":35,"enemies":"Chosen","floor":19,"turns":6},{"damage":41,"enemies":"conspire:MimicChest","floor":21,"turns":5}],"seed_played":"4120042663905820663","potions_obtained":[{"floor":4,"key":"blueLaboratory:BubblePotion"},{"floor":6,"key":"blueLaboratory:PhilterOfMotion"},{"floor":8,"key":"EssenceOfSteel"},{"floor":14,"key":"blueLaboratory:StoneskinPotion"},{"floor":18,"key":"blueLaboratory:CorrosionFlask"}],"is_trial":false,"path_per_floor":["M","?","M","M","?","E","R","M","T","?","?","$","R","E","R","B",null,"M","M","T","?"],"character_chosen":"WATCHER","items_purchased":[],"campfire_rested":1,"item_purchase_floors":[],"current_hp_per_floor":[70,70,68,66,66,44,44,43,43,31,31,31,52,51,51,18,72,72,37,37,0,0],"gold":454,"neow_bonus":"RANDOM_COLORLESS","is_daily":false,"chose_seed":false,"campfire_upgraded":3,"win_rate":0.0,"timestamp":1611017381,"path_taken":["M","?","M","M","?","E","R","?","T","?","?","$","R","E","R","BOSS","M","M","?","?"],"items_purchased_type":[],"build_version":"2020-12-22","purchased_purges":1,"victory":false,"max_hp_per_floor":[72,72,72,72,72,72,72,72,72,72,72,72,72,72,72,72,72,72,72,72,72,72],"card_choices":[{"not_picked":["StuffTheSpire:PlasmaPunch","PanicButton"],"picked":"Flash of Steel","floor":0},{"not_picked":["BowlingBash","CarveReality"],"picked":"Consecrate","floor":1},{"not_picked":["ReachHeaven","ClearTheMind"],"picked":"Replay:Cycle","floor":3},{"not_picked":["Consecrate","Halt"],"picked":"Tantrum","floor":4},{"not_picked":["SignatureMove","Prostrate"],"picked":"Evaluate","floor":6},{"not_picked":["EmptyBody","CrushJoints"],"picked":"Scrawl","floor":8},{"not_picked":["ClearTheMind","Adaptation","Evaluate"],"picked":"SKIP","floor":14},{"not_picked":["DeusExMachina","Omniscience"],"picked":"Adrenaline","floor":16},{"not_picked":["SashWhip","Prostrate+1","EmptyFist+1"],"picked":"SKIP","floor":18},{"not_picked":["PathToVictory","CrushJoints","SashWhip"],"picked":"SKIP","floor":19}],"player_experience":1010385,"relics_obtained":[{"floor":6,"key":"Tiny Chest"},{"floor":9,"key":"Replay:Rubber Ducky"},{"floor":14,"key":"Grinning Jar"},{"floor":20,"key":"aspiration:StickyExplosives_weak"}],"event_choices":[{"damage_healed":0,"gold_gain":0,"player_choice":"Invest 1","damage_taken":0,"max_hp_gain":0,"max_hp_loss":0,"event_name":"conspire:Investor","floor":2,"gold_loss":0},{"cards_removed":["Defend_P"],"damage_healed":0,"gold_gain":0,"player_choice":"Purged","damage_taken":0,"max_hp_gain":0,"max_hp_loss":0,"event_name":"Purifier","floor":5,"gold_loss":0},{"damage_healed":0,"gold_gain":0,"player_choice":"Relic ","damage_taken":12,"max_hp_gain":0,"max_hp_loss":0,"event_name":"betterThird:BetterScrap","floor":10,"gold_loss":0,"cards_obtained":["Impervious"]}],"is_beta":false,"boss_relics":[{"not_picked":["energizedSpire:StickyHand","infinitespire:Cupcake"],"picked":"energizedSpire:BlackCloud"}],"items_purged_floors":[12],"is_endless":false,"potions_floor_spawned":[4,6,8,14,18],"killed_by":"conspire:MimicChest","ascension_level":1}}