{"host":"m1hsm1cztz438mir","time":1611033150,"event":{"mods":["100% Spire Juice","2.2 Compatiblity","AchievementEnabler","Act Like it!","Aspiration","BaseMod","Better Altar","Better Match","Better Sensory Stone","Better Skull","Better Third Choice","Colored Map","Curses Come First","Halation","HololiveMod","Minty Spire (QoL Compilation)","Permanent Neow","Relic Stats","Replay The Spire","Robot Space Explorer","Shop Mod","StSLib","[GremlinLeader]The Maniac"],"gold_per_floor":[119,15,26,37,48,83,83,111,136,16,51,71,109,119,119,216,96,79,94,105,65,11,11,11,11],"floor_reached":24,"language":"ENG","playtime":2220,"items_purged":[],"score":220,"play_id":"0f587d89-2a16-4c59-b5d1-402b77ad770c","local_time":"20210119051230","is_ascension_mode":false,"campfire_choices":[{"floor":7,"key":"REST"},{"data":"Moonworks:SakisCookie","floor":10,"key":"SMITH"},{"data":"Moonworks:Dash","floor":15,"key":"SMITH"},{"floor":23,"key":"REST"}],"circlet_count":0,"master_deck":["Moonworks:Strike","Moonworks:Strike","Moonworks:Strike","Moonworks:Strike","Moonworks:Defend","Moonworks:Defend","Moonworks:Defend","Moonworks:Defend","Moonworks:Ambush","Moonworks:LongDistanceShot","Moonworks:EvilSpyWorkPreparation","Moonworks:SakisCookie+1","Moonworks:EvilSpyWorkPreparation","Moonworks:RedAndBlue","Moonworks:SakisCookie","Moonworks:Bloodlust","Moonworks:LulusLuckyEgg","Moonworks:Dash+1","Moonworks:Dash","ReplayTheSpireMod:Splinters","Moonworks:DeployBits","Moonworks:DeployBits","Moonworks:LeapThroughSpace","Moonworks:SubspaceTunnel","Moonworks:RagingMadness+1","Moonworks:BigMagnum+1","Moonworks:LulusLuckyEgg+1","Moonworks:CompletionReward+1"],"relics":["Moonworks:BrokenBomb","Moonworks:Homemark","Peace Pipe","Akabeko","halation:QuantumPhysicsTextbook","aspiration:HiddenCompartment","Pear","halation:KoshaPiece","Hololive_Finger"],"acts_visited":["Exordium","TheCity"],"potions_floor_usage":[8,16],"damage_taken":[{"damage":1,"enemies":"Cultist","floor":1,"turns":3},{"damage":6,"enemies":"Jaw Worm","floor":2,"turns":4},{"damage":0,"enemies":"2 Louse","floor":3,"turns":2},{"damage":20,"enemies":"Gremlin Gang","floor":4,"turns":3},{"damage":0,"enemies":"3 Louse","floor":5,"turns":3},{"damage":26,"enemies":"Gremlin Nob","floor":6,"turns":4},{"damage":8,"enemies":"Lagavulin","floor":8,"turns":7},{"damage":20,"enemies":"3 Sentries","floor":11,"turns":4},{"damage":11,"enemies":"Exordium Thugs","floor":12,"turns":4},{"damage":2,"enemies":"Large Slime","floor":14,"turns":3},{"damage":20,"enemies":"Slime Boss","floor":16,"turns":5},{"damage":30,"enemies":"2 Thieves","floor":18,"turns":4},{"damage":32,"enemies":"Shell Parasite","floor":19,"turns":7},{"damage":20,"enemies":"Cultist and Chosen","floor":20,"turns":4},{"damage":53,"enemies":"Book of Stabbing","floor":24,"turns":5}],"seed_played":"6756176610042712742","potions_obtained":[{"floor":2,"key":"SkillPotion"},{"floor":6,"key":"SpeedPotion"},{"floor":11,"key":"SpeedPotion"},{"floor":13,"key":"Death Potion"},{"floor":18,"key":"SneckoOil"},{"floor":19,"key":"CultistPotion"}],"is_trial":false,"path_per_floor":["M","M","M","M","M","E","R","E","T","R","E","M","?","M","R","B",null,"M","M","M","?","$","R","E"],"character_chosen":"THE_STARBREAKER","items_purchased":["Moonworks:CompletionReward+1"],"campfire_rested":2,"item_purchase_floors":[22],"current_hp_per_floor":[53,47,49,29,29,5,21,27,27,27,34,32,32,30,30,23,64,43,20,15,15,15,34,0,0],"gold":11,"neow_bonus":"ONE_RARE_RELIC","is_daily":false,"chose_seed":false,"campfire_upgraded":2,"win_rate":0.0,"timestamp":1611033150,"path_taken":["M","M","M","M","?","E","R","E","T","R","E","M","?","?","R","BOSS","M","M","M","?","?","R","E"],"items_purchased_type":["Card"],"build_version":"2020-12-22","purchased_purges":0,"victory":false,"max_hp_per_floor":[54,54,54,54,54,54,54,54,54,54,64,64,64,64,64,64,64,64,64,64,64,64,64,64,64],"relic_stats":{"Peace Pipe":0,"counters":[15,62],"obtain_stats":[{"Peace Pipe":0,"Pear":11,"halation:QuantumPhysicsTextbook":8,"Moonworks:Homemark":0,"halation:KoshaPiece":13,"Hololive_Finger":17,"aspiration:HiddenCompartment":9,"Akabeko":6,"Moonworks:BrokenBomb":0},{"Peace Pipe":0,"Pear":8,"halation:QuantumPhysicsTextbook":7,"Moonworks:Homemark":0,"halation:KoshaPiece":9,"Hololive_Finger":11,"aspiration:HiddenCompartment":7,"Akabeko":6,"Moonworks:BrokenBomb":0},{"Peace Pipe":0,"Pear":30,"halation:QuantumPhysicsTextbook":26,"Moonworks:Homemark":0,"halation:KoshaPiece":34,"Hololive_Finger":42,"aspiration:HiddenCompartment":26,"Akabeko":19,"Moonworks:BrokenBomb":0}]},"card_choices":[{"not_picked":["Moonworks:ImOnFire","Moonworks:SelfDestruct"],"picked":"Moonworks:EvilSpyWorkPreparation","floor":1},{"not_picked":["Moonworks:UnpaidWork","Moonworks:CloudOfSeagulls"],"picked":"Moonworks:SakisCookie","floor":2},{"not_picked":["Moonworks:UnpaidWork","Moonworks:NicePresent"],"picked":"Moonworks:EvilSpyWorkPreparation","floor":3},{"not_picked":["Moonworks:SelfDestruct","Moonworks:ImOnFire"],"picked":"Moonworks:RedAndBlue","floor":4},{"not_picked":["Moonworks:LulusLuckyEgg","Moonworks:Assault"],"picked":"Moonworks:SakisCookie","floor":5},{"not_picked":["Moonworks:IndiscriminateFireSupport","Moonworks:Assault"],"picked":"Moonworks:Bloodlust","floor":6},{"not_picked":["Moonworks:SakisCookie","Moonworks:EvilMastermind"],"picked":"Moonworks:LulusLuckyEgg","floor":8},{"not_picked":["Moonworks:JonathanRush","Moonworks:FinalSurgery"],"picked":"Moonworks:Dash","floor":11},{"not_picked":["Moonworks:IndiscriminateFireSupport","Moonworks:LulusLuckyEgg"],"picked":"Moonworks:Dash","floor":12},{"not_picked":["Moonworks:SakisCookie","Moonworks:Assault"],"picked":"Moonworks:DeployBits","floor":13},{"not_picked":["Moonworks:BigMagnum","Moonworks:AngelHand"],"picked":"Moonworks:DeployBits","floor":13},{"not_picked":["Moonworks:x16BigRocket","Moonworks:DeployBits"],"picked":"Moonworks:LeapThroughSpace","floor":14},{"not_picked":["Moonworks:WeAreWaruda","Moonworks:RocketCannon"],"picked":"Moonworks:SubspaceTunnel","floor":16},{"not_picked":["Moonworks:LulusLuckyEgg","Moonworks:TreasureThief"],"picked":"Moonworks:RagingMadness+1","floor":18},{"not_picked":["Moonworks:ScrambledEve","Moonworks:JonathanRush+1"],"picked":"Moonworks:BigMagnum+1","floor":19},{"not_picked":["Moonworks:CloudOfSeagulls","Moonworks:SakisCookie"],"picked":"Moonworks:LulusLuckyEgg+1","floor":20}],"player_experience":273921,"relics_obtained":[{"floor":6,"key":"Akabeko"},{"floor":8,"key":"halation:QuantumPhysicsTextbook"},{"floor":9,"key":"aspiration:HiddenCompartment"},{"floor":11,"key":"Pear"},{"floor":13,"key":"halation:KoshaPiece"}],"event_choices":[{"damage_healed":0,"gold_gain":250,"player_choice":"Bet on Owner","damage_taken":0,"max_hp_gain":0,"max_hp_loss":0,"event_name":"The Joust","floor":21,"gold_loss":50}],"is_beta":false,"boss_relics":[{"not_picked":["Tiny House","Replay:Wanted Poster"],"picked":"Hololive_Finger"}],"items_purged_floors":[],"is_endless":false,"potions_floor_spawned":[2,6,11,18,19],"killed_by":"Book of Stabbing","ascension_level":0}}