{"host":"kpyf5rnb72uwap8k","time":1611070399,"event":{"mods":["AchievementEnabler","BaseMod","Colored Map","Colored Powertips","DeckTracker","Minty Spire (QoL Compilation)","Permanent Neow","Quick Restart","StSLib","SuperFastMode"],"gold_per_floor":[112,86,86,98,98,132,111,146,146,146,71,71,71,87,87,189,189,202,202,221,221,235,235,247,262,262,281,210,210,210,224,224,224,224],"floor_reached":33,"language":"KOR","playtime":9459,"items_purged":["Defend_R"],"score":336,"play_id":"88c203e0-2129-4dc9-a51f-6bcf70e94beb","local_time":"20210120003319","is_ascension_mode":true,"campfire_choices":[{"data":"True Grit","floor":10.0,"key":"SMITH"},{"data":"Perfected Strike","floor":12.0,"key":"SMITH"},{"data":"Bash","floor":15,"key":"SMITH"},{"data":"Double Tap","floor":23,"key":"SMITH"},{"data":"Armaments","floor":29,"key":"SMITH"},{"floor":32,"key":"REST"}],"circlet_count":0,"master_deck":["Strike_R+1","Strike_R+1","Strike_R+1","Strike_R+1","Strike_R+1","Defend_R+1","Defend_R+1","Defend_R+1","Bash+1","Wild Strike","True Grit+1","Perfected Strike+1","Sentinel","Shrug It Off","Double Tap+1","Ghostly Armor","Armaments+1"],"relics":["Burning Blood","NeowsBlessing","FossilizedHelix","Sundial","WingedGreaves","Velvet Choker","MutagenicStrength","The Courier","Pear"],"acts_visited":["TheCity"],"potions_floor_usage":[16,16,33,33,33],"damage_taken":[{"damage":0.0,"enemies":"Cultist","floor":1.0,"turns":1.0},{"damage":0.0,"enemies":"2 Louse","floor":4.0,"turns":1.0},{"damage":0.0,"enemies":"3 Sentries","floor":6.0,"turns":2.0},{"damage":0.0,"enemies":"Gremlin Nob","floor":8.0,"turns":4.0},{"damage":0,"enemies":"Small Slimes","floor":14,"turns":3},{"damage":51,"enemies":"Hexaghost","floor":16,"turns":11},{"damage":19,"enemies":"3 Byrds","floor":18,"turns":6},{"damage":3,"enemies":"2 Thieves","floor":20,"turns":3},{"damage":8,"enemies":"Snake Plant","floor":22,"turns":2},{"damage":24,"enemies":"Sentry and Sphere","floor":24,"turns":7},{"damage":0,"enemies":"Chosen and Byrds","floor":25,"turns":4},{"damage":8,"enemies":"Snake Plant","floor":27,"turns":3},{"damage":15,"enemies":"3 Cultists","floor":31,"turns":7},{"damage":101,"enemies":"Automaton","floor":33,"turns":12}],"seed_played":"-7237482204828630882","potions_obtained":[{"floor":4.0,"key":"EssenceOfSteel"},{"floor":6.0,"key":"BloodPotion"},{"floor":14,"key":"LiquidMemories"},{"floor":16,"key":"AttackPotion"},{"floor":20,"key":"SneckoOil"}],"is_trial":false,"path_per_floor":["M","$","?","M","?","E","?","E","T","R","$","R","$","M","R","B",null,"M","?","M","?","M","R","M","M","T","M","$","R","?","M","R","B"],"character_chosen":"IRONCLAD","items_purchased":["True Grit","Ghostly Armor","Armaments"],"campfire_rested":1,"item_purchase_floors":[2,28,28],"current_hp_per_floor":[80,80,80,80,64,70,70,76,76,76,76,76,76,80,80,35,80,67,67,70,70,68,68,50,56,56,54,54,54,64,55,82,0,0],"gold":224,"neow_bonus":"THREE_ENEMY_KILL","is_daily":false,"chose_seed":false,"campfire_upgraded":5,"win_rate":0.0,"timestamp":1611070399,"path_taken":["M","?","?","M","?","E","?","E","T","R","$","R","$","M","R","BOSS","M","?","M","?","M","R","M","M","T","M","$","R","?","M","R","BOSS"],"items_purchased_type":["Card","Card","Card"],"build_version":"2020-12-22","purchased_purges":1,"victory":false,"max_hp_per_floor":[80,80,80,80,80,80,80,80,80,80,80,80,80,80,80,80,80,80,80,80,80,80,80,80,80,80,80,80,80,90,90,90,90,90],"card_choices":[{"not_picked":["Body Slam","Heavy Blade"],"picked":"Wild Strike","floor":1.0},{"not_picked":["Pummel","Headbutt"],"picked":"Perfected Strike","floor":4.0},{"not_picked":["Body Slam","Dark Embrace"],"picked":"Sentinel","floor":6.0},{"not_picked":["Sword Boomerang","Shockwave"],"picked":"Shrug It Off","floor":8.0},{"not_picked":["Hemokinesis","Sentinel","Body Slam"],"picked":"SKIP","floor":14},{"not_picked":["Corruption","Fiend Fire"],"picked":"Double Tap","floor":16},{"not_picked":["Clothesline+1","Headbutt","Body Slam"],"picked":"SKIP","floor":18},{"not_picked":["Havoc","Sentinel+1","Anger"],"picked":"SKIP","floor":20},{"not_picked":["Rampage+1","Rage","Inflame+1"],"picked":"SKIP","floor":22},{"not_picked":["Reckless Charge","Body Slam","Clash"],"picked":"SKIP","floor":24},{"not_picked":["Clash+1","Body Slam","Fire Breathing+1"],"picked":"SKIP","floor":25},{"not_picked":["Dropkick+1","Flex","Dark Embrace"],"picked":"SKIP","floor":27},{"not_picked":["Dropkick","Sword Boomerang+1","Body Slam"],"picked":"SKIP","floor":31}],"player_experience":154680,"relics_obtained":[{"floor":6.0,"key":"FossilizedHelix"},{"floor":8.0,"key":"Sundial"},{"floor":9.0,"key":"WingedGreaves"},{"floor":26,"key":"The Courier"}],"event_choices":[{"damage_healed":0.0,"max_hp_gain":0.0,"max_hp_loss":0.0,"gold_gain":0.0,"event_name":"Liars Game","player_choice":"Ignored","floor":3.0,"gold_loss":0.0,"damage_taken":0.0},{"damage_healed":0.0,"max_hp_gain":0.0,"max_hp_loss":0.0,"gold_gain":0.0,"event_name":"Shining Light","player_choice":"Entered Light","floor":5.0,"gold_loss":0.0,"damage_taken":16.0,"cards_upgraded":["Strike_R","Defend_R"]},{"damage_healed":0.0,"max_hp_gain":0.0,"max_hp_loss":0.0,"gold_gain":0.0,"event_name":"World of Goop","player_choice":"Left Gold","floor":7.0,"gold_loss":21.0,"damage_taken":0.0},{"damage_healed":0,"gold_gain":0,"player_choice":"Simplicity","damage_taken":0,"max_hp_gain":0,"max_hp_loss":0,"event_name":"Back to Basics","floor":19,"gold_loss":0,"cards_upgraded":["Strike_R","Strike_R","Strike_R","Strike_R","Defend_R","Defend_R"]},{"damage_healed":0,"gold_gain":0,"player_choice":"Inject Mutagens","damage_taken":0,"relics_obtained":["MutagenicStrength"],"max_hp_gain":0,"max_hp_loss":0,"event_name":"Drug Dealer","floor":21,"gold_loss":0},{"damage_healed":0,"gold_gain":0,"player_choice":"Opened","damage_taken":0,"relics_obtained":["Pear"],"max_hp_gain":0,"max_hp_loss":0,"event_name":"The Mausoleum","floor":30,"gold_loss":0}],"is_beta":false,"boss_relics":[{"not_picked":["Runic Cube","Runic Pyramid"],"picked":"Velvet Choker"}],"items_purged_floors":[11],"is_endless":false,"potions_floor_spawned":[4,6,14,16,20,22,31],"killed_by":"Automaton","ascension_level":2}}