{"host":"nzq3d31h1j2g5t95","time":1611014812,"event":{"mods":["BaseMod","Hubris","Minty Spire (QoL Compilation)","Replay The Spire","StSLib","[IsaacMod]ÒÔÈö¼âËþ"],"gold_per_floor":[119,194,194,208,208,242,242,302,328,328,355,355,371,391,391,521,521,541,551,551,551,106,106,106],"floor_reached":23,"language":"ZHS","playtime":840,"items_purged":["Voices"],"score":336,"play_id":"4fc2be45-2fa8-4d60-8b57-1e618f66240a","local_time":"20210119080652","is_ascension_mode":true,"campfire_choices":[{"data":"BettingIsNotGood","floor":7.0,"key":"SMITH"},{"data":"Bash","floor":10.0,"key":"SMITH"},{"data":"Replay:Undeath\u0027s Touch","floor":12.0,"key":"SMITH"},{"data":"Replay:Undeath\u0027s Touch","floor":15.0,"key":"SMITH"}],"circlet_count":0,"master_deck":["Strike_R","Strike_R","Strike_R","Strike_R","Defend_R","Defend_R","Defend_R","Defend_R","Bash+1","BettingIsNotGood+1","Shrug It Off","ReplayTheSpireMod:Stacked","Second Wind","Battle Trance","Replay:Undeath\u0027s Touch+1","Replay:Undeath\u0027s Touch","Replay:Undeath\u0027s Touch+1","Demonic Infusion+1","Abandon+1","Fiend Fire","Burning Pact+1"],"relics":["Burning Blood","HushsDoor","NeowsBlessing","YumHeart","hubris:Towel","Bag of Preparation","Replay:Wax Seal","Red Skull","Toxic Egg 2","Ring of Chaos","ReplayFunnel","Blue Doll","Chemical X","Replay:Baseball"],"acts_visited":["Exordium","TheCity"],"potions_floor_usage":[],"damage_taken":[{"damage":3.0,"enemies":"2 Louse","floor":1.0,"turns":1.0},{"damage":0.0,"enemies":"Cultist","floor":4.0,"turns":1.0},{"damage":0.0,"enemies":"Lagavulin","floor":6.0,"turns":2.0},{"damage":53.0,"enemies":"Gremlin Nob","floor":8.0,"turns":5.0},{"damage":23.0,"enemies":"Lagavulin","floor":11.0,"turns":5.0},{"damage":0.0,"enemies":"Jaw Worm","floor":13.0,"turns":2.0},{"damage":0.0,"enemies":"Exordium Thugs","floor":14.0,"turns":1.0},{"damage":41.0,"enemies":"Fading Forest","floor":16.0,"turns":11.0},{"damage":16.0,"enemies":"Spheric Guardian","floor":18.0,"turns":4.0},{"damage":43,"enemies":"2 Thieves","floor":19,"turns":5},{"damage":15,"enemies":"Slavers","floor":23,"turns":1}],"seed_played":"3053913895753650614","potions_obtained":[{"floor":1.0,"key":"FearPotion"},{"floor":4.0,"key":"LifebloodPotion"},{"floor":8.0,"key":"SpeedPotion"},{"floor":18.0,"key":"Venom Potion"}],"is_trial":false,"path_per_floor":["M","?","?","M","?","E","R","E","T","R","E","R","M","M","R","B",null,"M","M","?","?","$","E"],"character_chosen":"IRONCLAD","items_purchased":["Chemical X","Replay:Baseball","Burning Pact+1"],"campfire_rested":0,"item_purchase_floors":[22,22,22],"current_hp_per_floor":[75,60,53,59,59,70,70,48,48,48,41,41,47,53,53,28,67,67,30,15,15,15,0,0],"gold":106,"neow_bonus":"THREE_ENEMY_KILL","is_daily":false,"chose_seed":false,"campfire_upgraded":4,"win_rate":0.0,"timestamp":1611014812,"path_taken":["M","?","?","M","?","E","R","E","T","R","E","R","M","?","R","BOSS","M","M","?","?","$","E"],"items_purchased_type":["Relic","Relic","Card"],"build_version":"2020-12-22","purchased_purges":1,"victory":false,"max_hp_per_floor":[80,80,80,80,80,80,80,80,80,80,80,80,80,80,80,80,80,80,80,80,80,80,80,80],"card_choices":[{"not_picked":[],"picked":"BettingIsNotGood","floor":0.0},{"not_picked":["hubris:ReadiedAction","Twin Strike"],"picked":"Shrug It Off","floor":1.0},{"not_picked":["True Grit","Havoc"],"picked":"ReplayTheSpireMod:Stacked","floor":4.0},{"not_picked":["Evolve","Heavy Blade"],"picked":"Second Wind","floor":6.0},{"not_picked":["Corruption","Anger"],"picked":"Battle Trance","floor":8.0},{"not_picked":["Hemogenesis","Armaments+1"],"picked":"Replay:Undeath\u0027s Touch","floor":11.0},{"not_picked":["Carnage","Body Slam"],"picked":"Replay:Undeath\u0027s Touch","floor":13.0},{"not_picked":["Havoc+1","Thunderclap"],"picked":"Replay:Undeath\u0027s Touch","floor":14.0},{"not_picked":["Replay:Many Hands+1","Demon Form"],"picked":"Demonic Infusion+1","floor":16.0},{"not_picked":["Run Through","Clash"],"picked":"Abandon+1","floor":18.0},{"not_picked":["Infernal Blade+1","Havoc+1"],"picked":"Fiend Fire","floor":19}],"player_experience":151612,"relics_obtained":[{"floor":6.0,"key":"Bag of Preparation"},{"floor":8.0,"key":"Replay:Wax Seal"},{"floor":9.0,"key":"Red Skull"},{"floor":11.0,"key":"Toxic Egg 2"}],"event_choices":[{"cards_removed":["Strike_R"],"damage_healed":0.0,"max_hp_gain":0.0,"max_hp_loss":0.0,"gold_gain":0.0,"event_name":"Golden Wing","player_choice":"Card Removal","floor":3.0,"gold_loss":0.0,"damage_taken":7.0}],"is_beta":false,"boss_relics":[{"not_picked":["Runic Dome","Sozu"],"picked":"Ring of Chaos"},{"not_picked":[]}],"items_purged_floors":[22],"is_endless":false,"potions_floor_spawned":[1,4,6,8,18],"killed_by":"Slavers","ascension_level":9}}