{"host":"iphsb0ccnjx0pfn6","time":1611044173,"event":{"mods":["2.2 Compatiblity","AchievementEnabler","BaseMod","Colored Map","DeckTracker","Keyboard Shortcuts","Minty Spire (QoL Compilation)","Permanent Neow","Quick Restart","Relic Stats","StSLib","SuperFastMode","Uncapped","everything is the same but u backflip on backflip"],"gold_per_floor":[110,110,122,122,140,165,165,165,165,165,184,202,202,217,217,292,292,292,342,104,124,140,140,169,169,169],"floor_reached":25,"language":"KOR","playtime":614,"items_purged":["Strike_G"],"score":446,"play_id":"41a92ab7-5b3c-4d68-b7a6-0483054d1db0","local_time":"20210119171613","is_ascension_mode":true,"campfire_choices":[{"floor":7.0,"key":"REST"},{"data":"Crippling Poison","floor":10.0,"key":"SMITH"},{"floor":15.0,"key":"REST"},{"data":"Acrobatics","floor":23.0,"key":"SMITH"}],"circlet_count":0,"master_deck":["AscendersBane","Strike_G","Strike_G","Defend_G","Defend_G+1","Defend_G+1","Defend_G","Defend_G+1","Survivor","Neutralize","Crippling Poison+1","Dagger Spray","Poisoned Stab","Bane","Grand Finale","Deflect","Reflex+1","Adrenaline","Acrobatics+1"],"relics":["Runic Pyramid","Tough Bandages","Snake Skull","StoneCalendar","Runic Dome","War Paint","Lantern"],"acts_visited":["Exordium","TheCity"],"potions_floor_usage":[],"damage_taken":[{"damage":0.0,"enemies":"Jaw Worm","floor":1.0,"turns":6.0},{"damage":0.0,"enemies":"2 Louse","floor":3.0,"turns":4.0},{"damage":0.0,"enemies":"Cultist","floor":5.0,"turns":4.0},{"damage":48.0,"enemies":"3 Sentries","floor":6.0,"turns":16.0},{"damage":0.0,"enemies":"Looter","floor":11.0,"turns":3.0},{"damage":14.0,"enemies":"Lots of Slimes","floor":12.0,"turns":3.0},{"damage":0.0,"enemies":"Exordium Wildlife","floor":14.0,"turns":4.0},{"damage":17.0,"enemies":"Slime Boss","floor":16.0,"turns":6.0},{"damage":0.0,"enemies":"2 Thieves","floor":18.0,"turns":1.0},{"damage":0.0,"enemies":"Chosen","floor":21.0,"turns":5.0},{"damage":17.0,"enemies":"Snake Plant","floor":22.0,"turns":5.0},{"damage":34.0,"enemies":"Slavers","floor":24.0,"turns":6.0},{"damage":5,"enemies":"Centurion and Healer","floor":25,"turns":2}],"seed_played":"6772752816279534035","potions_obtained":[{"floor":1.0,"key":"FairyPotion"},{"floor":11.0,"key":"SteroidPotion"},{"floor":14.0,"key":"LiquidMemories"},{"floor":16.0,"key":"SmokeBomb"},{"floor":21.0,"key":"Strength Potion"}],"is_trial":false,"path_per_floor":["M","?","M","?","M","E","R","?","T","R","M","M","?","M","R","B",null,"M","?","$","M","M","R","E","M"],"character_chosen":"THE_SILENT","items_purchased":["War Paint"],"campfire_rested":2,"item_purchase_floors":[20],"current_hp_per_floor":[59,52,52,32,32,9,28,23,23,23,23,9,9,9,28,11,52,52,52,52,52,35,35,1,0,0],"gold":169,"neow_bonus":"BOSS_RELIC","is_daily":false,"chose_seed":false,"campfire_upgraded":2,"win_rate":0.0,"timestamp":1611044173,"path_taken":["M","?","M","?","M","E","R","?","T","R","M","M","?","?","R","BOSS","M","?","$","M","?","R","E","M"],"items_purchased_type":["Relic"],"build_version":"2020-12-22","purchased_purges":1,"victory":false,"max_hp_per_floor":[66,66,66,66,66,66,66,66,66,66,66,66,66,66,66,66,66,66,66,66,66,66,66,66,66,66],"relic_stats":{"Tough Bandages":[33],"counters":[13,65],"StoneCalendar":[0],"Snake Skull":[21],"War Paint":["Defend_G","Reflex"],"obtain_stats":[{"Runic Dome":17,"Tough Bandages":6,"Lantern":24,"StoneCalendar":9,"Snake Skull":8,"War Paint":20,"Ring of the Snake":0,"Runic Pyramid":0},{"Runic Dome":8,"Tough Bandages":4,"Lantern":12,"StoneCalendar":4,"Snake Skull":4,"War Paint":9,"Ring of the Snake":0,"Runic Pyramid":0},{"Runic Dome":46,"Tough Bandages":30,"Lantern":63,"StoneCalendar":30,"Snake Skull":30,"War Paint":47,"Ring of the Snake":0,"Runic Pyramid":0}]},"card_choices":[{"not_picked":["Escape Plan","Deadly Poison"],"picked":"Crippling Poison","floor":1.0},{"not_picked":["Bane","Skewer"],"picked":"Dagger Spray","floor":3.0},{"not_picked":["Deflect","Infinite Blades"],"picked":"Poisoned Stab","floor":5.0},{"not_picked":["Underhanded Strike","Dagger Spray"],"picked":"Bane","floor":6.0},{"not_picked":["Flying Knee","Dagger Throw"],"picked":"Grand Finale","floor":11.0},{"not_picked":["Endless Agony","Predator","Flying Knee"],"picked":"SKIP","floor":12.0},{"not_picked":["Endless Agony","Poisoned Stab"],"picked":"Reflex","floor":14.0},{"not_picked":["Bullet Time","Burst"],"picked":"Adrenaline","floor":16.0},{"not_picked":["Noxious Fumes+1","Poisoned Stab","Blade Dance"],"picked":"SKIP","floor":21.0},{"not_picked":["Bane","Blade Dance"],"picked":"Acrobatics","floor":22.0},{"not_picked":["Poisoned Stab","Underhanded Strike","Heel Hook"],"picked":"SKIP","floor":24.0}],"player_experience":1264939,"relics_obtained":[{"floor":6.0,"key":"Tough Bandages"},{"floor":9.0,"key":"StoneCalendar"},{"floor":24.0,"key":"Lantern"}],"event_choices":[{"cards_removed":["Strike_G"],"damage_healed":0.0,"max_hp_gain":0.0,"max_hp_loss":0.0,"gold_gain":0.0,"event_name":"Golden Wing","player_choice":"Card Removal","floor":2.0,"gold_loss":0.0,"damage_taken":7.0},{"damage_healed":0.0,"max_hp_gain":0.0,"max_hp_loss":0.0,"gold_gain":0.0,"event_name":"Shining Light","player_choice":"Entered Light","floor":4.0,"gold_loss":0.0,"damage_taken":20.0,"cards_upgraded":["Defend_G","Defend_G"]},{"damage_healed":0.0,"max_hp_gain":0.0,"max_hp_loss":0.0,"gold_gain":0.0,"event_name":"Scrap Ooze","player_choice":"Success","floor":8.0,"gold_loss":0.0,"damage_taken":5.0,"relics_obtained":["Snake Skull"]},{"damage_healed":0.0,"max_hp_gain":0.0,"max_hp_loss":0.0,"gold_gain":0.0,"cards_transformed":["Strike_G"],"event_name":"Transmorgrifier","player_choice":"Transformed","floor":13.0,"gold_loss":0.0,"damage_taken":0.0,"cards_obtained":["Deflect"]},{"damage_healed":0.0,"max_hp_gain":0.0,"max_hp_loss":0.0,"gold_gain":100.0,"event_name":"The Joust","player_choice":"Bet on Murderer","floor":19.0,"gold_loss":50.0,"damage_taken":0.0}],"is_beta":false,"boss_relics":[{"not_picked":["Velvet Choker","WristBlade"],"picked":"Runic Dome"}],"items_purged_floors":[20],"is_endless":false,"potions_floor_spawned":[1,11,14,16,18,21],"killed_by":"Centurion and Healer","ascension_level":20}}