{"host":"8d3fefv2347kqkpz","time":1611025142,"event":{"mods":["100% Spire Juice","AchievementEnabler","Act Like it!","Aspiration","BaseMod","Better Vampires","Colored Map","Colored Powertips","Conspire","GifTheSpireLib","Highlight Path","Mimic Mod","Minty Spire (QoL Compilation)","Quick Restart","Reimu£®≤©¿ˆ¡È√Œ£©","Relic Stats","Remilia£®¿Ÿ√◊¿Ú—«£©","Replay The Spire","Spicy Shops","StSLib","The Gatherer","The Jungle","The Senshi","The Servant 0.9.4","Waifu the Spire","vexMod"],"gold_per_floor":[119,79,79,108,146,165,165,9,35,35,53,53,83,94,94,190,190,203,219,230,230,20,20,20,20,20,20,31,31,31,47,47,147,147,164,175,225,225,235,235,235,235],"floor_reached":41,"language":"ZHS","playtime":1795,"items_purged":["Strike_B","Strike_B"],"score":416,"play_id":"2f8d36fe-8c51-49f0-aaef-99e90b69cb6a","local_time":"20210119105902","is_ascension_mode":false,"campfire_choices":[{"data":"Echo Form","floor":7.0,"key":"SMITH"},{"data":"Conserve Battery","floor":12.0,"key":"SMITH"},{"floor":15.0,"key":"REST"},{"floor":24,"key":"REST"},{"data":"Reprogram","floor":27,"key":"SMITH"},{"data":"Heavy Blade","floor":29,"key":"SMITH"},{"floor":32,"key":"REST"},{"data":"Reprogram","floor":40,"key":"SMITH"}],"circlet_count":0,"master_deck":["Strike_B","Defend_B","Defend_B","Defend_B","Zap","Dualcast","ReplayTheSpireMod:Muscle Training","Echo Form+1","Gash","Conserve Battery+1","Echo Form","Hologram+1","Reprogram+1","Heavy Blade+1","Fission","Reprogram+1"],"relics":["Cracked Core","aspiration:Nostalgia","m_ScarletBlood","PaintedHorse:ReiMu","ScarletDevilRocket","Mango","Happy Flower","Bird Faced Urn","aspiration:SeaSaltIceCream","aspiration:Nostalgia","ScarletHat","Bottled Tornado","Nuclear Battery","Prayer Wheel"],"acts_visited":["Exordium","TheCity","TheBeyond"],"potions_floor_usage":[23,33],"damage_taken":[{"damage":5.0,"enemies":"2 Louse","floor":1.0,"turns":3.0},{"damage":8.0,"enemies":"conspire:MimicChest","floor":4.0,"turns":5.0},{"damage":2.0,"enemies":"Small Slimes","floor":6.0,"turns":3.0},{"damage":7.0,"enemies":"Jaw Worm","floor":11.0,"turns":3.0},{"damage":10.0,"enemies":"Lagavulin","floor":13.0,"turns":7.0},{"damage":1.0,"enemies":"3 Louse","floor":14.0,"turns":3.0},{"damage":39.0,"enemies":"Hexaghost","floor":16.0,"turns":11.0},{"damage":19.0,"enemies":"3 Byrds","floor":18.0,"turns":6.0},{"damage":18.0,"enemies":"Shell Parasite","floor":19.0,"turns":6.0},{"damage":29.0,"enemies":"Sentry and Sphere","floor":20.0,"turns":8.0},{"damage":0,"enemies":"Cultist and Chosen","floor":23,"turns":1},{"damage":2,"enemies":"Shelled Parasite and Fungi","floor":28,"turns":12},{"damage":5,"enemies":"Centurion and Healer","floor":31,"turns":7},{"damage":27,"enemies":"Collector","floor":33,"turns":10},{"damage":9,"enemies":"3 Darklings","floor":35,"turns":6},{"damage":2,"enemies":"Orb Walker","floor":36,"turns":3},{"damage":1,"enemies":"Mind Bloom Boss Battle","floor":37,"turns":4},{"damage":23,"enemies":"Transient","floor":39,"turns":5},{"damage":80,"enemies":"4 Shapes","floor":41,"turns":3}],"seed_played":"1044447499582694280","potions_obtained":[{"floor":4.0,"key":"BlessingOfTheForge"},{"floor":6.0,"key":"SmokeBomb"},{"floor":11.0,"key":"Weak Potion"},{"floor":31,"key":"Venom Potion"},{"floor":37,"key":"SkillPotion"}],"is_trial":false,"path_per_floor":["M","?","?","?","?","M","R","$","T","?","M","R","E","M","R","B",null,"M","M","M","?","$","M","R","$","T","R","M","R","?","M","R","B",null,"M","M","?","?","M","R","M"],"character_chosen":"DEFECT","items_purchased":["Gash","Reprogram"],"campfire_rested":3,"item_purchase_floors":[8,22],"current_hp_per_floor":[70,70,63,55,69,67,67,67,67,60,55,55,47,46,72,35,89,72,60,33,42,42,42,68,68,68,68,68,68,68,65,89,66,89,84,87,89,89,70,70,0,0],"gold":235,"neow_bonus":"NOSTALGIA","is_daily":false,"chose_seed":false,"campfire_upgraded":5,"win_rate":0.0,"timestamp":1611025142,"path_taken":["M","?","?","?","?","M","R","$","T","?","M","R","E","M","R","BOSS","M","M","M","?","$","M","R","?","T","R","M","R","?","M","R","BOSS","M","M","?","?","M","R","M"],"items_purchased_type":["Card","Card"],"build_version":"2020-12-22","purchased_purges":2,"victory":false,"max_hp_per_floor":[75,75,75,75,89,89,89,89,89,89,89,89,89,89,89,89,89,89,89,89,89,89,89,89,89,89,89,89,89,89,89,89,89,89,89,89,89,89,89,89,89,89],"relic_stats":{"Happy Flower":[31],"counters":[19,106],"Bird Faced Urn":[46],"Prayer Wheel":1,"obtain_stats":[{"ScarletDevilRocket":4,"Happy Flower":9,"aspiration:Nostalgia":0,"Mango":5,"aspiration:SeaSaltIceCream":13,"Bottled Tornado":26,"ScarletHat":13,"Nuclear Battery":34,"m_ScarletBlood":0,"PaintedHorse:ReiMu":2,"Bird Faced Urn":10,"Prayer Wheel":37,"Cracked Core":0},{"ScarletDevilRocket":2,"Happy Flower":3,"aspiration:Nostalgia":0,"Mango":2,"aspiration:SeaSaltIceCream":5,"Bottled Tornado":11,"ScarletHat":5,"Nuclear Battery":14,"m_ScarletBlood":0,"PaintedHorse:ReiMu":1,"Bird Faced Urn":3,"Prayer Wheel":17,"Cracked Core":0},{"ScarletDevilRocket":8,"Happy Flower":11,"aspiration:Nostalgia":0,"Mango":8,"aspiration:SeaSaltIceCream":21,"Bottled Tornado":56,"ScarletHat":21,"Nuclear Battery":85,"m_ScarletBlood":0,"PaintedHorse:ReiMu":3,"Bird Faced Urn":11,"Prayer Wheel":98,"Cracked Core":0}]},"card_choices":[{"not_picked":["Beam Cell","Force Field","Fusion"],"picked":"SKIP","floor":1.0},{"not_picked":["ReplaySort","Beam Cell"],"picked":"ReplayTheSpireMod:Muscle Training","floor":5.0},{"not_picked":["Recycle","Static Discharge"],"picked":"Echo Form","floor":6.0},{"not_picked":["Fusion","Redo"],"picked":"Conserve Battery","floor":11.0},{"not_picked":["Cold Snap","Panic Button","Compile Driver"],"picked":"SKIP","floor":13.0},{"not_picked":["Compile Driver","Lockon","Flex"],"picked":"SKIP","floor":14.0},{"not_picked":["Fission","ReplayRNGCard"],"picked":"Echo Form","floor":16.0},{"not_picked":["Go for the Eyes","ReplayTheSpireMod:Repulse+1","ReplayTheSpireMod:Calculation Training"],"picked":"SKIP","floor":18.0},{"not_picked":["Leap","Steam+1"],"picked":"Hologram+1","floor":19.0},{"not_picked":["Panic Button","BasicCrystalCard","Defragment+1"],"picked":"SKIP","floor":20.0},{"not_picked":["Streamline","Defragment+1"],"picked":"Heavy Blade","floor":28},{"not_picked":["Streamline","Rebound","Darkness+1"],"picked":"SKIP","floor":31},{"not_picked":["Double Tap","Rainbow"],"picked":"Fission","floor":33},{"not_picked":["Go for the Eyes+1","Rebound+1","Stack"],"picked":"SKIP","floor":35},{"not_picked":["Stack+1","Redo","Chaos"],"picked":"SKIP","floor":36},{"not_picked":["Tempest","Ball Lightning+1"],"picked":"Reprogram","floor":39},{"not_picked":["Streamline","Rebound+1","ReplayTheSpireMod:Reroute Power+1"],"picked":"SKIP","floor":39}],"player_experience":118662,"relics_obtained":[{"floor":4.0,"key":"ScarletDevilRocket"},{"floor":5.0,"key":"Mango"},{"floor":9.0,"key":"Happy Flower"},{"floor":13.0,"key":"aspiration:SeaSaltIceCream"},{"floor":26,"key":"Bottled Tornado"},{"floor":37,"key":"Prayer Wheel"}],"event_choices":[{"damage_healed":0.0,"max_hp_gain":0.0,"max_hp_loss":0.0,"gold_gain":0.0,"event_name":"yidonshenshe","player_choice":"»˚«Æ","floor":2.0,"gold_loss":40.0,"damage_taken":0.0,"relics_obtained":["PaintedHorse:ReiMu"]},{"cards_removed":["Strike_B"],"damage_healed":0.0,"max_hp_gain":0.0,"max_hp_loss":0.0,"gold_gain":0.0,"event_name":"Golden Wing","player_choice":"Card Removal","floor":3.0,"gold_loss":0.0,"damage_taken":7.0},{"damage_healed":0.0,"max_hp_gain":0.0,"max_hp_loss":0.0,"gold_gain":0.0,"event_name":"Scrap Ooze","player_choice":"Success","floor":10.0,"gold_loss":0.0,"damage_taken":7.0,"relics_obtained":["Bird Faced Urn"]},{"damage_healed":0,"gold_gain":0,"player_choice":"Fight","damage_taken":0,"max_hp_gain":0,"max_hp_loss":0,"event_name":"MindBloom","floor":37,"gold_loss":0},{"cards_removed":["Defend_B"],"damage_healed":0,"gold_gain":0,"player_choice":"Removed Skill","damage_taken":0,"max_hp_gain":0,"max_hp_loss":0,"event_name":"Falling","floor":38,"gold_loss":0}],"is_beta":false,"boss_relics":[{"not_picked":["ChewingGum","Ring of Chaos","Replay:Wanted Poster"]},{"not_picked":["aspiration:SecretTechniqueScroll","Fusion Hammer"],"picked":"Nuclear Battery"}],"items_purged_floors":[8,22],"is_endless":false,"potions_floor_spawned":[4,6,11,16,23,31,37],"killed_by":"4 Shapes","ascension_level":0}}