{"host":"tjq6rykv202u6iqx","time":1611087229,"event":{"mods":["AchievementEnabler","BaseMod","Minty Spire (QoL Compilation)","Rare Cards Sparkle","Relic Stats"],"gold_per_floor":[114,129,11,11,22,52,52,52,52,67,93,93,119,135,135,135,135],"floor_reached":16,"language":"ENG","playtime":1058,"items_purged":["Shame"],"score":340,"play_id":"89fef680-b59d-48db-8bec-d8c20bb1e1c0","local_time":"20210119141349","is_ascension_mode":true,"campfire_choices":[{"data":"Eruption","floor":7.0,"key":"SMITH"},{"floor":15.0,"key":"DIG"}],"circlet_count":0,"master_deck":["AscendersBane","Strike_P+1","Strike_P","Strike_P","Strike_P+1","Defend_P","Defend_P","Defend_P+1","Defend_P+1","Eruption+1","Vigilance+1","BowlingBash","FlurryOfBlows","BattleHymn","LessonLearned+1","EmptyMind+1","Meditate+1","DeusExMachina+1","FearNoEvil","ForeignInfluence+1"],"relics":["PureWater","Shovel","Matryoshka","Blue Candle","Whetstone","Toxic Egg 2","War Paint","Akabeko","Boot"],"acts_visited":["Exordium"],"potions_floor_usage":[],"damage_taken":[{"damage":4.0,"enemies":"Jaw Worm","floor":1.0,"turns":4.0},{"damage":15.0,"enemies":"Small Slimes","floor":2.0,"turns":6.0},{"damage":3.0,"enemies":"2 Louse","floor":5.0,"turns":3.0},{"damage":0.0,"enemies":"Gremlin Nob","floor":6.0,"turns":2.0},{"damage":1.0,"enemies":"Looter","floor":10.0,"turns":2.0},{"damage":0.0,"enemies":"Lagavulin","floor":11.0,"turns":3.0},{"damage":13.0,"enemies":"Gremlin Nob","floor":13.0,"turns":3.0},{"damage":0.0,"enemies":"3 Louse","floor":14.0,"turns":3.0},{"damage":28,"enemies":"Hexaghost","floor":16,"turns":7}],"seed_played":"439580614934631664","potions_obtained":[{"floor":2.0,"key":"SteroidPotion"},{"floor":5.0,"key":"SneckoOil"},{"floor":10.0,"key":"PowerPotion"}],"is_trial":false,"path_per_floor":["M","M","$","?","M","E","R","?","T","M","E","?","E","M","R","B"],"character_chosen":"WATCHER","items_purchased":["BattleHymn"],"campfire_rested":0,"item_purchase_floors":[3],"current_hp_per_floor":[57,42,42,37,34,34,34,34,34,33,33,38,25,25,25,0,0],"gold":135,"neow_bonus":"ONE_RARE_RELIC","is_daily":false,"chose_seed":false,"campfire_upgraded":1,"win_rate":0.0,"timestamp":1611087229,"path_taken":["M","M","$","?","M","E","R","?","T","M","E","?","E","M","R","BOSS"],"items_purchased_type":["Card"],"build_version":"2020-12-22","purchased_purges":1,"victory":false,"max_hp_per_floor":[68,68,68,68,68,68,68,68,68,68,68,73,73,73,73,73,73],"relic_stats":{"Shovel":1,"counters":[9,33],"Blue Candle":[0],"Whetstone":["LessonLearned","Strike_P"],"War Paint":["Defend_P","Defend_P"],"Boot":[6],"obtain_stats":[{"Shovel":0,"Matryoshka":4,"Blue Candle":6,"Whetstone":9,"PureWater":0,"Toxic Egg 2":9,"War Paint":11,"Boot":15,"Akabeko":13},{"Shovel":0,"Matryoshka":2,"Blue Candle":4,"Whetstone":4,"PureWater":0,"Toxic Egg 2":4,"War Paint":6,"Boot":8,"Akabeko":7},{"Shovel":0,"Matryoshka":10,"Blue Candle":15,"Whetstone":15,"PureWater":0,"Toxic Egg 2":15,"War Paint":20,"Boot":26,"Akabeko":23}]},"card_choices":[{"not_picked":["Worship","CutThroughFate"],"picked":"BowlingBash","floor":1.0},{"not_picked":["Wireheading","EmptyMind"],"picked":"FlurryOfBlows","floor":2.0},{"not_picked":["FlurryOfBlows","Consecrate"],"picked":"LessonLearned","floor":5.0},{"not_picked":["Consecrate","CrushJoints"],"picked":"EmptyMind","floor":6.0},{"not_picked":["BowlingBash","Crescendo+1"],"picked":"Meditate+1","floor":10.0},{"not_picked":["MasterReality","Protect+1"],"picked":"DeusExMachina+1","floor":11.0},{"not_picked":["Fasting2","JustLucky"],"picked":"FearNoEvil","floor":13.0},{"not_picked":["Weave","EmptyBody+1"],"picked":"ForeignInfluence+1","floor":14.0}],"player_experience":838106,"relics_obtained":[{"floor":6.0,"key":"Blue Candle"},{"floor":9.0,"key":"Whetstone"},{"floor":9.0,"key":"Toxic Egg 2"},{"floor":11.0,"key":"War Paint"},{"floor":13.0,"key":"Akabeko"},{"floor":15.0,"key":"Boot"}],"event_choices":[{"damage_healed":0.0,"max_hp_gain":0.0,"max_hp_loss":0.0,"gold_gain":0.0,"event_name":"Scrap Ooze","player_choice":"Success","floor":4.0,"gold_loss":0.0,"damage_taken":5.0,"relics_obtained":["Matryoshka"]},{"damage_healed":0.0,"max_hp_gain":0.0,"max_hp_loss":0.0,"gold_gain":0.0,"event_name":"Shining Light","player_choice":"Ignored","floor":8.0,"gold_loss":0.0,"damage_taken":0.0},{"damage_healed":0.0,"max_hp_gain":5.0,"max_hp_loss":0.0,"gold_gain":0.0,"event_name":"Big Fish","player_choice":"Donut","floor":12.0,"gold_loss":0.0,"damage_taken":0.0}],"is_beta":false,"boss_relics":[],"items_purged_floors":[3],"is_endless":false,"potions_floor_spawned":[2,5,10],"killed_by":"Hexaghost","ascension_level":20}}