{"host":"l5xpox9cbdko122s","time":1611063071,"event":{"mods":["BaseMod","Minty Spire (QoL Compilation)"],"gold_per_floor":[99,99,17,17,17,17,17,17,17,17,17,17,17,17,17,17,17,17,17,17,17,17,17,17,17,17,17,17,17,17,17,17,17,17],"floor_reached":33,"language":"ENG","playtime":1769,"items_purged":[],"score":377,"play_id":"994dfe64-9ca5-4add-9cc2-57422532ae30","local_time":"20210119083111","is_ascension_mode":false,"campfire_choices":[{"floor":7,"key":"RECALL"},{"floor":15,"key":"REST"},{"data":"Fasting2","floor":23,"key":"SMITH"},{"floor":25,"key":"REST"},{"floor":32,"key":"REST"}],"circlet_count":0,"master_deck":["Strike_P","Strike_P","Strike_P","Strike_P+1","Defend_P","Defend_P","Defend_P","Eruption+1","Vigilance","Fasting2+1","EmptyFist","Halt","Establishment"],"relics":["Ectoplasm","Whetstone","Oddly Smooth Stone","Mango","Potion Belt","Busted Crown","Bottled Flame","Vajra"],"acts_visited":["Exordium","TheCity"],"potions_floor_usage":[1,6,18,24,24,28,33],"damage_taken":[{"damage":0,"enemies":"2 Louse","floor":1,"turns":3},{"damage":7,"enemies":"Small Slimes","floor":4,"turns":2},{"damage":16,"enemies":"3 Sentries","floor":6,"turns":8},{"damage":0,"enemies":"Lagavulin","floor":10,"turns":6},{"damage":0,"enemies":"Cultist","floor":11,"turns":1},{"damage":17,"enemies":"Exordium Thugs","floor":12,"turns":4},{"damage":0,"enemies":"2 Fungi Beasts","floor":14,"turns":3},{"damage":0,"enemies":"Slime Boss","floor":16,"turns":9},{"damage":0,"enemies":"3 Byrds","floor":18,"turns":5},{"damage":0,"enemies":"Chosen","floor":20,"turns":4},{"damage":12,"enemies":"Centurion and Healer","floor":21,"turns":4},{"damage":24,"enemies":"Snake Plant","floor":22,"turns":5},{"damage":21,"enemies":"3 Cultists","floor":24,"turns":5},{"damage":29,"enemies":"Slavers","floor":28,"turns":8},{"damage":22,"enemies":"Shelled Parasite and Fungi","floor":30,"turns":7},{"damage":42,"enemies":"Automaton","floor":33,"turns":6}],"seed_played":"7837375414452889270","potions_obtained":[{"floor":1,"key":"Fruit Juice"},{"floor":4,"key":"Dexterity Potion"},{"floor":16,"key":"Explosive Potion"},{"floor":20,"key":"CultistPotion"},{"floor":22,"key":"LiquidBronze"},{"floor":24,"key":"Energy Potion"},{"floor":28,"key":"LiquidBronze"}],"is_trial":false,"path_per_floor":["M","?","$","M","$","E","R","?","T","E","M","M","T","M","R","B",null,"M","?","M","M","M","R","M","R","T","$","E","?","M","?","R","B"],"character_chosen":"WATCHER","items_purchased":["Fasting2"],"campfire_rested":3,"item_purchase_floors":[3],"current_hp_per_floor":[77,70,70,63,63,47,47,47,47,61,61,44,44,44,71,71,91,91,91,91,79,55,55,34,61,61,61,32,32,10,10,37,0,0],"gold":17,"neow_bonus":"BOSS_RELIC","is_daily":false,"chose_seed":false,"campfire_upgraded":1,"win_rate":0.0,"timestamp":1611063071,"path_taken":["M","?","$","M","$","E","R","?","T","E","?","M","?","M","R","BOSS","M","?","?","M","M","R","M","R","T","$","E","?","M","?","R","BOSS"],"items_purchased_type":["Card"],"build_version":"2020-12-22","purchased_purges":0,"victory":false,"max_hp_per_floor":[77,77,77,77,77,77,77,77,77,91,91,91,91,91,91,91,91,91,91,91,91,91,91,91,91,91,91,91,91,91,91,91,91,91],"card_choices":[{"not_picked":["DeceiveReality","Meditate","Consecrate"],"picked":"SKIP","floor":1},{"not_picked":["Worship","JustLucky"],"picked":"FollowUp","floor":4},{"not_picked":["JustLucky","Prostrate"],"picked":"EmptyFist","floor":6},{"not_picked":["DeceiveReality","ClearTheMind","Conclude"],"picked":"SKIP","floor":10},{"not_picked":["FlyingSleeves","Crescendo","Pray"],"picked":"SKIP","floor":11},{"not_picked":["EmptyFist","Swivel"],"picked":"Halt","floor":12},{"not_picked":["Protect","EmptyFist","Prostrate"],"picked":"SKIP","floor":14},{"not_picked":["Wish","DevaForm"],"picked":"Establishment","floor":16},{"not_picked":["WheelKick"],"picked":"SKIP","floor":18},{"not_picked":["ThirdEye+1"],"picked":"SKIP","floor":20},{"not_picked":["Prostrate"],"picked":"SKIP","floor":21},{"not_picked":["Halt"],"picked":"SKIP","floor":22},{"not_picked":["DeceiveReality"],"picked":"SKIP","floor":24},{"not_picked":["ClearTheMind+1"],"picked":"SKIP","floor":28},{"not_picked":["Halt"],"picked":"SKIP","floor":30}],"player_experience":125658,"relics_obtained":[{"floor":6,"key":"Whetstone"},{"floor":10,"key":"Mango"},{"floor":13,"key":"Potion Belt"},{"floor":26,"key":"Bottled Flame"},{"floor":28,"key":"Vajra"}],"event_choices":[{"cards_removed":["Defend_P"],"damage_healed":0,"gold_gain":0,"player_choice":"Card Removal","damage_taken":7,"max_hp_gain":0,"max_hp_loss":0,"event_name":"Golden Wing","floor":2,"gold_loss":0},{"cards_removed":["FollowUp"],"damage_healed":0,"gold_gain":0,"player_choice":"Gave Card","damage_taken":0,"relics_obtained":["Oddly Smooth Stone"],"max_hp_gain":0,"max_hp_loss":0,"event_name":"WeMeetAgain","floor":8,"gold_loss":0},{"damage_healed":0,"gold_gain":0,"player_choice":"Cursed","damage_taken":0,"max_hp_gain":0,"max_hp_loss":0,"event_name":"Wheel of Change","floor":19,"gold_loss":0,"cards_obtained":["Decay"]},{"damage_healed":0,"gold_gain":99,"player_choice":"Stole From Cult","damage_taken":0,"max_hp_gain":0,"max_hp_loss":0,"event_name":"Nest","floor":29,"gold_loss":0},{"cards_removed":["Decay"],"damage_healed":0,"gold_gain":0,"player_choice":"Elegance","damage_taken":0,"max_hp_gain":0,"max_hp_loss":0,"event_name":"Back to Basics","floor":31,"gold_loss":0}],"is_beta":false,"boss_relics":[{"not_picked":["Runic Dome","Sozu"],"picked":"Busted Crown"}],"items_purged_floors":[],"is_endless":false,"potions_floor_spawned":[1,4,16,20,22,24,28],"killed_by":"Automaton","ascension_level":0}}