{"host":"swphzoo6hmc78epl","time":1611025790,"event":{"mods":["BaseMod","Highlight Path","Minty Spire (QoL Compilation)","Quick Restart"],"gold_per_floor":[101,20,38,72,347,362,362,374,67,67,67,78,78,93,109,109,109,109],"floor_reached":16,"language":"ENG","playtime":893,"items_purged":["Regret"],"score":101,"play_id":"3f79333a-2cc1-41fc-b86c-ca6d250ae2d6","local_time":"20210118220950","is_ascension_mode":true,"campfire_choices":[{"data":"Magnetism","floor":6,"key":"SMITH"},{"data":"Rebound","floor":12,"key":"SMITH"},{"data":"Coolheaded","floor":15,"key":"SMITH"}],"circlet_count":0,"master_deck":["Strike_B","Strike_B","Strike_B","Strike_B","Defend_B","Defend_B","Defend_B","Defend_B","Zap","Dualcast","Magnetism+1","Compile Driver","Defragment","Rebound+1","Consume","Coolheaded+1","Echo Form","Injury","Static Discharge","Gash","Go for the Eyes","Heatsinks"],"relics":["Cracked Core","DataDisk","Kunai"],"acts_visited":["Exordium"],"potions_floor_usage":[11,14,16],"damage_taken":[{"damage":7,"enemies":"2 Louse","floor":1,"turns":3},{"damage":1,"enemies":"Cultist","floor":2,"turns":4},{"damage":12,"enemies":"Small Slimes","floor":3,"turns":4},{"damage":13,"enemies":"Red Slaver","floor":5,"turns":3},{"damage":13,"enemies":"2 Fungi Beasts","floor":7,"turns":4},{"damage":13,"enemies":"Exordium Wildlife","floor":11,"turns":4},{"damage":6,"enemies":"Large Slime","floor":13,"turns":5},{"damage":0,"enemies":"Red Slaver","floor":14,"turns":4},{"damage":31,"enemies":"Slime Boss","floor":16,"turns":3}],"seed_played":"-5422137629583291330","potions_obtained":[{"floor":5,"key":"PotionOfCapacity"},{"floor":7,"key":"BlessingOfTheForge"},{"floor":13,"key":"ColorlessPotion"},{"floor":14,"key":"PowerPotion"}],"is_trial":false,"path_per_floor":["M","M","M","?","M","R","M","$","T","?","M","R","M","M","R","B"],"character_chosen":"DEFECT","items_purchased":["DataDisk","Echo Form"],"campfire_rested":0,"item_purchase_floors":[8,8],"current_hp_per_floor":[8,68,67,55,55,42,42,29,29,29,29,16,16,10,10,10,0,0],"gold":109,"neow_bonus":"RANDOM_COLORLESS_2","is_daily":false,"chose_seed":false,"campfire_upgraded":3,"win_rate":0.0,"timestamp":1611025790,"path_taken":["M","M","M","?","M","R","?","$","T","?","M","R","M","M","R","BOSS"],"items_purchased_type":["Relic","Card"],"build_version":"2020-12-22","purchased_purges":1,"victory":false,"max_hp_per_floor":[75,75,75,75,75,75,75,75,75,75,75,75,75,75,75,75,75,75],"card_choices":[{"not_picked":["Master of Strategy","Metamorphosis"],"picked":"Magnetism","floor":0},{"not_picked":["Go for the Eyes","Leap"],"picked":"Compile Driver","floor":1},{"not_picked":["Hologram","Stack"],"picked":"Defragment","floor":2},{"not_picked":["Streamline","Redo"],"picked":"Rebound","floor":3},{"not_picked":["Rebound","FTL"],"picked":"Consume","floor":5},{"not_picked":["Turbo","Stack"],"picked":"Coolheaded","floor":7},{"not_picked":["Undo","Rip and Tear"],"picked":"Gash","floor":11},{"not_picked":["Rebound","Echo Form"],"picked":"Go for the Eyes","floor":13},{"not_picked":["Barrage","Steam"],"picked":"Heatsinks","floor":14}],"player_experience":774284,"relics_obtained":[{"floor":9,"key":"Kunai"}],"event_choices":[{"damage_healed":0,"gold_gain":275,"player_choice":"Desecrate","damage_taken":0,"max_hp_gain":0,"max_hp_loss":0,"event_name":"Golden Shrine","floor":4,"gold_loss":0,"cards_obtained":["Regret"]},{"damage_healed":0,"gold_gain":0,"player_choice":"2 cards matched","damage_taken":0,"max_hp_gain":0,"max_hp_loss":0,"event_name":"Match and Keep!","floor":10,"gold_loss":0,"cards_obtained":["Injury","Static Discharge"]}],"is_beta":false,"boss_relics":[],"items_purged_floors":[8],"is_endless":false,"potions_floor_spawned":[5,7,13,14],"killed_by":"Slime Boss","ascension_level":1}}