{"host":"mlczotyo8j5fj6lt","time":1611062963,"event":{"mods":["AchievementEnabler","BaseMod","Better Third Choice","BetterRewards","Conspire","Defective Defect","Fox Events","Good Game Mod","Googly Eyes","Hubris","Minty Spire (QoL Compilation)","Quick Restart","Replay The Spire","StS++","StSLib","everything is the same but u backflip on backflip"],"gold_per_floor":[109,124,124,124,124,155,173,198,198,208,64,14,26,66,66,170,170,188,204,129,228,168,182,182,182,182,182,192,245,43,63,63,186,186,205,215,215,225,82,82,137,137,137,137,37,37,37,50,50,50,50],"floor_reached":50,"language":"ENG","playtime":2951,"items_purged":["Spreading Infection","hubris:Envy"],"score":675,"play_id":"deeff5d6-300c-4a92-a0a9-808d4efd7ba7","local_time":"20210119142923","is_ascension_mode":false,"campfire_choices":[{"floor":15.0,"key":"REST"},{"floor":24.0,"key":"REST"},{"data":"Echo Form","floor":27.0,"key":"SMITH"},{"data":"Thunder Strike","floor":40,"key":"SMITH"},{"data":"Creative AI","floor":46,"key":"SMITH"},{"data":"Zap","floor":49,"key":"SMITH"}],"circlet_count":0,"master_deck":["Strike_B","Strike_B","Defend_B","Defend_B","Defend_B","Zap+1","Dualcast","Conserve Battery+1","Steam","Ball Lightning","Sweeping Beam","Echo Form+1","conspire:SpireCoStock","Thunder Strike+1","Creative AI+1","Genetic Algorithm+1","StSpp:Channeliser+1","Lockon+1","Beam Cell+1","Gash","Reboot","Hallucinations","Clumsy","Go for the Eyes+1","Barrage+1","StSpp:Channeliser","White Noise+1"],"relics":["Cracked Core","REME:ComplimentaryCards","NeowsBlessing","Ring of Panic","Snack Pack","Potion Belt","Replay:WaspNest","conspire:TreasureMap","Astrolabe","Anchor","Bottled Tornado","Regal Pillow","Replay:Ancient Bell","MealTicket","Letter Opener","Bird Faced Urn","hubris:Towel","Lee\u0027s Waffle","StSpp:BrokenTotem","Golden Egg"],"acts_visited":["Exordium","TheCity","TheBeyond"],"potions_floor_usage":[35,41,41,48,50],"damage_taken":[{"damage":0.0,"enemies":"Jaw Worm","floor":1.0,"turns":1.0},{"damage":0.0,"enemies":"2 Louse","floor":2.0,"turns":1.0},{"damage":0.0,"enemies":"Lagavulin","floor":6.0,"turns":2.0},{"damage":2.0,"enemies":"Small Slimes","floor":7.0,"turns":3.0},{"damage":30.0,"enemies":"3 Sentries","floor":8.0,"turns":7.0},{"damage":15.0,"enemies":"2 Fungi Beasts","floor":10.0,"turns":4.0},{"damage":14.0,"enemies":"Blue Slaver","floor":13.0,"turns":4.0},{"damage":14.0,"enemies":"Red Slaver","floor":14.0,"turns":4.0},{"damage":13.0,"enemies":"Hexaghost","floor":16.0,"turns":7.0},{"damage":15.0,"enemies":"2 Thieves","floor":18.0,"turns":4.0},{"damage":10.0,"enemies":"Shell Parasite","floor":19.0,"turns":4.0},{"damage":13.0,"enemies":"Snecko","floor":23.0,"turns":4.0},{"damage":0.0,"enemies":"Chosen and Byrds","floor":28.0,"turns":4.0},{"damage":31.0,"enemies":"Gremlin Leader","floor":29.0,"turns":5.0},{"damage":6.0,"enemies":"Centurion and Healer","floor":31.0,"turns":7.0},{"damage":40.0,"enemies":"Pondfish","floor":33.0,"turns":9.0},{"damage":32,"enemies":"3 Darklings","floor":35,"turns":6},{"damage":0,"enemies":"3 Shapes","floor":36,"turns":3},{"damage":65,"enemies":"Sphere and 2 Shapes","floor":38,"turns":6},{"damage":9,"enemies":"R_Hoarder","floor":41,"turns":11},{"damage":19,"enemies":"3 Darklings","floor":48,"turns":5},{"damage":99,"enemies":"Replay:Hell Engine","floor":50,"turns":7}],"seed_played":"4550541245324730316","potions_obtained":[{"floor":7.0,"key":"Elixir"},{"floor":8.0,"key":"Languid Potion"},{"floor":13.0,"key":"Weak Potion"},{"floor":16.0,"key":"Strength Potion"},{"floor":28.0,"key":"Milkshake"},{"floor":33.0,"key":"Fire Potion"},{"floor":36,"key":"SkillPotion"},{"floor":38,"key":"PowerPotion"},{"floor":48,"key":"Venom Potion"}],"is_trial":false,"path_per_floor":["M","M","?","?","?","E","M","E","T","M","$","?","M","M","R","B",null,"M","M","$","?","?","M","R","$","T","R","M","E","$","M","R","B",null,"M","M","?","M","$","R","E","?","T","?","$","R","$","M","R","B"],"character_chosen":"DEFECT","items_purchased":["conspire:TreasureMap","Regal Pillow","Adrenaline Potion","Lee\u0027s Waffle"],"campfire_rested":2,"item_purchase_floors":[11,30,30,39],"current_hp_per_floor":[75,75,75,75,75,75,73,45,45,30,30,30,18,4,26,17,75,60,52,52,52,52,39,61,61,61,61,63,34,34,30,67,33,75,43,49,49,4,82,82,82,82,82,82,82,82,82,74,74,0,0],"gold":50,"neow_bonus":"THREE_ENEMY_KILL","is_daily":false,"chose_seed":false,"campfire_upgraded":4,"win_rate":0.0,"timestamp":1611062963,"path_taken":["M","M","?","?","?","E","M","E","T","M","$","?","M","?","R","BOSS","M","M","$","?","?","M","R","$","T","R","M","E","$","M","R","BOSS","M","M","?","M","$","R","E","?","T","?","$","R","?","M","R","BOSS"],"items_purchased_type":["Relic","Relic","Potion","Relic"],"build_version":"2020-12-22","purchased_purges":2,"victory":false,"max_hp_per_floor":[75,75,75,75,75,75,75,75,75,75,75,75,75,75,75,75,75,75,75,75,75,75,75,75,75,75,75,75,75,75,75,75,75,75,75,75,75,75,82,82,82,82,82,82,82,82,82,82,82,82,82],"card_choices":[{"not_picked":["Compile Driver","BasicCrystalCard"],"picked":"Conserve Battery","floor":1.0},{"not_picked":["Hologram","Rip and Tear"],"picked":"Steam","floor":2.0},{"not_picked":["Compile Driver","Amplify"],"picked":"Ball Lightning","floor":6.0},{"not_picked":["ReplayTheSpireMod:GoodbyeWorld","Time Bomb"],"picked":"Sweeping Beam","floor":7.0},{"not_picked":["Turbo","Conserve Battery","Undo"],"picked":"SKIP","floor":8.0},{"not_picked":["hubris:Ukulele","Rebound","ReplayTheSpireMod:System Scan"],"picked":"SKIP","floor":10.0},{"not_picked":["Beam Cell","ReplayGash","Conserve Battery"],"picked":"SKIP","floor":13.0},{"not_picked":["Cold Snap","Coolheaded"],"picked":"Thunder Strike","floor":14.0},{"not_picked":["Rainbow","Buffer"],"picked":"Creative AI","floor":16.0},{"not_picked":["Barrage","Hologram","Steam"],"picked":"SKIP","floor":18.0},{"not_picked":["Steam","Cold Snap","Sweeping Beam"],"picked":"SKIP","floor":19.0},{"not_picked":["StSpp:Fierceness","Conserve Battery+1","Cold Snap"],"picked":"SKIP","floor":23.0},{"not_picked":["ReplayGash+1","ReplayTheSpireMod:Calculation Training"],"picked":"Beam Cell+1","floor":28.0},{"not_picked":["Go for the Eyes","Fission","hubris:PowerSurge"],"picked":"SKIP","floor":29.0},{"not_picked":["Steam+1","Go for the Eyes+1"],"picked":"Gash","floor":31.0},{"not_picked":["Hyperbeam","Biased Cognition"],"picked":"Reboot","floor":33.0},{"not_picked":["ReplayTheSpireMod:Doomed","conspire:Blindness"],"picked":"Hallucinations","floor":34},{"not_picked":["Delirium","Looming Evil"],"picked":"hubris:Envy","floor":34},{"not_picked":["Regret","hubris:Sloth"],"picked":"Clumsy","floor":34},{"not_picked":["Compile Driver","Rebound+1"],"picked":"Go for the Eyes+1","floor":35},{"not_picked":["ReplayTheSpireMod:Reroute Power+1","conspire:Rain","ReplayTheSpireMod:GoodbyeWorld+1"],"picked":"SKIP","floor":36},{"not_picked":["StSpp:Channeliser","Multi-Cast","Compile Driver+1"],"picked":"SKIP","floor":38},{"not_picked":["Compile Driver+1","Panic Button+1"],"picked":"Barrage+1","floor":41},{"not_picked":["Panic Button","Streamline"],"picked":"White Noise+1","floor":48}],"player_experience":197780,"relics_obtained":[{"floor":4.0,"key":"Ring of Panic"},{"floor":6.0,"key":"Snack Pack"},{"floor":8.0,"key":"Potion Belt"},{"floor":9.0,"key":"Replay:WaspNest"},{"floor":26.0,"key":"Anchor"},{"floor":29.0,"key":"Bottled Tornado"},{"floor":41,"key":"StSpp:BrokenTotem"},{"floor":43,"key":"Golden Egg"}],"event_choices":[{"damage_healed":0.0,"max_hp_gain":0.0,"max_hp_loss":0.0,"gold_gain":0.0,"event_name":"conspire:LoneGhost","player_choice":"Disagree","floor":5.0,"gold_loss":0.0,"damage_taken":0.0},{"damage_healed":0.0,"max_hp_gain":0.0,"max_hp_loss":0.0,"gold_gain":0.0,"event_name":"conspire:Investor","player_choice":"Invest 1","floor":12.0,"gold_loss":0.0,"damage_taken":0.0},{"damage_healed":0.0,"max_hp_gain":0.0,"max_hp_loss":0.0,"gold_gain":99.0,"event_name":"betterThird:BetterNest","player_choice":"Steal","floor":21.0,"gold_loss":0.0,"damage_taken":0.0},{"damage_healed":0,"gold_gain":0,"player_choice":"Ignored","damage_taken":0,"max_hp_gain":0,"max_hp_loss":0,"event_name":"Tomb of Lord Red Mask","floor":44,"gold_loss":0}],"is_beta":false,"boss_relics":[{"not_picked":["hubris:CrackedHourglass","hubris:Stopwatch"],"picked":"Astrolabe"},{"not_picked":["Abe\u0027s Treasure","conspire:SlowCooker"],"picked":"Replay:Ancient Bell"},{"not_picked":["Strawberry","Simple Rune"],"picked":"MealTicket"},{"not_picked":["Ornamental Fan","InkBottle"],"picked":"Letter Opener"},{"not_picked":["Ginger","hubris:AstralHammer"],"picked":"Bird Faced Urn"}],"items_purged_floors":[20,45],"is_endless":false,"potions_floor_spawned":[7,8,13,16,28,33,36,38,48],"killed_by":"Replay:Hell Engine","ascension_level":0}}