{"host":"zk6j14bmuvg5ovg4","time":1611096166,"event":{"mods":["A Magickal Journey","Aspiration","BaseMod","Colored Powertips","Googly Eyes","Minty Spire (QoL Compilation)","Random Character Button","SIMod","StSLib","The Cursed","The Disciple","The Exalted","The Hayseed","The Hierophant","The IronCluck","The Judge","The Necromancer","The Problem Sleuth","The Valiant","TheBandit"],"gold_per_floor":[116,116,128,141,141,176,186,201,255,255,255,270,270,38,38,164,164,179,195,216,230,244,244,0,0,0,0],"floor_reached":25,"language":"ENG","playtime":3479,"items_purged":["Injury"],"score":207,"play_id":"7b1195d7-3576-4553-a228-98c82f9f6717","local_time":"20210119234246","is_ascension_mode":false,"campfire_choices":[{"data":"wariomod:DiceyMove","floor":10,"key":"SMITH"},{"data":"wariomod:Step","floor":13,"key":"SMITH"},{"floor":15,"key":"REST"},{"floor":23,"key":"REST"}],"circlet_count":0,"master_deck":["wariomod:Strike","wariomod:Strike","wariomod:Strike","wariomod:Defend","wariomod:Defend","wariomod:Defend","wariomod:Step+1","wariomod:Leap","wariomod:RacingSpeed","wariomod:Leapslam","wariomod:ChargeForth","wariomod:Step","wariomod:BoomAndDoom","Blind","wariomod:DropBash","wariomod:Leapslam","wariomod:DiceyMove+1","wariomod:RacingSpeed","wariomod:VeryLongJump","wariomod:TrekTime+1","wariomod:GreaterGuard","wariomod:FabulousPrizes","wariomod:Game","wariomod:BumRush","wariomod:BodyBlock"],"relics":["wariomod:TheHat","Toy Ornithopter","Bromod:ArcaneTempo","Golden Idol","wariomod:SmileyHat","Empty Cage","Regal Pillow"],"acts_visited":["Exordium","TheCity"],"potions_floor_usage":[6,8,16,16,21,22,22,25,25],"damage_taken":[{"damage":1,"enemies":"2 Louse","floor":1,"turns":2},{"damage":0,"enemies":"Cultist","floor":3,"turns":3},{"damage":6,"enemies":"Small Slimes","floor":4,"turns":3},{"damage":14,"enemies":"3 Sentries","floor":6,"turns":4},{"damage":11,"enemies":"Exordium Wildlife","floor":7,"turns":3},{"damage":0,"enemies":"Looter","floor":8,"turns":2},{"damage":9,"enemies":"Blue Slaver","floor":12,"turns":3},{"damage":7,"enemies":"The Guardian","floor":16,"turns":8},{"damage":12,"enemies":"Chosen","floor":18,"turns":3},{"damage":20,"enemies":"3 Byrds","floor":19,"turns":3},{"damage":8,"enemies":"Centurion and Healer","floor":20,"turns":6},{"damage":12,"enemies":"3 Cultists","floor":21,"turns":4},{"damage":20,"enemies":"Sentry and Sphere","floor":22,"turns":6},{"damage":57,"enemies":"Book of Stabbing","floor":25,"turns":7}],"seed_played":"-7268723231065000499","potions_obtained":[{"floor":0,"key":"DistilledChaos"},{"floor":0,"key":"SkillPotion"},{"floor":0,"key":"Explosive Potion"},{"floor":1,"key":"BlessingOfTheForge"},{"floor":4,"key":"BlessingOfTheForge"},{"floor":7,"key":"FearPotion"},{"floor":12,"key":"PowerPotion"},{"floor":18,"key":"AttackPotion"},{"floor":20,"key":"PowerPotion"},{"floor":22,"key":"Block Potion"}],"is_trial":false,"path_per_floor":["M","?","M","M","?","E","M","M","T","R","?","M","R","$","R","B",null,"M","M","M","M","M","R","$","E"],"character_chosen":"THE_BANDIT","items_purchased":["wariomod:SmileyHat","wariomod:BodyBlock","Regal Pillow","AttackPotion"],"campfire_rested":2,"item_purchase_floors":[14,24,24,24],"current_hp_per_floor":[79,79,79,73,73,59,48,53,53,53,53,44,44,44,68,71,80,68,48,40,33,23,47,47,0,0,0],"gold":0,"neow_bonus":"THREE_SMALL_POTIONS","is_daily":false,"chose_seed":false,"campfire_upgraded":2,"win_rate":0.0,"timestamp":1611096166,"path_taken":["M","?","?","M","?","E","M","?","T","R","?","M","R","?","R","BOSS","M","M","M","M","M","R","$","E"],"items_purchased_type":["Relic","Card","Relic","Potion"],"build_version":"2020-12-22","purchased_purges":1,"victory":false,"max_hp_per_floor":[80,80,80,80,80,80,80,80,80,80,80,80,80,80,80,80,80,80,80,80,80,80,80,80,80,80,80],"card_choices":[{"not_picked":["wariomod:BodyBlock","wariomod:DeepDig"],"picked":"wariomod:RacingSpeed","floor":1},{"not_picked":["wariomod:EndlessBlast","wariomod:Bombshield"],"picked":"wariomod:Leapslam","floor":3},{"not_picked":["wariomod:SmackSlam","wariomod:Immortalize"],"picked":"wariomod:ChargeForth","floor":4},{"not_picked":["wariomod:MassiveParty","wariomod:AbandonGame"],"picked":"wariomod:DropBash","floor":6},{"not_picked":["wariomod:f","wariomod:Goblast"],"picked":"wariomod:Leapslam","floor":7},{"not_picked":["wariomod:SpaceSwap","wariomod:DisarmingMoves"],"picked":"wariomod:DiceyMove","floor":8},{"not_picked":["wariomod:Goblast","wariomod:DoubleDash"],"picked":"wariomod:RacingSpeed","floor":12},{"not_picked":["wariomod:Sidestep","wariomod:GoAgain"],"picked":"wariomod:VeryLongJump","floor":16},{"not_picked":["wariomod:AwfulLook","wariomod:ChargeForth"],"picked":"wariomod:TrekTime+1","floor":18},{"not_picked":["wariomod:AwfulLook","wariomod:DisarmingMoves"],"picked":"wariomod:GreaterGuard","floor":19},{"not_picked":["wariomod:SilenceBombs","wariomod:AwfulLook+1"],"picked":"wariomod:FabulousPrizes","floor":20},{"not_picked":["wariomod:BlastDash","wariomod:Hopshield"],"picked":"wariomod:Game","floor":21},{"not_picked":["wariomod:AwfulLook+1","wariomod:BodyBlock"],"picked":"wariomod:BumRush","floor":22}],"player_experience":222739,"relics_obtained":[{"floor":6,"key":"Toy Ornithopter"},{"floor":9,"key":"Bromod:ArcaneTempo"}],"event_choices":[{"cards_removed":["Double Tap"],"damage_healed":0,"gold_gain":0,"player_choice":"Took Card","damage_taken":0,"max_hp_gain":0,"max_hp_loss":0,"event_name":"NoteForYourself","floor":2,"gold_loss":0,"cards_obtained":["Double Tap"]},{"damage_healed":0,"gold_gain":0,"player_choice":"3 cards matched","damage_taken":0,"max_hp_gain":0,"max_hp_loss":0,"event_name":"Match and Keep!","floor":5,"gold_loss":0,"cards_obtained":["wariomod:Step","wariomod:BoomAndDoom","Blind"]},{"damage_healed":0,"gold_gain":0,"player_choice":"Take Wound","damage_taken":0,"relics_obtained":["Golden Idol"],"max_hp_gain":0,"max_hp_loss":0,"event_name":"Golden Idol","floor":11,"gold_loss":0,"cards_obtained":["Injury"]}],"is_beta":false,"boss_relics":[{"not_picked":["Sozu","Runic Pyramid"],"picked":"Empty Cage"}],"items_purged_floors":[14],"is_endless":false,"potions_floor_spawned":[1,4,7,12,18,20,22],"killed_by":"Book of Stabbing","ascension_level":0}}