{"host":"c52z9ixzgdjttcmx","time":1611027167,"event":{"mods":["BaseMod","Colored Powertips","Minty Spire (QoL Compilation)","Rare Cards Sparkle","Relic Stats"],"gold_per_floor":[117,129,148,164,114,114,149,149,175,204,230,230,250,5,5,5,5],"floor_reached":16,"language":"ENG","playtime":697,"items_purged":[],"score":176,"play_id":"af48c56c-6290-4ab1-8f24-342e13d802c8","local_time":"20210118213247","is_ascension_mode":true,"campfire_choices":[{"data":"Eruption","floor":6,"key":"SMITH"},{"data":"ForeignInfluence","floor":8,"key":"SMITH"},{"floor":15,"key":"REST"}],"circlet_count":0,"master_deck":["AscendersBane","Strike_P","Strike_P","Strike_P","Defend_P","Defend_P","Defend_P","Defend_P","Eruption+1","Vigilance","Consecrate","ThirdEye","Prostrate","ForeignInfluence+1","Scrawl","EmptyFist","WheelKick","Vengeance"],"relics":["PureWater","NeowsBlessing","Orichalcum","Akabeko","Odd Mushroom","Oddly Smooth Stone","Bottled Lightning"],"acts_visited":["Exordium"],"potions_floor_usage":[10,11],"damage_taken":[{"damage":0,"enemies":"Cultist","floor":1,"turns":1},{"damage":0,"enemies":"2 Louse","floor":2,"turns":1},{"damage":0,"enemies":"Jaw Worm","floor":3,"turns":1},{"damage":3,"enemies":"Exordium Wildlife","floor":4,"turns":4},{"damage":17,"enemies":"Gremlin Nob","floor":7,"turns":3},{"damage":0,"enemies":"The Mushroom Lair","floor":10,"turns":3},{"damage":13,"enemies":"Lagavulin","floor":11,"turns":6},{"damage":0,"enemies":"2 Fungi Beasts","floor":13,"turns":2},{"damage":60,"enemies":"Slime Boss","floor":16,"turns":7}],"seed_played":"3466742629171855629","potions_obtained":[{"floor":7,"key":"AttackPotion"},{"floor":10,"key":"Swift Potion"},{"floor":11,"key":"SneckoOil"},{"floor":12,"key":"Dexterity Potion"},{"floor":12,"key":"SpeedPotion"}],"is_trial":false,"path_per_floor":["M","M","M","M","?","R","E","R","T","?","E","?","M","$","R","B"],"character_chosen":"WATCHER","items_purchased":["Bottled Lightning"],"campfire_rested":1,"item_purchase_floors":[14],"current_hp_per_floor":[65,65,65,62,62,62,45,45,45,45,32,32,32,32,53,0,0],"gold":5,"neow_bonus":"THREE_ENEMY_KILL","is_daily":false,"chose_seed":false,"campfire_upgraded":2,"win_rate":0.0,"timestamp":1611027167,"path_taken":["M","M","M","M","?","R","E","R","T","?","E","?","M","$","R","BOSS"],"items_purchased_type":["Relic"],"build_version":"2020-12-22","purchased_purges":0,"victory":false,"max_hp_per_floor":[72,72,72,72,72,72,72,72,72,72,72,72,72,72,72,72,72],"relic_stats":{"counters":[9,28],"Orichalcum":[6],"obtain_stats":[{"NeowsBlessing":0,"Oddly Smooth Stone":11,"Bottled Lightning":14,"PureWater":0,"Orichalcum":7,"Odd Mushroom":10,"Akabeko":9},{"NeowsBlessing":0,"Oddly Smooth Stone":7,"Bottled Lightning":8,"PureWater":0,"Orichalcum":5,"Odd Mushroom":6,"Akabeko":5},{"NeowsBlessing":0,"Oddly Smooth Stone":19,"Bottled Lightning":21,"PureWater":0,"Orichalcum":10,"Odd Mushroom":13,"Akabeko":10}]},"card_choices":[{"not_picked":["ClearTheMind","WindmillStrike"],"picked":"Consecrate","floor":1},{"not_picked":["Halt","InnerPeace"],"picked":"ThirdEye","floor":2},{"not_picked":["Collect","SashWhip"],"picked":"Prostrate","floor":3},{"not_picked":["Worship","Evaluate"],"picked":"ForeignInfluence","floor":4},{"not_picked":["Fasting2","Vengeance"],"picked":"Scrawl","floor":7},{"not_picked":["Protect","Nirvana"],"picked":"EmptyFist","floor":10},{"not_picked":["Evaluate","FlurryOfBlows"],"picked":"WheelKick","floor":11},{"not_picked":["EmptyBody","ClearTheMind"],"picked":"Vengeance","floor":13}],"player_experience":3282535,"relics_obtained":[{"floor":7,"key":"Orichalcum"},{"floor":9,"key":"Akabeko"},{"floor":10,"key":"Odd Mushroom"},{"floor":11,"key":"Oddly Smooth Stone"}],"event_choices":[{"cards_removed":["Strike_P"],"damage_healed":0,"gold_gain":0,"player_choice":"Card Removal","damage_taken":0,"max_hp_gain":0,"max_hp_loss":0,"event_name":"The Cleric","floor":5,"gold_loss":50},{"damage_healed":0,"gold_gain":0,"player_choice":"Fought Mushrooms","damage_taken":0,"max_hp_gain":0,"max_hp_loss":0,"event_name":"Mushrooms","floor":10,"gold_loss":0},{"damage_healed":0,"gold_gain":0,"player_choice":"Got Potions","damage_taken":0,"max_hp_gain":0,"max_hp_loss":0,"event_name":"Lab","floor":12,"gold_loss":0}],"is_beta":false,"boss_relics":[],"items_purged_floors":[],"is_endless":false,"potions_floor_spawned":[7,10,11],"killed_by":"Slime Boss","ascension_level":12}}