{"host":"gqhy17d1xpb1p3ki","time":1611092408,"event":{"mods":["BaseMod","Colored Map","Downfall","Hermit","Marisa????????","Minty Spire (QoL Compilation)","StSLib","The Animator","The Cursed","The Servant 0.9.4"],"gold_per_floor":[118,136,152,152,170,170,156,156,156,156,187,187],"floor_reached":11,"language":"ENG","playtime":1172,"items_purged":[],"score":100,"play_id":"db77ca09-ea58-4e96-b6a5-ec1ecc6b5649","local_time":"20210119164008","is_ascension_mode":false,"campfire_choices":[{"data":"TheCursedMod:CursedWand","floor":6,"key":"SMITH"},{"data":"TheCursedMod:CleanUpWorkshop","floor":8,"key":"SMITH"},{"data":"TheCursedMod:FleshFromBone","floor":10,"key":"SMITH"}],"circlet_count":0,"master_deck":["TheCursedMod:Strike_TheCursed","TheCursedMod:Strike_TheCursed","TheCursedMod:Strike_TheCursed","TheCursedMod:Strike_TheCursed","TheCursedMod:Defend_TheCursed","TheCursedMod:Defend_TheCursed","TheCursedMod:Defend_TheCursed","TheCursedMod:Defend_TheCursed","TheCursedMod:CursedWand+1","TheCursedMod:CleanUpWorkshop+1","TheCursedMod:Dregs","TheCursedMod:CursedAmulet","TheCursedMod:LuckyCharm","TheCursedMod:FleshFromBone+1","Injury","TheCursedMod:BlessingInDisguise","TheCursedMod:CircleOfAbyss","TheCursedMod:Obscuration"],"relics":["TheCursedMod:BlackMagic101","Golden Idol","Singing Bowl","Turnip"],"acts_visited":["Exordium"],"potions_floor_usage":[],"damage_taken":[{"damage":2,"enemies":"Cultist","floor":1,"turns":5},{"damage":0,"enemies":"2 Louse","floor":2,"turns":3},{"damage":0,"enemies":"Small Slimes","floor":3,"turns":5},{"damage":8,"enemies":"3 Louse","floor":5,"turns":6},{"damage":3,"enemies":"Exordium Thugs","floor":7,"turns":7},{"damage":0,"enemies":"Lagavulin","floor":11,"turns":17}],"seed_played":"5998500502102647245","potions_obtained":[{"floor":1,"key":"SpeedPotion"},{"floor":7,"key":"Fire Potion"},{"floor":11,"key":"SmokeBomb"}],"is_trial":false,"path_per_floor":["M","M","M","?","M","R","M","R","T","R","E"],"character_chosen":"THE_CURSED","items_purchased":[],"campfire_rested":0,"item_purchase_floors":[],"current_hp_per_floor":[80,80,80,80,72,72,69,69,69,69,69,69],"gold":187,"neow_bonus":"TEN_PERCENT_HP_BONUS","is_daily":false,"chose_seed":false,"campfire_upgraded":3,"win_rate":0.0,"timestamp":1611092408,"path_taken":["M","?","M","?","M","R","M","R","T","R","E"],"items_purchased_type":[],"build_version":"2020-12-22","purchased_purges":0,"victory":false,"max_hp_per_floor":[82,82,82,82,82,82,82,82,82,82,82,82],"card_choices":[{"not_picked":["TheCursedMod:CircleOfFocus","TheCursedMod:SurpriseAttack"],"picked":"TheCursedMod:CursedAmulet","floor":1},{"not_picked":["TheCursedMod:Stigma","TheCursedMod:RavingStaff"],"picked":"TheCursedMod:LuckyCharm","floor":2},{"not_picked":["TheCursedMod:VitalStrike","TheCursedMod:SpitefulStrike"],"picked":"TheCursedMod:FleshFromBone","floor":3},{"not_picked":["TheCursedMod:SpitefulPray","TheCursedMod:Stigma"],"picked":"TheCursedMod:BlessingInDisguise","floor":5},{"not_picked":["TheCursedMod:AbyssShockwave","TheCursedMod:WearCloak"],"picked":"TheCursedMod:CircleOfAbyss","floor":7},{"not_picked":["TheCursedMod:ShockAndAwe","TheCursedMod:WearCloak"],"picked":"TheCursedMod:Obscuration","floor":11}],"player_experience":345296,"relics_obtained":[{"floor":9,"key":"Singing Bowl"},{"floor":11,"key":"Turnip"}],"event_choices":[{"damage_healed":0,"gold_gain":0,"player_choice":"Take Wound","damage_taken":0,"relics_obtained":["Golden Idol"],"max_hp_gain":0,"max_hp_loss":0,"event_name":"Golden Idol","floor":4,"gold_loss":0,"cards_obtained":["Injury"]}],"is_beta":false,"boss_relics":[],"items_purged_floors":[],"is_endless":false,"potions_floor_spawned":[1,7,11],"killed_by":"Lagavulin","ascension_level":0}}