{"host":"8d3fefv2347kqkpz","time":1611028932,"event":{"mods":["100% Spire Juice","AchievementEnabler","Act Like it!","Aspiration","BaseMod","Better Vampires","Colored Map","Colored Powertips","Conspire","GifTheSpireLib","Highlight Path","Mimic Mod","Minty Spire (QoL Compilation)","Quick Restart","Reimu£®≤©¿ˆ¡È√Œ£©","Relic Stats","Remilia£®¿Ÿ√◊¿Ú—«£©","Replay The Spire","Spicy Shops","StSLib","The Gatherer","The Jungle","The Senshi","The Servant 0.9.4","Waifu the Spire","vexMod"],"gold_per_floor":[109,119,139,139,99,99,128,144,144,144,160,160,160,160],"floor_reached":13,"language":"ZHS","playtime":647,"items_purged":[],"score":83,"play_id":"d6592dd7-7834-4e81-b17b-db50ee21a46a","local_time":"20210119120212","is_ascension_mode":false,"campfire_choices":[{"data":"Collect","floor":6,"key":"SMITH"},{"data":"ThirdEye","floor":12,"key":"SMITH"}],"circlet_count":0,"master_deck":["Strike_P","Strike_P","Strike_P","Strike_P","Defend_P","Defend_P","Defend_P","Defend_P","Eruption","Vigilance","Consecrate","Collect+1","Tantrum","ThirdEye+1","Indignation","EmptyMind"],"relics":["PureWater","Replay:Kaleidoscope","PaintedHorse:ReiMu","Replay:Purple Gloves","Bottled Flame"],"acts_visited":["Exordium"],"potions_floor_usage":[],"damage_taken":[{"damage":0,"enemies":"Jaw Worm","floor":1,"turns":3},{"damage":0,"enemies":"2 Louse","floor":2,"turns":2},{"damage":26,"enemies":"Lagavulin","floor":7,"turns":5},{"damage":0,"enemies":"Small Slimes","floor":8,"turns":2},{"damage":0,"enemies":"3 Louse","floor":11,"turns":2},{"damage":14,"enemies":"Gremlin Nob","floor":13,"turns":3}],"seed_played":"7093881762948267535","potions_obtained":[{"floor":8,"key":"GamblersBrew"}],"is_trial":false,"path_per_floor":["M","M","?","?","?","R","E","M","T","T","M","R","E"],"character_chosen":"WATCHER","items_purchased":[],"campfire_rested":0,"item_purchase_floors":[],"current_hp_per_floor":[79,79,60,67,67,67,41,41,41,41,41,41,27,27],"gold":160,"neow_bonus":"TEN_PERCENT_HP_BONUS","is_daily":false,"chose_seed":false,"campfire_upgraded":2,"win_rate":0.0,"timestamp":1611028932,"path_taken":["M","M","?","?","?","R","E","M","T","?","M","R","E"],"items_purchased_type":[],"build_version":"2020-12-22","purchased_purges":0,"victory":false,"max_hp_per_floor":[79,79,79,79,79,79,79,79,79,79,79,79,79,79],"relic_stats":{"counters":[6,17],"obtain_stats":[{"Bottled Flame":10,"PaintedHorse:ReiMu":5,"Replay:Purple Gloves":7,"Replay:Kaleidoscope":3,"PureWater":0},{"Bottled Flame":4,"PaintedHorse:ReiMu":2,"Replay:Purple Gloves":3,"Replay:Kaleidoscope":2,"PureWater":0},{"Bottled Flame":12,"PaintedHorse:ReiMu":5,"Replay:Purple Gloves":10,"Replay:Kaleidoscope":5,"PureWater":0}]},"card_choices":[{"not_picked":["Protect","FlyingSleeves"],"picked":"Consecrate","floor":1},{"not_picked":["CarveReality","Consecrate"],"picked":"Collect","floor":2},{"not_picked":["Swivel","SashWhip"],"picked":"Tantrum","floor":3},{"not_picked":["Consecrate","Replay:DivineShield"],"picked":"ThirdEye","floor":7},{"not_picked":["Worship","Meditate"],"picked":"Indignation","floor":8},{"not_picked":["Vengeance","Worship"],"picked":"EmptyMind","floor":11}],"player_experience":126422,"relics_obtained":[{"floor":3,"key":"Replay:Kaleidoscope"},{"floor":7,"key":"Replay:Purple Gloves"},{"floor":10,"key":"Bottled Flame"}],"event_choices":[{"damage_healed":0,"gold_gain":0,"player_choice":"»˚«Æ","damage_taken":0,"relics_obtained":["PaintedHorse:ReiMu"],"max_hp_gain":0,"max_hp_loss":0,"event_name":"yidonshenshe","floor":5,"gold_loss":40}],"is_beta":false,"boss_relics":[],"items_purged_floors":[],"is_endless":false,"potions_floor_spawned":[8],"killed_by":"Gremlin Nob","ascension_level":0}}