{"host":"lnt5dzsuhru0aonl","time":1611056794,"event":{"mods":["2.2 Compatiblity","BaseMod","Colored Map","Colored Powertips","DeckTracker","Keyboard Shortcuts","Minty Spire (QoL Compilation)","Permanent Neow","StSLib","SuperFastMode","everything is the same but u backflip on backflip"],"gold_per_floor":[115,135,135,147,165,165,180,255,282,316,37,37,37,58,58,151,151,166,166,186,186,209,209,209,209],"floor_reached":24,"language":"KOR","playtime":722,"items_purged":["Strike_B"],"score":396,"play_id":"253caa1d-0a3a-480b-ae28-dda6e778bc32","local_time":"20210119204634","is_ascension_mode":true,"campfire_choices":[{"data":"Zap","floor":6,"key":"SMITH"},{"data":"Coolheaded","floor":13,"key":"SMITH"},{"data":"Dualcast","floor":15,"key":"SMITH"},{"data":"Self Repair","floor":23,"key":"SMITH"}],"circlet_count":0,"master_deck":["AscendersBane","Defend_B","Defend_B","Defend_B","Zap+1","Dualcast+1","Cold Snap","Sweeping Beam","Undo","Conserve Battery","Coolheaded+1","Seek","Capacitor","Compile Driver","Echo Form","Ball Lightning+1","Chaos+1","Creative AI+1","Heatsinks+1","Self Repair+1"],"relics":["Cracked Core","NeowsBlessing","Akabeko","Pen Nib","ClockworkSouvenir","Golden Idol","Astrolabe","Orichalcum"],"acts_visited":["Exordium","TheCity"],"potions_floor_usage":[5,5,24],"damage_taken":[{"damage":0.0,"enemies":"2 Louse","floor":1.0,"turns":1.0},{"damage":0.0,"enemies":"Cultist","floor":2.0,"turns":1.0},{"damage":0.0,"enemies":"Small Slimes","floor":4.0,"turns":1.0},{"damage":2,"enemies":"3 Louse","floor":5,"turns":2},{"damage":0,"enemies":"Exordium Wildlife","floor":7,"turns":2},{"damage":11,"enemies":"Lagavulin","floor":10,"turns":11},{"damage":0,"enemies":"2 Fungi Beasts","floor":14,"turns":2},{"damage":24,"enemies":"The Guardian","floor":16,"turns":16},{"damage":22,"enemies":"Spheric Guardian","floor":18,"turns":5},{"damage":15,"enemies":"2 Thieves","floor":20,"turns":3},{"damage":0,"enemies":"Sentry and Sphere","floor":22,"turns":7},{"damage":22,"enemies":"Slavers","floor":24,"turns":1}],"seed_played":"2902745494793378577","potions_obtained":[{"floor":2.0,"key":"Energy Potion"},{"floor":4.0,"key":"SteroidPotion"},{"floor":18,"key":"PotionOfCapacity"}],"is_trial":false,"path_per_floor":["M","M","?","M","M","R","M","?","T","E","$","?","R","M","R","B",null,"M","?","M","T","M","R","E"],"character_chosen":"DEFECT","items_purchased":["ClockworkSouvenir","Capacitor"],"campfire_rested":0,"item_purchase_floors":[11,11],"current_hp_per_floor":[64,64,54,54,52,52,52,41,41,30,30,30,30,30,30,6,50,28,28,13,13,13,13,0,0],"gold":209,"neow_bonus":"THREE_ENEMY_KILL","is_daily":false,"chose_seed":false,"campfire_upgraded":4,"win_rate":0.0,"timestamp":1611056794,"path_taken":["M","M","?","M","?","R","M","?","T","E","$","?","R","M","R","BOSS","M","?","M","?","M","R","E"],"items_purchased_type":["Relic","Card"],"build_version":"2020-12-22","purchased_purges":1,"victory":false,"max_hp_per_floor":[71,71,71,71,71,71,71,71,71,71,71,64,64,64,64,64,64,64,64,64,64,64,64,64,64],"card_choices":[{"not_picked":["Beam Cell","Barrage"],"picked":"Cold Snap","floor":1.0},{"not_picked":["Gash","Hologram"],"picked":"Sweeping Beam","floor":2.0},{"not_picked":["Steam","Amplify"],"picked":"Undo","floor":4.0},{"not_picked":["Steam","Compile Driver"],"picked":"Conserve Battery","floor":5},{"not_picked":["Rip and Tear","Fusion"],"picked":"Coolheaded","floor":7},{"not_picked":["Aggregate","Reinforced Body"],"picked":"Seek","floor":10},{"not_picked":["Streamline","FTL"],"picked":"Compile Driver","floor":14},{"not_picked":["Buffer","Rainbow"],"picked":"Echo Form","floor":16},{"not_picked":["Hologram","Barrage"],"picked":"Heatsinks+1","floor":18},{"not_picked":["Ball Lightning","Consume","Cold Snap"],"picked":"SKIP","floor":20},{"not_picked":["Barrage","Recycle"],"picked":"Self Repair","floor":22}],"player_experience":701946,"relics_obtained":[{"floor":9,"key":"Akabeko"},{"floor":10,"key":"Pen Nib"},{"floor":21,"key":"Orichalcum"}],"event_choices":[{"damage_healed":0.0,"max_hp_gain":0.0,"max_hp_loss":0.0,"gold_gain":0.0,"event_name":"Wheel of Change","player_choice":"Damaged","floor":3.0,"gold_loss":0.0,"damage_taken":10.0},{"damage_healed":0,"gold_gain":75,"player_choice":"Gather Gold","damage_taken":11,"max_hp_gain":0,"max_hp_loss":0,"event_name":"World of Goop","floor":8,"gold_loss":0},{"damage_healed":0,"gold_gain":0,"player_choice":"Lose Max HP","damage_taken":0,"relics_obtained":["Golden Idol"],"max_hp_gain":0,"max_hp_loss":7,"event_name":"Golden Idol","floor":12,"gold_loss":0},{"cards_removed":["Strike_B"],"damage_healed":0,"gold_gain":0,"player_choice":"Elegance","damage_taken":0,"max_hp_gain":0,"max_hp_loss":0,"event_name":"Back to Basics","floor":19,"gold_loss":0}],"is_beta":false,"boss_relics":[{"not_picked":["Black Star","Coffee Dripper"],"picked":"Astrolabe"}],"items_purged_floors":[11],"is_endless":false,"potions_floor_spawned":[2,4,18],"killed_by":"Slavers","ascension_level":20}}