{"host":"ecaj4hn004xnnrw9","time":1611072204,"event":{"mods":["AchievementEnabler","BaseMod","Better Third Choice","Card Forge","Hermit","Hubris","Infinite Spire","Jorbs\u0027s Wanderer Trilogy","Minty Spire (QoL Compilation)","Quick Restart","Relic Stats","Shop Mod","StSLib","The Construct","The Jungle","The Runesmith"],"gold_per_floor":[13,30,105,118,134,160,160,190,190,216,241,241,266,281,281,379,379,391,391,408,11,29,29,57,57,57,72,97,115,15,47,47,147,147,165,213,223,323,340,340,370,370,370,400,415,444,457,468,468,468],"floor_reached":51,"language":"ENG","playtime":2734,"items_purged":["Strike_G","Strike_G","Strike_G"],"score":1370,"play_id":"7a8e5ef6-acf6-4e81-9bc5-fac925ec15ff","local_time":"20210119160324","is_ascension_mode":true,"campfire_choices":[{"data":"Panache","floor":7,"key":"SMITH"},{"data":"1","floor":15,"key":"LIFT"},{"data":"2","floor":23,"key":"LIFT"},{"data":"3","floor":25,"key":"LIFT"},{"data":"After Image","floor":32,"key":"SMITH"},{"floor":40,"key":"REST"},{"data":"Accuracy","floor":42,"key":"SMITH"},{"data":"Burst","floor":49,"key":"SMITH"}],"circlet_count":0,"master_deck":["Strike_G","Strike_G+1","Defend_G","Defend_G","Defend_G","Defend_G","Defend_G","Survivor","Neutralize+1","Panache+1","Blade Dance","Blade Dance","Endless Agony","Acrobatics","Dagger Throw","Cloak And Dagger","Adrenaline","Adrenaline","Blade Dance","Cloak And Dagger","Accuracy+1","Cloak And Dagger","Terror","Backflip+1","Cloak And Dagger+1","Adrenaline","After Image+1","Burst+1","Blur+1","infinitespire:TheBestDefense","Backflip+1","Phantasmal Killer","Prepared+1","Choke+1","Adrenaline"],"relics":["Ring of the Snake","Hammer of Thor","Seething Fire","Anvil of the Gods","Ginger","The Specimen","Girya","Centennial Puzzle","Potion Belt","Peace Pipe","infinitespire:Cupcake","WristBlade","Frozen Eye","Boot","Mercury Hourglass","Whetstone","infinitespire:BottledMercury","SlaversCollar","Bronze Scales","infinitespire:Golems Mask","Molten Egg 2","Question Card","infinitespire:Lychee Nut"],"acts_visited":["Exordium","TheCity","TheBeyond"],"potions_floor_usage":[6,13,13,16,38,38,45,50,50,50],"damage_taken":[{"damage":0,"enemies":"2 Louse","floor":1,"turns":3},{"damage":0,"enemies":"Cultist","floor":2,"turns":3},{"damage":0,"enemies":"Small Slimes","floor":4,"turns":3},{"damage":0,"enemies":"Blue Slaver","floor":5,"turns":2},{"damage":10,"enemies":"3 Sentries","floor":6,"turns":5},{"damage":16,"enemies":"Lagavulin","floor":8,"turns":6},{"damage":12,"enemies":"3 Sentries","floor":11,"turns":4},{"damage":7,"enemies":"Lagavulin","floor":13,"turns":5},{"damage":4,"enemies":"Lots of Slimes","floor":14,"turns":2},{"damage":10,"enemies":"The Guardian","floor":16,"turns":10},{"damage":0,"enemies":"Spheric Guardian","floor":18,"turns":3},{"damage":0,"enemies":"Shell Parasite","floor":20,"turns":2},{"damage":0,"enemies":"Sentry and Sphere","floor":22,"turns":2},{"damage":2,"enemies":"Book of Stabbing","floor":24,"turns":3},{"damage":2,"enemies":"Snake Plant","floor":27,"turns":2},{"damage":0,"enemies":"Slavers","floor":28,"turns":1},{"damage":0,"enemies":"Shelled Parasite and Fungi","floor":29,"turns":1},{"damage":8,"enemies":"Nightmare","floor":31,"turns":3},{"damage":0,"enemies":"Collector","floor":33,"turns":4},{"damage":0,"enemies":"3 Shapes","floor":35,"turns":1},{"damage":0,"enemies":"Orb Walker","floor":37,"turns":2},{"damage":0,"enemies":"infinitespire:Three Voidlings","floor":38,"turns":2},{"damage":41,"enemies":"Nightmare_Alpha","floor":38,"turns":9},{"damage":0,"enemies":"3 Darklings","floor":39,"turns":1},{"damage":10,"enemies":"Nightmare","floor":41,"turns":7},{"damage":0,"enemies":"Nemesis","floor":44,"turns":3},{"damage":0,"enemies":"Spire Growth","floor":45,"turns":1},{"damage":0,"enemies":"Giant Head","floor":46,"turns":2},{"damage":2,"enemies":"Jaw Worm Horde","floor":47,"turns":2},{"damage":0,"enemies":"Sphere and 2 Shapes","floor":48,"turns":3},{"damage":0,"enemies":"Donu and Deca","floor":50,"turns":3}],"seed_played":"-6945521498009177711","potions_obtained":[{"floor":4,"key":"Regen Potion"},{"floor":5,"key":"Energy Potion"},{"floor":8,"key":"Weak Potion"},{"floor":11,"key":"Fire Potion"},{"floor":14,"key":"FearPotion"},{"floor":18,"key":"CultistPotion"},{"floor":20,"key":"LiquidMemories"},{"floor":28,"key":"Dexterity Potion"},{"floor":31,"key":"SkillPotion"},{"floor":39,"key":"Block Potion"},{"floor":46,"key":"Dexterity Potion"}],"is_trial":false,"path_per_floor":["M","M","?","M","M","E","R","E","T","T","E","?","E","M","R","B",null,"M","AVR","M","$","M","R","E","R","T","M","E","M","$","NM","R","B",null,"M","T","M","?","M","R","NM","R","T","E","M","E","M","M","R","B",null],"character_chosen":"THE_SILENT","items_purchased":["Accuracy","Cloak And Dagger","Terror","Frozen Eye"],"campfire_rested":1,"item_purchase_floors":[21,21,21,21],"current_hp_per_floor":[63,63,52,52,52,54,54,38,38,38,26,49,42,38,38,28,60,60,60,60,60,60,60,58,58,58,56,56,56,56,48,48,48,65,65,65,65,24,24,45,35,35,35,35,35,35,36,41,41,46],"gold":468,"neow_bonus":"RANDOM_COLORLESS_2","is_daily":false,"chose_seed":false,"campfire_upgraded":4,"win_rate":0.0,"timestamp":1611072204,"path_taken":["M","M","?","M","M","E","R","E","T","?","E","?","E","?","R","BOSS","M","AVR","M","?","M","R","E","R","T","M","E","M","$","NM","R","BOSS","M","?","M","?","M","R","NM","R","T","E","M","E","M","?","R","BOSS"],"items_purchased_type":["Card","Card","Card","Relic"],"build_version":"2020-12-22","purchased_purges":3,"victory":true,"max_hp_per_floor":[70,70,70,70,70,70,70,70,70,70,70,70,70,70,70,70,70,70,70,70,70,70,70,70,70,70,70,70,70,70,70,70,70,70,70,70,70,70,70,70,70,70,70,70,70,52,52,52,52,52],"relic_stats":{"Peace Pipe":0,"Centennial Puzzle":[31],"counters":[31,99],"Bronze Scales":[112],"Ginger":[2],"Whetstone":["Strike_G","Neutralize"],"Boot":[11],"Question Card":5,"obtain_stats":[{"Potion Belt":11,"Girya":9,"infinitespire:BottledMercury":31,"The Specimen":8,"Hammer of Thor":0,"Seething Fire":0,"Ginger":6,"Whetstone":28,"Boot":24,"Question Card":44,"Mercury Hourglass":26,"Peace Pipe":13,"Frozen Eye":21,"SlaversCollar":34,"Centennial Puzzle":10,"WristBlade":19,"Anvil of the Gods":0,"infinitespire:Lychee Nut":46,"Bronze Scales":36,"infinitespire:Golems Mask":38,"Molten Egg 2":41,"Ring of the Snake":0,"infinitespire:Cupcake":17},{"Potion Belt":7,"Girya":6,"infinitespire:BottledMercury":18,"The Specimen":6,"Hammer of Thor":0,"Seething Fire":0,"Ginger":5,"Whetstone":16,"Boot":14,"Question Card":26,"Mercury Hourglass":14,"Peace Pipe":8,"Frozen Eye":12,"SlaversCollar":19,"Centennial Puzzle":6,"WristBlade":11,"Anvil of the Gods":0,"infinitespire:Lychee Nut":28,"Bronze Scales":20,"infinitespire:Golems Mask":23,"Molten Egg 2":25,"Ring of the Snake":0,"infinitespire:Cupcake":10},{"Potion Belt":26,"Girya":22,"infinitespire:BottledMercury":60,"The Specimen":22,"Hammer of Thor":0,"Seething Fire":0,"Ginger":16,"Whetstone":56,"Boot":53,"Question Card":88,"Mercury Hourglass":53,"Peace Pipe":31,"Frozen Eye":48,"SlaversCollar":63,"Centennial Puzzle":22,"WristBlade":46,"Anvil of the Gods":0,"infinitespire:Lychee Nut":91,"Bronze Scales":64,"infinitespire:Golems Mask":77,"Molten Egg 2":85,"Ring of the Snake":0,"infinitespire:Cupcake":43}],"Ring of the Snake":[63],"Mercury Hourglass":[122]},"card_choices":[{"not_picked":["Secret Technique","Secret Weapon"],"picked":"Panache","floor":0},{"not_picked":["Dagger Throw","Quick Slash"],"picked":"Blade Dance","floor":1},{"not_picked":["Leg Sweep","Slice"],"picked":"Blade Dance","floor":2},{"not_picked":["Underhanded Strike","Deflect"],"picked":"Endless Agony","floor":4},{"not_picked":["Underhanded Strike","Bullet Time"],"picked":"Acrobatics","floor":5},{"not_picked":["Slice","Calculated Gamble"],"picked":"Dagger Throw","floor":6},{"not_picked":["Underhanded Strike","Skewer","Well Laid Plans"],"picked":"SKIP","floor":8},{"not_picked":["Infinite Blades","Escape Plan"],"picked":"Cloak And Dagger","floor":11},{"not_picked":["PiercingWail","Tactician"],"picked":"Adrenaline","floor":13},{"not_picked":["Poisoned Stab","Deadly Poison","Dodge and Roll"],"picked":"SKIP","floor":14},{"not_picked":["Doppelganger","Malaise"],"picked":"Adrenaline","floor":16},{"not_picked":["Dagger Throw","Flying Knee"],"picked":"Blade Dance","floor":18},{"not_picked":["PiercingWail","Setup"],"picked":"Cloak And Dagger","floor":20},{"not_picked":["Skewer","Deflect"],"picked":"Backflip+1","floor":22},{"not_picked":["Skewer","Dodge and Roll"],"picked":"Cloak And Dagger+1","floor":24},{"not_picked":["Skewer","Dagger Spray","Riddle With Holes"],"picked":"SKIP","floor":27},{"not_picked":["Calculated Gamble","Backflip+1"],"picked":"Adrenaline","floor":28},{"not_picked":["Terror","Backflip","Dagger Spray"],"picked":"SKIP","floor":29},{"not_picked":["Catalyst+1","Slice"],"picked":"After Image","floor":31},{"not_picked":["Bullet Time","Corpse Explosion"],"picked":"Burst","floor":33},{"not_picked":["Flying Knee","Reflex+1","Tactician+1"],"picked":"SKIP","floor":35},{"not_picked":["Predator+1","Outmaneuver+1"],"picked":"Blur+1","floor":37},{"not_picked":["infinitespire:Fortify","infinitespire:DeathsTouch"],"picked":"infinitespire:TheBestDefense","floor":38},{"not_picked":["Blade Dance","Acrobatics"],"picked":"Backflip+1","floor":38},{"not_picked":["Finisher+1","Deadly Poison","Crippling Poison"],"picked":"SKIP","floor":39},{"not_picked":["Bouncing Flask","Outmaneuver"],"picked":"Phantasmal Killer","floor":41},{"not_picked":["Outmaneuver+1","Endless Agony+1"],"picked":"Prepared+1","floor":44},{"not_picked":["hubris:SlightOfHand","Flechettes+1","Predator+1","Terror"],"picked":"SKIP","floor":45},{"not_picked":["Bane+1","Sucker Punch+1","Outmaneuver"],"picked":"Choke+1","floor":46},{"not_picked":["Quick Slash+1","Crippling Poison","Backflip+1","Well Laid Plans+1"],"picked":"SKIP","floor":47},{"not_picked":["Dash+1","Catalyst","Quick Slash+1"],"picked":"Adrenaline","floor":48}],"player_experience":373865,"relics_obtained":[{"floor":6,"key":"Ginger"},{"floor":8,"key":"The Specimen"},{"floor":9,"key":"Girya"},{"floor":10,"key":"Centennial Puzzle"},{"floor":11,"key":"Potion Belt"},{"floor":13,"key":"Peace Pipe"},{"floor":24,"key":"Boot"},{"floor":26,"key":"Mercury Hourglass"},{"floor":28,"key":"Whetstone"},{"floor":31,"key":"infinitespire:BottledMercury"},{"floor":36,"key":"Bronze Scales"},{"floor":38,"key":"infinitespire:Golems Mask"},{"floor":41,"key":"Molten Egg 2"},{"floor":44,"key":"Question Card"},{"floor":46,"key":"infinitespire:Lychee Nut"}],"event_choices":[{"damage_healed":0,"gold_gain":75,"player_choice":"Gold","damage_taken":11,"max_hp_gain":0,"max_hp_loss":0,"event_name":"betterThird:BetterGoop","floor":3,"gold_loss":0},{"damage_healed":23,"gold_gain":0,"player_choice":"Banana","damage_taken":0,"max_hp_gain":0,"max_hp_loss":0,"event_name":"Big Fish","floor":12,"gold_loss":0}],"is_beta":false,"boss_relics":[{"not_picked":["Tiny House","Runic Dome"],"picked":"infinitespire:Cupcake"},{"not_picked":["Cursed Key","hubris:TerracottaHorce"],"picked":"SlaversCollar"}],"items_purged_floors":[19,21,30],"is_endless":false,"potions_floor_spawned":[4,5,8,11,14,18,20,28,31,35,37,39,46],"ascension_level":6}}