{"host":"ckaco0f0uooj3awm","time":1611046435,"event":{"mods":["AchievementEnabler","BaseMod","Bestiary","Block Reminder","Colored Map","Colored Powertips","Highlight Path","Minty Spire (QoL Compilation)","Permanent Neow","Relic Stats"],"gold_per_floor":[119,135,135,152,152,152,152],"floor_reached":6,"language":"ENG","playtime":625,"items_purged":[],"score":45,"play_id":"9f332087-014c-4ebc-b748-66db32ed2744","local_time":"20210119095355","is_ascension_mode":true,"campfire_choices":[],"circlet_count":0,"master_deck":["Strike_R","Strike_R","Strike_R","Strike_R","Strike_R","Defend_R+1","Defend_R","Defend_R+1","Defend_R","Bash","Headbutt","Shrug It Off","Armaments"],"relics":["Philosopher\u0027s Stone","Gambling Chip"],"acts_visited":["Exordium"],"potions_floor_usage":[],"damage_taken":[{"damage":3,"enemies":"Small Slimes","floor":1,"turns":4},{"damage":8,"enemies":"Jaw Worm","floor":2,"turns":2},{"damage":0,"enemies":"Cultist","floor":4,"turns":2},{"damage":47,"enemies":"Gremlin Nob","floor":6,"turns":4}],"seed_played":"-2422292413396385279","potions_obtained":[{"floor":2,"key":"Regen Potion"},{"floor":4,"key":"LiquidBronze"}],"is_trial":false,"path_per_floor":["M","M","?","M","?","E"],"character_chosen":"IRONCLAD","items_purchased":[],"campfire_rested":0,"item_purchase_floors":[],"current_hp_per_floor":[77,69,53,53,41,0,0],"gold":152,"neow_bonus":"BOSS_RELIC","is_daily":false,"chose_seed":false,"campfire_upgraded":0,"win_rate":0.0,"timestamp":1611046435,"path_taken":["M","M","?","M","?","E"],"items_purchased_type":[],"build_version":"2020-12-22","purchased_purges":0,"victory":false,"max_hp_per_floor":[80,80,80,80,80,80,80],"relic_stats":{"counters":[4,12],"Gambling Chip":[5],"obtain_stats":[{"Gambling Chip":5,"Philosopher\u0027s Stone":0,"Burning Blood":0},{"Gambling Chip":3,"Philosopher\u0027s Stone":0,"Burning Blood":0},{"Gambling Chip":8,"Philosopher\u0027s Stone":0,"Burning Blood":0}]},"card_choices":[{"not_picked":["Flex","Thunderclap"],"picked":"Headbutt","floor":1},{"not_picked":["Thunderclap","Wild Strike"],"picked":"Shrug It Off","floor":2},{"not_picked":["Impervious","Warcry"],"picked":"Armaments","floor":4}],"player_experience":248627,"relics_obtained":[],"event_choices":[{"damage_healed":0,"gold_gain":0,"player_choice":"Entered Light","damage_taken":16,"max_hp_gain":0,"max_hp_loss":0,"event_name":"Shining Light","floor":3,"gold_loss":0,"cards_upgraded":["Defend_R","Defend_R"]},{"damage_healed":0,"gold_gain":0,"player_choice":"Success","damage_taken":12,"relics_obtained":["Gambling Chip"],"max_hp_gain":0,"max_hp_loss":0,"event_name":"Scrap Ooze","floor":5,"gold_loss":0}],"is_beta":false,"boss_relics":[],"items_purged_floors":[],"is_endless":false,"potions_floor_spawned":[2,4],"killed_by":"Gremlin Nob","ascension_level":5}}