{"host":"yuhy0i501zzmn1iz","time":1611077611,"event":{"mods":["AchievementEnabler","AlwaysNeverKeys","BaseMod","Bestiary","Better Match","Better Third Choice","Curses Come First","Downfall","Minty Spire (QoL Compilation)","StSLib","slay the spire mod where everything is the same but ironclad has a cowboy hat"],"gold_per_floor":[112,78,95,95,60,60,87,97,120,120,120,136,136,165,165,270,270,240,6,26,26,37,37,62,79,79,104,104,104,115,147,147,147,147],"floor_reached":33,"language":"ENG","playtime":1736,"items_purged":["Strike_R"],"score":391,"play_id":"227fd737-5c3e-4283-843a-cf4e58ff5600","local_time":"20210119123331","is_ascension_mode":true,"campfire_choices":[{"data":"Power Through","floor":6,"key":"SMITH"},{"floor":11,"key":"REST"},{"data":"True Grit","floor":13,"key":"SMITH"},{"data":"Rampage","floor":15,"key":"SMITH"},{"data":"Dramatic Entrance","floor":23,"key":"SMITH"},{"data":"Whirlwind","floor":28,"key":"SMITH"},{"data":"Seeing Red","floor":32,"key":"SMITH"}],"circlet_count":0,"master_deck":["Strike_R","Strike_R","Strike_R","Defend_R","Defend_R","Defend_R","Defend_R","Bash","Reaper","Rampage+1","Body Slam","Power Through+1","True Grit+1","Metallicize","Inflame","Exhume","Flex+1","Dramatic Entrance+1","Second Wind+1","Clash","Uppercut","Feel No Pain","Whirlwind+1","Seeing Red+1","Reckless Charge+1","Dual Wield"],"relics":["Burning Blood","betterThird:SlimedRelic","Potion Belt","Kunai","Juzu Bracelet","HornCleat","Sozu","Membership Card","Sundial","Paper Frog","Ancient Tea Set","Smiling Mask"],"acts_visited":["Exordium","TheCity"],"potions_floor_usage":[14,16,16],"damage_taken":[{"damage":14,"enemies":"Small Slimes","floor":1,"turns":3},{"damage":0,"enemies":"Jaw Worm","floor":3,"turns":3},{"damage":52,"enemies":"Lagavulin","floor":7,"turns":8},{"damage":9,"enemies":"Cultist","floor":8,"turns":4},{"damage":1,"enemies":"2 Fungi Beasts","floor":12,"turns":4},{"damage":22,"enemies":"3 Sentries","floor":14,"turns":9},{"damage":28,"enemies":"Slime Boss","floor":16,"turns":12},{"damage":35,"enemies":"2 Thieves","floor":18,"turns":5},{"damage":13,"enemies":"Shell Parasite","floor":20,"turns":7},{"damage":11,"enemies":"Cultist and Chosen","floor":22,"turns":9},{"damage":13,"enemies":"Book of Stabbing","floor":24,"turns":6},{"damage":24,"enemies":"Chosen and Byrds","floor":25,"turns":5},{"damage":8,"enemies":"Gremlin Leader","floor":27,"turns":6},{"damage":4,"enemies":"Centurion and Healer","floor":30,"turns":5},{"damage":42,"enemies":"Slavers","floor":31,"turns":5},{"damage":62,"enemies":"Collector","floor":33,"turns":5}],"seed_played":"-8478571001174040768","potions_obtained":[{"floor":1,"key":"SteroidPotion"},{"floor":8,"key":"Weak Potion"},{"floor":14,"key":"Strength Potion"}],"is_trial":false,"path_per_floor":["M","?","M","?","$","R","E","M","T","?","R","M","R","E","R","B",null,"M","$","M","?","M","R","E","M","T","E","R","?","M","E","R","B"],"character_chosen":"IRONCLAD","items_purchased":["Power Through","Membership Card","Dramatic Entrance"],"campfire_rested":1,"item_purchase_floors":[5,19,19],"current_hp_per_floor":[76,65,71,64,64,64,21,22,22,14,38,51,51,47,47,31,68,51,51,44,44,45,45,38,35,35,63,63,63,69,48,48,0,0],"gold":147,"neow_bonus":"ONE_RANDOM_RARE_CARD","is_daily":false,"chose_seed":false,"campfire_upgraded":6,"win_rate":0.0,"timestamp":1611077611,"path_taken":["M","?","M","?","?","R","E","?","T","?","R","M","R","E","R","BOSS","M","$","M","?","M","R","E","M","T","E","R","?","M","E","R","BOSS"],"items_purchased_type":["Card","Relic","Card"],"build_version":"2020-12-22","purchased_purges":1,"victory":false,"max_hp_per_floor":[80,80,80,80,80,80,80,80,80,80,80,80,80,80,80,80,80,80,80,80,80,80,80,80,80,80,80,80,80,80,80,80,80,80],"card_choices":[{"not_picked":["Sever Soul","Twin Strike"],"picked":"Rampage","floor":1},{"not_picked":["Clothesline","Dual Wield"],"picked":"Body Slam","floor":3},{"not_picked":["Pommel Strike","Sever Soul"],"picked":"True Grit","floor":7},{"not_picked":["Clash","Thunderclap","Clothesline"],"picked":"SKIP","floor":8},{"not_picked":["Intimidate","Thunderclap"],"picked":"Metallicize","floor":12},{"not_picked":["True Grit","Exhume"],"picked":"Inflame","floor":14},{"not_picked":["Offering","Reaper"],"picked":"Exhume","floor":16},{"not_picked":["Twin Strike","Havoc"],"picked":"Flex+1","floor":18},{"not_picked":["Anger","Heavy Blade"],"picked":"Second Wind+1","floor":20},{"not_picked":["Iron Wave","Dual Wield"],"picked":"Clash","floor":22},{"not_picked":["Brutality","Havoc"],"picked":"Uppercut","floor":24},{"not_picked":["Iron Wave","Flex"],"picked":"Feel No Pain","floor":25},{"not_picked":["Thunderclap","Rupture"],"picked":"Whirlwind","floor":27},{"not_picked":["Anger","Clash+1"],"picked":"Reckless Charge+1","floor":30},{"not_picked":["Bloodletting","Exhume"],"picked":"Dual Wield","floor":31}],"player_experience":303631,"relics_obtained":[{"floor":7,"key":"Kunai"},{"floor":9,"key":"Juzu Bracelet"},{"floor":14,"key":"HornCleat"},{"floor":24,"key":"Sundial"},{"floor":26,"key":"Paper Frog"},{"floor":27,"key":"Ancient Tea Set"},{"floor":31,"key":"Smiling Mask"}],"event_choices":[{"damage_healed":0,"gold_gain":0,"player_choice":"Slimed","damage_taken":11,"max_hp_gain":0,"max_hp_loss":0,"event_name":"betterThird:BetterGoop","floor":2,"gold_loss":34},{"damage_healed":0,"gold_gain":0,"player_choice":"Relic ","damage_taken":7,"max_hp_gain":0,"max_hp_loss":0,"event_name":"betterThird:BetterScrap","floor":4,"gold_loss":0,"cards_obtained":["Reinforced Body"]},{"damage_healed":0,"gold_gain":0,"player_choice":"Damaged","damage_taken":8,"max_hp_gain":0,"max_hp_loss":0,"event_name":"Wheel of Change","floor":10,"gold_loss":0},{"cards_removed":["Strike_R"],"damage_healed":0,"gold_gain":0,"player_choice":"Purged","damage_taken":0,"max_hp_gain":0,"max_hp_loss":0,"event_name":"Purifier","floor":21,"gold_loss":0},{"damage_healed":0,"gold_gain":0,"player_choice":"Read","damage_taken":0,"max_hp_gain":0,"max_hp_loss":0,"event_name":"The Library","floor":29,"gold_loss":0,"cards_obtained":["Seeing Red"]}],"is_beta":false,"boss_relics":[{"not_picked":["Calling Bell","Runic Pyramid"],"picked":"Sozu"}],"items_purged_floors":[19],"is_endless":false,"potions_floor_spawned":[1,8,14,18,22,25],"killed_by":"Collector","ascension_level":5}}