{"host":"rewczy2ihmzhwqlt","time":1611072108,"event":{"mods":["2.2 Compatiblity","Act Like it!","BaseMod","Gensokyo","Minty Spire (QoL Compilation)","Permanent Neow","Quick Restart","Rare Cards Sparkle","StSLib"],"gold_per_floor":[118,138,218,218,235,270,288,314,314,314,340,354,262,294,294,697,697,907,907,907,1007,1007,1007,1025,354,354,386,416,428,470,501,513,620,632,658,688,713,725,737,777,789,812,824,836,863,875,887,83,83,83],"floor_reached":51,"language":"ZHS","playtime":3419,"items_purged":["Strike_P","CutThroughFate"],"score":1213,"play_id":"a42e5c53-194e-4711-942d-9fe1009bae89","local_time":"20210120000148","is_ascension_mode":true,"campfire_choices":[{"data":"Ragnarok","floor":15.0,"key":"SMITH"},{"data":"TalkToTheHand","floor":23.0,"key":"SMITH"},{"data":"Fasting2","floor":32.0,"key":"SMITH"},{"data":"CrushJoints","floor":41.0,"key":"SMITH"},{"data":"Ragnarok","floor":49,"key":"SMITH"}],"circlet_count":0,"master_deck":["AscendersBane","Defend_P","Defend_P","Defend_P","Defend_P","Eruption","Vigilance","CrushJoints+1","Ragnarok+1","TalkToTheHand+1","Ragnarok","Ragnarok+1","Fasting2+1","WreathOfFlame+1","Vault","Swivel","EmptyMind+1","InnerPeace","Gensokyo:LifeSpringInfinity+1","DevaForm","Wallop+1","Adaptation"],"relics":["Snecko Eye","Pear","Meat on the Bone","Question Card","TungstenRod","Lantern","Regal Pillow","VioletLotus","Unceasing Top","Ginger","Thread and Needle","Art of War","Orrery","MawBank","Gensokyo:ConquerorOfFear","Shuriken","Cursed Key","Gensokyo:TheCrow","HornCleat","Lee\u0027s Waffle","Toy Ornithopter","GoldenEye"],"acts_visited":["Exordium","Gensokyo:Gensokyo","Gensokyo:Gensokyoer"],"potions_floor_usage":[50,50,50],"damage_taken":[{"damage":3.0,"enemies":"Gensokyo:Gryphon","floor":1.0,"turns":3.0},{"damage":0.0,"enemies":"Gensokyo:3_Fairies","floor":2.0,"turns":4.0},{"damage":0.0,"enemies":"Gensokyo:Python","floor":5.0,"turns":3.0},{"damage":8.0,"enemies":"Gensokyo:Aya","floor":6.0,"turns":7.0},{"damage":0.0,"enemies":"Gensokyo:VengefulSpirit","floor":7.0,"turns":2.0},{"damage":32.0,"enemies":"Gensokyo:Cirno","floor":8.0,"turns":5.0},{"damage":0.0,"enemies":"Gensokyo:Aya","floor":11.0,"turns":1.0},{"damage":0.0,"enemies":"Gensokyo:5_Fairies","floor":12.0,"turns":4.0},{"damage":10.0,"enemies":"Gensokyo:Mamizou","floor":14.0,"turns":12.0},{"damage":43.0,"enemies":"Gensokyo:Reimu","floor":16.0,"turns":6.0},{"damage":25.0,"enemies":"Gensokyo:3_Dogs","floor":18.0,"turns":5.0},{"damage":0.0,"enemies":"Gensokyo:3_Dogs","floor":21.0,"turns":2.0},{"damage":14.0,"enemies":"Gensokyo:AngelMirror","floor":24.0,"turns":2.0},{"damage":9.0,"enemies":"Gensokyo:Slime_Group","floor":27.0,"turns":4.0},{"damage":0.0,"enemies":"Gensokyo:Swordslinger","floor":28.0,"turns":2.0},{"damage":1.0,"enemies":"Gensokyo:Tenshi","floor":30.0,"turns":3.0},{"damage":5.0,"enemies":"Gensokyo:Wraith","floor":31.0,"turns":4.0},{"damage":42.0,"enemies":"Gensokyo:Eternal_Rivals","floor":33.0,"turns":7.0},{"damage":0.0,"enemies":"Gensokyo:AncientGuardian","floor":35.0,"turns":2.0},{"damage":0.0,"enemies":"Gensokyo:3_Bats","floor":36.0,"turns":4.0},{"damage":0.0,"enemies":"Gensokyo:3_Boulders","floor":37.0,"turns":3.0},{"damage":12.0,"enemies":"Gensokyo:3_Boulders","floor":38.0,"turns":5.0},{"damage":6.0,"enemies":"Gensokyo:Marisa","floor":40.0,"turns":3.0},{"damage":4.0,"enemies":"Gensokyo:SeedOfUnknown","floor":42.0,"turns":3.0},{"damage":0,"enemies":"Gensokyo:AtlasGolem","floor":45,"turns":2},{"damage":12,"enemies":"Gensokyo:Shinki","floor":50,"turns":4}],"seed_played":"-2274770829780320618","potions_obtained":[{"floor":2.0,"key":"SteroidPotion"},{"floor":5.0,"key":"SteroidPotion"},{"floor":16.0,"key":"SteroidPotion"},{"floor":27.0,"key":"SteroidPotion"},{"floor":30.0,"key":"Dexterity Potion"},{"floor":33.0,"key":"BlessingOfTheForge"},{"floor":35.0,"key":"EssenceOfSteel"},{"floor":45,"key":"Strength Potion"}],"is_trial":false,"path_per_floor":["M","M","?","T","M","E","M","E","T","?","E","M","COS","E","R","B",null,"M","?","?","?","?","R","M","$","T","M","M","?","E","M","R","B",null,"M","M","M","?","?","E","R","M","T","?","M","?","?","$","R","B",null],"character_chosen":"WATCHER","items_purchased":["Thread and Needle","Art of War","Orrery","Lee\u0027s Waffle","Toy Ornithopter","Adaptation","DuplicationPotion","GoldenEye"],"campfire_rested":0,"item_purchase_floors":[25,25,25,48,48,48,48,48],"current_hp_per_floor":[62,62,62,72,72,64,64,44,44,44,44,44,44,46,46,15,65,52,52,52,52,52,52,50,50,50,53,53,53,52,47,47,17,66,66,66,66,66,66,60,60,56,56,45,45,45,45,89,89,89],"gold":83,"neow_bonus":"BOSS_RELIC","is_daily":false,"chose_seed":false,"campfire_upgraded":5,"win_rate":0.0,"timestamp":1611072108,"path_taken":["M","?","?","?","?","E","?","E","T","?","E","M","COS","E","R","BOSS","M","?","?","?","?","R","M","$","T","M","M","?","E","M","R","BOSS","M","M","M","?","?","E","R","?","T","?","M","?","?","?","R","BOSS"],"items_purchased_type":["Relic","Relic","Relic","Relic","Relic","Card","Potion","Relic"],"build_version":"2020-12-22","purchased_purges":2,"victory":true,"max_hp_per_floor":[72,72,72,82,82,82,82,82,82,82,82,82,82,82,82,82,82,82,82,82,82,82,82,82,82,82,82,82,82,82,82,82,82,82,82,82,82,82,82,82,82,82,82,82,82,82,82,89,89,89],"card_choices":[{"not_picked":["ClearTheMind","Perseverance"],"picked":"CrushJoints","floor":1.0},{"not_picked":["ThirdEye","BowlingBash","JustLucky"],"picked":"SKIP","floor":2.0},{"not_picked":["Prostrate","FlurryOfBlows"],"picked":"CutThroughFate","floor":5.0},{"not_picked":["BattleHymn","ForeignInfluence"],"picked":"Ragnarok","floor":6.0},{"not_picked":["Crescendo","Protect","BowlingBash"],"picked":"SKIP","floor":7.0},{"not_picked":["WreathOfFlame","SashWhip"],"picked":"TalkToTheHand","floor":8.0},{"not_picked":["FollowUp","DeceiveReality","Collect","CutThroughFate"],"picked":"SKIP","floor":11.0},{"not_picked":["Crescendo","FlyingSleeves","BowlingBash","Indignation"],"picked":"SKIP","floor":12.0},{"not_picked":["FearNoEvil","CrushJoints","SandsOfTime"],"picked":"Ragnarok","floor":14.0},{"not_picked":["Devotion","Scrawl","Establishment"],"picked":"Ragnarok","floor":16.0},{"not_picked":["SashWhip+1","Study","Evaluate","BowlingBash+1"],"picked":"SKIP","floor":18.0},{"not_picked":["Establishment","SandsOfTime","EmptyBody"],"picked":"Fasting2","floor":24.0},{"not_picked":["FlyingSleeves","JustLucky","PathToVictory"],"picked":"WreathOfFlame+1","floor":25.0},{"not_picked":["Protect","BattleHymn+1","ClearTheMind"],"picked":"Vault","floor":25.0},{"not_picked":["Conclude","Evaluate+1","WindmillStrike"],"picked":"Swivel","floor":25.0},{"not_picked":["ClearTheMind","Crescendo","SashWhip+1","BowlingBash+1"],"picked":"SKIP","floor":27.0},{"not_picked":["Vengeance","Weave","Prostrate"],"picked":"EmptyMind+1","floor":28.0},{"not_picked":["ClearTheMind","Halt","EmptyBody"],"picked":"InnerPeace","floor":30.0},{"not_picked":["FollowUp+1","FlyingSleeves","ClearTheMind","Protect"],"picked":"SKIP","floor":31.0},{"not_picked":["Sanctity","Evaluate","CarveReality+1","ForeignInfluence"],"picked":"SKIP","floor":35.0},{"not_picked":["Tantrum","PathToVictory","SandsOfTime","EmptyBody+1"],"picked":"SKIP","floor":36.0},{"not_picked":["ClearTheMind","BowlingBash","Conclude","Consecrate"],"picked":"SKIP","floor":37.0},{"not_picked":["Gensokyo:UnlikelyAid+1","Gensokyo:MorningStar+1"],"picked":"Gensokyo:LifeSpringInfinity+1","floor":38.0},{"not_picked":["SashWhip+1","InnerPeace+1","Adaptation"],"picked":"DevaForm","floor":40.0},{"not_picked":["FlyingSleeves","ClearTheMind","Consecrate+1"],"picked":"Wallop+1","floor":42.0},{"not_picked":["CutThroughFate","ClearTheMind+1","ReachHeaven","EmptyFist"],"picked":"SKIP","floor":45}],"player_experience":593968,"relics_obtained":[{"floor":4.0,"key":"Pear"},{"floor":6.0,"key":"Meat on the Bone"},{"floor":8.0,"key":"Potion Belt"},{"floor":9.0,"key":"Question Card"},{"floor":11.0,"key":"TungstenRod"},{"floor":14.0,"key":"Lantern"},{"floor":21.0,"key":"Unceasing Top"},{"floor":21.0,"key":"Ginger"},{"floor":26.0,"key":"MawBank"},{"floor":30.0,"key":"Gensokyo:ConquerorOfFear"},{"floor":30.0,"key":"Shuriken"},{"floor":40.0,"key":"HornCleat"}],"event_choices":[],"is_beta":false,"boss_relics":[{"not_picked":["Runic Pyramid","SacredBark"],"picked":"VioletLotus"},{"not_picked":["Sozu","Busted Crown"],"picked":"Cursed Key"}],"items_purged_floors":[25,48],"is_endless":false,"potions_floor_spawned":[2,5,16,27,30,33,35,42,45],"ascension_level":11}}