{"host":"8f5cu9y0fpol72qs","time":1611091487,"event":{"mods":["AlwaysNeverKeys","BaseMod","Colored Map","Colored Powertips","Curses Come First","Highlight Path","Key Reminder","Minty Spire (QoL Compilation)","StSLib"],"gold_per_floor":[116,131,144,0,0,27,27,54,136,61,80,80,80,106,106,106,106],"floor_reached":16,"language":"ENG","playtime":835,"items_purged":["Strike_B"],"score":184,"play_id":"69830133-13a9-4411-8b97-50a5289e7930","local_time":"20210119132447","is_ascension_mode":true,"campfire_choices":[{"floor":7.0,"key":"REST"},{"floor":15,"key":"REST"}],"circlet_count":0,"master_deck":["AscendersBane","Strike_B","Strike_B+1","Defend_B","Defend_B","Defend_B","Defend_B","Zap","Dualcast+1","Coolheaded","Doom and Gloom","Self Repair","Recycle","Cold Snap","Self Repair","Ball Lightning"],"relics":["Cracked Core","Dream Catcher","OrangePellets","Dead Branch","Tiny Chest","Cables","Shuriken","Bag of Preparation"],"acts_visited":["Exordium"],"potions_floor_usage":[16],"damage_taken":[{"damage":6.0,"enemies":"Cultist","floor":1.0,"turns":3.0},{"damage":3.0,"enemies":"Small Slimes","floor":2.0,"turns":4.0},{"damage":7.0,"enemies":"Jaw Worm","floor":3.0,"turns":2.0},{"damage":26.0,"enemies":"Gremlin Nob","floor":6.0,"turns":4.0},{"damage":28.0,"enemies":"3 Sentries","floor":8.0,"turns":7.0},{"damage":0,"enemies":"Looter","floor":11,"turns":4},{"damage":37,"enemies":"Hexaghost","floor":16,"turns":10}],"seed_played":"-3354153025622975524","potions_obtained":[{"floor":2.0,"key":"SneckoOil"},{"floor":11,"key":"ColorlessPotion"}],"is_trial":false,"path_per_floor":["M","M","M","$","?","E","R","E","T","$","M","?","?","T","R","B"],"character_chosen":"DEFECT","items_purchased":["OrangePellets"],"campfire_rested":2,"item_purchase_floors":[4],"current_hp_per_floor":[58,55,48,48,34,15,36,15,15,15,22,22,10,10,31,0,0],"gold":106,"neow_bonus":"RANDOM_COMMON_RELIC","is_daily":false,"chose_seed":false,"campfire_upgraded":0,"win_rate":0.0,"timestamp":1611091487,"path_taken":["M","M","M","?","?","E","R","E","T","$","?","?","?","?","R","BOSS"],"items_purchased_type":["Relic"],"build_version":"2020-12-22","purchased_purges":1,"victory":false,"max_hp_per_floor":[71,71,71,71,71,71,71,71,71,71,71,71,71,71,71,71,71],"card_choices":[{"not_picked":["Steam","Leap"],"picked":"Coolheaded","floor":1.0},{"not_picked":["Storm","Streamline"],"picked":"Doom and Gloom","floor":2.0},{"not_picked":["Gash","Barrage"],"picked":"Self Repair","floor":3.0},{"not_picked":["Scrape","Coolheaded"],"picked":"Recycle","floor":6.0},{"not_picked":["Turbo","Machine Learning"],"picked":"Cold Snap","floor":7.0},{"not_picked":["Rebound","Doom and Gloom","Compile Driver"],"picked":"SKIP","floor":8.0},{"not_picked":["Fusion","Aggregate"],"picked":"Self Repair","floor":11},{"not_picked":["Doom and Gloom","Sweeping Beam"],"picked":"Ball Lightning","floor":15}],"player_experience":836538,"relics_obtained":[{"floor":6.0,"key":"Dead Branch"},{"floor":8.0,"key":"Tiny Chest"},{"floor":9.0,"key":"Cables"},{"floor":14,"key":"Bag of Preparation"}],"event_choices":[{"damage_healed":0.0,"max_hp_gain":0.0,"max_hp_loss":0.0,"gold_gain":0.0,"event_name":"Shining Light","player_choice":"Entered Light","floor":5.0,"gold_loss":0.0,"damage_taken":14.0,"cards_upgraded":["Dualcast","Strike_B"]},{"cards_removed":["Strike_B"],"damage_healed":0,"gold_gain":0,"player_choice":"Forget","damage_taken":0,"max_hp_gain":0,"max_hp_loss":0,"event_name":"Living Wall","floor":12,"gold_loss":0},{"damage_healed":0,"gold_gain":0,"player_choice":"Success","damage_taken":12,"relics_obtained":["Shuriken"],"max_hp_gain":0,"max_hp_loss":0,"event_name":"Scrap Ooze","floor":13,"gold_loss":0}],"is_beta":false,"boss_relics":[],"items_purged_floors":[10],"is_endless":false,"potions_floor_spawned":[2,11],"killed_by":"Hexaghost","ascension_level":14}}