{"host":"gc0hqzwg2gd3zszy","time":1611041066,"event":{"mods":["BaseMod","DeckTracker","Minty Spire (QoL Compilation)","Relic Stats","SuperFastMode"],"gold_per_floor":[115,115,190,190,204,204,233,233,233,259,274,289,301,19,19,91,91,107,22,55,55,70,96,96,113,113,131,12,12,27,27,27,27,27],"floor_reached":33,"language":"KOR","playtime":1544,"items_purged":[],"score":550,"play_id":"2a605b0f-e282-432b-a0d4-d57da6d5771c","local_time":"20210119162426","is_ascension_mode":true,"campfire_choices":[{"data":"Terror","floor":6,"key":"SMITH"},{"data":"Neutralize","floor":8,"key":"SMITH"},{"floor":15,"key":"REST"},{"floor":24,"key":"REST"},{"floor":32,"key":"REST"}],"circlet_count":0,"master_deck":["AscendersBane","Strike_G","Strike_G","Strike_G","Defend_G","Defend_G","Defend_G","Defend_G","Defend_G","Survivor","Neutralize+1","Predator","Flying Knee","Terror+1","Dodge and Roll","Acrobatics","Calculated Gamble","Wraith Form v2","Leg Sweep","Bullet Time","Underhanded Strike","PiercingWail","Deadly Poison","Catalyst","Dagger Spray","Blur","Bouncing Flask","Expertise","Blade Dance"],"relics":["Ring of the Snake","Letter Opener","Mercury Hourglass","Boot","Matryoshka","Sozu","Mummified Hand","Red Mask","Omamori","Orichalcum","InkBottle","Kunai"],"acts_visited":["Exordium","TheCity"],"potions_floor_usage":[16,20],"damage_taken":[{"damage":0,"enemies":"2 Louse","floor":1,"turns":3},{"damage":0,"enemies":"Small Slimes","floor":5,"turns":3},{"damage":12,"enemies":"Lagavulin","floor":7,"turns":5},{"damage":16,"enemies":"3 Sentries","floor":10,"turns":6},{"damage":0,"enemies":"Cultist","floor":11,"turns":2},{"damage":4,"enemies":"Exordium Wildlife","floor":12,"turns":3},{"damage":4,"enemies":"Blue Slaver","floor":13,"turns":3},{"damage":34,"enemies":"Slime Boss","floor":16,"turns":14},{"damage":0,"enemies":"Spheric Guardian","floor":18,"turns":5},{"damage":4,"enemies":"Masked Bandits","floor":20,"turns":4},{"damage":9,"enemies":"Shell Parasite","floor":22,"turns":5},{"damage":30,"enemies":"Gremlin Leader","floor":23,"turns":8},{"damage":11,"enemies":"Centurion and Healer","floor":25,"turns":8},{"damage":10,"enemies":"Sentry and Sphere","floor":27,"turns":4},{"damage":0,"enemies":"Chosen and Byrds","floor":30,"turns":5},{"damage":31,"enemies":"Automaton","floor":33,"turns":10}],"seed_played":"-9140626843861621142","potions_obtained":[{"floor":1,"key":"FairyPotion"},{"floor":11,"key":"SteroidPotion"},{"floor":12,"key":"Dexterity Potion"},{"floor":16,"key":"FearPotion"}],"is_trial":false,"path_per_floor":["M","?","?","?","M","R","E","R","T","E","M","M","M","$","R","B",null,"M","?","?","$","M","E","R","M","T","M","$","?","M","$","R","B"],"character_chosen":"THE_SILENT","items_purchased":["Matryoshka","Bouncing Flask","Expertise"],"campfire_rested":3,"item_purchase_floors":[14,28,28],"current_hp_per_floor":[59,52,41,41,41,41,29,29,29,13,13,9,5,5,24,16,54,54,54,50,50,41,11,30,19,19,9,9,9,9,9,28,0,0],"gold":27,"neow_bonus":"TRANSFORM_CARD","is_daily":false,"chose_seed":false,"campfire_upgraded":2,"win_rate":0.0,"timestamp":1611041066,"path_taken":["M","?","?","?","M","R","E","R","T","E","?","M","M","$","R","BOSS","M","?","?","?","?","E","R","?","T","M","?","?","M","$","R","BOSS"],"items_purchased_type":["Relic","Card","Card"],"build_version":"2020-12-22","purchased_purges":0,"victory":false,"max_hp_per_floor":[66,66,66,66,66,66,66,66,66,66,66,66,66,66,66,66,66,66,66,66,66,66,66,66,66,66,66,66,66,66,66,66,66,66],"relic_stats":{"Sozu":3,"counters":[16,86],"Mummified Hand":[1],"Letter Opener":[213],"Kunai":[5],"Orichalcum":[30],"Boot":[42],"obtain_stats":[{"Sozu":17,"Matryoshka":14,"Mummified Hand":19,"Red Mask":20,"Omamori":23,"Letter Opener":7,"Kunai":29,"Orichalcum":26,"Boot":10,"InkBottle":26,"Ring of the Snake":0,"Mercury Hourglass":9},{"Sozu":8,"Matryoshka":7,"Mummified Hand":9,"Red Mask":10,"Omamori":12,"Letter Opener":3,"Kunai":14,"Orichalcum":13,"Boot":4,"InkBottle":13,"Ring of the Snake":0,"Mercury Hourglass":3},{"Sozu":38,"Matryoshka":25,"Mummified Hand":43,"Red Mask":46,"Omamori":59,"Letter Opener":11,"Kunai":71,"Orichalcum":67,"Boot":17,"InkBottle":67,"Ring of the Snake":0,"Mercury Hourglass":11}],"InkBottle":[7],"Ring of the Snake":[32],"Mercury Hourglass":[301]},"card_choices":[{"not_picked":["Outmaneuver","Sucker Punch"],"picked":"Flying Knee","floor":1},{"not_picked":["Prepared","Poisoned Stab"],"picked":"Dodge and Roll","floor":5},{"not_picked":["Slice","Riddle With Holes"],"picked":"Acrobatics","floor":7},{"not_picked":["Dodge and Roll","Dagger Throw"],"picked":"Calculated Gamble","floor":10},{"not_picked":["Quick Slash","Sucker Punch"],"picked":"Wraith Form v2","floor":11},{"not_picked":["Poisoned Stab","Dagger Throw"],"picked":"Leg Sweep","floor":12},{"not_picked":["Concentrate","Slice","Flying Knee"],"picked":"SKIP","floor":13},{"not_picked":["Burst","Doppelganger"],"picked":"Bullet Time","floor":16},{"not_picked":["Deadly Poison","Backstab"],"picked":"Underhanded Strike","floor":18},{"not_picked":["Underhanded Strike","Dagger Spray"],"picked":"PiercingWail","floor":20},{"not_picked":["Predator","Endless Agony"],"picked":"Deadly Poison","floor":22},{"not_picked":["Dagger Throw","Bane"],"picked":"Catalyst","floor":23},{"not_picked":["Prepared","Deflect+1"],"picked":"Dagger Spray","floor":25},{"not_picked":["Leg Sweep","Sucker Punch"],"picked":"Blur","floor":27},{"not_picked":["Flying Knee","Sucker Punch"],"picked":"Blade Dance","floor":30}],"player_experience":1350370,"relics_obtained":[{"floor":7,"key":"Letter Opener"},{"floor":9,"key":"Mercury Hourglass"},{"floor":10,"key":"Boot"},{"floor":20,"key":"Red Mask"},{"floor":23,"key":"Omamori"},{"floor":26,"key":"Orichalcum"},{"floor":26,"key":"InkBottle"}],"event_choices":[{"cards_removed":["Strike_G"],"damage_healed":0,"gold_gain":0,"player_choice":"Card Removal","damage_taken":7,"max_hp_gain":0,"max_hp_loss":0,"event_name":"Golden Wing","floor":2,"gold_loss":0},{"damage_healed":0,"gold_gain":75,"player_choice":"Gather Gold","damage_taken":11,"max_hp_gain":0,"max_hp_loss":0,"event_name":"World of Goop","floor":3,"gold_loss":0},{"damage_healed":0,"gold_gain":0,"player_choice":"1 cards matched","damage_taken":0,"max_hp_gain":0,"max_hp_loss":0,"event_name":"Match and Keep!","floor":4,"gold_loss":0,"cards_obtained":["Terror"]},{"damage_healed":0,"gold_gain":0,"player_choice":"Obtained Relic","damage_taken":0,"relics_obtained":["Mummified Hand"],"max_hp_gain":0,"max_hp_loss":0,"event_name":"Addict","floor":19,"gold_loss":85},{"damage_healed":0,"gold_gain":0,"player_choice":"Fought Bandits","damage_taken":0,"max_hp_gain":0,"max_hp_loss":0,"event_name":"Masked Bandits","floor":20,"gold_loss":0},{"damage_healed":0,"gold_gain":0,"player_choice":"Opened","damage_taken":0,"relics_obtained":["Kunai"],"max_hp_gain":0,"max_hp_loss":0,"event_name":"The Mausoleum","floor":29,"gold_loss":0,"cards_obtained":["Writhe"]}],"is_beta":false,"boss_relics":[{"not_picked":["Busted Crown","Ring of the Serpent"],"picked":"Sozu"}],"items_purged_floors":[],"is_endless":false,"potions_floor_spawned":[1,11,12,16,22,23,27],"killed_by":"Automaton","ascension_level":20}}