{"host":"mmqs5ul2bvb60kyc","time":1611045473,"event":{"mods":["AchievementEnabler","BaseMod","Colored Map","Colored Powertips","Downfall","Minty Spire (QoL Compilation)","Quick Restart","StSLib"],"gold_per_floor":[99,99,99,99,99,99,99,99,99,99],"floor_reached":8,"language":"ZHS","playtime":92,"items_purged":[],"score":42,"play_id":"c377c0c9-8eac-4efe-863d-cc268f9c65ab","local_time":"20210119163753","is_ascension_mode":false,"campfire_choices":[{"floor":1,"key":"RECALL"}],"circlet_count":0,"master_deck":["champ:Strike","champ:Strike","champ:Strike","champ:Strike","champ:Defend","champ:Defend","champ:Defend","champ:Defend","champ:Execute","champ:Taunt"],"relics":["champ:ChampionCrown","downfall:HeartsMalice","CeramicFish"],"acts_visited":["Exordium"],"potions_floor_usage":[],"damage_taken":[{"damage":0,"enemies":"Cultist","floor":2,"turns":1},{"damage":0,"enemies":"downfall:FleeingMerchant","floor":3,"turns":1},{"damage":0,"enemies":"Jaw Worm","floor":4,"turns":1},{"damage":8,"enemies":"Small Slimes","floor":5,"turns":4},{"damage":72,"enemies":"Lagavulin","floor":8,"turns":7}],"seed_played":"3122675586439648757","potions_obtained":[],"is_trial":false,"path_per_floor":["R","M","$","M","M","?","T","E"],"character_chosen":"THE_CHAMP","items_purchased":[],"campfire_rested":0,"item_purchase_floors":[],"current_hp_per_floor":[90,90,90,90,82,64,64,0,0,0],"gold":99,"neow_bonus":"THREE_ENEMY_KILL","is_daily":false,"chose_seed":false,"campfire_upgraded":0,"win_rate":0.0,"timestamp":1611045473,"path_taken":["R","M","$","M","M","?","T","E"],"items_purchased_type":[],"build_version":"2020-12-22","purchased_purges":0,"victory":false,"max_hp_per_floor":[90,90,90,90,90,90,90,90,90,90],"card_choices":[{"not_picked":["champ:PreciseThrust","champ:Parry","champ:FalseCounter"],"picked":"SKIP","floor":2},{"not_picked":["champ:StanceDance","champ:FalseCounter","champ:TripleStrike"],"picked":"SKIP","floor":3},{"not_picked":["champ:FancyFootwork","champ:HeartStrike","champ:Encircle"],"picked":"SKIP","floor":4},{"not_picked":["champ:StanceDance","champ:CrownThrow","champ:TornadoPunch"],"picked":"SKIP","floor":5}],"player_experience":318166,"relics_obtained":[],"event_choices":[{"damage_healed":0,"gold_gain":0,"player_choice":"Success","damage_taken":18,"relics_obtained":["CeramicFish"],"max_hp_gain":0,"max_hp_loss":0,"event_name":"Scrap Ooze","floor":6,"gold_loss":0}],"is_beta":false,"boss_relics":[],"items_purged_floors":[],"is_endless":false,"potions_floor_spawned":[],"killed_by":"Lagavulin","ascension_level":0}}