{"host":"dztixnx9b0gu6w9i","time":1611021853,"event":{"mods":["BaseMod","Bestiary","Minty Spire (QoL Compilation)","Relic Stats","Slay the Relics Exporter","SpireBot","ojb\u0027s Better Paths Mod","ojb\u0027s Info Mod"],"gold_per_floor":[114,114,128,139,139,139,166,179,203,224,28,28,39,64,64,138,138,138,138,49,49,49,49,49,49,49,49,49,49,49,49,49,49,49,49,49,49,49,49,49,49,49,49,49,49,49,49,49,49,49,49,49,49,49,49,49,49],"floor_reached":56,"language":"ENG","playtime":8901,"items_purged":["Defend_P"],"score":2364,"play_id":"fce61e81-6983-49d4-8f0d-763d8490282f","local_time":"20210118210413","is_ascension_mode":true,"campfire_choices":[{"data":"Eruption","floor":6,"key":"SMITH"},{"data":"BowlingBash","floor":15,"key":"SMITH"},{"data":"Blasphemy","floor":27,"key":"SMITH"},{"data":"Wallop","floor":32,"key":"SMITH"},{"data":"Scrawl","floor":42,"key":"SMITH"},{"data":"Scrawl","floor":44,"key":"SMITH"},{"floor":49,"key":"RECALL"},{"data":"Meditate","floor":53,"key":"SMITH"}],"circlet_count":0,"master_deck":["AscendersBane","Strike_P","Strike_P","Strike_P","Strike_P","Defend_P+1","Defend_P","Eruption+1","Vigilance","CutThroughFate","Weave","BattleHymn+1","BowlingBash+1","DeceiveReality","EmptyBody","Crescendo","FlurryOfBlows","Blasphemy+1","ThirdEye","DeceiveReality","Wallop+1","SashWhip+1","WaveOfTheHand","CutThroughFate","CutThroughFate","Halt","Scrawl+1","Adaptation+1","WheelKick","InnerPeace","FlurryOfBlows+1","Scrawl+1","Meditate+1","Crescendo","CutThroughFate","FearNoEvil"],"relics":["SacredBark","Akabeko","PreservedInsect","Smiling Mask","Odd Mushroom","Potion Belt","Kunai","Ectoplasm","Bag of Preparation","Toy Ornithopter","War Paint","Vajra","Old Coin","Runic Dome","CaptainsWheel","Question Card","Regal Pillow","Bag of Marbles","Art of War"],"acts_visited":["Exordium","TheCity","TheBeyond","TheEnding"],"potions_floor_usage":[16,18,21,23,25,33,36,39,51,55,56,56],"damage_taken":[{"damage":7,"enemies":"Jaw Worm","floor":1,"turns":3},{"damage":0,"enemies":"Small Slimes","floor":3,"turns":2},{"damage":6,"enemies":"2 Louse","floor":4,"turns":2},{"damage":16,"enemies":"Gremlin Nob","floor":7,"turns":3},{"damage":3,"enemies":"Exordium Thugs","floor":8,"turns":2},{"damage":2,"enemies":"The Mushroom Lair","floor":10,"turns":3},{"damage":0,"enemies":"Looter","floor":13,"turns":2},{"damage":3,"enemies":"3 Sentries","floor":14,"turns":3},{"damage":3,"enemies":"Hexaghost","floor":16,"turns":6},{"damage":0,"enemies":"Shell Parasite","floor":18,"turns":2},{"damage":0,"enemies":"3 Byrds","floor":21,"turns":4},{"damage":0,"enemies":"Shelled Parasite and Fungi","floor":22,"turns":3},{"damage":1,"enemies":"Book of Stabbing","floor":23,"turns":3},{"damage":0,"enemies":"Snecko","floor":24,"turns":3},{"damage":0,"enemies":"Slavers","floor":25,"turns":3},{"damage":0,"enemies":"Book of Stabbing","floor":28,"turns":3},{"damage":0,"enemies":"Cultist and Chosen","floor":29,"turns":5},{"damage":0,"enemies":"Sentry and Sphere","floor":30,"turns":3},{"damage":23,"enemies":"Collector","floor":33,"turns":4},{"damage":0,"enemies":"Orb Walker","floor":35,"turns":2},{"damage":0,"enemies":"2 Orb Walkers","floor":36,"turns":1},{"damage":0,"enemies":"3 Shapes","floor":37,"turns":6},{"damage":5,"enemies":"Spire Growth","floor":39,"turns":4},{"damage":0,"enemies":"Giant Head","floor":40,"turns":4},{"damage":4,"enemies":"Writhing Mass","floor":41,"turns":5},{"damage":6,"enemies":"Reptomancer","floor":45,"turns":3},{"damage":4,"enemies":"Nemesis","floor":47,"turns":3},{"damage":0,"enemies":"3 Darklings","floor":48,"turns":1},{"damage":0,"enemies":"Awakened One","floor":50,"turns":18},{"damage":0,"enemies":"Donu and Deca","floor":51,"turns":8},{"damage":55,"enemies":"Shield and Spear","floor":55,"turns":5},{"damage":36,"enemies":"The Heart","floor":56,"turns":2}],"seed_played":"8916331454672643426","potions_obtained":[{"floor":7,"key":"Ambrosia"},{"floor":10,"key":"FearPotion"},{"floor":13,"key":"SpeedPotion"},{"floor":14,"key":"Block Potion"},{"floor":16,"key":"LiquidBronze"},{"floor":22,"key":"AttackPotion"},{"floor":25,"key":"DistilledChaos"},{"floor":28,"key":"FearPotion"},{"floor":30,"key":"PowerPotion"},{"floor":37,"key":"EssenceOfSteel"},{"floor":40,"key":"FearPotion"},{"floor":47,"key":"Explosive Potion"},{"floor":48,"key":"DuplicationPotion"},{"floor":55,"key":"BottledMiracle"}],"is_trial":false,"path_per_floor":["M","?","M","M","?","R","E","M","T","?","$","?","M","E","R","B",null,"M","?","$","M","M","E","M","E","T","R","E","M","M","?","R","B",null,"M","?","M","?","M","E","M","R","T","R","E","?","E","M","R","B","B",null,"R","$","E","B"],"character_chosen":"WATCHER","items_purchased":["Potion Belt","EmptyBody","DeceiveReality"],"campfire_rested":0,"item_purchase_floors":[11,11,20],"current_hp_per_floor":[54,54,54,48,37,37,21,18,18,16,16,16,16,13,13,10,54,54,54,54,54,54,53,53,58,58,58,58,58,58,58,58,40,61,61,66,66,65,60,60,56,56,56,56,50,50,46,46,46,46,51,62,62,62,12,0,0],"gold":49,"neow_bonus":"BOSS_RELIC","is_daily":false,"chose_seed":false,"campfire_upgraded":7,"win_rate":0.0,"timestamp":1611021853,"path_taken":["M","?","M","M","?","R","E","M","T","?","$","?","?","E","R","BOSS","M","?","$","?","M","E","M","E","T","R","E","M","M","?","R","BOSS","M","?","M","?","M","E","M","R","T","R","E","?","E","M","R","BOSS","BOSS","R","$","E","BOSS"],"items_purchased_type":["Relic","Card","Card"],"build_version":"2020-12-22","purchased_purges":1,"victory":false,"max_hp_per_floor":[68,68,68,68,68,68,68,68,68,68,68,68,68,68,68,68,68,68,68,68,68,68,68,68,68,68,68,68,68,68,68,68,68,68,68,68,68,65,65,65,65,65,65,65,65,65,65,65,65,65,65,65,65,65,65,65,65],"relic_stats":{"Regal Pillow":0,"counters":[32,121],"PreservedInsect":478,"Ectoplasm":844,"Bag of Preparation":[44],"Art of War":[0],"Kunai":[98],"War Paint":["Defend_P","Defend_P"],"Smiling Mask":25,"Question Card":5,"obtain_stats":[{"Potion Belt":11,"Regal Pillow":45,"SacredBark":0,"Vajra":26,"PreservedInsect":7,"Bag of Preparation":19,"Odd Mushroom":10,"War Paint":25,"Smiling Mask":9,"Question Card":40,"Akabeko":5,"Old Coin":28,"Runic Dome":34,"CaptainsWheel":36,"Ectoplasm":17,"Bag of Marbles":47,"Art of War":55,"Kunai":14,"PureWater":0,"Toy Ornithopter":23},{"Potion Belt":6,"Regal Pillow":26,"SacredBark":0,"Vajra":15,"PreservedInsect":4,"Bag of Preparation":10,"Odd Mushroom":6,"War Paint":15,"Smiling Mask":5,"Question Card":24,"Akabeko":3,"Old Coin":16,"Runic Dome":19,"CaptainsWheel":21,"Ectoplasm":9,"Bag of Marbles":27,"Art of War":31,"Kunai":8,"PureWater":0,"Toy Ornithopter":13},{"Potion Belt":15,"Regal Pillow":84,"SacredBark":0,"Vajra":44,"PreservedInsect":10,"Bag of Preparation":28,"Odd Mushroom":15,"War Paint":44,"Smiling Mask":12,"Question Card":76,"Akabeko":7,"Old Coin":47,"Runic Dome":59,"CaptainsWheel":62,"Ectoplasm":26,"Bag of Marbles":87,"Art of War":119,"Kunai":20,"PureWater":0,"Toy Ornithopter":38}],"Toy Ornithopter":35},"card_choices":[{"not_picked":["Protect","JustLucky"],"picked":"CutThroughFate","floor":1},{"not_picked":["WreathOfFlame","SashWhip"],"picked":"JustLucky","floor":3},{"not_picked":["SignatureMove","JustLucky"],"picked":"Weave","floor":4},{"not_picked":["InnerPeace","PathToVictory"],"picked":"BattleHymn","floor":7},{"not_picked":["WindmillStrike","ReachHeaven"],"picked":"BowlingBash","floor":8},{"not_picked":["FollowUp","Fasting2"],"picked":"DeceiveReality","floor":10},{"not_picked":["Consecrate","Collect"],"picked":"Crescendo","floor":13},{"not_picked":["Worship","Prostrate"],"picked":"FlurryOfBlows","floor":14},{"not_picked":["Establishment","SpiritShield"],"picked":"Blasphemy","floor":16},{"not_picked":["Crescendo","Consecrate"],"picked":"ThirdEye","floor":18},{"not_picked":["Wireheading+1","Crescendo"],"picked":"Wallop","floor":21},{"not_picked":["FlyingSleeves","Consecrate","Evaluate"],"picked":"SKIP","floor":22},{"not_picked":["ConjureBlade","Consecrate"],"picked":"SashWhip+1","floor":23},{"not_picked":["Crescendo","CrushJoints"],"picked":"WaveOfTheHand","floor":24},{"not_picked":["BowlingBash","Protect"],"picked":"CutThroughFate","floor":25},{"not_picked":["Crescendo","SandsOfTime+1"],"picked":"CutThroughFate","floor":28},{"not_picked":["Study","PathToVictory","EmptyBody"],"picked":"SKIP","floor":29},{"not_picked":["Study","PathToVictory","EmptyBody"],"picked":"SKIP","floor":29},{"not_picked":["Establishment","WheelKick+1"],"picked":"Halt","floor":30},{"not_picked":["MasterReality","SpiritShield"],"picked":"Scrawl","floor":33},{"not_picked":["WheelKick","Evaluate"],"picked":"Adaptation+1","floor":35},{"not_picked":["Fasting2+1","ClearTheMind"],"picked":"WheelKick","floor":36},{"not_picked":["Crescendo","LikeWater"],"picked":"InnerPeace","floor":37},{"not_picked":["SandsOfTime","Prostrate","BowlingBash"],"picked":"SKIP","floor":39},{"not_picked":["EmptyBody+1","LikeWater"],"picked":"FlurryOfBlows+1","floor":40},{"not_picked":["CarveReality","Halt","Consecrate"],"picked":"Scrawl","floor":41},{"not_picked":["FlyingSleeves","CrushJoints+1","ForeignInfluence"],"picked":"Meditate","floor":45},{"not_picked":["FlurryOfBlows+1","Scrawl","SashWhip+1"],"picked":"Crescendo","floor":47},{"not_picked":["FlurryOfBlows","ThirdEye","PathToVictory"],"picked":"CutThroughFate","floor":48},{"not_picked":["Pray+1","Evaluate","CrushJoints"],"picked":"FearNoEvil","floor":55}],"player_experience":8186660,"relics_obtained":[{"floor":7,"key":"PreservedInsect"},{"floor":9,"key":"Smiling Mask"},{"floor":10,"key":"Odd Mushroom"},{"floor":14,"key":"Kunai"},{"floor":23,"key":"Toy Ornithopter"},{"floor":25,"key":"War Paint"},{"floor":26,"key":"Vajra"},{"floor":28,"key":"Old Coin"},{"floor":36,"key":"CaptainsWheel"},{"floor":40,"key":"Question Card"},{"floor":45,"key":"Regal Pillow"},{"floor":47,"key":"Bag of Marbles"},{"floor":55,"key":"Art of War"}],"event_choices":[{"damage_healed":0,"gold_gain":0,"player_choice":"Ignored","damage_taken":0,"max_hp_gain":0,"max_hp_loss":0,"event_name":"Liars Game","floor":2,"gold_loss":0},{"damage_healed":0,"gold_gain":0,"player_choice":"Success","damage_taken":11,"relics_obtained":["Akabeko"],"max_hp_gain":0,"max_hp_loss":0,"event_name":"Scrap Ooze","floor":5,"gold_loss":0},{"damage_healed":0,"gold_gain":0,"player_choice":"Fought Mushrooms","damage_taken":0,"max_hp_gain":0,"max_hp_loss":0,"event_name":"Mushrooms","floor":10,"gold_loss":0},{"damage_healed":0,"gold_gain":0,"player_choice":"Upgraded","damage_taken":0,"max_hp_gain":0,"max_hp_loss":0,"event_name":"Upgrade Shrine","floor":12,"gold_loss":0,"cards_upgraded":["BattleHymn"]},{"cards_removed":["JustLucky"],"damage_healed":0,"gold_gain":0,"player_choice":"Gave Card","damage_taken":0,"relics_obtained":["Bag of Preparation"],"max_hp_gain":0,"max_hp_loss":0,"event_name":"WeMeetAgain","floor":19,"gold_loss":0},{"damage_healed":0,"gold_gain":0,"player_choice":"Fight","damage_taken":0,"max_hp_gain":0,"max_hp_loss":0,"event_name":"Mysterious Sphere","floor":36,"gold_loss":0},{"damage_healed":0,"gold_gain":0,"player_choice":"Max HP","damage_taken":0,"max_hp_gain":0,"max_hp_loss":3,"event_name":"Winding Halls","floor":38,"gold_loss":0},{"cards_removed":["Defend_P"],"damage_healed":0,"gold_gain":0,"player_choice":"Removed Skill","damage_taken":0,"max_hp_gain":0,"max_hp_loss":0,"event_name":"Falling","floor":46,"gold_loss":0}],"is_beta":false,"boss_relics":[{"not_picked":["Pandora\u0027s Box","Fusion Hammer"],"picked":"Ectoplasm"},{"not_picked":["Cursed Key","Astrolabe"],"picked":"Runic Dome"}],"items_purged_floors":[20],"is_endless":false,"potions_floor_spawned":[7,10,13,14,16,22,25,28,30,37,40,47,48,55],"killed_by":"The Heart","ascension_level":20}}