{"host":"dcj2yvrgcvh5dl2s","time":1611048676,"event":{"mods":["BaseMod","Bestiary","Better Note","Block Reminder","Colored Powertips","Curses Come First","DeckTracker","Minty Spire (QoL Compilation)","Quick Restart","Rare Cards Sparkle","Relic Stats","StSLib"],"gold_per_floor":[115,115,115,40,58,89,7,36,115,125,300,300,300,329,329,430,430,443,461,461,476,496,496,496,496,496],"floor_reached":25,"language":"ENG","playtime":1051,"items_purged":["Regret"],"score":285,"play_id":"f9a3c21e-7645-44ae-a118-b58167836f57","local_time":"20210119193116","is_ascension_mode":true,"campfire_choices":[{"floor":12,"key":"REST"},{"floor":15,"key":"REST"},{"data":"After Image","floor":23,"key":"SMITH"}],"circlet_count":0,"master_deck":["Strike_G","Strike_G","Strike_G+1","Strike_G","Strike_G","Defend_G","Defend_G+1","Defend_G","Defend_G","Defend_G","Survivor","Neutralize","Infinite Blades","Quick Slash","After Image+1","Backstab","Slice","Blade Dance","Venomology","Deflect+1","Blade Dance+1","Writhe","Slice","Blade Dance","J.A.X."],"relics":["SacredBark","MealTicket","Mercury Hourglass","InkBottle","Mummified Hand","Potion Belt","Coffee Dripper","The Courier"],"acts_visited":["Exordium","TheCity"],"potions_floor_usage":[6,18,21,22],"damage_taken":[{"damage":10,"enemies":"Cultist","floor":1,"turns":4},{"damage":0,"enemies":"2 Louse","floor":5,"turns":2},{"damage":14,"enemies":"3 Sentries","floor":6,"turns":7},{"damage":26,"enemies":"Gremlin Nob","floor":8,"turns":4},{"damage":0,"enemies":"Jaw Worm","floor":10,"turns":2},{"damage":20,"enemies":"3 Sentries","floor":14,"turns":6},{"damage":36,"enemies":"The Guardian","floor":16,"turns":13},{"damage":3,"enemies":"Spheric Guardian","floor":18,"turns":3},{"damage":12,"enemies":"Chosen","floor":19,"turns":5},{"damage":4,"enemies":"Snake Plant","floor":21,"turns":4},{"damage":33,"enemies":"Shelled Parasite and Fungi","floor":22,"turns":4},{"damage":6,"enemies":"Book of Stabbing","floor":25,"turns":1}],"seed_played":"-5698423826278879025","potions_obtained":[{"floor":1,"key":"Explosive Potion"},{"floor":6,"key":"LiquidBronze"},{"floor":14,"key":"SpeedPotion"},{"floor":21,"key":"FearPotion"},{"floor":22,"key":"Poison Potion"}],"is_trial":false,"path_per_floor":["M","?","?","$","M","E","$","E","T","M","?","R","?","E","R","B",null,"M","M","?","M","M","R","?","E"],"character_chosen":"THE_SILENT","items_purchased":["Backstab"],"campfire_rested":2,"item_purchase_floors":[7],"current_hp_per_floor":[53,53,39,54,54,40,55,29,29,29,29,50,43,23,44,8,55,52,40,40,36,3,3,3,0,0],"gold":496,"neow_bonus":"BOSS_RELIC","is_daily":false,"chose_seed":false,"campfire_upgraded":1,"win_rate":0.0,"timestamp":1611048676,"path_taken":["M","?","?","$","M","E","?","E","T","M","?","R","?","E","R","BOSS","M","M","?","M","M","R","?","E"],"items_purchased_type":["Card"],"build_version":"2020-12-22","purchased_purges":1,"victory":false,"max_hp_per_floor":[70,70,70,70,70,70,70,70,70,70,70,70,70,70,70,70,70,70,70,70,70,70,70,70,70,70],"relic_stats":{"counters":[12,52],"Mummified Hand":[9],"MealTicket":30,"obtain_stats":[{"Potion Belt":14,"Mummified Hand":9,"SacredBark":0,"MealTicket":2,"The Courier":20,"Coffee Dripper":17,"InkBottle":8,"Ring of the Snake":0,"Mercury Hourglass":6},{"Potion Belt":6,"Mummified Hand":4,"SacredBark":0,"MealTicket":1,"The Courier":9,"Coffee Dripper":7,"InkBottle":4,"Ring of the Snake":0,"Mercury Hourglass":3},{"Potion Belt":25,"Mummified Hand":17,"SacredBark":0,"MealTicket":4,"The Courier":44,"Coffee Dripper":37,"InkBottle":17,"Ring of the Snake":0,"Mercury Hourglass":13}],"InkBottle":[19],"Mercury Hourglass":[116]},"card_choices":[{"not_picked":["Expertise","Flying Knee"],"picked":"Infinite Blades","floor":1},{"not_picked":["Heel Hook","Dodge and Roll"],"picked":"Quick Slash","floor":5},{"not_picked":["Glass Knife","Tools of the Trade"],"picked":"After Image","floor":6},{"not_picked":["Poisoned Stab","Cloak And Dagger"],"picked":"Slice","floor":8},{"not_picked":["Setup","Endless Agony"],"picked":"Blade Dance","floor":10},{"not_picked":["Predator","Dagger Throw","Poisoned Stab"],"picked":"SKIP","floor":14},{"not_picked":["Corpse Explosion","Doppelganger"],"picked":"Venomology","floor":16},{"not_picked":["Dagger Spray","Expertise"],"picked":"Deflect+1","floor":18},{"not_picked":["Dodge and Roll","Setup"],"picked":"Blade Dance+1","floor":19},{"not_picked":["Dagger Spray+1","Deadly Poison+1"],"picked":"Slice","floor":21},{"not_picked":["Prepared","Dagger Spray"],"picked":"Blade Dance","floor":22}],"player_experience":2262619,"relics_obtained":[{"floor":6,"key":"Mercury Hourglass"},{"floor":8,"key":"InkBottle"},{"floor":9,"key":"Mummified Hand"},{"floor":14,"key":"Potion Belt"}],"event_choices":[{"damage_healed":0,"gold_gain":0,"player_choice":"Box","damage_taken":0,"relics_obtained":["MealTicket"],"max_hp_gain":0,"max_hp_loss":0,"event_name":"Big Fish","floor":2,"gold_loss":0,"cards_obtained":["Regret"]},{"damage_healed":0,"gold_gain":0,"player_choice":"Entered Light","damage_taken":14,"max_hp_gain":0,"max_hp_loss":0,"event_name":"Shining Light","floor":3,"gold_loss":0,"cards_upgraded":["Strike_G","Defend_G"]},{"damage_healed":0,"gold_gain":175,"player_choice":"AGREE","damage_taken":0,"max_hp_gain":0,"max_hp_loss":0,"event_name":"Liars Game","floor":11,"gold_loss":0,"cards_obtained":["Doubt"]},{"cards_removed":["Doubt"],"damage_healed":0,"gold_gain":0,"player_choice":"Card Removal","damage_taken":7,"max_hp_gain":0,"max_hp_loss":0,"event_name":"Golden Wing","floor":13,"gold_loss":0},{"damage_healed":0,"gold_gain":0,"player_choice":"Opened","damage_taken":0,"relics_obtained":["The Courier"],"max_hp_gain":0,"max_hp_loss":0,"event_name":"The Mausoleum","floor":20,"gold_loss":0,"cards_obtained":["Writhe"]},{"damage_healed":0,"gold_gain":0,"player_choice":"Obtain J.A.X.","damage_taken":0,"max_hp_gain":0,"max_hp_loss":0,"event_name":"Drug Dealer","floor":24,"gold_loss":0,"cards_obtained":["J.A.X."]}],"is_beta":false,"boss_relics":[{"not_picked":["Tiny House","Runic Dome"],"picked":"Coffee Dripper"}],"items_purged_floors":[4],"is_endless":false,"potions_floor_spawned":[1,6,14,21,22],"killed_by":"Book of Stabbing","ascension_level":6}}