{"host":"f0gpob8hq9vgebej","time":1611017765,"event":{"mods":["AchievementEnabler","BaseMod","Minty Spire (QoL Compilation)","Quick Restart","SuperFastMode"],"gold_per_floor":[409,428,445,292,311,311,340,114,140,140,140,150,150,179,179,276,276,260,260,35,55,55,55],"floor_reached":22,"language":"KOR","playtime":453,"items_purged":["Writhe","Strike_B"],"score":252,"play_id":"19ab751b-cfea-4fa5-a6fb-0e4b1eddc6ff","local_time":"20210119095605","is_ascension_mode":true,"campfire_choices":[{"data":"Zap","floor":6.0,"key":"SMITH"},{"data":"Defragment","floor":11.0,"key":"SMITH"},{"data":"Heatsinks","floor":13.0,"key":"SMITH"},{"data":"Static Discharge","floor":15.0,"key":"SMITH"}],"circlet_count":0,"master_deck":["Strike_B","Strike_B","Defend_B","Defend_B","Defend_B","Zap+1","Dualcast","Conserve Battery","BootSequence","Self Repair","Heatsinks+1","Self Repair","Defragment+1","Finesse","Static Discharge+1","Creative AI","Defragment","Storm+1"],"relics":["Cracked Core","Old Coin","Toy Ornithopter","Potion Belt","Nunchaku","Inserter","Runic Capacitor"],"acts_visited":["Exordium","TheCity"],"potions_floor_usage":[21,22],"damage_taken":[{"damage":4.0,"enemies":"Jaw Worm","floor":1.0,"turns":4.0},{"damage":0.0,"enemies":"Cultist","floor":2.0,"turns":4.0},{"damage":0.0,"enemies":"2 Louse","floor":3.0,"turns":2.0},{"damage":0.0,"enemies":"2 Fungi Beasts","floor":5.0,"turns":3.0},{"damage":10.0,"enemies":"Lagavulin","floor":7.0,"turns":8.0},{"damage":4.0,"enemies":"Large Slime","floor":12.0,"turns":6.0},{"damage":31.0,"enemies":"Gremlin Nob","floor":14.0,"turns":4.0},{"damage":46,"enemies":"The Guardian","floor":16,"turns":9},{"damage":34,"enemies":"2 Thieves","floor":18,"turns":4},{"damage":12,"enemies":"3 Byrds","floor":21,"turns":2},{"damage":52,"enemies":"Centurion and Healer","floor":22,"turns":6}],"seed_played":"2584120599597248695","potions_obtained":[{"floor":5.0,"key":"BlessingOfTheForge"},{"floor":7.0,"key":"FearPotion"},{"floor":16,"key":"PowerPotion"},{"floor":21,"key":"SneckoOil"}],"is_trial":false,"path_per_floor":["M","M","M","$","M","R","E","$","T","?","R","M","R","E","R","B",null,"M","?","$","M","M"],"character_chosen":"DEFECT","items_purchased":["Heatsinks","Defragment","Finesse","Runic Capacitor","Defragment"],"campfire_rested":0,"item_purchase_floors":[4,8,8,20,20],"current_hp_per_floor":[64,64,64,64,64,64,71,71,71,71,71,75,75,58,58,26,63,43,43,43,36,0,0],"gold":55,"neow_bonus":"ONE_RARE_RELIC","is_daily":false,"chose_seed":false,"campfire_upgraded":4,"win_rate":0.0,"timestamp":1611017765,"path_taken":["M","M","M","$","M","R","E","$","T","?","R","M","R","E","R","BOSS","M","?","$","?","M"],"items_purchased_type":["Card","Card","Card","Relic","Card"],"build_version":"2020-12-22","purchased_purges":2,"victory":false,"max_hp_per_floor":[75,75,75,75,75,75,75,75,75,75,75,75,75,75,75,75,75,75,75,75,75,75,75],"card_choices":[{"not_picked":["Streamline","Chaos"],"picked":"Conserve Battery","floor":1.0},{"not_picked":["Gash","Steam"],"picked":"BootSequence","floor":2.0},{"not_picked":["Barrage","Gash"],"picked":"Self Repair","floor":3.0},{"not_picked":["Sunder","Doom and Gloom"],"picked":"Self Repair","floor":5.0},{"not_picked":["Reprogram","Darkness","Streamline"],"picked":"SKIP","floor":7.0},{"not_picked":["Streamline","Sweeping Beam","BootSequence"],"picked":"SKIP","floor":12.0},{"not_picked":["Blizzard","Go for the Eyes"],"picked":"Static Discharge","floor":14.0},{"not_picked":["Hyperbeam","Rainbow"],"picked":"Creative AI","floor":16},{"not_picked":["Stack","Gash","Chaos+1"],"picked":"SKIP","floor":18},{"not_picked":["Capacitor","Skim+1"],"picked":"Storm+1","floor":21}],"player_experience":168038,"relics_obtained":[{"floor":7.0,"key":"Toy Ornithopter"},{"floor":9.0,"key":"Potion Belt"},{"floor":14.0,"key":"Nunchaku"}],"event_choices":[{"cards_removed":["Defend_B"],"damage_healed":0.0,"max_hp_gain":0.0,"max_hp_loss":0.0,"gold_gain":0.0,"event_name":"Living Wall","player_choice":"Forget","floor":10.0,"gold_loss":0.0,"damage_taken":0.0},{"cards_removed":["Strike_B"],"damage_healed":0,"gold_gain":0,"player_choice":"Purged","damage_taken":0,"max_hp_gain":0,"max_hp_loss":0,"event_name":"Purifier","floor":19,"gold_loss":0}],"is_beta":false,"boss_relics":[{"not_picked":["Coffee Dripper","Cursed Key"],"picked":"Inserter"}],"items_purged_floors":[4,8],"is_endless":false,"potions_floor_spawned":[5,7,16,21],"killed_by":"Centurion and Healer","ascension_level":6}}