{"host":"isy2gwbfe91wqj1j","time":1611025261,"event":{"mods":["AchievementEnabler","BaseMod","Better Altar","Better Match","Better Note","Better Sensory Stone","Better Skull","Better Third Choice","BetterRewards","Minty Spire (QoL Compilation)","StSLib"],"gold_per_floor":[116,116,16,35,35,68,18,29,29,29,43,55,74,74,74,177,177,187,39,0,0,20,46,57,57,57,74,74,74,90,90,90,190,190,205,215,65,65,76,76,76,76,76,76,87,87,107,107,107,107],"floor_reached":51,"language":"ENG","playtime":2744,"items_purged":["Strike_B","Strike_B","Dualcast","Defend_B"],"score":735,"play_id":"1cf84bb4-93c5-472d-9426-8700a0d5e398","local_time":"20210118200101","is_ascension_mode":true,"campfire_choices":[{"floor":10,"key":"REST"},{"data":"Defragment","floor":15,"key":"SMITH"},{"data":"Cold Snap","floor":25,"key":"SMITH"},{"floor":32,"key":"REST"},{"data":"Cold Snap","floor":40,"key":"SMITH"},{"data":"Cold Snap","floor":42,"key":"SMITH"},{"data":"Coolheaded","floor":44,"key":"SMITH"},{"data":"Loop","floor":49,"key":"SMITH"}],"circlet_count":0,"master_deck":["Defend_B","Defend_B","Zap","Capacitor","Cold Snap+1","Loop+1","BootSequence","Conserve Battery","Defragment+1","Cold Snap+1","Coolheaded+1","Cold Snap+1","Machine Learning","Chill","Defragment+1"],"relics":["Cracked Core","Incense Burner","Turnip","Calipers","Eternal Feather","Inserter","Enchiridion","InkBottle","Pantograph","Blood Vial","Darkstone Periapt","Sozu","Torii","White Beast Statue"],"acts_visited":["Exordium","TheCity","TheBeyond"],"potions_floor_usage":[22,24,24,50,50],"damage_taken":[{"damage":7,"enemies":"Jaw Worm","floor":1,"turns":4},{"damage":2,"enemies":"2 Louse","floor":4,"turns":3},{"damage":31,"enemies":"Gremlin Nob","floor":6,"turns":6},{"damage":0,"enemies":"Small Slimes","floor":8,"turns":5},{"damage":0,"enemies":"2 Fungi Beasts","floor":11,"turns":4},{"damage":0,"enemies":"Looter","floor":12,"turns":4},{"damage":9,"enemies":"3 Louse","floor":13,"turns":5},{"damage":20,"enemies":"Hexaghost","floor":16,"turns":15},{"damage":0,"enemies":"Spheric Guardian","floor":18,"turns":6},{"damage":5,"enemies":"2 Thieves","floor":22,"turns":4},{"damage":19,"enemies":"Gremlin Leader","floor":23,"turns":15},{"damage":6,"enemies":"Cultist and Chosen","floor":24,"turns":6},{"damage":1,"enemies":"Centurion and Healer","floor":27,"turns":11},{"damage":0,"enemies":"Snake Plant","floor":30,"turns":4},{"damage":23,"enemies":"Automaton","floor":33,"turns":15},{"damage":1,"enemies":"Orb Walker","floor":35,"turns":5},{"damage":0,"enemies":"3 Shapes","floor":36,"turns":7},{"damage":6,"enemies":"Spire Growth","floor":39,"turns":8},{"damage":11,"enemies":"4 Shapes","floor":45,"turns":9},{"damage":0,"enemies":"3 Darklings","floor":47,"turns":5},{"damage":2,"enemies":"Time Eater","floor":50,"turns":18}],"seed_played":"6460243928122389140","potions_obtained":[{"floor":4,"key":"PowerPotion"},{"floor":11,"key":"AttackPotion"},{"floor":12,"key":"SkillPotion"},{"floor":27,"key":"DuplicationPotion"},{"floor":30,"key":"EntropicBrew"},{"floor":33,"key":"FearPotion"}],"is_trial":false,"path_per_floor":["M","?","$","M","?","E","?","M","T","R","M","M","M","?","R","B",null,"M","$","?","?","M","E","M","R","T","M","?","?","M","T","R","B",null,"M","M","$","?","M","R","?","R","T","R","M","$","M","?","R","B",null],"character_chosen":"DEFECT","items_purchased":["Capacitor","Cold Snap","Loop","Coolheaded"],"campfire_rested":2,"item_purchase_floors":[0,0,0,19],"current_hp_per_floor":[68,68,68,66,66,35,35,35,35,63,63,63,54,54,60,40,75,75,75,75,59,54,35,29,35,35,34,14,14,16,16,44,48,75,74,75,75,75,69,75,75,75,75,75,64,64,66,66,75,73],"gold":107,"neow_bonus":"","is_daily":false,"chose_seed":false,"campfire_upgraded":6,"win_rate":0.0,"timestamp":1611025261,"path_taken":["M","?","$","M","?","E","?","M","T","R","M","M","M","?","R","BOSS","M","$","?","?","M","E","M","R","T","M","?","?","M","?","R","BOSS","M","M","$","?","M","R","?","R","T","R","M","$","?","?","R","BOSS"],"items_purchased_type":["Card","Card","Card","Card"],"build_version":"2020-12-22","purchased_purges":4,"victory":true,"max_hp_per_floor":[75,75,75,75,75,75,75,75,75,75,75,75,75,75,75,75,75,75,75,75,75,75,75,75,75,75,75,75,75,75,75,75,75,75,75,75,75,75,75,75,75,75,75,75,75,75,75,75,75,75],"card_choices":[{"not_picked":["Go for the Eyes","Ball Lightning","Barrage"],"picked":"SKIP","floor":1},{"not_picked":["Heatsinks","Tempest","Beam Cell"],"picked":"SKIP","floor":4},{"not_picked":["Leap","Stack"],"picked":"BootSequence","floor":6},{"not_picked":["Darkness","Coolheaded"],"picked":"Conserve Battery","floor":8},{"not_picked":["Darkness","Steam"],"picked":"Defragment","floor":11},{"not_picked":["Streamline","Reprogram","Fission"],"picked":"SKIP","floor":12},{"not_picked":["FTL","Barrage","Hologram"],"picked":"SKIP","floor":13},{"not_picked":["Aggregate+1","Turbo+1"],"picked":"Cold Snap","floor":18},{"not_picked":["Turbo+1","Coolheaded+1"],"picked":"Cold Snap","floor":22},{"not_picked":["Steam","Compile Driver","Static Discharge+1"],"picked":"SKIP","floor":23},{"not_picked":["Skim","Genetic Algorithm","Rebound"],"picked":"SKIP","floor":24},{"not_picked":["Streamline","Fission","Doom and Gloom"],"picked":"SKIP","floor":27},{"not_picked":["Rip and Tear","Stack","Rebound"],"picked":"SKIP","floor":30},{"not_picked":["Rainbow","Core Surge"],"picked":"Machine Learning","floor":33},{"not_picked":["Turbo+1","Darkness"],"picked":"Chill","floor":35},{"not_picked":["Streamline+1","Leap","Beam Cell+1"],"picked":"SKIP","floor":36},{"not_picked":["Rebound+1","Static Discharge+1","Redo"],"picked":"SKIP","floor":39},{"not_picked":["Ball Lightning+1","Sweeping Beam","Steam+1"],"picked":"SKIP","floor":45},{"not_picked":["Sunder","Barrage+1","Hello World+1"],"picked":"SKIP","floor":47}],"player_experience":179779,"relics_obtained":[{"floor":6,"key":"Calipers"},{"floor":9,"key":"Eternal Feather"},{"floor":21,"key":"Enchiridion"},{"floor":23,"key":"InkBottle"},{"floor":26,"key":"Pantograph"},{"floor":31,"key":"Darkstone Periapt"},{"floor":43,"key":"Torii"}],"event_choices":[{"cards_removed":["Strike_B"],"damage_healed":0,"gold_gain":0,"player_choice":"Forget","damage_taken":0,"max_hp_gain":0,"max_hp_loss":0,"event_name":"Living Wall","floor":2,"gold_loss":0},{"damage_healed":66,"gold_gain":0,"player_choice":"Leave","damage_taken":0,"max_hp_gain":0,"max_hp_loss":75,"event_name":"betterThird:BetterShining","floor":5,"gold_loss":0},{"cards_removed":["Strike_B"],"damage_healed":0,"gold_gain":0,"player_choice":"Card Removal","damage_taken":0,"max_hp_gain":0,"max_hp_loss":0,"event_name":"The Cleric","floor":7,"gold_loss":50},{"damage_healed":0,"gold_gain":1,"player_choice":"LEAVE","damage_taken":0,"max_hp_gain":0,"max_hp_loss":0,"event_name":"betterThird:BetterScrap","floor":14,"gold_loss":0,"cards_obtained":["Exhume"]},{"damage_healed":0,"gold_gain":0,"player_choice":"Paid Fearfully","damage_taken":0,"max_hp_gain":0,"max_hp_loss":0,"event_name":"Masked Bandits","floor":20,"gold_loss":39},{"damage_healed":0,"gold_gain":0,"player_choice":"Obtained Book","damage_taken":16,"max_hp_gain":0,"max_hp_loss":0,"event_name":"Cursed Tome","floor":21,"gold_loss":0},{"damage_healed":0,"gold_gain":0,"player_choice":" Vial ","damage_taken":20,"relics_obtained":["Blood Vial"],"max_hp_gain":34,"max_hp_loss":14,"event_name":"betterAltar:BetterAltar","floor":28,"potions_obtained":[],"relics_lost":[],"gold_loss":0},{"cards_removed":["Defend_B"],"damage_healed":0,"gold_gain":0,"player_choice":"Removed Skill","damage_taken":0,"max_hp_gain":0,"max_hp_loss":0,"event_name":"Falling","floor":38,"gold_loss":0},{"damage_healed":0,"gold_gain":0,"player_choice":"Copied","damage_taken":0,"max_hp_gain":0,"max_hp_loss":0,"event_name":"Duplicator","floor":41,"gold_loss":0,"cards_obtained":["Defragment"]},{"damage_healed":0,"gold_gain":0,"player_choice":"Gave Potion","damage_taken":0,"relics_obtained":["White Beast Statue"],"max_hp_gain":0,"max_hp_loss":0,"event_name":"WeMeetAgain","floor":48,"gold_loss":0}],"is_beta":false,"boss_relics":[{"not_picked":["Empty Cage","Nuclear Battery"],"picked":"Inserter"},{"not_picked":["Coffee Dripper","Pandora\u0027s Box"],"picked":"Sozu"}],"items_purged_floors":[0,3,19,37],"is_endless":false,"potions_floor_spawned":[4,11,12,13,27,30,33,47],"ascension_level":3}}