{"host":"59cc6k4ir9ghxqag","time":1611063832,"event":{"mods":["BaseMod","Colored Powertips","Hermit","Infinite Spire","Lobotomy","Marisa£®ÏF”Í°°ƒß¿Ì…≥£©","Minty Spire (QoL Compilation)","Remilia£®¿Ÿ√◊¿Ú—«£©","Replay The Spire","StSLib","The Bug Knight","The Cursed","The Jungle"],"gold_per_floor":[109,209,384,398,416,435,33,65,77,103,128,152,36,50,50,150,150,161,481,77,93,105,130,164,181,206,241,255,273,301,4,4,108,208,220,230,242,257,109,137,147,163,187,199,228,49,77,88,88,88],"floor_reached":51,"language":"ZHS","playtime":3614,"items_purged":["Sword Boomerang+1","Doubt","Hologram"],"score":906,"play_id":"20809b4b-538a-443a-a886-3e84f696c61d","local_time":"20210119214352","daily_mods":["Draft","Vintage","Diverse","Heirloom","Flight","Lethality"],"is_ascension_mode":false,"campfire_choices":[{"data":"Stigmanizer","floor":15.0,"key":"SMITH"},{"data":"MastersStateliness","floor":32,"key":"SMITH"},{"data":"WitchOfGreed","floor":49,"key":"SMITH"}],"circlet_count":0,"master_deck":["Spot Weakness","Blur","ReachHeaven","Carnage","TheCursedMod:Obscuration","Halt","hermit:Ricochet+1","TheCursedMod:Stigma","Stigmanizer+1","HollowMod:CloakDash","NonDirectionalLaser","hermit:Quickdraw+1","PiercingWail","TheCursedMod:TacticalStrike","Gash","MastersStateliness+1","Replay:Hysterical Blindness","Flying Knee+1","DC+1","ReplayTheSpireMod:Muscle Training","Night Terror","StarOfDavid+1","Wallop+1","Distraction+1","WitchOfGreed+1","hermit:CursedWeapon+1"],"relics":["Unceasing Top","replay:Trail_Library","Ice Cream","infinitespire:Satchel","ReplayTheSpireMod:CursedCoin","Molten Egg 2","Torii","ReplayTheSpireMod:Ninjato","Strawberry","infinitespire:WardingShard","MawBank","Mummified Hand","Bag of Marbles","infinitespire:EmpoweringShard","Bronze Scales","White Beast Statue","Black Star","Letter Opener","Old Coin","Lee\u0027s Waffle","Replay:Rubber Ducky","Shovel","Gremlin Horn","PreservedInsect","Orichalcum","Replay:Mystery Machine","Replay:Wax Seal","Blue Doll","Tiny Chest","Shuriken","Onion Ring","ScarletDevilRocket","Turnip","Replay:Wanted Poster","Durian","Nunchaku","infinitespire:PuzzleCube","Whetstone","infinitespire:Beetle Shell","ReplayTheSpireMod:Shallot","Lantern","ReplayFunnel","Omamori","Anchor","Eternal Feather","Meat on the Bone","Boot","Happy Flower","Du-Vu Doll","Vajra"],"acts_visited":["Exordium","TheCity","TheBeyond"],"potions_floor_usage":[33,50],"damage_taken":[{"damage":0.0,"enemies":"2 Louse","floor":1.0,"turns":1.0},{"damage":2.0,"enemies":"Jaw Worm","floor":4.0,"turns":1.0},{"damage":0.0,"enemies":"Cultist","floor":5.0,"turns":2.0},{"damage":0.0,"enemies":"2 Fungi Beasts","floor":6.0,"turns":2.0},{"damage":6.0,"enemies":"Lagavulin","floor":8.0,"turns":5.0},{"damage":0.0,"enemies":"Gremlin Gang","floor":10.0,"turns":1.0},{"damage":6.0,"enemies":"Looter","floor":11.0,"turns":2.0},{"damage":0.0,"enemies":"Exordium Wildlife","floor":12.0,"turns":2.0},{"damage":0.0,"enemies":"2 Fungi Beasts","floor":14.0,"turns":1.0},{"damage":35.0,"enemies":"Hexaghost","floor":16.0,"turns":4.0},{"damage":0.0,"enemies":"Spheric Guardian","floor":18.0,"turns":1.0},{"damage":0.0,"enemies":"Chosen","floor":19.0,"turns":1.0},{"damage":1.0,"enemies":"Centurion and Healer","floor":21.0,"turns":2.0},{"damage":0.0,"enemies":"Snake Plant","floor":22.0,"turns":1.0},{"damage":1.0,"enemies":"HollowMod:Nosk","floor":23.0,"turns":2.0},{"damage":3.0,"enemies":"Gremlin Leader","floor":24.0,"turns":2.0},{"damage":1.0,"enemies":"Chosen and Byrds","floor":25.0,"turns":2.0},{"damage":2.0,"enemies":"Slavers","floor":27.0,"turns":1.0},{"damage":0.0,"enemies":"Shelled Parasite and Fungi","floor":28.0,"turns":1.0},{"damage":0.0,"enemies":"Snake Plant","floor":29.0,"turns":1.0},{"damage":2.0,"enemies":"HollowMod:Nosk","floor":30.0,"turns":3.0},{"damage":2,"enemies":"Automaton","floor":33,"turns":4},{"damage":0,"enemies":"3 Shapes","floor":35,"turns":1},{"damage":0,"enemies":"Orb Walker","floor":36,"turns":1},{"damage":0,"enemies":"Maw","floor":37,"turns":4},{"damage":1,"enemies":"3 Darklings","floor":38,"turns":1},{"damage":0,"enemies":"R_Hoarder","floor":40,"turns":2},{"damage":11,"enemies":"Writhing Mass","floor":41,"turns":2},{"damage":0,"enemies":"Sphere and 2 Shapes","floor":42,"turns":1},{"damage":0,"enemies":"Maw","floor":44,"turns":4},{"damage":4,"enemies":"Giant Head","floor":45,"turns":3},{"damage":25,"enemies":"Nightmare","floor":47,"turns":3},{"damage":1,"enemies":"Sphere and 2 Shapes","floor":48,"turns":1},{"damage":10,"enemies":"Replay:Hell Engine","floor":50,"turns":4}],"seed_played":"-4584131008456055665","potions_obtained":[{"floor":1.0,"key":"SkillPotion"},{"floor":4.0,"key":"BottledMiracle"},{"floor":6.0,"key":"Elixir"},{"floor":14.0,"key":"FairyPotion"},{"floor":16.0,"key":"BlessingOfTheForge"},{"floor":33,"key":"SneckoOil"},{"floor":35,"key":"FairyPotion"},{"floor":45,"key":"PowerPotion"}],"is_trial":true,"path_per_floor":["M","$","?","M","M","M","$","E","T","M","M","M","$","M","R","B",null,"M","M","$","M","M","E","E","M","T","E","M","M","E","$","R","B",null,"M","M","M","M","$","E","M","M","T","M","E","$","NM","M","R","B",null],"character_chosen":"WATCHER","items_purchased":["MastersStateliness","ReplayTheSpireMod:CursedCoin","Strawberry","infinitespire:WardingShard","DC+1","Lee\u0027s Waffle","Replay:Rubber Ducky","Turnip","infinitespire:Beetle Shell","WitchOfGreed"],"campfire_rested":0,"item_purchase_floors":[2,2,7,7,13,20,20,31,39,46],"current_hp_per_floor":[72,72,72,70,70,70,77,73,73,73,67,67,67,67,67,34,79,79,79,86,85,85,84,81,80,80,78,78,78,76,76,76,74,86,91,91,91,90,90,90,79,79,79,79,75,75,50,49,64,54],"gold":88,"neow_bonus":"","is_daily":false,"chose_seed":false,"campfire_upgraded":3,"win_rate":0.0,"timestamp":1611063832,"path_taken":["M","$","?","M","M","M","$","E","T","M","M","M","$","M","R","BOSS","M","M","$","M","M","E","E","M","T","E","M","M","E","$","R","BOSS","M","M","M","M","$","E","M","M","T","M","E","$","NM","M","R","BOSS"],"items_purchased_type":["Card","Relic","Relic","Relic","Card","Relic","Relic","Relic","Relic","Card"],"build_version":"2020-12-22","purchased_purges":3,"victory":true,"max_hp_per_floor":[72,72,72,72,72,72,79,79,79,79,79,79,79,79,79,79,79,79,79,86,86,86,86,86,86,86,86,86,86,86,86,86,86,86,91,91,91,91,91,91,91,91,91,91,91,91,91,91,91,91],"card_choices":[{"not_picked":["HollowMod:SoulSplash","Endless Agony"],"picked":"Spot Weakness","floor":0.0},{"not_picked":["hermit:Glare","ScarletDevil"],"picked":"Blur","floor":0.0},{"not_picked":["OpenUniverse","hermit:TrackingShot"],"picked":"ReachHeaven","floor":0.0},{"not_picked":["All Out Attack","TheCursedMod:CircleOfFlame"],"picked":"Carnage","floor":0.0},{"not_picked":["Panic Button","hermit:Manifest"],"picked":"TheCursedMod:Obscuration","floor":0.0},{"not_picked":["TheCursedMod:WearCloak","TheCursedMod:SmokeScreen"],"picked":"Halt","floor":0.0},{"not_picked":["Panic Button","PiercingWail"],"picked":"hermit:Ricochet","floor":0.0},{"not_picked":["TheCursedMod:Torture","Acrobatics"],"picked":"TheCursedMod:Stigma","floor":0.0},{"not_picked":["Dagger Throw","Perfected Strike"],"picked":"Stigmanizer","floor":0.0},{"not_picked":["StarBarrage","TheCursedMod:TacticalStrike"],"picked":"HollowMod:CloakDash","floor":0.0},{"not_picked":["SashWhip","HollowMod:NewLittleFool"],"picked":"NonDirectionalLaser","floor":0.0},{"not_picked":["hermit:HighCaliber","SporeBomb"],"picked":"hermit:Quickdraw","floor":0.0},{"not_picked":["TheCursedMod:CursedArmor","EnergyRecoil"],"picked":"PiercingWail","floor":0.0},{"not_picked":["Reflex","SporeBomb"],"picked":"TheCursedMod:TacticalStrike","floor":0.0},{"not_picked":["BloodAndWine","TheCursedMod:Stretching"],"picked":"Gash","floor":0.0},{"not_picked":["TheCursedMod:VitalStrike+1","Study"],"picked":"Flying Knee+1","floor":8.0},{"not_picked":["SporeBomb","TheCursedMod:AbyssShockwave+1"],"picked":"ReplayTheSpireMod:Muscle Training","floor":23.0},{"not_picked":["Twin Strike+1","HollowMod:WraithStrike+1"],"picked":"Night Terror","floor":24.0},{"not_picked":["hermit:Snipe","HollowMod:TaintedHusks"],"picked":"StarOfDavid+1","floor":27.0},{"not_picked":["Poisoned Stab+1","ClearTheMind+1"],"picked":"Wallop+1","floor":30.0},{"not_picked":["UltimateOffering+1","hermit:TakeCover+1","HollowMod:SharpenedShadows+1"],"picked":"SKIP","floor":40},{"not_picked":["Deadly Poison+1","TheCursedMod:CursedShiv+1"],"picked":"Distraction+1","floor":45},{"not_picked":["BowlingBash+1","Pommel Strike+1"],"picked":"hermit:CursedWeapon+1","floor":47}],"player_experience":536135,"relics_obtained":[{"floor":1.0,"key":"infinitespire:Satchel"},{"floor":4.0,"key":"Molten Egg 2"},{"floor":5.0,"key":"Torii"},{"floor":6.0,"key":"ReplayTheSpireMod:Ninjato"},{"floor":8.0,"key":"MawBank"},{"floor":9.0,"key":"Mummified Hand"},{"floor":10.0,"key":"Bag of Marbles"},{"floor":11.0,"key":"infinitespire:EmpoweringShard"},{"floor":12.0,"key":"Bronze Scales"},{"floor":14.0,"key":"White Beast Statue"},{"floor":18.0,"key":"Letter Opener"},{"floor":19.0,"key":"Old Coin"},{"floor":21.0,"key":"Shovel"},{"floor":22.0,"key":"Gremlin Horn"},{"floor":23.0,"key":"PreservedInsect"},{"floor":24.0,"key":"Orichalcum"},{"floor":24.0,"key":"Replay:Mystery Machine"},{"floor":25.0,"key":"Replay:Wax Seal"},{"floor":26.0,"key":"Blue Doll"},{"floor":27.0,"key":"Tiny Chest"},{"floor":28.0,"key":"Shuriken"},{"floor":30.0,"key":"Onion Ring"},{"floor":30.0,"key":"ScarletDevilRocket"},{"floor":35,"key":"Durian"},{"floor":36,"key":"Nunchaku"},{"floor":37,"key":"infinitespire:PuzzleCube"},{"floor":38,"key":"Whetstone"},{"floor":40,"key":"ReplayTheSpireMod:Shallot"},{"floor":40,"key":"Lantern"},{"floor":41,"key":"ReplayFunnel"},{"floor":42,"key":"Omamori"},{"floor":43,"key":"Anchor"},{"floor":44,"key":"Eternal Feather"},{"floor":45,"key":"Meat on the Bone"},{"floor":45,"key":"Boot"},{"floor":47,"key":"Happy Flower"},{"floor":47,"key":"Du-Vu Doll"},{"floor":48,"key":"Vajra"}],"event_choices":[{"damage_healed":0.0,"max_hp_gain":0.0,"max_hp_loss":0.0,"gold_gain":175.0,"event_name":"Liars Game","player_choice":"AGREE","floor":3.0,"gold_loss":0.0,"damage_taken":0.0,"cards_obtained":["Doubt"]}],"is_beta":false,"boss_relics":[{"not_picked":["Sozu","Runic Pyramid"],"picked":"Black Star"},{"not_picked":["Replay:Fungal Core","Cursed Key"],"picked":"Replay:Wanted Poster"}],"items_purged_floors":[13,20,46],"is_endless":false,"potions_floor_spawned":[1,4,6,11,14,16,18,19,21,22,23,24,25,27,28,29,30,33,35,36,37,38,40,41,42,44,45,47,48],"ascension_level":0}}