{"host":"jrmqsbok61y7b34d","time":1611082099,"event":{"mods":["BaseMod","Better Skull","Challenge The Spire","Colored Map","Colored Powertips","Emptier Cage","Minty Spire (QoL Compilation)","Permanent Neow","Quick Restart","Relic Stats","StSLib","Unceasing Turn Reminder"],"gold_per_floor":[118,118,133,208,255,267,310,322,358,370,370],"floor_reached":10,"language":"ENG","playtime":444,"items_purged":[],"score":125,"play_id":"7fb5ff5f-3268-40ae-9100-28ca2435a807","local_time":"20210119184819","is_ascension_mode":true,"campfire_choices":[{"data":"Eruption","floor":6,"key":"SMITH"},{"floor":8,"key":"REST"}],"circlet_count":0,"master_deck":["AscendersBane","Strike_P","Strike_P","Strike_P+1","Strike_P","Defend_P","Defend_P","Defend_P","Defend_P+1","Eruption+1","Vigilance","DevaForm","BowlingBash","FollowUp","SashWhip"],"relics":["PureWater","MawBank","Ancient Tea Set","Strawberry"],"acts_visited":["Exordium"],"potions_floor_usage":[],"damage_taken":[{"damage":0,"enemies":"2 Louse","floor":1,"turns":4},{"damage":6,"enemies":"Small Slimes","floor":3,"turns":4},{"damage":19,"enemies":"3 Sentries","floor":7,"turns":8},{"damage":34,"enemies":"Lagavulin","floor":10,"turns":7}],"seed_played":"2236850523083385705","potions_obtained":[],"is_trial":false,"path_per_floor":["M","?","M","?","T","R","E","R","T","E"],"character_chosen":"WATCHER","items_purchased":[],"campfire_rested":1,"item_purchase_floors":[],"current_hp_per_floor":[61,41,35,24,24,24,5,25,32,0,0],"gold":370,"neow_bonus":"ONE_RANDOM_RARE_CARD","is_daily":false,"chose_seed":false,"campfire_upgraded":1,"win_rate":0.0,"timestamp":1611082099,"path_taken":["M","?","M","?","?","R","E","R","T","E"],"items_purchased_type":[],"build_version":"2020-12-22","purchased_purges":0,"victory":false,"max_hp_per_floor":[68,68,68,68,68,68,68,68,75,75,75],"relic_stats":{"counters":[4,23],"MawBank":60,"obtain_stats":[{"Strawberry":9,"PureWater":0,"MawBank":5,"Ancient Tea Set":7},{"Strawberry":3,"PureWater":0,"MawBank":2,"Ancient Tea Set":3},{"Strawberry":16,"PureWater":0,"MawBank":8,"Ancient Tea Set":16}]},"card_choices":[{"not_picked":["FollowUp","Nirvana"],"picked":"BowlingBash","floor":1},{"not_picked":["Crescendo","Consecrate"],"picked":"FollowUp","floor":3},{"not_picked":["Weave","DevaForm"],"picked":"SashWhip","floor":7}],"player_experience":1041497,"relics_obtained":[{"floor":5,"key":"MawBank"},{"floor":7,"key":"Ancient Tea Set"},{"floor":9,"key":"Strawberry"}],"event_choices":[{"damage_healed":0,"gold_gain":0,"player_choice":"Entered Light","damage_taken":20,"max_hp_gain":0,"max_hp_loss":0,"event_name":"Shining Light","floor":2,"gold_loss":0,"cards_upgraded":["Defend_P","Strike_P"]},{"damage_healed":0,"gold_gain":75,"player_choice":"Gather Gold","damage_taken":11,"max_hp_gain":0,"max_hp_loss":0,"event_name":"World of Goop","floor":4,"gold_loss":0}],"is_beta":false,"boss_relics":[],"items_purged_floors":[],"is_endless":false,"potions_floor_spawned":[],"killed_by":"Lagavulin","ascension_level":19}}