{"host":"vm8b3ptwl81uq21f","time":1611081681,"event":{"mods":["Aspiration","BaseMod","BetterRewards","Colored Map","Colored Powertips","GifTheSpireLib","Googly Eyes","GungeonMod","Halation","Hubris","Infinite Spire","Minty Spire (QoL Compilation)","Quick Restart","Rare Cards Sparkle","Replay The Spire","Shop Mod","Spicy Shops","StSLib","Stuff the Spire","The IronCluck","[IsaacMod]????"],"gold_per_floor":[113,73,73,86,101,101,36,49,49,113,23,24,24,36,36,111,111,128,146,161,161,3,3,3,3,3,3,16,36,46,61,76,76,76,150,150,160,177,797,412,324,324,356,356,356,383,383,394,404,49,49,49],"floor_reached":53,"language":"ENG","playtime":2013,"items_purged":["DemoMod:RustySidearm","Regret","DemoMod:EasyReloadBullets","Normality","StuffTheSpire:Perfection"],"score":1968,"play_id":"c48e5e6d-e1cb-47d6-97cc-5979a0149a31","local_time":"20210119134121","is_ascension_mode":true,"campfire_choices":[{"data":"DemoMod:ManualReload","floor":6.0,"key":"SMITH"},{"data":"DemoMod:FeignSurrender","floor":6.0,"key":"SMITH"},{"data":"Clumsy","floor":13.0,"key":"SMITH"},{"data":"ReplayTheSpireMod:IOU","floor":13.0,"key":"SMITH"},{"data":"StuffTheSpire:Innocence","floor":15.0,"key":"SMITH"},{"data":"StuffTheSpire:Brawn","floor":15.0,"key":"SMITH"},{"data":"ReplayTheSpireMod:IOU","floor":23.0,"key":"SMITH"},{"data":"DemoMod:Behold!","floor":23.0,"key":"SMITH"},{"data":"DemoMod:MachoBrace","floor":25.0,"key":"SMITH"},{"data":"StuffTheSpire:Rapture","floor":25.0,"key":"SMITH"},{"data":"StuffTheSpire:Vigor","floor":27.0,"key":"SMITH"},{"data":"DemoMod:Roll","floor":27.0,"key":"SMITH"},{"floor":33,"key":"RECALL"},{"data":"ReplayTheSpireMod:IOU","floor":42,"key":"SMITH"},{"data":"ReplayTheSpireMod:IOU","floor":42,"key":"SMITH"},{"data":"StuffTheSpire:Vigor","floor":44,"key":"SMITH"},{"data":"StuffTheSpire:Ambrosia","floor":44,"key":"SMITH"},{"data":"DemoMod:Roll+1","floor":51,"key":"PURGE"}],"circlet_count":0,"master_deck":["AscendersBane","DemoMod:ManualReload+1","DemoMod:FastSwitch+1","DemoMod:FeignSurrender+1","StuffTheSpire:Vigor+1","DemoMod:FeignSurrender+1","StuffTheSpire:Brawn+1","StuffTheSpire:Vigor+1","StuffTheSpire:Innocence+1","StuffTheSpire:Rapture+1","DemoMod:Behold!+1","DemoMod:MachoBrace+1","StuffTheSpire:Vigor+1","DemoMod:Slinger+1","DemoMod:HardPowerCard+1","StuffTheSpire:Harmony+1","DemoMod:Polaris+1","Panacea+1","ReplayTheSpireMod:Private Reserves+1","StuffTheSpire:Ambrosia","StuffTheSpire:CelestialWarden","StuffTheSpire:Harmony","StuffTheSpire:Harmony","StuffTheSpire:CelestialWarden+1","StuffTheSpire:Ambrosia+1","DemoMod:ShadowBullets+1"],"relics":["DemoMod:Dog","HushsDoor","SteamSale","Anchor","aspiration:HummingbirdHeart","Question Card","StuffTheSpire:Saxophone","MerchantsRug","Replay:Wax Seal","hubris:EmptyBottle","Replay:Arrowhead","Quantum Egg","DemoMod:GlassGuonStoneRelic","StuffTheSpire:OldFever","hubris:BottledRain","halation:PrussianBluePaint","MutagenicStrength","StuffTheSpire:ForceGauntlet","Oddly Smooth Stone","HowToJump","DemoMod:RatBoots","DemoMod:PartiallyEatenCheese","Runic Dome","Ancient Tea Set","War Paint","ReplayTheSpireMod:ShopPack","StuffTheSpire:Mouthbags","Dream Catcher","hubris:Spice","hubris:Towel"],"acts_visited":["Exordium","TheCity","DemoMod:Maze","TheBeyond"],"potions_floor_usage":[35,35,52,52,52,52],"damage_taken":[{"damage":0.0,"enemies":"2 Louse","floor":1.0,"turns":3.0},{"damage":0.0,"enemies":"Small Slimes","floor":4.0,"turns":1.0},{"damage":0.0,"enemies":"Jaw Worm","floor":5.0,"turns":3.0},{"damage":0.0,"enemies":"Lagavulin","floor":7.0,"turns":4.0},{"damage":0.0,"enemies":"Looter","floor":8.0,"turns":2.0},{"damage":0.0,"enemies":"3 Sentries","floor":10.0,"turns":2.0},{"damage":0.0,"enemies":"Blue Slaver","floor":11.0,"turns":3.0},{"damage":0.0,"enemies":"Gremlin Gang","floor":14.0,"turns":1.0},{"damage":0.0,"enemies":"Hexaghost","floor":16.0,"turns":4.0},{"damage":0.0,"enemies":"Shell Parasite","floor":18.0,"turns":4.0},{"damage":0.0,"enemies":"Chosen","floor":19.0,"turns":2.0},{"damage":0.0,"enemies":"3 Cultists","floor":20.0,"turns":3.0},{"damage":0.0,"enemies":"DemoMod:Veteran_shot_gun_kin_and_bullet_kin","floor":28.0,"turns":1.0},{"damage":0.0,"enemies":"DemoMod:2_Veteran_bullet_kins_and_red_shotgun_kin","floor":29.0,"turns":1.0},{"damage":0.0,"enemies":"DemoMod:Veteran_shot_gun_kin_and_blue_shotgun_kin","floor":30.0,"turns":1.0},{"damage":0.0,"enemies":"DemoMod:Veteran_shot_gun_kin_and_red_shotgun_kin_with_gunsinger","floor":31.0,"turns":1.0},{"damage":0.0,"enemies":"DemoMod:Veteran_shot_gun_kin_and_blue_shotgun_kin_with_gunsinger","floor":32.0,"turns":1.0},{"damage":0,"enemies":"DemoMod:ResourcefulRat","floor":35,"turns":6},{"damage":0,"enemies":"3 Shapes","floor":37,"turns":1},{"damage":0,"enemies":"3 Darklings","floor":38,"turns":2},{"damage":0,"enemies":"Maw","floor":40,"turns":3},{"damage":0,"enemies":"Writhing Mass","floor":41,"turns":2},{"damage":0,"enemies":"R_Hoarder","floor":43,"turns":2},{"damage":0,"enemies":"Reptomancer","floor":46,"turns":1},{"damage":0,"enemies":"Sphere and 2 Shapes","floor":48,"turns":1},{"damage":0,"enemies":"3 Darklings","floor":49,"turns":1},{"damage":0,"enemies":"infinitespire:MassOfShapes","floor":52,"turns":1}],"seed_played":"4612212778185402491","potions_obtained":[{"floor":5.0,"key":"Block Potion"},{"floor":7.0,"key":"Adrenaline Potion"},{"floor":14.0,"key":"Regen Potion"},{"floor":29.0,"key":"SteroidPotion"},{"floor":30.0,"key":"EssenceOfSteel"},{"floor":38,"key":"Explosive Potion"},{"floor":43,"key":"Block Potion"}],"is_trial":false,"path_per_floor":["M","$","?","M","M","R","E","M","T","E","M","$","R","M","R","B",null,"M","M","M","?","$","R","?","R","T","R","M","M","M","M","M","R","B","B",null,"M","M","$","M","M","R","E","R","T","E","?","M","M","$","R_BF","B",null],"character_chosen":"HUNTRESS","items_purchased":["SteamSale","Anchor","aspiration:HummingbirdHeart","DemoMod:FastSwitch+1","Bandage Up","Question Card","StuffTheSpire:Saxophone","MerchantsRug","DemoMod:GnawedKey","Replay:Wax Seal","hubris:EmptyBottle","Replay:Arrowhead","DemoMod:Polaris","DemoMod:FeignSurrender","Quantum Egg","halation:LostSnail","halation:PrussianBluePaint","Eternal Feather","DemoMod:Purify","DemoMod:EasyReloadBullets","DemoMod:MeatBun","StuffTheSpire:ForceGauntlet","Oddly Smooth Stone","DemoMod:HardPowerCard","Ancient Tea Set","War Paint","ReplayTheSpireMod:ShopPack","StuffTheSpire:Mouthbags","hubris:Spice","hubris:Spice"],"campfire_rested":0,"item_purchase_floors":[0,0,0,0,0,0,0,0,0,0,0,0,0,0,2,2,12,12,12,22,22,22,22,39,39,39,39,39,50,50],"current_hp_per_floor":[24,24,24,24,24,24,28,32,32,32,32,32,47,47,59,63,63,63,63,63,63,63,63,48,57,62,63,63,63,63,63,63,63,63,63,63,63,63,63,65,67,67,69,69,77,88,88,91,86,70,70,73],"gold":49,"neow_bonus":"","is_daily":false,"chose_seed":false,"campfire_upgraded":16,"win_rate":0.0,"timestamp":1611081681,"path_taken":["M","$","?","M","M","R","E","M","T","E","M","$","R","M","R","BOSS","M","M","M","?","$","R","?","R","T","R","M","M","M","M","M","R","BOSS","BOSS","M","M","$","M","?","R","E","R","T","E","?","M","M","$","R_BF","BOSS"],"items_purchased_type":["Relic","Relic","Relic","Card","Card","Relic","Relic","Relic","Relic","Relic","Relic","Relic","Card","Card","Relic","Relic","Relic","Relic","Card","Card","Relic","Relic","Relic","Card","Relic","Relic","Relic","Relic","Relic","Relic"],"build_version":"2020-12-22","purchased_purges":5,"victory":true,"max_hp_per_floor":[63,63,63,63,63,63,63,63,63,63,63,63,63,63,63,63,63,63,63,63,63,63,63,63,63,63,63,63,63,63,63,63,63,63,63,63,63,63,63,65,67,67,69,69,77,88,88,91,86,70,70,73],"card_choices":[{"not_picked":["DemoMod:Unity","DemoMod:ConditionalReflex","DemoMod:Casey"],"picked":"DemoMod:FeignSurrender","floor":1.0},{"not_picked":["DemoMod:Casey","DemoMod:HuntsMan","DemoMod:GunstockTap"],"picked":"Bomb","floor":4.0},{"not_picked":["DemoMod:DirectionalPad","DemoMod:HighKaliber","DemoMod:PotionOfGunFriendShip"],"picked":"DemoMod:BattleInHaste","floor":5.0},{"not_picked":["DemoMod:RadGun","DemoMod:DirectionalPad","DemoMod:DoubleSwitch","DemoMod:GunstockTap"],"picked":"SKIP","floor":7.0},{"not_picked":["DemoMod:BoxingGlove","DemoMod:GunstockTap","DemoMod:BSG"],"picked":"Bomb","floor":8.0},{"not_picked":["DemoMod:HuntsMan","DemoMod:ThirdPartyController","DemoMod:PotionOfGunFriendShip"],"picked":"Bomb","floor":10.0},{"not_picked":["DemoMod:AC15","DemoMod:FastSwitch","DemoMod:SuppressiveFire","DemoMod:JK47"],"picked":"SKIP","floor":11.0},{"not_picked":["DemoMod:BoxingGlove","DemoMod:MachoBrace","DemoMod:Camera","DemoMod:CursedBullets"],"picked":"SKIP","floor":11.0},{"not_picked":["DemoMod:ChanceBullets","DemoMod:Replace","DemoMod:TeaPot","DemoMod:JK47"],"picked":"SKIP","floor":14.0},{"not_picked":["DemoMod:GunslingerForm","DemoMod:DarkMarker","DemoMod:BlankBullets"],"picked":"DemoMod:Behold!","floor":16.0},{"not_picked":["DemoMod:BattleInHaste","DemoMod:AWP","DemoMod:MegaHand","DemoMod:BoxingGlove"],"picked":"SKIP","floor":18.0},{"not_picked":["DemoMod:Ejector","DemoMod:GunShield","DemoMod:PotionOfGunFriendShip","DemoMod:DoubleSwitch"],"picked":"SKIP","floor":19.0},{"not_picked":["DemoMod:SAA","DemoMod:Replace","DemoMod:GunstockTap"],"picked":"DemoMod:MachoBrace","floor":20.0},{"not_picked":["DemoMod:BoxingGlove","DemoMod:StickyCrossBow+1","DemoMod:SAA","DemoMod:MachoBrace"],"picked":"SKIP","floor":28.0},{"not_picked":["DemoMod:TeaPot+1","DemoMod:LifeOrb","DemoMod:DoubleSwitch","DemoMod:DirectionalPad"],"picked":"SKIP","floor":29.0},{"not_picked":["DemoMod:MachoBrace","DemoMod:DoubleSwitch+1","DemoMod:AbyssalTentacle","DemoMod:PotionOfGunFriendShip+1"],"picked":"SKIP","floor":30.0},{"not_picked":["DemoMod:Casey","DemoMod:DarkMarker","DemoMod:StickyCrossBow","DemoMod:BattleInHaste"],"picked":"SKIP","floor":31.0},{"not_picked":["DemoMod:ZorGun","DemoMod:ChanceBullets","DemoMod:SkilledReload","DemoMod:CombinedRifle"],"picked":"SKIP","floor":32.0},{"not_picked":["DemoMod:SuppressiveFire","DemoMod:Eureka","DemoMod:FightSabre"],"picked":"DemoMod:Slinger","floor":35},{"not_picked":["DemoMod:ProbeStrike","DemoMod:AC15+1","DemoMod:StrategicReserve","DemoMod:FastSwitch+1"],"picked":"SKIP","floor":37},{"not_picked":["DemoMod:MegaHand+1","DemoMod:BoxingGlove","DemoMod:Unmoved","DemoMod:DarkMarker"],"picked":"SKIP","floor":38},{"not_picked":["Bandage Up","Dramatic Entrance","Crow Ritual"],"picked":"Panacea","floor":39},{"not_picked":["Crow Ritual","Mind Blast","Replay:Parry"],"picked":"ReplayTheSpireMod:Private Reserves","floor":39},{"not_picked":["DemoMod:LifeOrb+1","DemoMod:FortunesFavor","DemoMod:Ejector","DemoMod:GunstockTap"],"picked":"SKIP","floor":40},{"not_picked":["DemoMod:ConditionalReflex","DemoMod:DoubleSwitch+1","DemoMod:ShadowBullets","DemoMod:Casey"],"picked":"SKIP","floor":41},{"not_picked":["DemoMod:PotionOfGunFriendShip+1","DemoMod:StickyCrossBow","DemoMod:AC15","DemoMod:Replace+1"],"picked":"SKIP","floor":43},{"not_picked":["DemoMod:BattleInHaste","DemoMod:GunstockTap","DemoMod:ProbeStrike+1"],"picked":"DemoMod:ShadowBullets+1","floor":46},{"not_picked":["DemoMod:Unity","DemoMod:GunstockTap","DemoMod:Replace","DemoMod:BlankBullets"],"picked":"SKIP","floor":48},{"not_picked":["DemoMod:AC15","DemoMod:HardPowerCard","DemoMod:BattleInHaste","DemoMod:FeignSurrender"],"picked":"SKIP","floor":49}],"player_experience":364509,"relics_obtained":[{"floor":7.0,"key":"StuffTheSpire:OldFever"},{"floor":9.0,"key":"AnarchistCookbook"},{"floor":10.0,"key":"hubris:BottledRain"},{"floor":36,"key":"DemoMod:RatBoots"},{"floor":36,"key":"DemoMod:ResourcefulSack"},{"floor":36,"key":"DemoMod:PartiallyEatenCheese"},{"floor":36,"key":"Runic Dome"},{"floor":36,"key":"ChewingGum"},{"floor":43,"key":"Dream Catcher"},{"floor":45,"key":"hubris:Spice"},{"floor":46,"key":"hubris:Spice"},{"floor":49,"key":"hubris:Spice"}],"event_choices":[{"damage_healed":0.0,"max_hp_gain":0.0,"max_hp_loss":0.0,"gold_gain":0.0,"event_name":"Drug Dealer","player_choice":"Inject Mutagens","floor":21.0,"gold_loss":0.0,"damage_taken":0.0,"relics_obtained":["MutagenicStrength"]}],"is_beta":false,"boss_relics":[{"not_picked":["Tiny House","Snecko Eye"],"picked":"halation:CatFaceCupcake"},{"not_picked":[]},{"not_picked":[]}],"items_purged_floors":[0,2,22,39,50],"is_endless":false,"potions_floor_spawned":[5,7,11,14,19,29,30,38,43,46,48,49],"ascension_level":16}}