{"host":"Rich","time":1611027249,"event":{"mods":["AchievementEnabler","BaseMod","Highlight Path","Minty Spire (QoL Compilation)","Relic Stats"],"gold_per_floor":[144,144,144,47,92,92,137,137,162,252,297,342,432,477,477,477,477],"floor_reached":16,"language":"ENG","playtime":460,"items_purged":[],"score":137,"play_id":"cff91ab8-8d1d-41cc-9f46-6099c031cab2","local_time":"20210118223409","daily_mods":["Allstar","Time Dilation","Midas"],"is_ascension_mode":false,"campfire_choices":[{"floor":6.0,"key":"REST"},{"floor":8.0,"key":"REST"},{"floor":15.0,"key":"REST"}],"circlet_count":0,"master_deck":["Strike_P","Strike_P","Strike_P","Strike_P","Defend_P","Defend_P","Defend_P","Defend_P","Eruption","Vigilance","Impatience","Transmutation","Mind Blast+1","Secret Technique","Bandage Up","SandsOfTime","Regret","Dramatic Entrance","ClearTheMind","CutThroughFate","ThirdEye","Vengeance","Conclude","Weave","Tantrum"],"relics":["PureWater","Boot","Damaru","Lantern","Ornamental Fan"],"acts_visited":["Exordium"],"potions_floor_usage":[16],"damage_taken":[{"damage":1.0,"enemies":"Small Slimes","floor":1.0,"turns":4.0},{"damage":11.0,"enemies":"Jaw Worm","floor":5.0,"turns":2.0},{"damage":0.0,"enemies":"2 Louse","floor":7.0,"turns":2.0},{"damage":0.0,"enemies":"3 Sentries","floor":10.0,"turns":4.0},{"damage":12.0,"enemies":"2 Fungi Beasts","floor":11.0,"turns":3.0},{"damage":7.0,"enemies":"Blue Slaver","floor":12.0,"turns":2.0},{"damage":13.0,"enemies":"Lagavulin","floor":13.0,"turns":5.0},{"damage":13.0,"enemies":"Red Slaver","floor":14.0,"turns":2.0},{"damage":31,"enemies":"Hexaghost","floor":16,"turns":5}],"seed_played":"3706737729498028133","potions_obtained":[{"floor":1.0,"key":"Strength Potion"},{"floor":11.0,"key":"Ancient Potion"},{"floor":12.0,"key":"Explosive Potion"},{"floor":13.0,"key":"SpeedPotion"}],"is_trial":false,"path_per_floor":["M","?","?","$","M","R","M","R","T","E","M","M","E","M","R","B"],"character_chosen":"WATCHER","items_purchased":["Dramatic Entrance"],"campfire_rested":3,"item_purchase_floors":[4],"current_hp_per_floor":[72,72,72,72,61,72,72,72,72,72,63,60,51,42,63,36,36],"gold":477,"neow_bonus":"","is_daily":true,"chose_seed":false,"campfire_upgraded":0,"win_rate":0.0,"timestamp":1611027249,"path_taken":["M","?","?","?","M","R","M","R","T","E","M","M","E","M","R","BOSS"],"items_purchased_type":["Card"],"build_version":"2020-12-18","purchased_purges":0,"victory":false,"max_hp_per_floor":[72,72,72,72,72,72,72,72,72,72,72,72,72,72,72,72,72],"relic_stats":{"counters":[9,29],"Ornamental Fan":[8],"Boot":[3],"obtain_stats":[{"Lantern":10,"Ornamental Fan":13,"Damaru":9,"PureWater":0,"Boot":2},{"Lantern":4,"Ornamental Fan":7,"Damaru":3,"PureWater":0,"Boot":1},{"Lantern":12,"Ornamental Fan":22,"Damaru":8,"PureWater":0,"Boot":4}]},"card_choices":[{"not_picked":["Prostrate","Evaluate"],"picked":"SandsOfTime","floor":1.0},{"not_picked":["FollowUp","Evaluate"],"picked":"ClearTheMind","floor":5.0},{"not_picked":["FollowUp","SignatureMove"],"picked":"CutThroughFate","floor":7.0},{"not_picked":["BattleHymn","EmptyBody"],"picked":"ThirdEye","floor":10.0},{"not_picked":["ReachHeaven","Evaluate"],"picked":"Vengeance","floor":11.0},{"not_picked":["JustLucky","Protect"],"picked":"Conclude","floor":12.0},{"not_picked":["Perseverance","Collect"],"picked":"Weave","floor":13.0},{"not_picked":["Crescendo","FlurryOfBlows"],"picked":"Tantrum","floor":14.0}],"player_experience":2000994,"relics_obtained":[{"floor":9.0,"key":"Damaru"},{"floor":10.0,"key":"Lantern"},{"floor":13.0,"key":"Ornamental Fan"}],"event_choices":[{"damage_healed":0.0,"max_hp_gain":0.0,"max_hp_loss":0.0,"gold_gain":0.0,"event_name":"Big Fish","player_choice":"Box","floor":2.0,"gold_loss":0.0,"damage_taken":0.0,"relics_obtained":["Boot"],"cards_obtained":["Regret"]},{"damage_healed":0.0,"max_hp_gain":0.0,"max_hp_loss":0.0,"gold_gain":0.0,"event_name":"Living Wall","player_choice":"Grow","floor":3.0,"gold_loss":0.0,"damage_taken":0.0,"cards_upgraded":["Mind Blast"]}],"is_beta":true,"boss_relics":[],"items_purged_floors":[],"is_endless":false,"potions_floor_spawned":[1,11,12,13],"killed_by":"Hexaghost","ascension_level":0}}