{"host":"xp5rvh2jwe2ejyfm","time":1611024542,"event":{"mods":["BaseMod","Hermit","Minty Spire (QoL Compilation)","Replay The Spire","StSLib","The Construct","The Cursed","The Disciple","The Hierophant","The Necromancer","The Runesmith"],"gold_per_floor":[117,129,140,156,167,202,202,202,202,215,235,245,265,308,308,404,404,422,422,422,437,377,408,421,421,447,470,470,470,498,516,516,621,621,637,653,666,666,56,56,156,205,232,266,266,284,284,304,304,304],"floor_reached":51,"language":"ENG","playtime":2244,"items_purged":[],"score":746,"play_id":"d52cd5be-9a25-425f-8e2f-8d309af5022c","local_time":"20210118214902","is_ascension_mode":false,"campfire_choices":[{"data":"Summon_Undead","floor":7,"key":"SMITH"},{"floor":15,"key":"REST"},{"floor":25,"key":"REST"},{"floor":29,"key":"REST"},{"floor":32,"key":"REST"},{"floor":40,"key":"REST"},{"floor":45,"key":"REST"},{"data":"Summon_Undead","floor":49,"key":"SMITH"}],"circlet_count":0,"master_deck":["Strike_W","Strike_W","Strike_W","Strike_W","Defend_W","Defend_W","Defend_W","Defend_W","Negative_Energy_Arrows","Bone_Wall","Summon_Death_Knight","Bone_Bullets","Summon_Undead+1","Negative_Energy_Burst","Summon_Undead+1","Bone_Shift","Summon_Death_Knight","Pain","Bone_Armory","Acid_Javelin","Uncharnel","Bone_Armor","Negative_Energy_Javelin","Finger_Of_Death","Summon_Vampire_Lady","Uncharnel","Corrupt","Skeleton_Dragon","Hellfire","Bones_to_Steel","Negative_Energy_Javelin+1","Grasp_Heart","CurseOfTheBell","Necrotic_Claws+1","Scare","Voices","Summon_Lich","Epidemic","Chrysalis","Negative_Energy_Mist+1","Normality","Epidemic+1","Summon_Undead_Army","Bone_Armory"],"relics":["Vampire_Amulet","Garlic","WarpedTongs","Replay:WaspNest","Philosopher\u0027s Stone","Nloth\u0027s Gift","Anchor","Juzu Bracelet","Onion Ring","Replay:Baseball","Replay:Grab Bag","Replay:Bronze Core","Cursed Key","Calling Bell","Simple Rune","Molten Egg 2","Ring of Fury","StoneCalendar","BranchBurnRelic","CaptainsWheel","Bag of Preparation","HornCleat"],"acts_visited":["Exordium","TheCity","TheBeyond"],"potions_floor_usage":[11,16,16,16,18,23,23,24,35,42,44,50],"damage_taken":[{"damage":6,"enemies":"Jaw Worm","floor":1,"turns":5},{"damage":1,"enemies":"Cultist","floor":2,"turns":4},{"damage":12,"enemies":"Small Slimes","floor":3,"turns":3},{"damage":10,"enemies":"Looter","floor":4,"turns":3},{"damage":10,"enemies":"3 Louse","floor":5,"turns":3},{"damage":19,"enemies":"Lagavulin","floor":6,"turns":6},{"damage":4,"enemies":"Lots of Slimes","floor":10,"turns":3},{"damage":15,"enemies":"Large Slime","floor":11,"turns":6},{"damage":4,"enemies":"Blue Slaver","floor":12,"turns":4},{"damage":2,"enemies":"Gremlin Gang","floor":13,"turns":2},{"damage":24,"enemies":"The Guardian","floor":16,"turns":6},{"damage":1,"enemies":"3 Byrds","floor":18,"turns":4},{"damage":18,"enemies":"Spheric Guardian","floor":21,"turns":4},{"damage":71,"enemies":"Slavers","floor":23,"turns":4},{"damage":6,"enemies":"Chosen and Byrds","floor":24,"turns":6},{"damage":34,"enemies":"Book of Stabbing","floor":30,"turns":5},{"damage":13,"enemies":"Sentry and Sphere","floor":31,"turns":3},{"damage":67,"enemies":"Collector","floor":33,"turns":7},{"damage":43,"enemies":"3 Darklings","floor":35,"turns":3},{"damage":5,"enemies":"3 Shapes","floor":36,"turns":4},{"damage":18,"enemies":"Jaw Worm Horde","floor":37,"turns":3},{"damage":39,"enemies":"2 Orb Walkers","floor":42,"turns":4},{"damage":13,"enemies":"R_Hoarder","floor":44,"turns":7},{"damage":0,"enemies":"Spire Growth","floor":46,"turns":4},{"damage":10,"enemies":"3 Darklings","floor":48,"turns":5},{"damage":56,"enemies":"Awakened One","floor":50,"turns":10}],"seed_played":"1779844110980876550","potions_obtained":[{"floor":4,"key":"Adrenaline Potion"},{"floor":5,"key":"BlessingOfTheForge"},{"floor":6,"key":"PowerPotion"},{"floor":10,"key":"AttackPotion"},{"floor":11,"key":"LiquidMemories"},{"floor":12,"key":"LiquidMemories"},{"floor":18,"key":"Weak Potion"},{"floor":21,"key":"Explosive Potion"},{"floor":31,"key":"Elixir"},{"floor":33,"key":"Block Potion"},{"floor":35,"key":"PowerPotion"},{"floor":36,"key":"Strength Potion"},{"floor":46,"key":"BlessingOfTheForge"},{"floor":48,"key":"Explosive Potion"}],"is_trial":false,"path_per_floor":["M","M","M","M","M","E","R","?","T","M","M","M","M","?","R","B",null,"M","?","?","M","?","E","M","R","T","T","?","R","E","M","R","B",null,"M","M","M","?","$","R","?","?","T","E","R","M","?","M","R","B",null],"character_chosen":"NECROMANCER","items_purchased":["StoneCalendar","Summon_Lich","Epidemic","Chrysalis"],"campfire_rested":6,"item_purchase_floors":[39,39,39,39],"current_hp_per_floor":[71,72,64,59,64,62,62,62,62,75,64,62,68,50,72,56,75,75,75,75,62,62,9,19,41,41,41,41,63,49,43,65,13,75,34,46,42,42,42,64,64,55,55,55,75,75,75,71,71,54],"gold":304,"neow_bonus":"ONE_RANDOM_RARE_CARD","is_daily":false,"chose_seed":false,"campfire_upgraded":2,"win_rate":0.0,"timestamp":1611024542,"path_taken":["M","M","M","M","M","E","R","?","T","M","M","M","?","?","R","BOSS","M","?","?","?","?","E","M","R","T","?","?","R","E","M","R","BOSS","M","M","M","?","$","R","?","?","T","E","R","M","?","M","R","BOSS"],"items_purchased_type":["Relic","Card","Card","Card"],"build_version":"2020-12-22","purchased_purges":0,"victory":true,"max_hp_per_floor":[75,75,75,75,75,75,75,75,75,75,75,75,75,75,75,75,75,75,75,75,75,75,75,75,75,75,75,75,75,75,75,75,75,75,75,75,75,75,75,75,75,75,75,75,75,75,75,75,75,75],"card_choices":[{"not_picked":["Chill_Blood","Negative_Energy_Sphere"],"picked":"Bone_Bullets","floor":1},{"not_picked":["Bone_Spikes","Toxic_Smoke_Screen"],"picked":"Summon_Undead","floor":2},{"not_picked":["Blood_Whip","Spectral_Walk"],"picked":"Negative_Energy_Burst","floor":3},{"not_picked":["Bone_Armor","Blood_for_Blood"],"picked":"Summon_Undead","floor":4},{"not_picked":["Blood_Shield","Blood_Curse"],"picked":"Bone_Shift","floor":5},{"not_picked":["Toxic_Smoke_Screen","Life_Tap"],"picked":"Summon_Death_Knight","floor":6},{"not_picked":["Thousand_Bone_Knives","Scare"],"picked":"Bone_Armory","floor":10},{"not_picked":["Scare","Bone_Armor"],"picked":"Acid_Javelin","floor":11},{"not_picked":["Scare","Shackles_Of_Pain"],"picked":"Uncharnel","floor":12},{"not_picked":["Negative_Energy_Javelin","Flesh_Made_Foul"],"picked":"Bone_Armor","floor":13},{"not_picked":["Chill_Blood","Bone_Bullets"],"picked":"Negative_Energy_Javelin","floor":14},{"not_picked":["Blood_Curse","Necrotic_Claws"],"picked":"Finger_Of_Death","floor":14},{"not_picked":["Blood_Wake","Hellfire"],"picked":"Summon_Vampire_Lady","floor":16},{"not_picked":["Consume_Illness","Slay_Living+1"],"picked":"Uncharnel","floor":18},{"not_picked":["Spectral_Armor+1","Blood_Curse"],"picked":"Corrupt","floor":21},{"not_picked":["Requiem","Blood_Magic"],"picked":"Skeleton_Dragon","floor":23},{"not_picked":["Strike_from_Beyond","Bone_Bullets+1"],"picked":"Hellfire","floor":24},{"not_picked":["Negative_Energy_Mist","Negative_Energy_Bomb"],"picked":"Bones_to_Steel","floor":30},{"not_picked":["Death_March_Dance","Thousand_Bone_Knives"],"picked":"Negative_Energy_Javelin+1","floor":31},{"not_picked":["Requiem","Blood_Magic"],"picked":"Grasp_Heart","floor":33},{"not_picked":["Uncharnel","Bone_Shift"],"picked":"Necrotic_Claws+1","floor":35},{"not_picked":["Toxic_Smoke_Screen","Bone_Shift+1"],"picked":"Scare","floor":36},{"not_picked":["Toxic_Smoke_Screen+1","Vampiric_Strike+1"],"picked":"Bone_Spikes+1","floor":37},{"not_picked":["Finger_Of_Death+1","Scare+1"],"picked":"Negative_Energy_Mist+1","floor":42},{"not_picked":["Chill_Blood","Consume_Illness"],"picked":"Epidemic+1","floor":44},{"not_picked":["Summon_Vampire_Lady","Negative_Energy_Shield+1"],"picked":"Summon_Undead_Army","floor":46},{"not_picked":["Finger_Of_Death+1","Corrupt"],"picked":"Bone_Armory","floor":48}],"player_experience":239918,"relics_obtained":[{"floor":6,"key":"Garlic"},{"floor":9,"key":"Potion Belt"},{"floor":14,"key":"Replay:WaspNest"},{"floor":23,"key":"Anchor"},{"floor":27,"key":"Juzu Bracelet"},{"floor":30,"key":"Replay:Baseball"},{"floor":34,"key":"Simple Rune"},{"floor":34,"key":"Molten Egg 2"},{"floor":34,"key":"Dead Branch"},{"floor":38,"key":"Ring of Fury"},{"floor":42,"key":"CaptainsWheel"},{"floor":43,"key":"Bag of Preparation"},{"floor":44,"key":"HornCleat"}],"event_choices":[{"damage_healed":0,"gold_gain":0,"player_choice":"Rummage","damage_taken":0,"relics_obtained":["WarpedTongs"],"max_hp_gain":0,"max_hp_loss":0,"event_name":"Accursed Blacksmith","floor":8,"gold_loss":0,"cards_obtained":["Pain"]},{"damage_healed":0,"gold_gain":0,"player_choice":"Ignored","damage_taken":0,"max_hp_gain":0,"max_hp_loss":0,"event_name":"Vampires","floor":19,"gold_loss":0},{"damage_healed":0,"gold_gain":0,"player_choice":"Traded Relic","damage_taken":0,"relics_obtained":["Nloth\u0027s Gift"],"max_hp_gain":0,"max_hp_loss":0,"event_name":"N\u0027loth","floor":20,"relics_lost":["Potion Belt"],"gold_loss":0},{"damage_healed":0,"gold_gain":100,"player_choice":"Pray","damage_taken":0,"max_hp_gain":0,"max_hp_loss":0,"event_name":"Golden Shrine","floor":41,"gold_loss":0},{"damage_healed":0,"gold_gain":0,"player_choice":"Fight","damage_taken":0,"max_hp_gain":0,"max_hp_loss":0,"event_name":"Mysterious Sphere","floor":42,"gold_loss":0},{"cards_removed":["Bone_Spikes"],"damage_healed":0,"gold_gain":0,"player_choice":"Removed Attack","damage_taken":0,"max_hp_gain":0,"max_hp_loss":0,"event_name":"Falling","floor":47,"gold_loss":0}],"is_beta":false,"boss_relics":[{"not_picked":["Coffee Dripper","Runesmith:UraniumAnvil"],"picked":"Philosopher\u0027s Stone"},{"not_picked":["Kintsugi","Snecko Eye"],"picked":"Replay:Grab Bag"},{"not_picked":["ReplayTheSpireMod:DimensionalGlitch","ReplayTheSpireMod:Onyx Gauntlets"],"picked":"Replay:Bronze Core"},{"not_picked":["Abe\u0027s Treasure","Velvet Choker"],"picked":"Cursed Key"},{"not_picked":["Ring of Chaos","Empty Cage"],"picked":"Calling Bell"}],"items_purged_floors":[],"is_endless":false,"potions_floor_spawned":[4,5,6,10,11,12,18,21,31,33,35,36,46,48],"ascension_level":0}}