{"host":"ecaj4hn004xnnrw9","time":1611099107,"event":{"mods":["AchievementEnabler","BaseMod","Better Third Choice","Card Forge","Hermit","Hubris","Infinite Spire","Jorbs\u0027s Wanderer Trilogy","Minty Spire (QoL Compilation)","Quick Restart","Relic Stats","Shop Mod","StSLib","The Construct","The Jungle","The Runesmith"],"gold_per_floor":[110,110,129,129,129,162,162,102,181,205,205,220,220,170,170,299,299,314,314,464,326,377,347,347,372,396,440,440,440,440,440,440,563,563,588,260,323,325,341,376,376,376,376,409,425,445,480,489,489,489],"floor_reached":51,"language":"ENG","playtime":885,"items_purged":["Strike_G","Strike_G","Defend_G","Defend_G"],"score":1406,"play_id":"00e3a13e-7f7b-43de-8793-2331ca8c9b7c","local_time":"20210119233147","is_ascension_mode":true,"campfire_choices":[{"data":"Neutralize","floor":7,"key":"SMITH"},{"data":"Acrobatics","floor":13,"key":"SMITH"},{"data":"Dash","floor":15,"key":"SMITH"},{"data":"Survivor","floor":24,"key":"SMITH"},{"data":"hubris:InfiniteBlow+106","floor":28,"key":"SMITH"},{"data":"Defend_G","floor":30,"key":"SMITH"},{"data":"Defend_G","floor":32,"key":"SMITH"},{"floor":42,"key":"RECALL"},{"data":"Cloak And Dagger","floor":49,"key":"SMITH"}],"circlet_count":0,"master_deck":["hubris:InfiniteBlow+107","Defend_G+1","Defend_G","Defend_G+1","Survivor+1","Neutralize+1","CurseOfTheBell","Cloak And Dagger+1","Dash+1","Acrobatics+1","hubris:InfiniteBlow+53","hubris:Disease","Backstab"],"relics":["Hammer of Thor","Seething Fire","Anvil of the Gods","Calling Bell","PreservedInsect","The Courier","infinitespire:Lychee Nut","Golden Idol","hubris:Icosahedron","Paper Crane","Bottled Flame","hubris:Backtick","hubris:TinFlute","Happy Flower","Blood Vial","Tough Bandages","infinitespire:Midas Blood","Cursed Key","hubris:EmptyBottle","Strawberry","Prayer Wheel","Tingsha","Orichalcum","CeramicFish"],"acts_visited":["Exordium","Exordium","TheBeyond"],"potions_floor_usage":[35,45],"damage_taken":[{"damage":9,"enemies":"Jaw Worm","floor":1,"turns":2},{"damage":0,"enemies":"2 Louse","floor":3,"turns":2},{"damage":0,"enemies":"Gremlin Nob","floor":6,"turns":1},{"damage":0,"enemies":"Small Slimes","floor":10,"turns":3},{"damage":0,"enemies":"Red Slaver","floor":12,"turns":1},{"damage":0,"enemies":"Hexaghost","floor":16,"turns":1},{"damage":0,"enemies":"Shell Parasite","floor":18,"turns":1},{"damage":1,"enemies":"theJungle:5_Spyders","floor":23,"turns":7},{"damage":0,"enemies":"theJungle:JungleHuntersEncounter","floor":25,"turns":3},{"damage":0,"enemies":"theJungle:Cassacara","floor":27,"turns":1},{"damage":8,"enemies":"theJungle:TotemBoss","floor":33,"turns":3},{"damage":0,"enemies":"3 Darklings","floor":35,"turns":1},{"damage":0,"enemies":"2 Orb Walkers","floor":37,"turns":1},{"damage":0,"enemies":"3 Shapes","floor":39,"turns":4},{"damage":0,"enemies":"Giant Head","floor":40,"turns":1},{"damage":0,"enemies":"Writhing Mass","floor":41,"turns":1},{"damage":0,"enemies":"Nightmare","floor":44,"turns":1},{"damage":0,"enemies":"3 Darklings","floor":45,"turns":1},{"damage":0,"enemies":"Sphere and 2 Shapes","floor":46,"turns":2},{"damage":0,"enemies":"Reptomancer","floor":47,"turns":1},{"damage":0,"enemies":"Donu and Deca","floor":50,"turns":2}],"seed_played":"-8688039891263992175","potions_obtained":[{"floor":1,"key":"AttackPotion"},{"floor":6,"key":"LiquidMemories"},{"floor":10,"key":"SteroidPotion"},{"floor":18,"key":"Block Potion"},{"floor":37,"key":"Poison Potion"},{"floor":40,"key":"PowerPotion"}],"is_trial":false,"path_per_floor":["M","?","M","?","?","E","R","$","T","M","?","M","R","?","R","B",null,"M","?","?","$","T","M","R","M","T","E","R","AVR","R","?","R","B",null,"M","$","?","?","M","E","M","R","T","NM","M","M","E","?","R","B",null],"character_chosen":"THE_SILENT","items_purchased":["LiquidMemories","hubris:EmptyBottle","Strawberry"],"campfire_rested":0,"item_purchase_floors":[21,36,36],"current_hp_per_floor":[43,43,46,46,46,46,46,46,46,48,48,48,48,48,48,48,48,48,48,48,48,48,48,48,48,48,48,48,48,48,48,48,42,47,48,55,55,42,50,52,54,54,54,55,55,55,55,55,55,55],"gold":489,"neow_bonus":"BOSS_RELIC","is_daily":false,"chose_seed":false,"campfire_upgraded":8,"win_rate":0.0,"timestamp":1611099107,"path_taken":["M","?","M","?","?","E","R","$","T","M","?","?","R","?","R","BOSS","M","?","?","$","?","M","R","M","T","E","R","AVR","R","?","R","BOSS","M","$","?","?","?","E","M","R","T","NM","M","M","E","?","R","BOSS"],"items_purchased_type":["Potion","Relic","Relic"],"build_version":"2020-12-22","purchased_purges":4,"victory":true,"max_hp_per_floor":[52,48,48,48,48,48,48,48,48,48,48,48,48,48,48,48,48,48,48,48,48,48,48,48,48,48,48,48,48,48,48,48,48,48,48,55,55,55,55,55,55,55,55,55,55,55,55,55,55,55],"relic_stats":{"Blood Vial":8,"Tough Bandages":[39],"Happy Flower":[9],"counters":[21,40],"Golden Idol":169,"CeramicFish":9,"Prayer Wheel":4,"Tingsha":[6],"PreservedInsect":318,"Orichalcum":[0],"Cursed Key":1,"obtain_stats":[{"CeramicFish":47,"Hammer of Thor":0,"hubris:EmptyBottle":36,"Cursed Key":34,"Blood Vial":26,"Tough Bandages":27,"hubris:Icosahedron":4,"hubris:Backtick":17,"Strawberry":36,"Prayer Wheel":37,"hubris:TinFlute":17,"Ring of the Snake":0,"Happy Flower":22,"Golden Idol":2,"Tingsha":43,"PreservedInsect":0,"The Courier":0,"Seething Fire":0,"Paper Crane":6,"Orichalcum":44,"Calling Bell":0,"Bottled Flame":9,"Anvil of the Gods":0,"infinitespire:Lychee Nut":0,"infinitespire:Midas Blood":29},{"CeramicFish":20,"Hammer of Thor":0,"hubris:EmptyBottle":12,"Cursed Key":11,"Blood Vial":9,"Tough Bandages":10,"hubris:Icosahedron":2,"hubris:Backtick":6,"Strawberry":12,"Prayer Wheel":13,"hubris:TinFlute":6,"Ring of the Snake":0,"Happy Flower":7,"Golden Idol":1,"Tingsha":16,"PreservedInsect":0,"The Courier":0,"Seething Fire":0,"Paper Crane":3,"Orichalcum":17,"Calling Bell":0,"Bottled Flame":3,"Anvil of the Gods":0,"infinitespire:Lychee Nut":0,"infinitespire:Midas Blood":10},{"CeramicFish":38,"Hammer of Thor":0,"hubris:EmptyBottle":26,"Cursed Key":25,"Blood Vial":21,"Tough Bandages":22,"hubris:Icosahedron":4,"hubris:Backtick":10,"Strawberry":26,"Prayer Wheel":27,"hubris:TinFlute":10,"Ring of the Snake":0,"Happy Flower":11,"Golden Idol":2,"Tingsha":33,"PreservedInsect":0,"The Courier":0,"Seething Fire":0,"Paper Crane":5,"Orichalcum":34,"Calling Bell":0,"Bottled Flame":5,"Anvil of the Gods":0,"infinitespire:Lychee Nut":0,"infinitespire:Midas Blood":22}]},"card_choices":[{"not_picked":["Bane","Dodge and Roll"],"picked":"Cloak And Dagger","floor":1},{"not_picked":["Dagger Spray","Blur","Dodge and Roll"],"picked":"SKIP","floor":3},{"not_picked":["Blade Dance","hubris:TrickCloak","Deadly Poison"],"picked":"SKIP","floor":6},{"not_picked":["Caltrops","Backstab","Flechettes"],"picked":"SKIP","floor":10},{"not_picked":["Outmaneuver","Tactician"],"picked":"Acrobatics","floor":12},{"not_picked":["Bane","hubris:SlightOfHand","Deadly Poison"],"picked":"SKIP","floor":18},{"not_picked":["Dodge and Roll","Dagger Spray","Accuracy+1"],"picked":"SKIP","floor":23},{"not_picked":["hubris:Counter","Blade Dance+1","Flying Knee"],"picked":"SKIP","floor":25},{"not_picked":["hubris:SlightOfHand","All Out Attack","Footwork+1"],"picked":"SKIP","floor":27},{"not_picked":["Slice","Quick Slash+1","Well Laid Plans+1"],"picked":"SKIP","floor":35},{"not_picked":["Escape Plan+1","Acrobatics+1","hubris:Sniper+1"],"picked":"SKIP","floor":39},{"not_picked":["Deflect","Finisher","Cloak And Dagger"],"picked":"SKIP","floor":39},{"not_picked":["PiercingWail+1","Poisoned Stab+1","Expertise"],"picked":"SKIP","floor":40},{"not_picked":["Deflect+1","Outmaneuver","Bane"],"picked":"SKIP","floor":41},{"not_picked":["Outmaneuver+1","Backflip+1","Sucker Punch+1"],"picked":"SKIP","floor":41},{"not_picked":["Cloak And Dagger","Skewer","Noxious Fumes"],"picked":"SKIP","floor":44},{"not_picked":["Slice+1","PiercingWail+1","Predator"],"picked":"SKIP","floor":45},{"not_picked":["Phantasmal Killer","Outmaneuver","Dagger Spray+1"],"picked":"SKIP","floor":45},{"not_picked":["Distraction","Poisoned Stab+1","Quick Slash"],"picked":"SKIP","floor":46},{"not_picked":["Acrobatics","Underhanded Strike","Dagger Spray+1"],"picked":"SKIP","floor":46},{"not_picked":["Deadly Poison","Eviscerate","Backstab"],"picked":"SKIP","floor":47}],"player_experience":395076,"relics_obtained":[{"floor":0,"key":"PreservedInsect"},{"floor":0,"key":"The Courier"},{"floor":0,"key":"infinitespire:Lychee Nut"},{"floor":6,"key":"Paper Crane"},{"floor":9,"key":"Bottled Flame"},{"floor":22,"key":"Happy Flower"},{"floor":26,"key":"Blood Vial"},{"floor":27,"key":"Tough Bandages"},{"floor":37,"key":"Prayer Wheel"},{"floor":43,"key":"Tingsha"},{"floor":44,"key":"Orichalcum"},{"floor":47,"key":"CeramicFish"}],"event_choices":[{"damage_healed":0,"gold_gain":0,"player_choice":"Lose Max HP","damage_taken":0,"relics_obtained":["Golden Idol"],"max_hp_gain":0,"max_hp_loss":4,"event_name":"Golden Idol","floor":2,"gold_loss":0},{"damage_healed":0,"gold_gain":0,"cards_transformed":["Strike_G"],"player_choice":"Transformed","damage_taken":0,"max_hp_gain":0,"max_hp_loss":0,"event_name":"Transmorgrifier","floor":11,"gold_loss":0,"cards_obtained":["Dash"]},{"cards_removed":["Strike_G"],"damage_healed":0,"gold_gain":0,"player_choice":"Card Removal","damage_taken":0,"max_hp_gain":0,"max_hp_loss":0,"event_name":"The Cleric","floor":14,"gold_loss":50},{"damage_healed":0,"gold_gain":0,"player_choice":"Fight","damage_taken":0,"max_hp_gain":0,"max_hp_loss":0,"event_name":"Mysterious Sphere","floor":37,"gold_loss":0}],"is_beta":false,"boss_relics":[{"not_picked":["Philosopher\u0027s Stone","hubris:GrandSneckoEye"],"picked":"hubris:Backtick"},{"not_picked":["Runesmith:UraniumAnvil","HoveringKite"],"picked":"Cursed Key"}],"items_purged_floors":[8,21,29,36],"is_endless":false,"potions_floor_spawned":[1,6,10,18,37,39,40,46],"ascension_level":7}}