{"host":"3y2rtlgteqp2nuo3","time":1611029081,"event":{"mods":["2.2 Compatiblity","AchievementEnabler","BaseMod","Colored Map","DeckTracker","Highlight Path","Keyboard Shortcuts","Minty Spire (QoL Compilation)","Permanent Neow","Quick Restart","StSLib","SuperFastMode","everything is the same but u backflip on backflip"],"gold_per_floor":[16,36,49,60,60,60,91,91,91,91,266,266,287,287,287,287,287],"floor_reached":16,"language":"KOR","playtime":319,"items_purged":[],"score":180,"play_id":"ccadcb63-57fd-4cbd-be19-a66f88e58ce5","local_time":"20210119130441","is_ascension_mode":true,"campfire_choices":[{"data":"Neutralize","floor":6.0,"key":"SMITH"},{"data":"Bouncing Flask","floor":10.0,"key":"SMITH"},{"data":"Dash","floor":12.0,"key":"SMITH"},{"data":"Dagger Spray","floor":15,"key":"SMITH"}],"circlet_count":0,"master_deck":["AscendersBane","Strike_G","Strike_G","Strike_G","Strike_G","Defend_G","Defend_G","Defend_G","Defend_G","Survivor","Neutralize+1","Dagger Spray+1","Dash+1","Acrobatics","Bouncing Flask+1","Doubt","Dagger Throw"],"relics":["Ring of the Snake","Juzu Bracelet","Golden Idol","Pear"],"acts_visited":["Exordium"],"potions_floor_usage":[16],"damage_taken":[{"damage":0.0,"enemies":"Cultist","floor":1.0,"turns":5.0},{"damage":4.0,"enemies":"Small Slimes","floor":2.0,"turns":5.0},{"damage":7.0,"enemies":"Jaw Worm","floor":3.0,"turns":4.0},{"damage":8.0,"enemies":"Gremlin Gang","floor":4.0,"turns":5.0},{"damage":20.0,"enemies":"Lagavulin","floor":7.0,"turns":8.0},{"damage":0,"enemies":"Blue Slaver","floor":13,"turns":5},{"damage":21,"enemies":"The Guardian","floor":16,"turns":8}],"seed_played":"1684155518362236109","potions_obtained":[{"floor":3.0,"key":"Fruit Juice"},{"floor":4.0,"key":"LiquidMemories"},{"floor":14,"key":"Energy Potion"},{"floor":14,"key":"SpeedPotion"}],"is_trial":false,"path_per_floor":["M","M","M","M","$","R","E","?","T","R","?","R","M","?","R","B"],"character_chosen":"THE_SILENT","items_purchased":[],"campfire_rested":0,"item_purchase_floors":[],"current_hp_per_floor":[63,59,57,49,49,49,29,11,21,21,21,21,21,21,21,0,0],"gold":287,"neow_bonus":"REMOVE_TWO","is_daily":false,"chose_seed":false,"campfire_upgraded":4,"win_rate":0.0,"timestamp":1611029081,"path_taken":["M","M","M","M","$","R","E","?","T","R","?","R","M","?","R","BOSS"],"items_purchased_type":[],"build_version":"2020-12-22","purchased_purges":0,"victory":false,"max_hp_per_floor":[70,70,75,75,75,75,75,75,85,85,85,85,85,85,85,85,85],"card_choices":[{"not_picked":["Cloak And Dagger","Deflect"],"picked":"Dagger Spray","floor":1.0},{"not_picked":["PiercingWail","Underhanded Strike"],"picked":"Dash","floor":2.0},{"not_picked":["Flying Knee","Sucker Punch"],"picked":"Acrobatics","floor":3.0},{"not_picked":["Dagger Spray","Slice","Flechettes"],"picked":"SKIP","floor":4.0},{"not_picked":["Reflex","Distraction"],"picked":"Bouncing Flask","floor":7.0},{"not_picked":["Riddle With Holes","Concentrate"],"picked":"Dagger Throw","floor":13}],"player_experience":694279,"relics_obtained":[{"floor":7.0,"key":"Juzu Bracelet"},{"floor":9.0,"key":"Pear"}],"event_choices":[{"damage_healed":0.0,"max_hp_gain":0.0,"max_hp_loss":0.0,"gold_gain":0.0,"event_name":"Golden Idol","player_choice":"Take Damage","floor":8.0,"gold_loss":0.0,"damage_taken":18.0,"relics_obtained":["Golden Idol"]},{"damage_healed":0.0,"max_hp_gain":0.0,"max_hp_loss":0.0,"gold_gain":175.0,"event_name":"Liars Game","player_choice":"AGREE","floor":11.0,"gold_loss":0.0,"damage_taken":0.0,"cards_obtained":["Doubt"]},{"damage_healed":0,"gold_gain":0,"player_choice":"Got Potions","damage_taken":0,"max_hp_gain":0,"max_hp_loss":0,"event_name":"Lab","floor":14,"gold_loss":0}],"is_beta":false,"boss_relics":[],"items_purged_floors":[],"is_endless":false,"potions_floor_spawned":[3,4],"killed_by":"The Guardian","ascension_level":11}}