{"host":"xp5rvh2jwe2ejyfm","time":1611021472,"event":{"mods":["BaseMod","Hermit","Minty Spire (QoL Compilation)","Replay The Spire","StSLib","The Construct","The Cursed","The Disciple","The Hierophant","The Necromancer","The Runesmith"],"gold_per_floor":[113,129,129,147,161,161,191,123,123,139,150,163,206,222,222,318,318,333,349,369,369,92,125,224,243,243,243,262,262,262,262,7,7,7,112,112,123,12,0,12,32,32,32],"floor_reached":42,"language":"ENG","playtime":1672,"items_purged":[],"score":472,"play_id":"b4916983-342a-45cc-9725-2e2282a85702","local_time":"20210118205752","is_ascension_mode":false,"campfire_choices":[{"data":"Summon_Undead","floor":6,"key":"SMITH"},{"floor":15,"key":"REST"},{"floor":27,"key":"REST"},{"floor":29,"key":"REST"},{"data":"Summon_Undead_Army","floor":34,"key":"SMITH"}],"circlet_count":0,"master_deck":["Strike_W+1","Strike_W+1","Strike_W+1","Strike_W+1","Defend_W","Defend_W","Defend_W","Negative_Energy_Arrows","Bone_Wall+1","Scare","Summon_Undead+1","Pain","Plague_Bolt","Negative_Energy_Shield","Bone_Prison","Summon_Lich","Negative_Energy_Sphere","Scare","Summon_Death_Knight","Blood_Curse","Skeleton_Dragon","Grasp_Heart","Delirium","Spreading Infection","CurseOfTheBell","Necrotic_Claws+1","Life_Drain","Bone_Bullets+1","Negative_Energy_Javelin+1","Summon_Undead_Army+1","Stop_Heart","Bone_Bullets","Siphon_Strength","Death_Knell","Blood_Shield","Summon_Death_Knight","Epidemic+1","Siphon_Strength","Acid_Javelin","Bone_Armor","Bones_to_Steel"],"relics":["Vampire_Amulet","WarpedTongs","construct:BoolHorns","Ice Cream","ReplayTheSpireMod:TigerMarble","Replay:Ancient Bell","Regal Pillow","Replay:Bottled Snecko","Turnip","Replay:Bottled Eggs","Peace Pipe","PreservedInsect","Toy Ornithopter","construct:WeddingRing","Red Mask"],"acts_visited":["Exordium","TheCity","TheBeyond"],"potions_floor_usage":[16,16,23,25,41],"damage_taken":[{"damage":0,"enemies":"2 Louse","floor":1,"turns":3},{"damage":0,"enemies":"Cultist","floor":2,"turns":4},{"damage":6,"enemies":"Small Slimes","floor":4,"turns":4},{"damage":21,"enemies":"3 Louse","floor":5,"turns":2},{"damage":25,"enemies":"Lagavulin","floor":7,"turns":7},{"damage":6,"enemies":"Lots of Slimes","floor":10,"turns":3},{"damage":7,"enemies":"2 Fungi Beasts","floor":11,"turns":3},{"damage":1,"enemies":"Looter","floor":12,"turns":4},{"damage":4,"enemies":"Red Slaver","floor":14,"turns":3},{"damage":10,"enemies":"Hexaghost","floor":16,"turns":7},{"damage":14,"enemies":"Spheric Guardian","floor":18,"turns":4},{"damage":1,"enemies":"Chosen","floor":19,"turns":4},{"damage":16,"enemies":"3 Cultists","floor":20,"turns":4},{"damage":43,"enemies":"Slavers","floor":23,"turns":3},{"damage":22,"enemies":"Snake Plant","floor":25,"turns":4},{"damage":5,"enemies":"Snecko","floor":28,"turns":4},{"damage":15,"enemies":"Collector","floor":35,"turns":3},{"damage":6,"enemies":"3 Shapes","floor":37,"turns":2},{"damage":30,"enemies":"3 Darklings","floor":40,"turns":4},{"damage":40,"enemies":"Spire Growth","floor":41,"turns":5},{"damage":48,"enemies":"Giant Head","floor":42,"turns":7}],"seed_played":"7530209971732886540","potions_obtained":[{"floor":5,"key":"SkillPotion"},{"floor":7,"key":"PowerPotion"},{"floor":10,"key":"FairyPotion"},{"floor":16,"key":"FearPotion"},{"floor":18,"key":"LiquidMemories"},{"floor":25,"key":"FearPotion"},{"floor":41,"key":"construct:ShiftPotion"}],"is_trial":false,"path_per_floor":["M","M","?","M","M","R","E","$","T","M","M","M","?","M","R","B",null,"M","M","M","?","$","E","?","M","T","R","M","R","PTL","PTL","$","?","R","B",null,"M","$","?","M","M","E"],"character_chosen":"NECROMANCER","items_purchased":["Summon_Lich","Replay:Bottled Eggs","Negative_Energy_Javelin+1","Siphon_Strength","Death_Knell","Toy Ornithopter","Siphon_Strength","Acid_Javelin"],"campfire_rested":3,"item_purchase_floors":[8,22,22,32,32,32,38,38],"current_hp_per_floor":[75,75,75,73,58,58,35,35,35,39,36,37,19,17,39,31,75,63,64,60,60,60,23,23,3,3,40,43,75,75,75,75,75,75,66,75,75,75,75,50,17,0,0],"gold":32,"neow_bonus":"RANDOM_EVENT","is_daily":false,"chose_seed":false,"campfire_upgraded":2,"win_rate":0.0,"timestamp":1611021472,"path_taken":["M","M","?","M","M","R","E","?","T","M","M","M","?","M","R","BOSS","M","?","M","?","$","E","?","M","T","R","M","R","PTL","PTL","$","?","R","BOSS","M","$","?","M","M","E"],"items_purchased_type":["Card","Relic","Card","Card","Card","Relic","Card","Card"],"build_version":"2020-12-22","purchased_purges":0,"victory":false,"max_hp_per_floor":[75,75,75,75,75,75,75,75,75,75,75,75,75,75,75,75,75,75,75,75,75,75,75,75,75,75,75,75,75,75,75,75,75,75,75,75,75,75,75,75,75,75,75],"card_choices":[{"not_picked":["Toxic_Smoke_Screen","Vampiric_Strike"],"picked":"Scare","floor":1},{"not_picked":["Bone_Spikes","Bones_to_Steel"],"picked":"Summon_Undead","floor":2},{"not_picked":["Consume_Illness","Necromantic_Selection"],"picked":"Plague_Bolt","floor":4},{"not_picked":["Life_Tap","Bone_Spikes"],"picked":"Negative_Energy_Shield","floor":5},{"not_picked":["Toxic_Smoke_Screen","Consume_Illness"],"picked":"Bone_Prison","floor":7},{"not_picked":["Bone_Shift","Shackles_Of_Pain"],"picked":"Negative_Energy_Sphere","floor":10},{"not_picked":["Bone_Shift","Deaths_Shadow"],"picked":"Scare","floor":11},{"not_picked":["Summon_Undead","Negative_Energy_Javelin"],"picked":"Summon_Death_Knight","floor":12},{"not_picked":["Blood_Shield","Death_March_Dance"],"picked":"Blood_Curse","floor":13},{"not_picked":["Negative_Energy_Shield","Toxic_Smoke_Screen"],"picked":"Skeleton_Dragon","floor":14},{"not_picked":["Negative_Energy_Bomb","Cloudkill"],"picked":"Grasp_Heart","floor":16},{"not_picked":["Normality","ReplayTheSpireMod:Doomed"],"picked":"Delirium","floor":17},{"not_picked":["Looming Evil","ReplayTheSpireMod:Restless Dread"],"picked":"Spreading Infection","floor":17},{"not_picked":["Writhe","Languid"],"picked":"CurseOfTheBell","floor":17},{"not_picked":["Blood_Curse","Blood_Is_Power"],"picked":"Necrotic_Claws+1","floor":18},{"not_picked":["Bone_Prison","Bone_Armory"],"picked":"Life_Drain","floor":19},{"not_picked":["Plague_Bolt","Blood_Curse"],"picked":"Bone_Bullets+1","floor":20},{"not_picked":["Death_March_Dance","Summon_Undead+1"],"picked":"Summon_Undead_Army","floor":23},{"not_picked":["Bones_to_Steel","Plague_Bolt"],"picked":"Stop_Heart","floor":25},{"not_picked":["Reap_The_Weak","Consume_Illness+1"],"picked":"Bone_Bullets","floor":28},{"not_picked":["Reap_The_Weak","Skeleton_Dragon"],"picked":"Summon_Death_Knight","floor":35},{"not_picked":["Bone_Spikes","Scare"],"picked":"Epidemic+1","floor":37},{"not_picked":["Death_Coil","Requiem"],"picked":"Bone_Armor","floor":40},{"not_picked":["Finger_Of_Death","Negative_Energy_Javelin+1"],"picked":"Bones_to_Steel","floor":41}],"player_experience":237461,"relics_obtained":[{"floor":7,"key":"construct:BoolHorns"},{"floor":9,"key":"Ice Cream"},{"floor":13,"key":"ReplayTheSpireMod:TigerMarble"},{"floor":23,"key":"Peace Pipe"},{"floor":26,"key":"PreservedInsect"}],"event_choices":[{"damage_healed":0,"gold_gain":0,"player_choice":"Grow","damage_taken":0,"max_hp_gain":0,"max_hp_loss":0,"event_name":"Living Wall","floor":0,"gold_loss":0,"cards_upgraded":["Bone_Wall"]},{"damage_healed":0,"gold_gain":0,"player_choice":"Rummage","damage_taken":0,"relics_obtained":["WarpedTongs"],"max_hp_gain":0,"max_hp_loss":0,"event_name":"Accursed Blacksmith","floor":3,"gold_loss":0,"cards_obtained":["Pain"]},{"damage_healed":0,"gold_gain":0,"player_choice":"Ignored","damage_taken":0,"max_hp_gain":0,"max_hp_loss":0,"event_name":"Vampires","floor":21,"gold_loss":0},{"damage_healed":0,"gold_gain":99,"player_choice":"Stole From Cult","damage_taken":0,"max_hp_gain":0,"max_hp_loss":0,"event_name":"Nest","floor":24,"gold_loss":0},{"damage_healed":0,"gold_gain":0,"cards_transformed":["Defend_W"],"player_choice":"Transformed","damage_taken":0,"max_hp_gain":0,"max_hp_loss":0,"event_name":"Transmorgrifier","floor":33,"gold_loss":0,"cards_obtained":["Blood_Shield"]},{"damage_healed":0,"gold_gain":0,"player_choice":"Paid","damage_taken":0,"relics_obtained":["Red Mask"],"max_hp_gain":0,"max_hp_loss":0,"event_name":"Tomb of Lord Red Mask","floor":39,"gold_loss":12}],"is_beta":false,"boss_relics":[{"not_picked":["Fusion Hammer","ReplayTheSpireMod:DimensionalGlitch"],"picked":"Replay:Ancient Bell"},{"not_picked":["Simple Rune","Bronze Scales"],"picked":"Regal Pillow"},{"not_picked":["Pear","Gremlin Horn"],"picked":"Replay:Bottled Snecko"},{"not_picked":["StoneCalendar","construct:RocketBooster"],"picked":"Turnip"},{"not_picked":["Runesmith:UraniumAnvil","Honey Jar"],"picked":"construct:WeddingRing"}],"items_purged_floors":[],"is_endless":false,"potions_floor_spawned":[5,7,10,11,16,18,19,20,25,41],"killed_by":"Giant Head","ascension_level":0}}