{"host":"o5jvvi5yapo90aia","time":1611064506,"event":{"mods":["BaseMod","CapriCore","Minty Spire (QoL Compilation)","MostiFishMod","Prisma Mod","Spicy Shops","StSLib","TestMod","The Immortal","Yakumo Yukari mod","【人物mod】游戏王New YuGiOh mod","【功能Mod】Neow奖励"],"gold_per_floor":[122,147,162,162,162,199,199,233,307,382,257,257,299,317,317,412,412,435,472,509,534,534,575,500,542,542,584,584,402,411,439,439,543,543,576,603,603,603,625,681,681,690,742,0,42,42,76,117,117,137,166,166,166,166,219,239],"floor_reached":57,"language":"ZHS","playtime":1386,"items_purged":["Defend_B","Regret","Ball Lightning","Strike_B","Decay","Strike_B+1","Strike_B+1","Doubt","Defend_B+1"],"score":3899,"play_id":"538acaa1-81f3-4c89-8304-322751277dcf","local_time":"20210119215506","is_ascension_mode":true,"campfire_choices":[{"data":"Defend_B","floor":12.0,"key":"PURGE"},{"data":"Parasite","floor":15.0,"key":"PURGE"},{"floor":32.0,"key":"RECALL"},{"data":"Dualcast","floor":41.0,"key":"PURGE"},{"data":"Ball Lightning+1","floor":49,"key":"PURGE"},{"data":"1","floor":53,"key":"LIFT"}],"circlet_count":0,"master_deck":["AscendersBane","Zap+1","Gash+1","Skim+1","Adrenaline+1","TalkToTheHand+1","MokouMod:RisingSunBarrier+1","Recycle+1","Master of Strategy+1","MokouMod:Extinguish+1","PrismaMod:IllyaAlice+1"],"relics":["DaveBox","testmod-TestBox","ExusiaiGun","DiscerningMonocle","testmod-EnergyCheck","SynthV:TestCard","testmod-TurbochargingSystem","testmod-Antiphasic","Du-Vu Doll","Molten Egg 2","HandDrill","Emotion Chip","Boot","Symbiotic Virus","Frozen Egg 2","PrismaticShard","Bag of Marbles","Orichalcum","Vajra","Bird Faced Urn","Strange Spoon","Blood Vial","BirthdayGift-Tetrahedron","Strawberry","CeramicFish","Whetstone","Toxic Egg 2","Runic Capacitor","testmod-TimeTraveler","Lantern","Pen Nib","Mercury Hourglass","testmod-InjuryResistance","Dodecahedron","Dream Catcher","testmod-BouquetWithThorns","testmod-Acrobat","testmod-BalancedPeriapt","TimeFreeze","SynthV","Girya","Ginger","InkBottle","Transparent","testmod-Muramasa","BirthdayGift-Icosahedron","War Paint","Centennial Puzzle","HornCleat","Bronze Scales","SentryEyes","testmod-ConstraintPeriapt","Nunchaku","BrkXgEgg","Juzu Bracelet","Calipers","Gremlin Horn","testmod-Hope","testmod-Register","Art of War","Red Mask","Omamori","Civilization","Lee\u0027s Waffle","CaptainsWheel","testmod-AssaultLearning","OriginationStaff","Bottled Tornado","CombinedTypeHook","Happy Flower","Thread and Needle","MostiFishMod:AdaptiveDefenses","testmod-LifeArmor","StrikeDummy","Ornamental Fan","Akabeko","ArrowTower","Mummified Hand"],"acts_visited":["Exordium","TheCity","TheBeyond","TheEnding"],"potions_floor_usage":[47,56,56],"damage_taken":[{"damage":2.0,"enemies":"Jaw Worm","floor":1.0,"turns":2.0},{"damage":0.0,"enemies":"2 Louse","floor":2.0,"turns":1.0},{"damage":0.0,"enemies":"Cultist","floor":3.0,"turns":1.0},{"damage":0.0,"enemies":"Lagavulin","floor":6.0,"turns":2.0},{"damage":4.0,"enemies":"3 Sentries","floor":8.0,"turns":2.0},{"damage":0.0,"enemies":"Gremlin Nob","floor":13.0,"turns":1.0},{"damage":0.0,"enemies":"Hexaghost","floor":16.0,"turns":1.0},{"damage":0.0,"enemies":"2 Thieves","floor":18.0,"turns":1.0},{"damage":0.0,"enemies":"Chosen","floor":19.0,"turns":1.0},{"damage":0.0,"enemies":"Centurion and Healer","floor":20.0,"turns":1.0},{"damage":0.0,"enemies":"Snake Plant","floor":21.0,"turns":1.0},{"damage":0.0,"enemies":"Slavers","floor":23.0,"turns":1.0},{"damage":0.0,"enemies":"Gremlin Leader","floor":25.0,"turns":1.0},{"damage":0.0,"enemies":"Book of Stabbing","floor":27.0,"turns":1.0},{"damage":0.0,"enemies":"Snecko","floor":31.0,"turns":1.0},{"damage":0.0,"enemies":"Collector","floor":33.0,"turns":1.0},{"damage":7.0,"enemies":"Orb Walker","floor":35.0,"turns":1.0},{"damage":0.0,"enemies":"3 Shapes","floor":39.0,"turns":1.0},{"damage":0.0,"enemies":"Reptomancer","floor":40.0,"turns":1.0},{"damage":14.0,"enemies":"Giant Head","floor":45.0,"turns":1.0},{"damage":10,"enemies":"Nemesis","floor":47,"turns":1},{"damage":4,"enemies":"Writhing Mass","floor":48,"turns":1},{"damage":1,"enemies":"Time Eater","floor":50,"turns":1},{"damage":17,"enemies":"Awakened One","floor":51,"turns":2},{"damage":0,"enemies":"Shield and Spear","floor":55,"turns":1},{"damage":0,"enemies":"The Heart","floor":56,"turns":1}],"seed_played":"-8299384549264486966","potions_obtained":[{"floor":1.0,"key":"Ancient Potion"},{"floor":3.0,"key":"PowerPotion"},{"floor":16.0,"key":"DistilledChaos"},{"floor":19.0,"key":"AttackPotion"},{"floor":21.0,"key":"Regen Potion"}],"is_trial":false,"path_per_floor":["M","M","M","$","?","E","?","E","T","?","$","R","E","$","R","B",null,"M","M","M","M","?","E","?","E","T","E","?","$","$","M","R","B",null,"M","T","?","$","M","E","R","$","T","?","E","$","E","M","R","B","B",null,"R","$","E","B",null],"character_chosen":"DEFECT","items_purchased":["testmod-TurbochargingSystem","testmod-Antiphasic","Du-Vu Doll","Molten Egg 2","HandDrill","PrismaticShard","Bag of Marbles","Orichalcum","Vajra","Bird Faced Urn","Strange Spoon","BirthdayGift-Tetrahedron","Strawberry","CeramicFish","Whetstone","Toxic Egg 2","Runic Capacitor","testmod-SpacePotion","Skim+1","Dodecahedron","Dream Catcher","testmod-BouquetWithThorns","testmod-Acrobat","testmod-BalancedPeriapt","Recycle+1","TimeFreeze","SynthV","Girya","Ginger","InkBottle","Master of Strategy+1","BirthdayGift-Icosahedron","War Paint","Centennial Puzzle","HornCleat","Bronze Scales","BrkXgEgg","Juzu Bracelet","Calipers","Gremlin Horn","testmod-Hope","testmod-Register","Civilization","Lee\u0027s Waffle","CaptainsWheel","testmod-AssaultLearning","OriginationStaff","Bottled Tornado","testmod-SpacePotion","MostiFishMod:AdaptiveDefenses","testmod-LifeArmor","StrikeDummy","Ornamental Fan","Akabeko","testmod-EscapePotion","Block Potion","EssenceOfSteel"],"campfire_rested":0,"item_purchase_floors":[4,4,4,4,4,11,11,11,11,11,11,14,14,14,14,14,14,14,14,29,29,29,29,29,29,30,30,30,30,30,30,38,38,38,38,38,42,42,42,42,42,42,46,46,46,46,46,46,46,54,54,54,54,54,54,54,54],"current_hp_per_floor":[64,66,68,68,68,70,70,67,67,56,56,56,58,65,65,69,74,75,75,75,75,75,75,75,75,75,75,75,75,75,75,75,75,75,75,75,75,75,75,75,75,75,75,75,75,75,75,75,75,75,75,75,75,75,75,75],"gold":239,"neow_bonus":"BOSS_RELIC","is_daily":false,"chose_seed":false,"campfire_upgraded":0,"win_rate":0.0,"timestamp":1611064506,"path_taken":["M","M","M","$","?","E","?","E","T","?","$","R","E","?","R","BOSS","M","M","M","M","?","E","?","E","T","E","?","?","$","M","R","BOSS","M","?","?","$","M","E","R","$","T","?","E","$","E","M","R","BOSS","BOSS","R","$","E","BOSS"],"items_purchased_type":["Relic","Relic","Relic","Relic","Relic","Relic","Relic","Relic","Relic","Relic","Relic","Relic","Relic","Relic","Relic","Relic","Relic","Potion","Card","Relic","Relic","Relic","Relic","Relic","Card","Relic","Relic","Relic","Relic","Relic","Card","Relic","Relic","Relic","Relic","Relic","Relic","Relic","Relic","Relic","Relic","Relic","Relic","Relic","Relic","Relic","Relic","Relic","Potion","Relic","Relic","Relic","Relic","Relic","Potion","Potion","Potion"],"build_version":"2020-12-22","purchased_purges":9,"victory":true,"max_hp_per_floor":[71,71,71,71,71,71,71,71,71,71,71,71,71,78,75,75,75,75,75,75,75,75,75,75,75,75,75,75,75,75,75,75,75,75,75,75,75,75,75,75,75,75,75,75,75,75,75,75,75,75,75,75,75,75,75,75],"card_choices":[{"not_picked":["Static Discharge","Sweeping Beam","Doom and Gloom"],"picked":"SKIP","floor":1.0},{"not_picked":["MostiFishMod:PushDownKick","Seek","Hologram","Barrage"],"picked":"Ball Lightning","floor":2.0},{"not_picked":["Hello World","Coolheaded","Steam","Leap","MostiFishMod:Impulse"],"picked":"SKIP","floor":3.0},{"not_picked":["MostiFishMod:LinkProtocol","Aggregate","Capacitor","Conserve Battery","Stack"],"picked":"SKIP","floor":6.0},{"not_picked":["BootSequence","Sweeping Beam+1","Melter+1","Compile Driver+1","MostiFishMod:FluxCapactior"],"picked":"SKIP","floor":8.0},{"not_picked":["MostiFishMod:Galeforce+1","Slice+1","Force Field","Double Energy"],"picked":"Gash+1","floor":13.0},{"not_picked":["MirrorAngel+1","MokouMod:Geothermal+1","All For One+1","PrismaMod:IllyaInstallAssassin"],"picked":"Adrenaline+1","floor":16.0},{"not_picked":["SfantasyHide_purple+1","PrismaMod:IllyaUncommonEvoke+1","Flying Knee+1","PrismaMod:MiyuOrbIncreasePerm+1","StateErode_purple+1"],"picked":"SKIP","floor":18.0},{"not_picked":["Deflect+1","Body Slam+1","Poisoned Stab+1","Dagger Spray+1"],"picked":"TalkToTheHand+1","floor":19.0},{"not_picked":["PrismaMod:ChloeCheapDefend+1","PrismaMod:IllyaRussianRoulette+1","PrismaMod:ChloeDiscardRecovery+1","MokouMod:InfernalWave+1"],"picked":"MokouMod:RisingSunBarrier+1","floor":20.0},{"not_picked":["MokouMod:ScorchingColumn+1","PrismaMod:MiyuUncommonAOEAttack+1","Wish+1","Dagger Spray+1","PrismaMod:ChloeBetterTracePools+1"],"picked":"SKIP","floor":21.0},{"not_picked":["Bandage Up+1","PrismaMod:IllyaGrailKun+1","ReachHeaven+1","PrismaMod:ChloeCheapAttackTwo+1","PrismaMod:MiyuUncommonAttack+1"],"picked":"SKIP","floor":23.0},{"not_picked":["PrismaMod:IllyaRubysPotion+1","MokouMod:ScorchingColumn+1","MokouMod:ResonatingAura+1","Stack+1","Crippling Poison+1"],"picked":"SKIP","floor":25.0},{"not_picked":["True Grit+1","PrismaMod:MiyuCheapAttack2+1","PrismaMod:MiyuUberAOEAttack+1","PrismaMod:MiyuUncommonAttack+1","MokouMod:WarmUp+1"],"picked":"SKIP","floor":27.0},{"not_picked":["PrismaMod:IllyaUpgradeOrbs+1","MostiFishMod:ReprogramOld+1","Reflex+1","MokouMod:ThermalPressure+1","PrismaMod:MiyuEvokeBuffDex+1"],"picked":"SKIP","floor":31.0},{"not_picked":["Magnetism+1","Juggernaut+1","MostiFishMod:SpreadingSpore+1","MostiFishMod:HiddenBlade+1"],"picked":"MokouMod:Extinguish+1","floor":33.0},{"not_picked":["Sweeping Beam+1","MokouMod:RetainTemperature+1","PrismaMod:MiyuCarnivalAttack+1","Barrage+1","DimensionStaggered_purple+1"],"picked":"SKIP","floor":35.0},{"not_picked":["Streamline+1","Havoc+1","MokouMod:Sear+1","PrismaMod:ChloeCheapDefendTwo+1","JustLucky+1"],"picked":"SKIP","floor":39.0},{"not_picked":["DemoTeacher+1","MokouMod:TemporalFireSeal+1","AnotherSide+1","PrismaMod:ChloeRitsuka+1","MokouMod:RoaringFlare+1"],"picked":"SKIP","floor":40.0},{"not_picked":["Sword Boomerang+1","Catalyst+1","Double Energy+1","CrushJoints+1"],"picked":"PrismaMod:IllyaAlice+1","floor":45.0},{"not_picked":["MentalFortress+1","Carnage+1","PrismaMod:IllyaCheapDefend+1","PrismaMod:MiyuCheapAttack1+1","Hologram+1"],"picked":"SKIP","floor":47},{"not_picked":["MokouMod:HeatTransfer+1","Second Wind+1","Barrage+1","Good Instincts+1","PrismaMod:IllyaRubysPotion+1"],"picked":"SKIP","floor":48},{"not_picked":["Distraction+1","Chaos+1","PrismaMod:MiyuUncommonPlate+1","Go for the Eyes+1","Violence+1"],"picked":"SKIP","floor":55}],"player_experience":1479955,"relics_obtained":[{"floor":1.0,"key":"SynthV:TestCard"},{"floor":6.0,"key":"Boot"},{"floor":8.0,"key":"Symbiotic Virus"},{"floor":9.0,"key":"Frozen Egg 2"},{"floor":13.0,"key":"Blood Vial"},{"floor":23.0,"key":"Lantern"},{"floor":25.0,"key":"Pen Nib"},{"floor":26.0,"key":"Mercury Hourglass"},{"floor":27.0,"key":"testmod-InjuryResistance"},{"floor":35.0,"key":"testmod-Muramasa"},{"floor":39.0,"key":"SentryEyes"},{"floor":40.0,"key":"testmod-ConstraintPeriapt"},{"floor":40.0,"key":"Nunchaku"},{"floor":43.0,"key":"Art of War"},{"floor":45.0,"key":"Omamori"},{"floor":47,"key":"CombinedTypeHook"},{"floor":47,"key":"Happy Flower"},{"floor":48,"key":"Thread and Needle"},{"floor":55,"key":"ArrowTower"},{"floor":55,"key":"Mummified Hand"}],"event_choices":[{"damage_healed":0.0,"max_hp_gain":0.0,"max_hp_loss":0.0,"gold_gain":0.0,"event_name":"Big Fish","player_choice":"Box","floor":5.0,"gold_loss":0.0,"damage_taken":0.0,"relics_obtained":["Emotion Chip"],"cards_obtained":["Regret"]},{"damage_healed":0.0,"max_hp_gain":0.0,"max_hp_loss":0.0,"gold_gain":0.0,"cards_transformed":["Defend_B"],"event_name":"Living Wall","player_choice":"Change","floor":7.0,"gold_loss":0.0,"damage_taken":0.0,"cards_obtained":["Ball Lightning"]},{"damage_healed":0.0,"max_hp_gain":0.0,"max_hp_loss":0.0,"gold_gain":75.0,"event_name":"World of Goop","player_choice":"Gather Gold","floor":10.0,"gold_loss":0.0,"damage_taken":11.0},{"damage_healed":0.0,"max_hp_gain":0.0,"max_hp_loss":0.0,"gold_gain":0.0,"event_name":"Cursed Tome","player_choice":"Ignored","floor":22.0,"gold_loss":0.0,"damage_taken":0.0},{"cards_removed":["Strike_B"],"damage_healed":0.0,"max_hp_gain":0.0,"max_hp_loss":0.0,"gold_gain":0.0,"event_name":"Beggar","player_choice":"Gave Gold","floor":24.0,"gold_loss":75.0,"damage_taken":0.0},{"damage_healed":0.0,"max_hp_gain":0.0,"max_hp_loss":0.0,"gold_gain":0.0,"event_name":"Ghosts","player_choice":"Ignored","floor":28.0,"gold_loss":0.0,"damage_taken":0.0},{"damage_healed":0.0,"max_hp_gain":0.0,"max_hp_loss":0.0,"gold_gain":0.0,"event_name":"给自己的盒子","player_choice":"Swap Relic","floor":37.0,"relics_lost":["Orrery"],"gold_loss":0.0,"damage_taken":0.0,"relics_obtained":["Orrery"]},{"damage_healed":0.0,"max_hp_gain":0.0,"max_hp_loss":0.0,"gold_gain":0.0,"event_name":"Tomb of Lord Red Mask","player_choice":"Paid","floor":44.0,"gold_loss":742.0,"damage_taken":0.0,"relics_obtained":["Red Mask"]}],"is_beta":false,"boss_relics":[{"not_picked":["testmod-Fanaticism","testmod-KeyOfTheVoid"],"picked":"testmod-TimeTraveler"},{"not_picked":["testmod-Prudence","RhineCircuit"],"picked":"Transparent"}],"items_purged_floors":[4,11,11,14,29,29,38,42,46],"is_endless":false,"potions_floor_spawned":[1,3,16,19,21,23,25,35,40],"ascension_level":20}}