{"host":"sc0o2qwpf9j16a4i","time":1611098699,"event":{"mods":["AchievementEnabler","BaseMod","BetterRewards","Block Reminder","Colored Map","Colored Powertips","Custom Start","Highlight Path","Minty Spire (QoL Compilation)","Relic Stats"],"gold_per_floor":[110,110,126,139,104,179,179,190,235,268,4,4,42,80,80,161,161,185,100,117,117,17,53,53,78,78,78,78,78,120,148,148,233,233,247,275,327,340,9,9,28,28,51,63,84,121,147,168,168,168,168,168,168,10,49,49,49],"floor_reached":56,"language":"ENG","playtime":2194,"items_purged":["Strike_P","Strike_P","Strike_P"],"score":2361,"play_id":"27d9a3ef-7304-4d6e-9aaf-40ea70cc432f","local_time":"20210120012459","is_ascension_mode":true,"campfire_choices":[{"floor":7,"key":"REST"},{"data":"Apotheosis","floor":12,"key":"SMITH"},{"data":"Devotion","floor":15,"key":"SMITH"},{"data":"Worship","floor":24,"key":"SMITH"},{"data":"Worship","floor":27,"key":"SMITH"},{"data":"SpiritShield","floor":29,"key":"SMITH"},{"data":"WaveOfTheHand","floor":32,"key":"SMITH"},{"floor":40,"key":"RECALL"},{"floor":49,"key":"DIG"},{"floor":53,"key":"DIG"}],"circlet_count":0,"master_deck":["AscendersBane","Defend_P","Defend_P","Defend_P","Defend_P","Eruption","Vigilance","Devotion+1","Wallop","Protect","CarveReality","EmptyFist","TalkToTheHand","ThirdEye","Vault","BowlingBash","CrushJoints","ThirdEye","Worship+1","Apotheosis+1","WindmillStrike","Conclude","Protect","SpiritShield+1","ThirdEye","Pray","Worship+1","ReachHeaven","Omniscience","WaveOfTheHand+1","Protect","Brilliance","Wireheading","Nirvana","FearNoEvil+1","FearNoEvil+1","Blasphemy","Worship+1","MentalFortress","Meditate+1","BattleHymn","MentalFortress"],"relics":["PureWater","Eternal Feather","Blood Vial","Omamori","ClockworkSouvenir","Prayer Wheel","Lantern","CeramicFish","Odd Mushroom","Snecko Eye","Anchor","Mummified Hand","Blue Candle","SlaversCollar","Shovel","Membership Card","Ice Cream","Molten Egg 2","Toy Ornithopter","InkBottle","Orrery","Pear"],"acts_visited":["Exordium","TheCity","TheBeyond","TheEnding"],"potions_floor_usage":[1,13,18,30,30,41,51,56,56],"damage_taken":[{"damage":9,"enemies":"Jaw Worm","floor":1,"turns":4},{"damage":0,"enemies":"Small Slimes","floor":3,"turns":3},{"damage":0,"enemies":"2 Louse","floor":4,"turns":3},{"damage":0,"enemies":"Blue Slaver","floor":8,"turns":2},{"damage":0,"enemies":"Gremlin Gang","floor":10,"turns":4},{"damage":0,"enemies":"The Mushroom Lair","floor":13,"turns":3},{"damage":1,"enemies":"2 Fungi Beasts","floor":14,"turns":3},{"damage":33,"enemies":"Slime Boss","floor":16,"turns":6},{"damage":13,"enemies":"3 Byrds","floor":18,"turns":4},{"damage":0,"enemies":"Chosen","floor":20,"turns":4},{"damage":0,"enemies":"Snake Plant","floor":23,"turns":2},{"damage":0,"enemies":"Snecko","floor":25,"turns":5},{"damage":12,"enemies":"Slavers","floor":30,"turns":6},{"damage":0,"enemies":"Shelled Parasite and Fungi","floor":31,"turns":3},{"damage":28,"enemies":"Collector","floor":33,"turns":8},{"damage":0,"enemies":"Orb Walker","floor":35,"turns":2},{"damage":0,"enemies":"3 Shapes","floor":36,"turns":4},{"damage":5,"enemies":"2 Orb Walkers","floor":37,"turns":3},{"damage":7,"enemies":"Jaw Worm Horde","floor":38,"turns":3},{"damage":44,"enemies":"3 Darklings","floor":41,"turns":9},{"damage":1,"enemies":"4 Shapes","floor":44,"turns":6},{"damage":0,"enemies":"Writhing Mass","floor":45,"turns":4},{"damage":0,"enemies":"Nemesis","floor":46,"turns":3},{"damage":2,"enemies":"Sphere and 2 Shapes","floor":47,"turns":5},{"damage":0,"enemies":"4 Shapes","floor":48,"turns":6},{"damage":44,"enemies":"Awakened One","floor":50,"turns":11},{"damage":1,"enemies":"Time Eater","floor":51,"turns":9},{"damage":33,"enemies":"Shield and Spear","floor":55,"turns":7},{"damage":45,"enemies":"The Heart","floor":56,"turns":2}],"seed_played":"3147100937189860639","potions_obtained":[{"floor":4,"key":"Explosive Potion"},{"floor":10,"key":"Explosive Potion"},{"floor":13,"key":"Strength Potion"},{"floor":20,"key":"Energy Potion"},{"floor":30,"key":"Fire Potion"},{"floor":38,"key":"Ancient Potion"},{"floor":41,"key":"Weak Potion"}],"is_trial":false,"path_per_floor":["M","?","M","M","?","?","R","M","T","M","$","R","?","M","R","B",null,"M","?","M","?","$","M","R","M","T","R","$","R","E","M","R","B",null,"M","M","?","M","$","R","M","?","T","M","M","E","M","M","R","B","B",null,"R","$","E","B"],"character_chosen":"WATCHER","items_purchased":["Eternal Feather","Blood Vial","Omamori","ClockworkSouvenir","Devotion","Prayer Wheel","Wallop","Lantern","ColorlessPotion","Apotheosis","Membership Card","Ice Cream","Orrery","Dexterity Potion"],"campfire_rested":1,"item_purchase_floors":[0,0,0,0,0,0,0,0,0,11,39,39,54,54],"current_hp_per_floor":[12,12,14,16,33,22,51,53,53,55,55,67,68,67,68,35,60,49,49,51,51,51,53,68,68,68,68,68,68,56,58,68,40,61,63,65,62,57,57,68,24,56,56,55,56,56,54,56,56,12,18,47,56,56,33,0,0],"gold":49,"neow_bonus":"","is_daily":false,"chose_seed":false,"campfire_upgraded":6,"win_rate":0.0,"timestamp":1611098699,"path_taken":["M","?","M","M","?","?","R","M","T","M","$","R","?","M","R","BOSS","M","?","M","?","$","?","R","M","T","R","$","R","E","M","R","BOSS","M","M","?","M","$","R","M","?","T","M","M","E","M","M","R","BOSS","BOSS","R","$","E","BOSS"],"items_purchased_type":["Relic","Relic","Relic","Relic","Card","Relic","Card","Relic","Potion","Card","Relic","Relic","Relic","Potion"],"build_version":"2020-12-22","purchased_purges":3,"victory":false,"max_hp_per_floor":[68,68,68,68,68,68,68,68,68,68,68,68,68,68,68,68,68,68,68,68,68,68,68,68,68,68,68,68,68,68,68,68,68,68,68,68,68,68,68,68,68,56,56,56,56,56,56,56,56,56,56,56,56,56,66,66,66],"relic_stats":{"Blood Vial":34,"Shovel":2,"counters":[128,614],"Mummified Hand":[220],"CeramicFish":405,"Blue Candle":[0],"Snecko Eye":[164,172,190,173],"Eternal Feather":145,"Prayer Wheel":19,"obtain_stats":[{"Ice Cream":28,"Gremlin Horn":31,"CeramicFish":9,"Whetstone":6,"Old Coin":24,"Blood Vial":0,"Centennial Puzzle":44,"HornCleat":7,"FaceOfCleric":12,"MealTicket":7,"Prayer Wheel":0,"VioletLotus":34,"Kunai":40,"Girya":0,"Pear":30,"Blue Candle":30,"Oddly Smooth Stone":7,"Eternal Feather":24,"WarpedTongs":2,"SlaversCollar":34,"Shuriken":0,"Bronze Scales":9,"Bird Faced Urn":0,"Snecko Eye":17,"Pandora\u0027s Box":34,"Molten Egg 2":46,"NlothsMask":4,"Meat on the Bone":0,"Lantern":0,"Torii":47,"Singing Bowl":40,"StoneCalendar":7,"Bag of Preparation":29,"Ancient Tea Set":0,"Smiling Mask":28,"ClockworkSouvenir":0,"Dream Catcher":0,"Shovel":37,"Mummified Hand":26,"Pantograph":9,"Red Mask":28,"InkBottle":53,"Runic Pyramid":17,"Lee\u0027s Waffle":0,"Golden Idol":8,"Damaru":44,"PreservedInsect":9,"The Courier":26,"Omamori":0,"Orichalcum":11,"Odd Mushroom":13,"GoldenEye":8,"MawBank":26,"Mercury Hourglass":0,"Peace Pipe":31,"Strange Spoon":30,"Anchor":42,"Busted Crown":17,"Ornamental Fan":9,"Orrery":20,"Bag of Marbles":0,"Membership Card":13,"Bottled Lightning":27,"PureWater":0,"TungstenRod":36,"Toy Ornithopter":49},{"Ice Cream":86,"Gremlin Horn":32,"CeramicFish":103,"Whetstone":4,"Old Coin":26,"Blood Vial":99,"Centennial Puzzle":66,"HornCleat":49,"FaceOfCleric":77,"MealTicket":20,"Prayer Wheel":99,"VioletLotus":61,"Kunai":64,"Girya":71,"Pear":30,"Blue Candle":112,"Oddly Smooth Stone":11,"Eternal Feather":57,"WarpedTongs":16,"SlaversCollar":114,"Shuriken":71,"Bronze Scales":49,"Bird Faced Urn":71,"Snecko Eye":23,"Pandora\u0027s Box":89,"Molten Egg 2":122,"NlothsMask":36,"Meat on the Bone":45,"Lantern":99,"Torii":68,"Singing Bowl":93,"StoneCalendar":75,"Bag of Preparation":59,"Ancient Tea Set":0,"Smiling Mask":29,"ClockworkSouvenir":71,"Dream Catcher":7,"Shovel":117,"Mummified Hand":111,"Pantograph":5,"Red Mask":59,"InkBottle":126,"Runic Pyramid":43,"Lee\u0027s Waffle":45,"Golden Idol":11,"Damaru":66,"PreservedInsect":11,"The Courier":84,"Omamori":99,"Orichalcum":40,"Odd Mushroom":105,"GoldenEye":5,"MawBank":27,"Mercury Hourglass":71,"Peace Pipe":32,"Strange Spoon":87,"Anchor":66,"Busted Crown":80,"Ornamental Fan":20,"Orrery":82,"Bag of Marbles":33,"Membership Card":21,"Bottled Lightning":58,"PureWater":0,"TungstenRod":91,"Toy Ornithopter":124},{"Ice Cream":408,"Gremlin Horn":154,"CeramicFish":492,"Whetstone":15,"Old Coin":132,"Blood Vial":480,"Centennial Puzzle":317,"HornCleat":239,"FaceOfCleric":377,"MealTicket":104,"Prayer Wheel":480,"VioletLotus":288,"Kunai":302,"Girya":358,"Pear":147,"Blue Candle":529,"Oddly Smooth Stone":57,"Eternal Feather":271,"WarpedTongs":84,"SlaversCollar":540,"Shuriken":358,"Bronze Scales":239,"Bird Faced Urn":358,"Snecko Eye":118,"Pandora\u0027s Box":424,"Molten Egg 2":574,"NlothsMask":172,"Meat on the Bone":227,"Lantern":480,"Torii":328,"Singing Bowl":445,"StoneCalendar":367,"Bag of Preparation":276,"Ancient Tea Set":0,"Smiling Mask":142,"ClockworkSouvenir":358,"Dream Catcher":28,"Shovel":549,"Mummified Hand":523,"Pantograph":22,"Red Mask":276,"InkBottle":605,"Runic Pyramid":214,"Lee\u0027s Waffle":227,"Golden Idol":57,"Damaru":317,"PreservedInsect":57,"The Courier":397,"Omamori":480,"Orichalcum":195,"Odd Mushroom":499,"GoldenEye":22,"MawBank":135,"Mercury Hourglass":358,"Peace Pipe":154,"Strange Spoon":412,"Anchor":317,"Busted Crown":388,"Ornamental Fan":104,"Orrery":392,"Bag of Marbles":162,"Membership Card":106,"Bottled Lightning":273,"PureWater":0,"TungstenRod":436,"Toy Ornithopter":585}],"Toy Ornithopter":15,"InkBottle":[4]},"card_choices":[{"not_picked":["ThirdEye","Study"],"picked":"Protect","floor":1},{"not_picked":["FollowUp","CrushJoints"],"picked":"CarveReality","floor":1},{"not_picked":["PathToVictory","FollowUp"],"picked":"EmptyFist","floor":3},{"not_picked":["FlurryOfBlows","InnerPeace"],"picked":"TalkToTheHand","floor":3},{"not_picked":["FlyingSleeves","JustLucky"],"picked":"ThirdEye","floor":4},{"not_picked":["Evaluate","EmptyBody"],"picked":"Vault","floor":4},{"not_picked":["Evaluate","Indignation"],"picked":"BowlingBash","floor":8},{"not_picked":["Protect","ClearTheMind"],"picked":"CrushJoints","floor":8},{"not_picked":["JustLucky","Halt"],"picked":"ThirdEye","floor":10},{"not_picked":["FollowUp","FlurryOfBlows"],"picked":"Worship","floor":10},{"not_picked":["Fasting2","CarveReality"],"picked":"WindmillStrike","floor":13},{"not_picked":["WindmillStrike","Evaluate"],"picked":"Conclude","floor":14},{"not_picked":["CarveReality","JustLucky"],"picked":"Protect","floor":14},{"not_picked":["Judgement","Scrawl"],"picked":"SpiritShield","floor":16},{"not_picked":["BowlingBash","CrushJoints"],"picked":"ThirdEye","floor":18},{"not_picked":["Halt","Study","FlyingSleeves"],"picked":"SKIP","floor":18},{"not_picked":["CarveReality","JustLucky","Crescendo"],"picked":"SKIP","floor":20},{"not_picked":["SashWhip+1","ClearTheMind","Nirvana"],"picked":"SKIP","floor":20},{"not_picked":["WreathOfFlame","Protect"],"picked":"Pray","floor":23},{"not_picked":["SignatureMove","CarveReality"],"picked":"Worship","floor":23},{"not_picked":["Halt","ClearTheMind"],"picked":"ReachHeaven","floor":25},{"not_picked":["CutThroughFate","ClearTheMind","Weave+1"],"picked":"SKIP","floor":25},{"not_picked":["FlyingSleeves","PathToVictory"],"picked":"Omniscience","floor":30},{"not_picked":["Evaluate","ClearTheMind"],"picked":"WaveOfTheHand","floor":31},{"not_picked":["CrushJoints","WreathOfFlame"],"picked":"Protect","floor":31},{"not_picked":["Ragnarok","DeusExMachina"],"picked":"Brilliance","floor":33},{"not_picked":["FlurryOfBlows","EmptyFist","FlyingSleeves"],"picked":"SKIP","floor":35},{"not_picked":["Weave","PathToVictory","Consecrate+1"],"picked":"SKIP","floor":35},{"not_picked":["JustLucky","Evaluate"],"picked":"Wireheading","floor":36},{"not_picked":["FlyingSleeves","CutThroughFate+1"],"picked":"Nirvana","floor":36},{"not_picked":["SashWhip","CutThroughFate+1","Prostrate+1"],"picked":"SKIP","floor":38},{"not_picked":["JustLucky+1","BowlingBash","Halt"],"picked":"SKIP","floor":38},{"not_picked":["FollowUp+1","Nirvana"],"picked":"FearNoEvil+1","floor":41},{"not_picked":["PathToVictory","Conclude","Evaluate+1"],"picked":"SKIP","floor":41},{"not_picked":["Prostrate","CarveReality","CrushJoints+1"],"picked":"SKIP","floor":44},{"not_picked":["BowlingBash","Crescendo","FollowUp+1"],"picked":"SKIP","floor":44},{"not_picked":["Indignation","FollowUp+1"],"picked":"FearNoEvil+1","floor":45},{"not_picked":["InnerPeace","ClearTheMind+1","Study"],"picked":"SKIP","floor":45},{"not_picked":["Study+1","ThirdEye"],"picked":"Blasphemy","floor":46},{"not_picked":["JustLucky+1","Pray"],"picked":"Worship+1","floor":47},{"not_picked":["ThirdEye","EmptyFist+1","Vengeance"],"picked":"SKIP","floor":47},{"not_picked":["EmptyMind","JustLucky+1"],"picked":"MentalFortress","floor":48},{"not_picked":["ClearTheMind+1","CarveReality+1","FollowUp+1"],"picked":"SKIP","floor":48},{"not_picked":["WheelKick+1","WreathOfFlame+1"],"picked":"Meditate+1","floor":54},{"not_picked":["Collect","Consecrate+1"],"picked":"BattleHymn","floor":54},{"not_picked":["ForeignInfluence+1","EmptyBody"],"picked":"MentalFortress","floor":55}],"player_experience":779977,"relics_obtained":[{"floor":9,"key":"CeramicFish"},{"floor":13,"key":"Odd Mushroom"},{"floor":26,"key":"Mummified Hand"},{"floor":30,"key":"Blue Candle"},{"floor":37,"key":"Shovel"},{"floor":46,"key":"Molten Egg 2"},{"floor":49,"key":"Toy Ornithopter"},{"floor":53,"key":"InkBottle"},{"floor":55,"key":"Pear"}],"event_choices":[{"damage_healed":0,"gold_gain":0,"player_choice":"Ignored","damage_taken":0,"max_hp_gain":0,"max_hp_loss":0,"event_name":"Liars Game","floor":2,"gold_loss":0},{"damage_healed":17,"gold_gain":0,"player_choice":"Healed","damage_taken":0,"max_hp_gain":0,"max_hp_loss":0,"event_name":"The Cleric","floor":5,"gold_loss":35},{"damage_healed":0,"gold_gain":75,"player_choice":"Gather Gold","damage_taken":11,"max_hp_gain":0,"max_hp_loss":0,"event_name":"World of Goop","floor":6,"gold_loss":0},{"damage_healed":0,"gold_gain":0,"player_choice":"Fought Mushrooms","damage_taken":0,"max_hp_gain":0,"max_hp_loss":0,"event_name":"Mushrooms","floor":13,"gold_loss":0},{"damage_healed":0,"gold_gain":0,"player_choice":"Obtained Relic","damage_taken":0,"relics_obtained":["Anchor"],"max_hp_gain":0,"max_hp_loss":0,"event_name":"Addict","floor":19,"gold_loss":85},{"cards_removed":["Strike_P"],"damage_healed":0,"gold_gain":0,"player_choice":"Purged","damage_taken":0,"max_hp_gain":0,"max_hp_loss":0,"event_name":"Purifier","floor":21,"gold_loss":0},{"damage_healed":0,"gold_gain":0,"player_choice":"Fight","damage_taken":0,"max_hp_gain":0,"max_hp_loss":0,"event_name":"Mysterious Sphere","floor":37,"gold_loss":0},{"damage_healed":56,"gold_gain":0,"player_choice":"Heal","damage_taken":0,"max_hp_gain":0,"max_hp_loss":12,"event_name":"The Moai Head","floor":42,"gold_loss":0}],"is_beta":false,"boss_relics":[{"not_picked":["Astrolabe","Philosopher\u0027s Stone"],"picked":"Snecko Eye"},{"not_picked":["Black Star","Runic Dome"],"picked":"SlaversCollar"}],"items_purged_floors":[11,22,54],"is_endless":false,"potions_floor_spawned":[4,10,13,16,20,25,30,38,41,45,47,48],"killed_by":"The Heart","ascension_level":20}}