{"host":"0ueeacaatm8t6jyh","time":1611038024,"event":{"mods":["AchievementEnabler","BaseMod","Colored Powertips","Minty Spire (QoL Compilation)","Quick Restart","Rare Cards Sparkle","Shop Mod","StSLib"],"gold_per_floor":[110,11,28,303,314,314,330,362,411,425,453,305,305,322,322,422,422,437,454,474,484,130,130,130],"floor_reached":23,"language":"ZHS","playtime":808,"items_purged":["Doubt","Regret","Defend_P"],"score":334,"play_id":"bcfa194f-121a-4eae-8db7-e7218e32fb7b","local_time":"20210119143344","is_ascension_mode":true,"campfire_choices":[{"data":"Ragnarok","floor":6.0,"key":"SMITH"},{"data":"LessonLearned","floor":15.0,"key":"SMITH"}],"circlet_count":0,"master_deck":["Strike_P+1","Strike_P","Strike_P","Strike_P+1","Defend_P+1","Defend_P+1","Eruption","Vigilance+1","Ragnarok+1","CutThroughFate","Prostrate","BowlingBash+1","LessonLearned+1","Wallop+1","Halt","Meditate","DeusExMachina","ClearTheMind+1","Wireheading","MentalFortress"],"relics":["PureWater","StrikeDummy","Potion Belt","Oddly Smooth Stone","VioletLotus","Medical Kit"],"acts_visited":["Exordium","TheCity"],"potions_floor_usage":[],"damage_taken":[{"damage":1.0,"enemies":"Cultist","floor":1.0,"turns":3.0},{"damage":12.0,"enemies":"Jaw Worm","floor":3.0,"turns":3.0},{"damage":3.0,"enemies":"2 Louse","floor":5.0,"turns":3.0},{"damage":6.0,"enemies":"Lots of Slimes","floor":7.0,"turns":3.0},{"damage":0.0,"enemies":"Gremlin Nob","floor":8.0,"turns":2.0},{"damage":7.0,"enemies":"3 Louse","floor":10.0,"turns":2.0},{"damage":13.0,"enemies":"3 Sentries","floor":11.0,"turns":4.0},{"damage":0.0,"enemies":"Exordium Wildlife","floor":14.0,"turns":3.0},{"damage":6.0,"enemies":"Slime Boss","floor":16.0,"turns":8.0},{"damage":19.0,"enemies":"Shell Parasite","floor":18.0,"turns":6.0},{"damage":0.0,"enemies":"Chosen","floor":19.0,"turns":4.0},{"damage":4.0,"enemies":"Centurion and Healer","floor":20.0,"turns":5.0},{"damage":14.0,"enemies":"Snecko","floor":21.0,"turns":6.0},{"damage":8,"enemies":"Slavers","floor":23,"turns":1}],"seed_played":"4820450227873496896","potions_obtained":[{"floor":1.0,"key":"EssenceOfSteel"},{"floor":3.0,"key":"FearPotion"},{"floor":10.0,"key":"Strength Potion"},{"floor":11.0,"key":"EntropicBrew"},{"floor":16.0,"key":"SmokeBomb"},{"floor":20.0,"key":"DuplicationPotion"}],"is_trial":false,"path_per_floor":["M","$","M","?","M","R","M","E","T","M","E","$","?","M","R","B",null,"M","M","M","M","$","E"],"character_chosen":"WATCHER","items_purchased":["Prostrate","Halt","MentalFortress","Medical Kit"],"campfire_rested":0,"item_purchase_floors":[2,12,22,22],"current_hp_per_floor":[64,64,52,52,49,49,43,43,43,36,23,23,23,23,23,17,58,39,39,35,21,21,13,13],"gold":130,"neow_bonus":"THREE_RARE_CARDS","is_daily":false,"chose_seed":false,"campfire_upgraded":2,"win_rate":0.0,"timestamp":1611038024,"path_taken":["M","$","M","?","M","R","M","E","T","?","E","$","?","M","R","BOSS","M","M","M","M","$","E"],"items_purchased_type":["Card","Card","Card","Relic"],"build_version":"2020-12-22","purchased_purges":3,"victory":false,"max_hp_per_floor":[72,72,72,72,72,72,72,72,72,72,72,72,72,72,72,72,72,72,72,72,72,72,72,72],"card_choices":[{"not_picked":["DeusExMachina","Wish"],"picked":"Ragnarok","floor":0.0},{"not_picked":["Crescendo","BowlingBash"],"picked":"CutThroughFate","floor":1.0},{"not_picked":["FlurryOfBlows","DeceiveReality"],"picked":"BowlingBash","floor":3.0},{"not_picked":["CrushJoints","PathToVictory","ClearTheMind"],"picked":"SKIP","floor":5.0},{"not_picked":["SandsOfTime","EmptyBody","BowlingBash"],"picked":"SKIP","floor":7.0},{"not_picked":["SandsOfTime","CarveReality","FlurryOfBlows"],"picked":"SKIP","floor":8.0},{"not_picked":["CrushJoints","Indignation"],"picked":"LessonLearned","floor":10.0},{"not_picked":["FollowUp","Indignation"],"picked":"Wallop","floor":11.0},{"not_picked":["WreathOfFlame","SashWhip","Collect"],"picked":"SKIP","floor":14.0},{"not_picked":["Brilliance","Devotion"],"picked":"DeusExMachina","floor":16.0},{"not_picked":["JustLucky+1","Consecrate"],"picked":"ClearTheMind+1","floor":18.0},{"not_picked":["PathToVictory","Collect+1","SashWhip"],"picked":"SKIP","floor":19.0},{"not_picked":["JustLucky+1","BowlingBash","Halt"],"picked":"SKIP","floor":20.0},{"not_picked":["SashWhip","SignatureMove"],"picked":"Wireheading","floor":21.0}],"player_experience":399843,"relics_obtained":[{"floor":8.0,"key":"StrikeDummy"},{"floor":9.0,"key":"Potion Belt"},{"floor":11.0,"key":"Oddly Smooth Stone"}],"event_choices":[{"damage_healed":0.0,"max_hp_gain":0.0,"max_hp_loss":0.0,"gold_gain":275.0,"event_name":"Golden Shrine","player_choice":"Desecrate","floor":4.0,"gold_loss":0.0,"damage_taken":0.0,"cards_obtained":["Regret"]},{"damage_healed":0.0,"max_hp_gain":0.0,"max_hp_loss":0.0,"gold_gain":0.0,"cards_transformed":["Defend_P"],"event_name":"Transmorgrifier","player_choice":"Transformed","floor":13.0,"gold_loss":0.0,"damage_taken":0.0,"cards_obtained":["Meditate"]}],"is_beta":false,"boss_relics":[{"not_picked":["Runic Dome","Tiny House"],"picked":"VioletLotus"}],"items_purged_floors":[2,12,22],"is_endless":false,"potions_floor_spawned":[1,3,10,11,16,20],"killed_by":"Slavers","ascension_level":9}}