{"host":"51f0ad793vly1w6u","time":1611054221,"event":{"mods":["BaseMod","Colored Map","DeckTracker","Minty Spire (QoL Compilation)","Replay The Spire","StSLib","SuperFastMode"],"gold_per_floor":[115,115,115,38,38,66,66,99,123,152,152,162,23,41,41,144,144,164,190,0,0,20,45,45,58,85,115,25,44,44,61,61,165,165,176,176,176,176,191,218,232,232,232,232,265,282,330,359,359,359,359,359,31,31,31],"floor_reached":54,"language":"KOR","playtime":1516,"items_purged":["Strike_P","Hallucinations"],"score":1029,"play_id":"0004d0b9-0ea3-40a5-be4b-ab664ed2c8bc","local_time":"20210119200341","is_ascension_mode":false,"campfire_choices":[{"data":"Eruption","floor":7.0,"key":"SMITH"},{"data":"CrushJoints","floor":11.0,"key":"SMITH"},{"floor":15.0,"key":"DIG"},{"data":"Ragnarok","floor":24.0,"key":"SMITH"},{"data":"Shame","floor":32.0,"key":"PURGE"},{"data":"ReplayTheSpireMod:Faulty Equipment","floor":42,"key":"SMITH"},{"data":"TalkToTheHand","floor":44,"key":"SMITH"},{"floor":49,"key":"REST"},{"floor":52,"key":"REST"}],"circlet_count":0,"master_deck":["Strike_P+1","Strike_P+1","Defend_P+1","Defend_P+1","Eruption+1","Vigilance+1","CrushJoints+1","FearNoEvil+1","LessonLearned+1","EmptyBody+1","Ragnarok+1","BattleHymn+1","Blasphemy+1","Prostrate+1","TalkToTheHand+1","MentalFortress+1","Wallop+1","FollowUp+1","Protect+1","SandsOfTime+1","Establishment+1","Pot Of Greed+1","Pot Of Greed+1","Languid","Pot Of Greed+1","Vault+1","Enlightenment+1","Dark Shackles+1","Violence+1","Languid","Protect+1","TalkToTheHand+1","Indignation+1","Madness+1","Master of Strategy+1","Dark Shackles+1","Pot Of Greed+1"],"relics":["PureWater","NeowsBlessing","Ornamental Fan","Pear","Smiling Mask","Replay:Wax Seal","Lantern","Kunai","Ring of Chaos","Red Mask","BargainBundle","Anchor","ReplayTheSpireMod:Lightbulb","TeardropLocket","Damaru","Replay:Ancient Bell","Grinning Jar","Toxic Egg 2","Lizard Tail","Ring of Hypnosis","Ring of Fury","Replay:Baseball","Replay:WaspNest","Replay:Bottled Steam","GoldenEye","Frozen Egg 2","ReplayTheSpireMod:ShopPack"],"acts_visited":["Exordium","TheCity","TheBeyond","TheEnding"],"potions_floor_usage":[50],"damage_taken":[{"damage":0.0,"enemies":"2 Louse","floor":1.0,"turns":1.0},{"damage":0.0,"enemies":"Lagavulin","floor":6.0,"turns":1.0},{"damage":0.0,"enemies":"3 Sentries","floor":8.0,"turns":2.0},{"damage":0.0,"enemies":"Gremlin Nob","floor":10.0,"turns":2.0},{"damage":0.0,"enemies":"Small Slimes","floor":12.0,"turns":2.0},{"damage":2.0,"enemies":"Jaw Worm","floor":14.0,"turns":4.0},{"damage":34.0,"enemies":"Hexaghost","floor":16.0,"turns":6.0},{"damage":9.0,"enemies":"3 Byrds","floor":18.0,"turns":6.0},{"damage":13.0,"enemies":"Masked Bandits","floor":19.0,"turns":4.0},{"damage":8.0,"enemies":"Spheric Guardian","floor":22.0,"turns":4.0},{"damage":0.0,"enemies":"Gremlin Leader","floor":23.0,"turns":6.0},{"damage":0.0,"enemies":"Shelled Parasite and Fungi","floor":25.0,"turns":5.0},{"damage":11.0,"enemies":"Slavers","floor":27.0,"turns":8.0},{"damage":0.0,"enemies":"3 Cultists","floor":29.0,"turns":4.0},{"damage":0.0,"enemies":"Snake Plant","floor":31.0,"turns":3.0},{"damage":12.0,"enemies":"Automaton","floor":33.0,"turns":6.0},{"damage":11.0,"enemies":"Orb Walker","floor":35.0,"turns":5.0},{"damage":0.0,"enemies":"3 Darklings","floor":39.0,"turns":3.0},{"damage":0.0,"enemies":"Nemesis","floor":40.0,"turns":3.0},{"damage":7.0,"enemies":"4 Shapes","floor":41.0,"turns":4.0},{"damage":10,"enemies":"R_Hoarder","floor":45,"turns":3},{"damage":0,"enemies":"Maw","floor":46,"turns":5},{"damage":13,"enemies":"2 Orb Walkers","floor":47,"turns":4},{"damage":0,"enemies":"Giant Head","floor":48,"turns":6},{"damage":64,"enemies":"Awakened One","floor":50,"turns":7},{"damage":99999,"enemies":"Shield and Spear","floor":54,"turns":5}],"seed_played":"4844679237703458620","potions_obtained":[{"floor":6.0,"key":"Venom Potion"},{"floor":14.0,"key":"BlessingOfTheForge"},{"floor":19.0,"key":"DistilledChaos"},{"floor":25.0,"key":"Swift Potion"},{"floor":29.0,"key":"Toxic Potion"},{"floor":40.0,"key":"Energy Potion"},{"floor":41.0,"key":"Swift Potion"},{"floor":48,"key":"CultistPotion"}],"is_trial":false,"path_per_floor":["M","?","?","$","?","E","R","E","T","E","R","M","$","M","R_BF","B",null,"M","?","$","?","M","E","R","M","T","E","?","M","?","M","R_BF","B",null,"M","?","?","?","M","E","M","R","T","R","E","M","?","E","R","B",null,"R","$","E"],"character_chosen":"WATCHER","items_purchased":["FearNoEvil","Ragnarok","BargainBundle","MentalFortress","Wallop+1","Block Potion","FearPotion","Milkshake","ReplayTheSpireMod:ShopPack","Madness+1"],"campfire_rested":2,"item_purchase_floors":[4,13,20,20,20,20,20,53,53,53],"current_hp_per_floor":[72,65,58,58,58,68,68,68,68,68,68,68,68,66,66,32,82,73,60,60,60,52,52,52,52,52,41,41,41,41,41,41,29,82,71,61,61,61,61,61,54,54,54,54,44,44,31,31,55,41,82,82,82,0,0],"gold":31,"neow_bonus":"THREE_ENEMY_KILL","is_daily":false,"chose_seed":false,"campfire_upgraded":5,"win_rate":0.0,"timestamp":1611054221,"path_taken":["M","?","?","$","?","E","R","E","T","E","R","M","?","?","R_BF","BOSS","M","?","$","?","M","E","R","?","T","E","?","?","?","M","R_BF","BOSS","M","?","?","?","?","E","M","R","T","R","E","M","?","E","R","BOSS","R","$","E"],"items_purchased_type":["Card","Card","Relic","Card","Card","Potion","Potion","Potion","Relic","Card"],"build_version":"2020-12-22","purchased_purges":2,"victory":false,"max_hp_per_floor":[72,72,72,72,72,82,82,82,82,82,82,82,82,82,82,82,82,82,82,82,82,82,82,82,82,82,82,82,82,82,82,82,82,82,82,82,82,82,82,82,82,82,82,82,82,82,82,82,82,82,82,82,82,82,82],"card_choices":[{"not_picked":["Crescendo","ReachHeaven"],"picked":"CrushJoints","floor":1.0},{"not_picked":["BowlingBash","Replay:Vibes"],"picked":"LessonLearned","floor":6.0},{"not_picked":["ForeignInfluence","FollowUp","Protect"],"picked":"SKIP","floor":8.0},{"not_picked":["Study","Prostrate","SashWhip"],"picked":"SKIP","floor":10.0},{"not_picked":["DeceiveReality","SashWhip"],"picked":"EmptyBody","floor":12.0},{"not_picked":["CarveReality","Establishment"],"picked":"BattleHymn","floor":14.0},{"not_picked":["Replay:LoomingThreat","DevaForm"],"picked":"Blasphemy","floor":16.0},{"not_picked":["Sanctity","Replay:Cycle"],"picked":"Prostrate","floor":18.0},{"not_picked":["Replay:AtTheReady","Wireheading"],"picked":"TalkToTheHand","floor":19.0},{"not_picked":["Study+1","Replay:DivineShield"],"picked":"FollowUp","floor":22.0},{"not_picked":["EmptyFist","ThirdEye"],"picked":"Protect+1","floor":23.0},{"not_picked":["BowlingBash+1","Replay:ManipulateFuture"],"picked":"SandsOfTime+1","floor":25.0},{"not_picked":["Ragnarok","Protect+1","Indignation"],"picked":"SKIP","floor":27.0},{"not_picked":["SashWhip","Consecrate","Protect+1"],"picked":"SKIP","floor":29.0},{"not_picked":["Pray","WreathOfFlame+1","EmptyBody"],"picked":"SKIP","floor":31.0},{"not_picked":["MasterReality","Blasphemy"],"picked":"Establishment","floor":33.0},{"not_picked":["Pain","ReplayTheSpireMod:Restless Dread"],"picked":"Hallucinations","floor":34.0},{"not_picked":["Replay:Hysterical Blindness","AbeCurse"],"picked":"Languid","floor":34.0},{"not_picked":["ReplayTheSpireMod:Restless Dread","Regret"],"picked":"ReplayTheSpireMod:Faulty Equipment","floor":34.0},{"not_picked":["Wallop","CrushJoints+1"],"picked":"Vault+1","floor":35.0},{"not_picked":["Good Instincts+1","Discovery+1"],"picked":"Enlightenment+1","floor":36.0},{"not_picked":["Replay:Sssssssssstrike","Mind Blast"],"picked":"Dark Shackles+1","floor":36.0},{"not_picked":["Replay:Parry","Purity+1"],"picked":"Violence+1","floor":36.0},{"not_picked":["Weave","ThirdEye+1"],"picked":"Protect+1","floor":39.0},{"not_picked":["Replay:AtTheReady+1","Halt+1","Swivel+1"],"picked":"SKIP","floor":40.0},{"not_picked":["LikeWater","Nirvana+1"],"picked":"TalkToTheHand","floor":41.0},{"not_picked":["LikeWater+1","Crescendo+1","EmptyFist"],"picked":"SKIP","floor":45},{"not_picked":["CrushJoints+1","Wallop+1"],"picked":"Indignation+1","floor":46},{"not_picked":["Nirvana+1","CutThroughFate+1","Replay:Cycle+1"],"picked":"SKIP","floor":48},{"not_picked":["Mayhem","Chrysalis"],"picked":"Master of Strategy","floor":53},{"not_picked":["Discovery","Blind"],"picked":"Dark Shackles","floor":53}],"player_experience":1401230,"relics_obtained":[{"floor":6.0,"key":"Pear"},{"floor":8.0,"key":"Smiling Mask"},{"floor":9.0,"key":"Replay:Wax Seal"},{"floor":10.0,"key":"Lantern"},{"floor":15.0,"key":"Kunai"},{"floor":19.0,"key":"Red Mask"},{"floor":23.0,"key":"Anchor"},{"floor":26.0,"key":"ReplayTheSpireMod:Lightbulb"},{"floor":27.0,"key":"TeardropLocket"},{"floor":37.0,"key":"Ring of Hypnosis"},{"floor":37.0,"key":"Ring of Fury"},{"floor":40.0,"key":"Replay:Baseball"},{"floor":43,"key":"Replay:WaspNest"},{"floor":45,"key":"Replay:Bottled Steam"},{"floor":47,"key":"GoldenEye"},{"floor":48,"key":"Frozen Egg 2"}],"event_choices":[{"cards_removed":["Defend_P"],"damage_healed":0.0,"max_hp_gain":0.0,"max_hp_loss":0.0,"gold_gain":0.0,"event_name":"Golden Wing","player_choice":"Card Removal","floor":2.0,"gold_loss":0.0,"damage_taken":7.0},{"damage_healed":0.0,"max_hp_gain":0.0,"max_hp_loss":0.0,"gold_gain":0.0,"event_name":"Scrap Ooze","player_choice":"Success","floor":3.0,"gold_loss":0.0,"damage_taken":7.0,"relics_obtained":["Ornamental Fan"]},{"damage_healed":0.0,"max_hp_gain":0.0,"max_hp_loss":0.0,"gold_gain":0.0,"event_name":"The Cleric","player_choice":"Leave","floor":5.0,"gold_loss":0.0,"damage_taken":0.0},{"damage_healed":0.0,"max_hp_gain":0.0,"max_hp_loss":0.0,"gold_gain":0.0,"event_name":"Masked Bandits","player_choice":"Fought Bandits","floor":19.0,"gold_loss":0.0,"damage_taken":0.0},{"damage_healed":0.0,"max_hp_gain":0.0,"max_hp_loss":0.0,"gold_gain":0.0,"event_name":"Upgrade Shrine","player_choice":"Upgraded","floor":21.0,"gold_loss":0.0,"damage_taken":0.0,"cards_upgraded":["TalkToTheHand"]},{"cards_removed":["Strike_P"],"damage_healed":0.0,"max_hp_gain":0.0,"max_hp_loss":0.0,"gold_gain":0.0,"event_name":"Designer","player_choice":"Upgrade and Remove","floor":28.0,"gold_loss":90.0,"damage_taken":0.0,"cards_upgraded":["Vigilance"]},{"damage_healed":0.0,"max_hp_gain":0.0,"max_hp_loss":0.0,"gold_gain":0.0,"event_name":"Addict","player_choice":"Stole Relic","floor":30.0,"gold_loss":0.0,"damage_taken":0.0,"relics_obtained":["Damaru"],"cards_obtained":["Shame"]},{"damage_healed":0.0,"max_hp_gain":0.0,"max_hp_loss":0.0,"gold_gain":0.0,"event_name":"SensoryStone","player_choice":"Memory 3","floor":36.0,"gold_loss":0.0,"damage_taken":10.0},{"cards_removed":["Defend_P"],"damage_healed":0.0,"max_hp_gain":0.0,"max_hp_loss":0.0,"gold_gain":0.0,"event_name":"Falling","player_choice":"Removed Skill","floor":38.0,"gold_loss":0.0,"damage_taken":0.0},{"damage_healed":0,"gold_gain":0,"player_choice":"Fight","damage_taken":0,"max_hp_gain":0,"max_hp_loss":0,"event_name":"Mysterious Sphere","floor":47,"gold_loss":0}],"is_beta":false,"boss_relics":[{"not_picked":["Painkiller Herb","Runic Dome"],"picked":"Ring of Chaos"},{"not_picked":["Velvet Choker","Replay:Bronze Core"],"picked":"Replay:Ancient Bell"},{"not_picked":["PreservedInsect","Strawberry"],"picked":"Grinning Jar"},{"not_picked":["HornCleat","Letter Opener"],"picked":"Toxic Egg 2"},{"not_picked":["Replay:Arrowhead","Girya"],"picked":"Lizard Tail"}],"items_purged_floors":[20,53],"is_endless":false,"potions_floor_spawned":[6,14,19,25,29,40,41,46,48],"killed_by":"Shield and Spear","ascension_level":0}}