{"host":"0av13bfd5y1jedv9","time":1611056535,"event":{"mods":["AchievementEnabler","Act Like it!","Aspiration","BaseMod","Bestiary","Challenge The Spire","Colored Map","Conspire","Downfall","Energized Spire","GifTheSpireLib","GungeonMod","Highlight Path","Hubris","Infinite Spire","Minty Spire (QoL Compilation)","Relic Sorter","Spicy Shops","Spikes Relics","StSLib","Stuff the Spire","Synergy Search","vexMod"],"gold_per_floor":[113,113,132,145,160,186,186,204,228,248,281,297,38,56,56,158,158,171,20,20,20,20,20,20,73,73,73,85,105,121,138,156,156,156,260,260,275,18,31,62,62,62,74,74,74,74,88,108,125,145,145,145],"floor_reached":53,"language":"ENG","playtime":4020,"items_purged":[],"score":529,"play_id":"08a8a6b9-6fc6-43dc-9c99-831e0fec03c8","local_time":"20210119114215","is_ascension_mode":false,"campfire_choices":[{"floor":7,"key":"REST"},{"floor":15,"key":"REST"},{"floor":23,"key":"REST"},{"data":"infinitespire:Execution","floor":27,"key":"SMITH"},{"floor":33,"key":"REST"},{"floor":42,"key":"REST"},{"floor":44,"key":"REST"},{"data":"DemoMod:DoubleVision","floor":46,"key":"SMITH"},{"floor":51,"key":"REST"}],"circlet_count":0,"master_deck":["DemoMod:Strike_Huntress","DemoMod:Strike_Huntress","DemoMod:Strike_Huntress","DemoMod:Defend_Huntress","DemoMod:Defend_Huntress+1","DemoMod:Defend_Huntress","DemoMod:Defend_Huntress","DemoMod:Roll","DemoMod:ManualReload+1","DemoMod:RustySidearm","DemoMod:CrossBow","DemoMod:Unmoved","DemoMod:TeaPot+1","DemoMod:JK47+1","DemoMod:CombinedRifle+1","DemoMod:SAA+1","DemoMod:FullFirepower","DemoMod:SniperShot","DemoMod:HuntsMan+1","DemoMod:TripleGun+1","DemoMod:SuppressiveFire+1","DemoMod:HungryBullets+1","infinitespire:Execution+1","DemoMod:AWP+1","DemoMod:DoubleSwitch+1","DemoMod:MachoBrace+1","DemoMod:Elimentaler+1","DemoMod:DoubleVision+1","DemoMod:BlankBullets","DemoMod:ProbeStrike+1","DemoMod:Elimentaler+1"],"relics":["DemoMod:Dog","DemoMod:ChaffGrenade","NeowsBlessing","Molten Egg 2","DemoMod:Bottle","SnailShell","RetroEgg","DemoMod:Plus1Bullets","energizedSpire:DeadBattery","Anchor","aspiration:RitualStick","DemoMod:RatBoots","DemoMod:ResourcefulSack","DemoMod:PartiallyEatenCheese","Black Star","StuffTheSpire:DarkSteelAnvil","hubris:VirtuousBlindfold","aspiration:SneckoTail","War Paint"],"acts_visited":["Exordium","TheCity","TheCity","TheBeyond"],"potions_floor_usage":[6,8,16,34,34,39,43,52,52,52,52],"damage_taken":[{"damage":0,"enemies":"2 Louse","floor":1,"turns":2},{"damage":0,"enemies":"Jaw Worm","floor":3,"turns":1},{"damage":0,"enemies":"Cultist","floor":4,"turns":1},{"damage":9,"enemies":"3 Louse","floor":5,"turns":4},{"damage":38,"enemies":"Gremlin Nob","floor":6,"turns":5},{"damage":2,"enemies":"Blue Slaver","floor":8,"turns":4},{"damage":16,"enemies":"conspire:2 RoseBushes","floor":10,"turns":4},{"damage":4,"enemies":"3 Sentries","floor":11,"turns":4},{"damage":3,"enemies":"Large Slime","floor":12,"turns":3},{"damage":0,"enemies":"Looter","floor":14,"turns":2},{"damage":0,"enemies":"Hexaghost","floor":16,"turns":7},{"damage":0,"enemies":"3 Byrds","floor":18,"turns":3},{"damage":2,"enemies":"Shell Parasite","floor":25,"turns":3},{"damage":6,"enemies":"DemoMod:4_Bullet_Kins","floor":28,"turns":9},{"damage":14,"enemies":"DemoMod:2_Veteran_bullet_kins_and_red_shotgun_kin","floor":29,"turns":4},{"damage":0,"enemies":"DemoMod:Veteran_shot_gun_kin_and_blue_shotgun_kin_with_gunsinger","floor":30,"turns":3},{"damage":6,"enemies":"DemoMod:Red_and_blue_shotgun_kin_with_gunsinger","floor":31,"turns":2},{"damage":8,"enemies":"DemoMod:Veteran_shot_gun_kin_and_blue_shotgun_kin","floor":32,"turns":2},{"damage":58,"enemies":"DemoMod:ResourcefulRat","floor":35,"turns":6},{"damage":0,"enemies":"Orb Walker","floor":37,"turns":3},{"damage":8,"enemies":"3 Darklings","floor":39,"turns":5},{"damage":22,"enemies":"conspire:MimicChest","floor":40,"turns":5},{"damage":29,"enemies":"4 Shapes","floor":43,"turns":6},{"damage":11,"enemies":"Writhing Mass","floor":47,"turns":3},{"damage":0,"enemies":"Jaw Worm Horde","floor":48,"turns":3},{"damage":13,"enemies":"Sphere and 2 Shapes","floor":49,"turns":5},{"damage":0,"enemies":"Spire Growth","floor":50,"turns":3},{"damage":7,"enemies":"Donu and Deca","floor":52,"turns":5}],"seed_played":"7621515751325963427","potions_obtained":[{"floor":1,"key":"Energy Potion"},{"floor":5,"key":"PowerPotion"},{"floor":11,"key":"DemoMod:LeadSkinPotion"},{"floor":12,"key":"FairyPotion"},{"floor":14,"key":"SkillPotion"},{"floor":16,"key":"FearPotion"},{"floor":29,"key":"EssenceOfSteel"},{"floor":31,"key":"PowerPotion"},{"floor":35,"key":"SteroidPotion"},{"floor":37,"key":"Explosive Potion"},{"floor":43,"key":"PowerPotion"},{"floor":47,"key":"hexamod:SoulburnPotion"},{"floor":49,"key":"LiquidBronze"}],"is_trial":false,"path_per_floor":["M","?","M","M","M","E","R","M","T","M","E","M","$","M","R","B",null,"M","$","?","?","?","R","?","M","T","R","M","M","M","M","M","R","B","B",null,"M","$","M","?","AVR","R","M","R","T","R","M","M","M","M","R","B",null],"character_chosen":"HUNTRESS","items_purchased":["DemoMod:GnawedKey","DemoMod:Plus1Bullets","Anchor","DemoMod:ChaffGrenade"],"campfire_rested":7,"item_purchase_floors":[13,13,19,38],"current_hp_per_floor":[70,70,70,70,61,23,44,42,42,26,22,19,19,19,40,40,70,70,70,57,42,25,47,47,45,75,75,69,55,55,49,41,63,39,40,75,75,75,67,45,45,67,38,60,60,60,49,49,36,36,58,51],"gold":145,"neow_bonus":"THREE_ENEMY_KILL","is_daily":false,"chose_seed":false,"campfire_upgraded":2,"win_rate":0.0,"timestamp":1611056535,"path_taken":["M","?","M","M","M","E","R","M","T","M","E","M","?","?","R","BOSS","M","$","?","?","?","R","?","?","T","R","M","M","M","M","M","R","BOSS","BOSS","M","$","M","?","AVR","R","M","R","T","R","?","M","M","M","R","BOSS"],"items_purchased_type":["Relic","Relic","Relic","Relic"],"build_version":"2020-12-22","purchased_purges":0,"victory":true,"max_hp_per_floor":[70,70,70,70,70,70,70,70,70,70,70,70,70,70,70,70,70,70,70,75,75,75,75,75,75,75,75,75,75,75,75,75,75,75,75,75,75,75,75,75,75,75,75,75,75,75,75,75,75,75,75,75],"card_choices":[{"not_picked":["DemoMod:TeaPot","DemoMod:BoxingGlove"],"picked":"DemoMod:Unmoved","floor":1},{"not_picked":["DemoMod:PotionOfGunFriendShip","DemoMod:Purify+1"],"picked":"DemoMod:TeaPot+1","floor":3},{"not_picked":["DemoMod:HuntsMan+1","DemoMod:PotionOfGunFriendShip"],"picked":"DemoMod:JK47+1","floor":4},{"not_picked":["DemoMod:FortunesFavor","DemoMod:HungryBullets"],"picked":"DemoMod:CombinedRifle+1","floor":5},{"not_picked":["DemoMod:TeaPot+1","DemoMod:CombinedRifle+1"],"picked":"DemoMod:SAA+1","floor":6},{"not_picked":["DemoMod:SniperShot","DemoMod:TeaPot+1"],"picked":"DemoMod:FullFirepower","floor":8},{"not_picked":["DemoMod:BoxingGlove+1","DemoMod:Ejector"],"picked":"DemoMod:SniperShot","floor":10},{"not_picked":["DemoMod:SkilledReload","DemoMod:FortunesFavor"],"picked":"DemoMod:HuntsMan+1","floor":11},{"not_picked":["DemoMod:ConditionalReflex","DemoMod:ZorGun+1","DemoMod:BattleInHaste"],"picked":"SKIP","floor":12},{"not_picked":["DemoMod:Unmoved","DemoMod:StickyCrossBow+1"],"picked":"DemoMod:TripleGun+1","floor":14},{"not_picked":["DemoMod:Elimentaler+1","DemoMod:Slinger"],"picked":"DemoMod:SuppressiveFire","floor":16},{"not_picked":["DemoMod:SniperShot","DemoMod:PotionOfGunFriendShip"],"picked":"DemoMod:HungryBullets+1","floor":18},{"not_picked":["infinitespire:Gouge","infinitespire:Fortify"],"picked":"infinitespire:Execution","floor":22},{"not_picked":["DemoMod:ProbeStrike+1","DemoMod:JK47+1"],"picked":"DemoMod:AWP+1","floor":25},{"not_picked":["DemoMod:AWP+1","DemoMod:JK47+1","DemoMod:AbyssalTentacle+1"],"picked":"SKIP","floor":28},{"not_picked":["DemoMod:HardPowerCard","DemoMod:BoxingGlove+1"],"picked":"DemoMod:DirectionalPad+1","floor":29},{"not_picked":["DemoMod:FortunesFavor","DemoMod:StickyCrossBow+1","DemoMod:DirectionalPad+1"],"picked":"SKIP","floor":30},{"not_picked":["DemoMod:AC15+1","DemoMod:DoubleVision"],"picked":"DemoMod:DoubleSwitch","floor":31},{"not_picked":["DemoMod:PotionOfGunFriendShip","DemoMod:StickyCrossBow+1"],"picked":"DemoMod:MachoBrace+1","floor":32},{"not_picked":[],"picked":"DemoMod:Elimentaler","floor":35},{"not_picked":["DemoMod:GunslingerForm","DemoMod:BalloonGun+1"],"picked":"DemoMod:DoubleVision","floor":35},{"not_picked":["DemoMod:ShadowBullets+1","DemoMod:Purify+1"],"picked":"DemoMod:BlankBullets","floor":37},{"not_picked":["DemoMod:StickyCrossBow+1","DemoMod:SAA+1","DemoMod:Ejector"],"picked":"SKIP","floor":39},{"not_picked":["DemoMod:MachoBrace+1","DemoMod:FastSwitch+1"],"picked":"DemoMod:ProbeStrike+1","floor":40},{"not_picked":["DemoMod:DirectionalPad+1","DemoMod:ProbeStrike+1","DemoMod:BattleInHaste+1"],"picked":"SKIP","floor":43},{"not_picked":["DemoMod:AC15+1","DemoMod:Ejector","DemoMod:StickyCrossBow+1"],"picked":"SKIP","floor":47},{"not_picked":["DemoMod:MachoBrace+1","DemoMod:HuntsMan+1","DemoMod:GunShield"],"picked":"SKIP","floor":48},{"not_picked":["DemoMod:JK47+1","DemoMod:Unmoved+1","DemoMod:FortunesFavor"],"picked":"SKIP","floor":49},{"not_picked":["DemoMod:ZorGun+1","DemoMod:FeignSurrender"],"picked":"DemoMod:Elimentaler+1","floor":50}],"player_experience":198368,"relics_obtained":[{"floor":6,"key":"DemoMod:Bottle"},{"floor":9,"key":"SnailShell"},{"floor":11,"key":"RetroEgg"},{"floor":36,"key":"DemoMod:RatBoots"},{"floor":36,"key":"DemoMod:ResourcefulSack"},{"floor":36,"key":"DemoMod:PartiallyEatenCheese"},{"floor":36,"key":"Black Star"},{"floor":40,"key":"StuffTheSpire:DarkSteelAnvil"},{"floor":45,"key":"War Paint"}],"event_choices":[{"damage_healed":0,"gold_gain":0,"player_choice":"Shed Blood","damage_taken":18,"max_hp_gain":5,"max_hp_loss":0,"event_name":"Forgotten Altar","floor":20,"gold_loss":0},{"cards_removed":["Injury"],"damage_healed":0,"gold_gain":0,"player_choice":"Elegance","damage_taken":0,"max_hp_gain":0,"max_hp_loss":0,"event_name":"Back to Basics","floor":24,"gold_loss":0}],"is_beta":false,"boss_relics":[{"not_picked":["StuffTheSpire:RunicConfusion","Coffee Dripper"],"picked":"energizedSpire:DeadBattery"},{"not_picked":[]}],"items_purged_floors":[],"is_endless":false,"potions_floor_spawned":[1,5,11,12,14,16,29,31,34,35,37,43,47,49],"ascension_level":0}}