{"host":"xp5rvh2jwe2ejyfm","time":1611074703,"event":{"mods":["BaseMod","Hermit","Minty Spire (QoL Compilation)","Replay The Spire","StSLib","The Construct","The Cursed","The Disciple","The Hierophant","The Necromancer","The Runesmith"],"gold_per_floor":[113,125,140,68,81,81,81,81,127,157,157,183,223,223,223,338,338,366,366,402,441,3,51,51,93,93,93,133,133,171,205,205,322,322,358,390,159,204,204,204,241,277,277,277,316,338,338],"floor_reached":46,"language":"ENG","playtime":2235,"items_purged":[],"score":514,"play_id":"adef7304-f3ee-4ad9-b70f-40c3e68a28e4","local_time":"20210119114503","is_ascension_mode":false,"campfire_choices":[{"data":"TheCursedMod:Stigma","floor":6,"key":"SMITH"},{"data":"TheCursedMod:CursedWand","floor":8,"key":"SMITH"},{"data":"TheCursedMod:CollectTribute","floor":11,"key":"SMITH"},{"data":"TheCursedMod:CursedBlade","floor":15,"key":"SMITH"},{"floor":24,"key":"REST"},{"floor":27,"key":"REST"},{"data":"TheCursedMod:VitalStrike","floor":29,"key":"SMITH"},{"data":"TheCursedMod:Hemoplague","floor":32,"key":"SMITH"},{"floor":40,"key":"REST"},{"floor":44,"key":"REST"}],"circlet_count":0,"master_deck":["TheCursedMod:Strike_TheCursed","TheCursedMod:Strike_TheCursed","TheCursedMod:Strike_TheCursed","TheCursedMod:Strike_TheCursed","TheCursedMod:Defend_TheCursed","TheCursedMod:Defend_TheCursed","TheCursedMod:Defend_TheCursed","TheCursedMod:Defend_TheCursed","TheCursedMod:CursedWand+1","TheCursedMod:CleanUpWorkshop","Strike_P","Neutralize","TheCursedMod:SpitefulStrike","TheCursedMod:VitalStrike","TheCursedMod:ReleasedStrength","TheCursedMod:Stigma+1","TheCursedMod:CircleOfCorruption","TheCursedMod:CollectTribute+1","TheCursedMod:FleshFromBone","TheCursedMod:SpitefulStrike","TheCursedMod:CursedBlade+1","TheCursedMod:CursedRelics","TheCursedMod:CursedSpellbook+1","TheCursedMod:ShockAndAwe","TheCursedMod:Stigma+1","TheCursedMod:CircleOfCorruption","TheCursedMod:CursedMace+1","TheCursedMod:Hemoplague+1","TheCursedMod:VitalStrike+1","TheCursedMod:FleshFromBone","TheCursedMod:Hemoplague+1","TheCursedMod:UltimatePain","TheCursedMod:ReleasedStrength","TheCursedMod:Stigma+1","TheCursedMod:WearCloak+1","TheCursedMod:VitalStrike","TheCursedMod:CircleOfFlame+1","TheCursedMod:CircleOfFocus+1","TheCursedMod:FleshFromBone","TheCursedMod:Wield"],"relics":["TheCursedMod:BlackMagic101","construct:FoamFinger","Replay:Bandana","Replay:Bronze Core","GremlinMask","ReplayTheSpireMod:Shallot","MealTicket","ReplayTheSpireMod:Ninjato","Regal Pillow","construct:WeddingRing","Pet Ghost","Spirit Poop","Replay:Ringing Soul"],"acts_visited":["Exordium","TheCity","TheBeyond"],"potions_floor_usage":[12,16,23,23,28,31,46,46],"damage_taken":[{"damage":0,"enemies":"Cultist","floor":1,"turns":4},{"damage":3,"enemies":"Jaw Worm","floor":2,"turns":3},{"damage":5,"enemies":"2 Louse","floor":3,"turns":2},{"damage":4,"enemies":"Red Slaver","floor":5,"turns":3},{"damage":1,"enemies":"3 Louse","floor":10,"turns":3},{"damage":1,"enemies":"Lots of Slimes","floor":12,"turns":2},{"damage":7,"enemies":"Gremlin Gang","floor":13,"turns":4},{"damage":17,"enemies":"Slime Boss","floor":16,"turns":7},{"damage":19,"enemies":"Shell Parasite","floor":18,"turns":5},{"damage":15,"enemies":"2 Thieves","floor":20,"turns":3},{"damage":9,"enemies":"Centurion and Healer","floor":21,"turns":4},{"damage":13,"enemies":"Book of Stabbing","floor":23,"turns":2},{"damage":15,"enemies":"Shelled Parasite and Fungi","floor":25,"turns":3},{"damage":5,"enemies":"3 Cultists","floor":28,"turns":4},{"damage":5,"enemies":"Centurion and Healer","floor":30,"turns":5},{"damage":0,"enemies":"Snake Plant","floor":31,"turns":3},{"damage":9,"enemies":"Pondfish","floor":33,"turns":10},{"damage":31,"enemies":"3 Shapes","floor":35,"turns":4},{"damage":7,"enemies":"Orb Walker","floor":36,"turns":3},{"damage":39,"enemies":"Jaw Worm Horde","floor":38,"turns":5},{"damage":26,"enemies":"Writhing Mass","floor":41,"turns":6},{"damage":38,"enemies":"4 Shapes","floor":42,"turns":4},{"damage":17,"enemies":"Jaw Worm Horde","floor":45,"turns":4},{"damage":41,"enemies":"Transient","floor":46,"turns":5}],"seed_played":"8827123341373491360","potions_obtained":[{"floor":5,"key":"SkillPotion"},{"floor":10,"key":"Fire Potion"},{"floor":12,"key":"Death Potion"},{"floor":16,"key":"Energy Potion"},{"floor":20,"key":"Ancient Potion"},{"floor":21,"key":"LiquidMemories"},{"floor":25,"key":"DistilledChaos"},{"floor":30,"key":"Block Potion"},{"floor":31,"key":"Reflective Coating"},{"floor":35,"key":"Languid Potion"},{"floor":41,"key":"BlessingOfTheForge"}],"is_trial":false,"path_per_floor":["M","M","M","$","M","R","T","R","T","M","R","M","M","?","R","B",null,"M","?","M","M","$","E","R","M","T","R","M","R","M","M","R","B",null,"M","M","$","M","?","R","M","M","T","R","M","M"],"character_chosen":"THE_CURSED","items_purchased":["TheCursedMod:Stigma","TheCursedMod:CircleOfCorruption","ReplayTheSpireMod:Shallot","MealTicket","TheCursedMod:CircleOfCorruption","Pet Ghost","TheCursedMod:WearCloak+1","TheCursedMod:VitalStrike"],"campfire_rested":4,"item_purchase_floors":[4,4,22,22,22,37,37,37],"current_hp_per_floor":[89,86,81,81,77,77,77,77,77,76,76,75,68,68,68,51,89,70,70,55,46,46,33,59,44,44,85,80,80,75,75,75,66,89,58,51,66,27,27,68,42,4,4,45,31,0,0],"gold":338,"neow_bonus":"TWENTY_PERCENT_HP_BONUS","is_daily":false,"chose_seed":false,"campfire_upgraded":6,"win_rate":0.0,"timestamp":1611074703,"path_taken":["M","M","M","$","M","R","?","R","T","M","R","M","M","?","R","BOSS","M","?","M","M","$","E","R","M","T","R","M","R","?","M","R","BOSS","M","M","$","M","?","R","M","M","T","R","M","M"],"items_purchased_type":["Card","Card","Relic","Relic","Card","Relic","Card","Card"],"build_version":"2020-12-22","purchased_purges":0,"victory":false,"max_hp_per_floor":[89,89,89,89,89,89,89,89,89,89,89,89,89,89,89,89,89,89,89,89,89,89,89,89,89,89,89,89,89,89,89,89,89,89,89,89,89,89,89,89,89,89,89,89,92,92,92],"card_choices":[{"not_picked":["TheCursedMod:CursedMace","TheCursedMod:VitalStrike"],"picked":"TheCursedMod:SpitefulStrike","floor":1},{"not_picked":["TheCursedMod:Grudge","TheCursedMod:ReleasedKnowledge"],"picked":"TheCursedMod:VitalStrike","floor":2},{"not_picked":["TheCursedMod:TacticalStrike","TheCursedMod:Obscuration"],"picked":"TheCursedMod:ReleasedStrength","floor":3},{"not_picked":["TheCursedMod:SurpriseAttack","TheCursedMod:CursedShiv"],"picked":"TheCursedMod:CollectTribute","floor":5},{"not_picked":["TheCursedMod:Obscuration","TheCursedMod:RapidMovement"],"picked":"TheCursedMod:FleshFromBone","floor":10},{"not_picked":["TheCursedMod:TacticalStrike","TheCursedMod:RavingStaff"],"picked":"TheCursedMod:SpitefulStrike","floor":12},{"not_picked":["TheCursedMod:RapidMovement","TheCursedMod:FuryStrike"],"picked":"TheCursedMod:CursedBlade","floor":13},{"not_picked":["TheCursedMod:DemonicPact","TheCursedMod:DarkBarrier"],"picked":"TheCursedMod:CursedRelics","floor":16},{"not_picked":["TheCursedMod:Obscuration","TheCursedMod:CursedAmulet"],"picked":"TheCursedMod:CursedSpellbook+1","floor":18},{"not_picked":["TheCursedMod:SpitefulStrike+1","TheCursedMod:CursedShiv"],"picked":"TheCursedMod:ShockAndAwe","floor":20},{"not_picked":["TheCursedMod:CursedMace","TheCursedMod:CursedShiv"],"picked":"TheCursedMod:Stigma+1","floor":21},{"not_picked":["TheCursedMod:TacticalStrike","TheCursedMod:Neurasthenia"],"picked":"TheCursedMod:CursedMace+1","floor":23},{"not_picked":["TheCursedMod:ReleasedStrength","TheCursedMod:CursedArmor+1"],"picked":"TheCursedMod:Hemoplague","floor":25},{"not_picked":["TheCursedMod:FleshFromBone","TheCursedMod:RapidMovement+1"],"picked":"TheCursedMod:VitalStrike","floor":28},{"not_picked":["TheCursedMod:TacticalStrike","TheCursedMod:RavingStaff"],"picked":"TheCursedMod:FleshFromBone","floor":30},{"not_picked":["TheCursedMod:Stigma","TheCursedMod:FuryStrike+1"],"picked":"TheCursedMod:Hemoplague+1","floor":31},{"not_picked":["TheCursedMod:DarkBarrier","TheCursedMod:Neurasthenia"],"picked":"TheCursedMod:UltimatePain","floor":33},{"not_picked":["TheCursedMod:BlessingInDisguise","TheCursedMod:TacticalStrike"],"picked":"TheCursedMod:ReleasedStrength","floor":35},{"not_picked":["TheCursedMod:TroublousMinions+1","TheCursedMod:WearCloak"],"picked":"TheCursedMod:Stigma+1","floor":36},{"not_picked":["TheCursedMod:RapidMovement","TheCursedMod:Hemoplague+1"],"picked":"TheCursedMod:CircleOfFlame+1","floor":38},{"not_picked":["TheCursedMod:RapidMovement","TheCursedMod:SmokeScreen"],"picked":"TheCursedMod:CircleOfFocus+1","floor":41},{"not_picked":["TheCursedMod:BlessingInDisguise+1","TheCursedMod:PrepareRite+1"],"picked":"TheCursedMod:FleshFromBone","floor":42},{"not_picked":["TheCursedMod:Hemoplague","TheCursedMod:LuckyCharm"],"picked":"TheCursedMod:Wield","floor":45}],"player_experience":253208,"relics_obtained":[{"floor":7,"key":"construct:FoamFinger"},{"floor":9,"key":"Replay:Bandana"},{"floor":23,"key":"ReplayTheSpireMod:Ninjato"},{"floor":26,"key":"Regal Pillow"},{"floor":43,"key":"Replay:Ringing Soul"}],"event_choices":[{"damage_healed":0,"gold_gain":0,"player_choice":"Trade","damage_taken":0,"relics_obtained":["GremlinMask"],"max_hp_gain":0,"max_hp_loss":0,"event_name":"FaceTrader","floor":19,"gold_loss":0},{"cards_removed":["Injury"],"damage_healed":0,"gold_gain":0,"player_choice":"Offered Curse","damage_taken":0,"relics_obtained":["Spirit Poop"],"max_hp_gain":0,"max_hp_loss":0,"event_name":"Bonfire Elementals","floor":39,"gold_loss":0}],"is_beta":false,"boss_relics":[{"not_picked":["Replay:Wanted Poster","Runic Dome"],"picked":"Replay:Bronze Core"},{"not_picked":["Coffee Dripper","Sozu"],"picked":"construct:WeddingRing"}],"items_purged_floors":[],"is_endless":false,"potions_floor_spawned":[5,10,12,16,20,21,25,30,31,35,41,42,45],"killed_by":"Transient","ascension_level":0}}