{"host":"grooae7peokc63vv","time":1611080899,"event":{"mods":["ATMod(°¢èªMod)","BaseMod","Minty Spire (QoL Compilation)","MostiFishMod","Replay The Spire","StSLib","TestMod"],"gold_per_floor":[119,129,139,189,202,227,241,241,241,276,289,322,371,391,391,464,464,478,418,418,429,444,474,491,505,505,505,534,534,546,580,580,654,654,671,682,699,709,762,762,797,808,808,834,851,884,884,913,913,913],"floor_reached":51,"language":"ZHS","playtime":3095,"items_purged":[],"score":1597,"play_id":"d2dbd547-7b41-4135-bb3d-94d97ee4485f","local_time":"20210120022819","is_ascension_mode":true,"campfire_choices":[{"data":"MostiFishMod:RacingGame","floor":8,"key":"SMITH"},{"floor":15,"key":"REST"},{"data":"MostiFishMod:HellRitual","floor":29,"key":"SMITH"},{"data":"Anger","floor":32,"key":"SMITH"},{"data":"Limit Break","floor":40,"key":"SMITH"}],"circlet_count":0,"master_deck":["AscendersBane","Anger+1","MostiFishMod:RacingGame+1","Anger","Shrug It Off","Limit Break+1","Juggernaut","Life Link"],"relics":["Burning Blood","DaveBox","testmod-TestBox","AT_ATBox","testmod-KeyOfTheVoid","Technique","SynthV:TestCard","ReplayTheSpireMod:Ring of Challenge","Ring of Greed","Kunai","testmod-BalancedPeriapt","Pantograph","Mercury Hourglass","BranchBurnRelic","Replay:Ringing Soul","testmod-ThousandKnives","AT_SpeedBoots","PreservedInsect","Ice Cream","Pen Nib","Chameleon Ring","Bottled Flame","AT_TimeSand","Centennial Puzzle"],"acts_visited":["Exordium","TheCity","TheBeyond"],"potions_floor_usage":[6,16,22,23,28,28,33,45,45,50,50],"damage_taken":[{"damage":9,"enemies":"2 Louse","floor":1,"turns":4},{"damage":2,"enemies":"Jaw Worm","floor":2,"turns":3},{"damage":0,"enemies":"Small Slimes","floor":3,"turns":2},{"damage":0,"enemies":"Exordium Wildlife","floor":5,"turns":2},{"damage":29,"enemies":"Lagavulin","floor":6,"turns":4},{"damage":0,"enemies":"Large Slime","floor":7,"turns":3},{"damage":13,"enemies":"Gremlin Nob","floor":10,"turns":3},{"damage":3,"enemies":"Gremlin Gang","floor":11,"turns":2},{"damage":14,"enemies":"Lagavulin","floor":12,"turns":3},{"damage":13,"enemies":"Blue Slaver","floor":14,"turns":2},{"damage":2,"enemies":"Slime Boss","floor":16,"turns":3},{"damage":4,"enemies":"3 Byrds","floor":18,"turns":3},{"damage":0,"enemies":"Chosen","floor":21,"turns":4},{"damage":6,"enemies":"3 Cultists","floor":22,"turns":3},{"damage":27,"enemies":"Book of Stabbing","floor":23,"turns":4},{"damage":20,"enemies":"Snecko","floor":24,"turns":4},{"damage":0,"enemies":"Snake Plant","floor":25,"turns":4},{"damage":20,"enemies":"Gremlin Leader","floor":28,"turns":3},{"damage":0,"enemies":"Chosen and Byrds","floor":30,"turns":3},{"damage":21,"enemies":"Book of Stabbing","floor":31,"turns":2},{"damage":10,"enemies":"Collector","floor":33,"turns":3},{"damage":10,"enemies":"Orb Walker","floor":35,"turns":3},{"damage":3,"enemies":"3 Darklings","floor":36,"turns":2},{"damage":27,"enemies":"Spire Growth","floor":37,"turns":4},{"damage":11,"enemies":"Jaw Worm Horde","floor":38,"turns":2},{"damage":0,"enemies":"2 Orb Walkers","floor":39,"turns":1},{"damage":0,"enemies":"R_Hoarder","floor":41,"turns":2},{"damage":0,"enemies":"3 Darklings","floor":42,"turns":1},{"damage":0,"enemies":"Reptomancer","floor":44,"turns":1},{"damage":20,"enemies":"Transient","floor":45,"turns":3},{"damage":0,"enemies":"R_Hoarder","floor":46,"turns":2},{"damage":0,"enemies":"Reptomancer","floor":48,"turns":1},{"damage":14,"enemies":"Donu and Deca","floor":50,"turns":2}],"seed_played":"7733605979961144141","potions_obtained":[{"floor":1,"key":"testmod-TestPotion"},{"floor":6,"key":"ElixirPotion"},{"floor":11,"key":"PowerPotion"},{"floor":14,"key":"Adrenaline Potion"},{"floor":22,"key":"Strength Potion"},{"floor":24,"key":"Doom Potion"},{"floor":25,"key":"BloodPotion"},{"floor":30,"key":"SkillPotion"},{"floor":31,"key":"Dexterity Potion"},{"floor":35,"key":"Reflective Coating"},{"floor":49,"key":"CultistPotion"},{"floor":49,"key":"CultistPotion"}],"is_trial":false,"path_per_floor":["M","M","M","?","M","E","M","R","T","E","M","E","?","M","R","B",null,"M","?","?","M","M","E","M","M","T","?","E","R","M","E","R","B",null,"M","M","M","M","?","R","E","M","T","E","M","E","?","E","R","B",null],"character_chosen":"IRONCLAD","items_purchased":[],"campfire_rested":1,"item_purchase_floors":[],"current_hp_per_floor":[77,81,87,87,88,72,78,78,78,71,74,66,66,59,85,88,88,88,88,88,88,88,67,53,59,59,59,71,71,88,73,73,88,88,84,88,67,62,68,68,79,88,88,88,74,88,80,88,88,80],"gold":913,"neow_bonus":"TEN_PERCENT_HP_BONUS","is_daily":false,"chose_seed":false,"campfire_upgraded":4,"win_rate":0.0,"timestamp":1611080899,"path_taken":["M","M","M","?","M","E","M","R","T","E","M","E","?","M","R","BOSS","M","?","?","M","M","E","M","M","T","?","E","R","M","E","R","BOSS","M","M","?","M","?","R","E","M","T","E","M","E","?","E","R","BOSS"],"items_purchased_type":[],"build_version":"2020-12-22","purchased_purges":0,"victory":true,"max_hp_per_floor":[88,88,88,88,88,88,88,88,88,88,88,88,88,88,88,88,88,88,88,88,88,88,88,88,88,88,88,88,88,88,88,88,88,88,88,88,88,88,88,88,88,88,88,88,88,88,88,88,88,88],"card_choices":[{"not_picked":["True Grit","Headbutt"],"picked":"AT_DrawKnifeCut","floor":1},{"not_picked":["Carnage","Sword Boomerang","Anger","Combust"],"picked":"Spot Weakness","floor":2},{"not_picked":["Sever Soul","Shockwave","Clothesline","Perfected Strike"],"picked":"Anger","floor":3},{"not_picked":["Sword Boomerang","Anger","Run Through","Wild Strike"],"picked":"MostiFishMod:RacingGame","floor":5},{"not_picked":["ReplayTheSpireMod:Limb From Limb","Iron Wave","Pummel","Wild Strike"],"picked":"Carnage","floor":6},{"not_picked":["Intimidate","Flame Barrier","Dark Embrace","MostiFishMod:BrandingRite"],"picked":"Sword Boomerang","floor":7},{"not_picked":["ReplayReversal","Berserk","Havoc","Run Through"],"picked":"MostiFishMod:#F4004","floor":10},{"not_picked":["Havoc","Shrug It Off","Replay:Undeath\u0027s Touch","AT_GerminateFire"],"picked":"Cleave","floor":11},{"not_picked":["Thunderclap","Fire Breathing","Flex","Wild Strike"],"picked":"Hemokinesis","floor":12},{"not_picked":["Havoc","AT_BodySlamDance","Wild Strike","Sword Boomerang"],"picked":"Whirlwind","floor":13},{"not_picked":["Cleave","AT_CaressingTears","Headbutt","AT_ShrugMaster"],"picked":"Anger","floor":13},{"not_picked":["ReplayTheSpireMod:Limb From Limb","Infernal Blade","AT_ManFootWork","ReplayTheSpireMod:Stacked"],"picked":"Power Through","floor":14},{"not_picked":["Replay:Many Hands","MostiFishMod:UltimateDefense","AT_Dispersion","Demonic Infusion"],"picked":"Hemogenesis","floor":16},{"not_picked":["AT_IchimonjiDouble","ReplayTheSpireMod:Muscle Training","Hemokinesis","Heavy Blade+1","True Grit"],"picked":"SKIP","floor":18},{"not_picked":["Armaments","ReplayReversal","Iron Wave","Carnage"],"picked":"Intimidate+1","floor":21},{"not_picked":["Wild Strike","Armaments","MostiFishMod:FlyOverUtopia","AT_IchimonjiDouble"],"picked":"Fire Breathing","floor":22},{"not_picked":["Havoc","AT_BodySlamDance","Heavy Blade","Headbutt","Replay:Undeath\u0027s Touch"],"picked":"SKIP","floor":23},{"not_picked":["Iron Wave+1","MostiFishMod:PerfectStrikeMKII","Pommel Strike","Wild Strike","Cleave"],"picked":"SKIP","floor":24},{"not_picked":["Headbutt","Pummel","Flex","Clothesline","Double Tap"],"picked":"SKIP","floor":25},{"not_picked":["Pummel","Warcry","True Grit+1","Metallicize"],"picked":"MostiFishMod:HellRitual","floor":28},{"not_picked":["Life Link","Burning Pact","Iron Wave","AT_BodySlamDance"],"picked":"Shrug It Off","floor":30},{"not_picked":["Bludgeon","AT_IchimonjiDouble","Impervious","Warcry","Armaments"],"picked":"SKIP","floor":31},{"not_picked":["MostiFishMod:WingOfPhoenix","MostiFishMod:HellRitual","Eclipse","Hemogenesis"],"picked":"Limit Break","floor":33},{"not_picked":["Pommel Strike+1","Rage","Body Slam","Warcry","AT_IchimonjiDouble"],"picked":"SKIP","floor":35},{"not_picked":["Havoc+1","Clothesline","Uppercut","Intimidate","Sword Boomerang"],"picked":"SKIP","floor":36},{"not_picked":["Dropkick","Seeing Red+1","Bloodletting+1","Sentinel+1","ReplayTheSpireMod:Strike From Hell"],"picked":"SKIP","floor":37},{"not_picked":["AT_ShrugMaster","Run Through","Shrug It Off+1","Heavy Blade","Dual Wield+1"],"picked":"SKIP","floor":38},{"not_picked":["True Grit+1","Second Wind+1","Pummel+1","MostiFishMod:ChineseTea","Replay:Undeath\u0027s Touch"],"picked":"SKIP","floor":41},{"not_picked":["True Grit+1","Second Wind+1","Pummel+1","MostiFishMod:ChineseTea","Replay:Undeath\u0027s Touch"],"picked":"SKIP","floor":41},{"not_picked":["Rupture","ReplayTheSpireMod:Limb From Limb","Twin Strike","Flex"],"picked":"Hemokinesis","floor":42},{"not_picked":["ReplayTheSpireMod:Limb From Limb+1","Wild Strike+1","Replay:Undeath\u0027s Touch","Dark Embrace","Clash"],"picked":"SKIP","floor":44},{"not_picked":["ReplayTheSpireMod:Corrosion Curse","Warcry+1","Run Through+1","AT_IchimonjiDouble","Headbutt"],"picked":"SKIP","floor":45},{"not_picked":["Whirlwind","Reckless Charge","Thunderclap","Shrug It Off+1"],"picked":"Juggernaut","floor":46},{"not_picked":["MostiFishMod:RainCloud","Intimidate","Warcry","ReplayTheSpireMod:Strike From Hell+1"],"picked":"Life Link","floor":48}],"player_experience":189832,"relics_obtained":[{"floor":1,"key":"SynthV:TestCard"},{"floor":4,"key":"ReplayTheSpireMod:Ring of Challenge"},{"floor":4,"key":"Ring of Greed"},{"floor":6,"key":"Kunai"},{"floor":9,"key":"testmod-BalancedPeriapt"},{"floor":10,"key":"Dead Branch"},{"floor":12,"key":"Pantograph"},{"floor":13,"key":"Mercury Hourglass"},{"floor":23,"key":"Replay:Ringing Soul"},{"floor":26,"key":"testmod-ThousandKnives"},{"floor":28,"key":"AT_SpeedBoots"},{"floor":31,"key":"PreservedInsect"},{"floor":39,"key":"Ice Cream"},{"floor":41,"key":"Pen Nib"},{"floor":43,"key":"Chameleon Ring"},{"floor":44,"key":"Bottled Flame"},{"floor":46,"key":"AT_TimeSand"},{"floor":48,"key":"Centennial Puzzle"}],"event_choices":[{"damage_healed":0,"gold_gain":0,"player_choice":"Simplicity","damage_taken":0,"max_hp_gain":0,"max_hp_loss":0,"event_name":"Back to Basics","floor":20,"gold_loss":0,"cards_upgraded":["Strike_R","Strike_R","Strike_R","Defend_R","Defend_R"]},{"damage_healed":0,"gold_gain":0,"player_choice":"Bought 0 Potions","damage_taken":0,"max_hp_gain":0,"max_hp_loss":0,"event_name":"The Woman in Blue","floor":27,"gold_loss":0},{"damage_healed":0,"gold_gain":0,"player_choice":"Fight","damage_taken":0,"max_hp_gain":0,"max_hp_loss":0,"event_name":"Mysterious Sphere","floor":39,"gold_loss":0},{"damage_healed":0,"gold_gain":0,"player_choice":"Ignored","damage_taken":8,"max_hp_gain":0,"max_hp_loss":0,"event_name":"¶÷ÂåË¹µÄÅÌ×Ó","floor":47,"gold_loss":0}],"is_beta":false,"boss_relics":[{"not_picked":["Replay:Wanted Poster","HereWithMe","Painkiller Herb"]},{"not_picked":["Kintsugi","testmod-BatchProcessingSystem","EE1DDrone"]}],"items_purged_floors":[],"is_endless":false,"potions_floor_spawned":[1,6,11,12,14,22,24,25,30,31,35,37,39,44],"ascension_level":13}}