{"host":"za51qju8r56bcr85","time":1611052837,"event":{"mods":["Act Like it!","BaseMod","Block Reminder","Downfall","Googly Eyes","Minty Spire (QoL Compilation)","Quick Restart","Relic Sorter","Relic Stats","Shop Mod","StSLib","SuperFastMode"],"gold_per_floor":[99,113,126,126,136,136,190,190,190,217,317,351,369,403,423,522,522,522],"floor_reached":16,"language":"ZHS","playtime":752,"items_purged":[],"score":220,"play_id":"c1a4e05c-96fc-4fc1-878d-117a66f3c5ec","local_time":"20210119184037","is_ascension_mode":false,"campfire_choices":[{"data":"Apotheosis","floor":1,"key":"SMITH"},{"data":"champ:Taunt","floor":6,"key":"SMITH"},{"floor":8,"key":"RECALL"}],"circlet_count":0,"master_deck":["champ:Strike","champ:Strike","champ:Strike","champ:Defend","champ:Defend","champ:Defend","champ:Defend","champ:Execute","champ:Taunt+1","Apotheosis+1","champ:RapidStrikes","champ:HeavySlash","champ:ArenaPreparation","champ:ShieldSlam"],"relics":["champ:ChampionCrown","Vajra","Art of War","Ice Cream","Gambling Chip"],"acts_visited":["Exordium"],"potions_floor_usage":[14],"damage_taken":[{"damage":10,"enemies":"Cultist","floor":2,"turns":2},{"damage":0,"enemies":"Small Slimes","floor":3,"turns":4},{"damage":12,"enemies":"2 Louse","floor":5,"turns":3},{"damage":15,"enemies":"3 Sentries","floor":10,"turns":8},{"damage":16,"enemies":"Lagavulin","floor":12,"turns":7},{"damage":10,"enemies":"Exordium Wildlife","floor":13,"turns":3},{"damage":15,"enemies":"3 Sentries","floor":14,"turns":5},{"damage":0,"enemies":"Exordium Thugs","floor":15,"turns":1},{"damage":18,"enemies":"SI_SHIV_ARCHETYPE","floor":16,"turns":8}],"seed_played":"-3387242036278469362","potions_obtained":[{"floor":3,"key":"Fire Potion"},{"floor":10,"key":"EssenceOfSteel"},{"floor":12,"key":"champ:CounterPotion"}],"is_trial":false,"path_per_floor":["R","M","M","?","M","R","T","R","?","E","?","E","M","E","M","B"],"character_chosen":"THE_CHAMP","items_purchased":[],"campfire_rested":0,"item_purchase_floors":[],"current_hp_per_floor":[81,81,81,86,84,84,84,84,84,79,79,73,73,73,73,65,65,65],"gold":522,"neow_bonus":"RANDOM_COLORLESS_2","is_daily":false,"chose_seed":false,"campfire_upgraded":2,"win_rate":0.0,"timestamp":1611052837,"path_taken":["R","M","M","?","M","R","T","R","?","E","?","E","?","E","M","BOSS"],"items_purchased_type":[],"build_version":"2020-12-22","purchased_purges":0,"victory":false,"max_hp_per_floor":[81,81,81,86,86,86,86,86,86,86,86,86,86,86,86,86,86,86],"relic_stats":{"counters":[9,41],"Gambling Chip":[4],"Art of War":[6],"obtain_stats":[{"Ice Cream":12,"Gambling Chip":14,"Vajra":7,"champ:ChampionCrown":0,"Art of War":10},{"Ice Cream":5,"Gambling Chip":7,"Vajra":3,"champ:ChampionCrown":0,"Art of War":4},{"Ice Cream":24,"Gambling Chip":32,"Vajra":9,"champ:ChampionCrown":0,"Art of War":17}]},"card_choices":[{"not_picked":["HandOfGreed","Magnetism"],"picked":"Apotheosis","floor":0},{"not_picked":["champ:PreciseThrust","champ:FalseCounter","champ:Shatter"],"picked":"SKIP","floor":2},{"not_picked":["champ:FlashCut","champ:TornadoPunch","champ:BladeFlurry"],"picked":"SKIP","floor":3},{"not_picked":["champ:FanOfKnives","champ:RecklessLeap"],"picked":"champ:RapidStrikes","floor":5},{"not_picked":["champ:EnragedBash","champ:GutPunch"],"picked":"champ:HeavySlash","floor":10},{"not_picked":["champ:BringItOn","champ:PerfectedStrike"],"picked":"champ:ArenaPreparation","floor":12},{"not_picked":["champ:DefensiveShout","champ:SkillfulDodge","champ:CrookedStrike"],"picked":"SKIP","floor":13},{"not_picked":["champ:TornadoPunch","champ:FocusedBerserking","champ:PerfectedStrike"],"picked":"SKIP","floor":14},{"not_picked":["champ:TornadoPunch","champ:PreciseThrust"],"picked":"champ:ShieldSlam","floor":15}],"player_experience":1452482,"relics_obtained":[{"floor":7,"key":"Vajra"},{"floor":10,"key":"Art of War"},{"floor":12,"key":"Ice Cream"},{"floor":14,"key":"Gambling Chip"}],"event_choices":[{"damage_healed":0,"gold_gain":0,"player_choice":"Donut","damage_taken":0,"max_hp_gain":5,"max_hp_loss":0,"event_name":"Big Fish","floor":4,"gold_loss":0},{"cards_removed":["champ:Strike"],"damage_healed":0,"gold_gain":0,"player_choice":"Card Removal","damage_taken":0,"max_hp_gain":0,"max_hp_loss":0,"event_name":"The Cleric","floor":9,"gold_loss":0}],"is_beta":false,"boss_relics":[],"items_purged_floors":[],"is_endless":false,"potions_floor_spawned":[3,10,12],"killed_by":"SI_SHIV_ARCHETYPE","ascension_level":0}}