{"host":"8a3jzv7qxg3y7b6t","time":1611041036,"event":{"mods":["BaseMod","Better Third Choice","Downfall","Hermit","Minty Spire (QoL Compilation)","Relic Stats","StSLib","The Bug Knight","The Cursed"],"gold_per_floor":[114,133,149,149,78,105,105,135,135,135,148,148,2,19,19,122,122,142,155,155,9,20,52,52,79,104,123,123,123,123,123],"floor_reached":30,"language":"ENG","playtime":1716,"items_purged":[],"score":306,"play_id":"a61d99d3-530a-40cc-8116-7cbb21cf6615","local_time":"20210118232356","is_ascension_mode":true,"campfire_choices":[{"floor":7.0,"key":"RECALL"},{"floor":10.0,"key":"REST"},{"floor":12.0,"key":"REST"},{"floor":15.0,"key":"REST"},{"floor":24.0,"key":"REST"}],"circlet_count":0,"master_deck":["Strike_B","Strike_B","Strike_B","Strike_B","Defend_B","Defend_B","Defend_B","Defend_B","Zap+1","Dualcast","Barrage","Undo","Barrage","Hello World","Creative AI","Conserve Battery","Conserve Battery","Leap","Electrodynamics","Loop+1","Chill","Buffer","Force Field+1","Steam+1"],"relics":["Cracked Core","Blue Candle","HollowMod:JonisBlessing","Black Star","Nloth\u0027s Gift","HandDrill","Toxic Egg 2","Regal Pillow","Ice Cream","Du-Vu Doll","Lantern"],"acts_visited":["Exordium","TheCity"],"potions_floor_usage":[],"damage_taken":[{"damage":3.0,"enemies":"2 Louse","floor":1.0,"turns":3.0},{"damage":6.0,"enemies":"Cultist","floor":2.0,"turns":4.0},{"damage":2.0,"enemies":"Jaw Worm","floor":3.0,"turns":3.0},{"damage":26.0,"enemies":"3 Sentries","floor":6.0,"turns":7.0},{"damage":42.0,"enemies":"Gremlin Nob","floor":8.0,"turns":5.0},{"damage":3.0,"enemies":"Blue Slaver","floor":11.0,"turns":4.0},{"damage":15.0,"enemies":"Exordium Thugs","floor":14.0,"turns":6.0},{"damage":21.0,"enemies":"The Guardian","floor":16.0,"turns":11.0},{"damage":0.0,"enemies":"Spheric Guardian","floor":18.0,"turns":5.0},{"damage":0.0,"enemies":"2 Thieves","floor":19.0,"turns":4.0},{"damage":39.0,"enemies":"Shelled Parasite and Fungi","floor":22.0,"turns":7.0},{"damage":38.0,"enemies":"Gremlin Leader","floor":23.0,"turns":6.0},{"damage":36,"enemies":"Book of Stabbing","floor":25,"turns":9},{"damage":1,"enemies":"3 Cultists","floor":27,"turns":5},{"damage":35,"enemies":"Gremlin Leader","floor":30,"turns":4}],"seed_played":"-6395665144632734432","potions_obtained":[{"floor":1.0,"key":"Ancient Potion"},{"floor":6.0,"key":"Dexterity Potion"},{"floor":14.0,"key":"Guardian:BlockOnCardUsePotion"},{"floor":18.0,"key":"Block Potion"},{"floor":19.0,"key":"FocusPotion"}],"is_trial":false,"path_per_floor":["M","M","M","?","$","E","R","E","T","R","M","R","$","M","R","B",null,"M","M","?","$","M","E","R","E","T","M","?","?","E"],"character_chosen":"DEFECT","items_purchased":["Hello World","HollowMod:JonisBlessing","HandDrill"],"campfire_rested":4,"item_purchase_floors":[5,13,21],"current_hp_per_floor":[79,73,71,71,71,45,45,3,3,27,24,48,48,33,57,36,82,82,82,82,82,43,5,44,8,8,7,34,28,0,0],"gold":123,"neow_bonus":"TEN_PERCENT_HP_BONUS","is_daily":false,"chose_seed":false,"campfire_upgraded":0,"win_rate":0.0,"timestamp":1611041036,"path_taken":["M","M","M","?","?","E","R","E","T","R","M","R","$","?","R","BOSS","M","M","?","?","M","E","R","E","T","?","?","?","E"],"items_purchased_type":["Card","Relic","Relic"],"build_version":"2020-12-22","purchased_purges":0,"victory":false,"max_hp_per_floor":[82,82,82,82,82,82,82,82,82,82,82,82,82,82,82,82,82,82,82,82,82,82,82,82,82,82,82,82,82,82,82],"relic_stats":{"Regal Pillow":15,"counters":[15,83],"Blue Candle":[0],"Black Star":2,"Nloth\u0027s Gift":2,"HandDrill":[16],"obtain_stats":[{"Ice Cream":25,"Du-Vu Doll":25,"Regal Pillow":23,"Lantern":26,"Blue Candle":8,"HollowMod:JonisBlessing":13,"Black Star":17,"Nloth\u0027s Gift":20,"HandDrill":21,"Toxic Egg 2":23,"Cracked Core":0,"Smiling Mask":6},{"Ice Cream":13,"Du-Vu Doll":13,"Regal Pillow":12,"Lantern":13,"Blue Candle":5,"HollowMod:JonisBlessing":6,"Black Star":8,"Nloth\u0027s Gift":10,"HandDrill":10,"Toxic Egg 2":12,"Cracked Core":0,"Smiling Mask":4},{"Ice Cream":74,"Du-Vu Doll":74,"Regal Pillow":65,"Lantern":74,"Blue Candle":22,"HollowMod:JonisBlessing":26,"Black Star":43,"Nloth\u0027s Gift":52,"HandDrill":52,"Toxic Egg 2":65,"Cracked Core":0,"Smiling Mask":17}]},"card_choices":[{"not_picked":["Doom and Gloom","Aggregate"],"picked":"Barrage","floor":1.0},{"not_picked":["Go for the Eyes","Hologram"],"picked":"Undo","floor":2.0},{"not_picked":["Darkness","Rebound"],"picked":"Barrage","floor":3.0},{"not_picked":["Cold Snap","Storm"],"picked":"Creative AI","floor":6.0},{"not_picked":["Go for the Eyes","Rebound"],"picked":"Conserve Battery","floor":8.0},{"not_picked":["Auto Shields","Coolheaded"],"picked":"Conserve Battery","floor":11.0},{"not_picked":["Ball Lightning","Seek"],"picked":"Leap","floor":14.0},{"not_picked":["Reboot","Rainbow"],"picked":"Electrodynamics","floor":16.0},{"not_picked":["Streamline","Stack","Redo"],"picked":"SKIP","floor":18.0},{"not_picked":["Genetic Algorithm","Turbo"],"picked":"Loop+1","floor":19.0},{"not_picked":["Seek","Steam+1"],"picked":"Chill","floor":22.0},{"not_picked":["Turbo+1","Steam+1"],"picked":"Buffer","floor":23.0},{"not_picked":["Beam Cell","Thunder Strike"],"picked":"Force Field+1","floor":25},{"not_picked":["Hello World","Sunder"],"picked":"Steam+1","floor":27}],"player_experience":613280,"relics_obtained":[{"floor":6.0,"key":"Smiling Mask"},{"floor":8.0,"key":"Blue Candle"},{"floor":23.0,"key":"Toxic Egg 2"},{"floor":23.0,"key":"Regal Pillow"},{"floor":25,"key":"Ice Cream"},{"floor":25,"key":"Du-Vu Doll"},{"floor":26,"key":"Lantern"}],"event_choices":[{"damage_healed":0.0,"max_hp_gain":0.0,"max_hp_loss":0.0,"gold_gain":0.0,"event_name":"Accursed Blacksmith","player_choice":"Forge","floor":4.0,"gold_loss":0.0,"damage_taken":0.0,"cards_upgraded":["Zap"]},{"damage_healed":0.0,"max_hp_gain":0.0,"max_hp_loss":0.0,"gold_gain":0.0,"event_name":"N\u0027loth","player_choice":"Traded Relic","floor":20.0,"relics_lost":["Smiling Mask"],"gold_loss":0.0,"damage_taken":0.0,"relics_obtained":["Nloth\u0027s Gift"]},{"damage_healed":27,"gold_gain":0,"player_choice":"Heal","damage_taken":0,"max_hp_gain":0,"max_hp_loss":0,"event_name":"The Library","floor":28,"gold_loss":0},{"damage_healed":0,"gold_gain":0,"player_choice":"","damage_taken":6,"max_hp_gain":0,"max_hp_loss":0,"event_name":"Knowing Skull","floor":29,"potions_obtained":[],"gold_loss":0,"cards_obtained":[]}],"is_beta":false,"boss_relics":[{"not_picked":["Empty Cage","expansioncontent:StudyCardRelic"],"picked":"Black Star"}],"items_purged_floors":[],"is_endless":false,"potions_floor_spawned":[1,6,14,18,19],"killed_by":"Gremlin Leader","ascension_level":2}}