{"host":"oehe2dxjvdgux73m","time":1611035454,"event":{"mods":["AchievementEnabler","BaseMod","Colored Map","Colored Powertips","DeckTracker","Keyboard Shortcuts","Minty Spire (QoL Compilation)","Permanent Neow","Quick Restart","StSLib","SuperFastMode"],"gold_per_floor":[110,110,260,24,34,34,66,78,102,10,10,23,39,114,114,189,189,200,16,16,16,16,16,16,16],"floor_reached":24,"language":"KOR","playtime":616,"items_purged":["Strike_G"],"score":384,"play_id":"c8aabfa5-542f-4cf4-abbc-41eee1e6a8a3","local_time":"20210119145054","is_ascension_mode":true,"campfire_choices":[{"floor":6.0,"key":"REST"},{"floor":11.0,"key":"REST"},{"data":"Neutralize","floor":15.0,"key":"SMITH"},{"floor":23,"key":"REST"}],"circlet_count":0,"master_deck":["AscendersBane","Strike_G","Strike_G","Strike_G","Strike_G","Defend_G","Defend_G","Defend_G","Defend_G","Defend_G","Survivor","Neutralize+1","Burst","Bouncing Flask","Doubt","PiercingWail","Bane","Noxious Fumes","Deadly Poison","Deflect","Die Die Die","Catalyst","Necronomicurse","PiercingWail"],"relics":["Ring of the Snake","Regal Pillow","TwistedFunnel","FossilizedHelix","Centennial Puzzle","Question Card","Snecko Eye","Membership Card","Necronomicon"],"acts_visited":["Exordium","TheCity"],"potions_floor_usage":[18],"damage_taken":[{"damage":11.0,"enemies":"Small Slimes","floor":1.0,"turns":7.0},{"damage":0.0,"enemies":"Jaw Worm","floor":5.0,"turns":4.0},{"damage":54.0,"enemies":"Gremlin Nob","floor":7.0,"turns":5.0},{"damage":0.0,"enemies":"2 Louse","floor":8.0,"turns":2.0},{"damage":2.0,"enemies":"Blue Slaver","floor":12.0,"turns":4.0},{"damage":0.0,"enemies":"3 Louse","floor":13.0,"turns":2.0},{"damage":10.0,"enemies":"Hexaghost","floor":16.0,"turns":9.0},{"damage":4,"enemies":"3 Byrds","floor":18,"turns":4},{"damage":43,"enemies":"Slavers","floor":24,"turns":5}],"seed_played":"4863606083014292400","potions_obtained":[{"floor":7.0,"key":"GhostInAJar"},{"floor":12.0,"key":"Energy Potion"},{"floor":16.0,"key":"Fire Potion"}],"is_trial":false,"path_per_floor":["M","?","?","$","M","R","E","M","T","$","R","M","M","T","R","B",null,"M","$","?","$","?","R","E"],"character_chosen":"THE_SILENT","items_purchased":["TwistedFunnel","Noxious Fumes","Deadly Poison","Membership Card","Catalyst"],"campfire_rested":3,"item_purchase_floors":[4,10,10,19,19],"current_hp_per_floor":[48,30,30,30,30,60,6,6,6,6,39,37,37,37,37,27,52,48,48,27,27,27,60,17,17],"gold":16,"neow_bonus":"THREE_RARE_CARDS","is_daily":false,"chose_seed":false,"campfire_upgraded":1,"win_rate":0.0,"timestamp":1611035454,"path_taken":["M","?","?","?","M","R","E","M","T","$","R","M","M","?","R","BOSS","M","$","?","$","?","R","E"],"items_purchased_type":["Relic","Card","Card","Relic","Card"],"build_version":"2020-12-22","purchased_purges":1,"victory":false,"max_hp_per_floor":[60,60,60,60,60,60,60,60,60,60,60,60,60,60,60,60,60,60,60,60,60,60,60,60,60],"card_choices":[{"not_picked":["Wraith Form v2","Storm of Steel"],"picked":"Burst","floor":0.0},{"not_picked":["Flying Knee","Concentrate"],"picked":"Bouncing Flask","floor":1.0},{"not_picked":["Dodge and Roll","Bane"],"picked":"PiercingWail","floor":5.0},{"not_picked":["Blade Dance","Slice"],"picked":"Bane","floor":7.0},{"not_picked":["Accuracy","Deflect","Cloak And Dagger"],"picked":"SKIP","floor":8.0},{"not_picked":["Finisher","All Out Attack","Expertise"],"picked":"SKIP","floor":12.0},{"not_picked":["Blade Dance","Slice"],"picked":"Deflect","floor":13.0},{"not_picked":["Phantasmal Killer","Unload","Doppelganger"],"picked":"Die Die Die","floor":16.0},{"not_picked":["Prepared","Sucker Punch","Backstab","Outmaneuver"],"picked":"SKIP","floor":18}],"player_experience":287568,"relics_obtained":[{"floor":7.0,"key":"FossilizedHelix"},{"floor":9.0,"key":"Centennial Puzzle"},{"floor":14.0,"key":"Question Card"},{"floor":20,"key":"Necronomicon"}],"event_choices":[{"damage_healed":0.0,"max_hp_gain":0.0,"max_hp_loss":0.0,"gold_gain":0.0,"event_name":"Scrap Ooze","player_choice":"Success","floor":2.0,"gold_loss":0.0,"damage_taken":18.0,"relics_obtained":["Regal Pillow"]},{"damage_healed":0.0,"max_hp_gain":0.0,"max_hp_loss":0.0,"gold_gain":150.0,"event_name":"Liars Game","player_choice":"AGREE","floor":3.0,"gold_loss":0.0,"damage_taken":0.0,"cards_obtained":["Doubt"]},{"damage_healed":0,"gold_gain":0,"player_choice":"Obtained Book","damage_taken":21,"max_hp_gain":0,"max_hp_loss":0,"event_name":"Cursed Tome","floor":20,"gold_loss":0},{"damage_healed":0,"gold_gain":0,"player_choice":"Read","damage_taken":0,"max_hp_gain":0,"max_hp_loss":0,"event_name":"The Library","floor":22,"gold_loss":0,"cards_obtained":["PiercingWail"]}],"is_beta":false,"boss_relics":[{"not_picked":["Philosopher\u0027s Stone","Calling Bell"],"picked":"Snecko Eye"}],"items_purged_floors":[4],"is_endless":false,"potions_floor_spawned":[7,12,16],"killed_by":"Slavers","ascension_level":20}}