{"host":"b5mzvg96njlg7ry9","time":1611067568,"event":{"mods":["AlwaysNeverKeys","BaseMod","Colored Map","Colored Powertips","Downfall","Highlight Path","Minty Spire (QoL Compilation)","Quick Restart","Relic Sorter","StSLib","SuperFastMode","everything is the same but u backflip on backflip"],"gold_per_floor":[99,111,111,111,21,37,37,277,293,493,523,550,171,196,215,311,311,311,326,340,351,234,244,244,264,290,402,414,455,486,511,540,657,669,681,712,774,803,826,518,542,386,421,437,469,485,485,485],"floor_reached":47,"language":"ENG","playtime":2619,"items_purged":["bronze:Strike","Parasite","downfall:Haunted","bronze:Defend","bronze:Strike","bronze:Strike"],"score":926,"play_id":"94f4191c-ff18-477f-a8d9-df212c32e841","local_time":"20210119154608","is_ascension_mode":true,"campfire_choices":[{"data":"bronze:Goto","floor":1,"key":"SMITH"},{"data":"bronze:Replicate","floor":10,"key":"SMITH"},{"data":"bronze:HardenedForm","floor":18,"key":"SMITH"},{"data":"bronze:Repulsor","floor":35,"key":"SMITH"}],"circlet_count":0,"master_deck":["bronze:Defend","bronze:Defend+1","bronze:Defend","bronze:Replicate+1","bronze:Goto+1","bronze:Return+1","bronze:HardenedForm+1","Flash of Steel","bronze:Verify","Pain","bronze:Repulsor+1","bronze:ChosenStrike+1","bronze:Terminator","Writhe","bronze:Repulsor+1","bronze:DelayedSlice+1"],"relics":["Cursed Key","War Paint","Pen Nib","Dead Branch","downfall:HeartBlessingRed","downfall:HeartBlessingGreen","downfall:HeartBlessingBlue","MealTicket","Centennial Puzzle","Guardian:PocketSentry","bronze:SilverBullet","Black Star","Thread and Needle","Question Card","bronze:ProtectiveGoggles","MawBank","Ginger","Molten Egg 2","Darkstone Periapt","champ:DeflectingBracers","bronze:MakeshiftBattery","Mango","Chemical X","Regal Pillow","champ:Barbells","champ:DuelingGlove","Gremlin Horn","StrikeDummy","Strawberry","Kunai"],"acts_visited":["Exordium","TheCity","TheBeyond"],"potions_floor_usage":[8,21,33],"damage_taken":[{"damage":0,"enemies":"2 Louse","floor":2,"turns":4},{"damage":0,"enemies":"downfall:FleeingMerchant","floor":5,"turns":4},{"damage":1,"enemies":"Jaw Worm","floor":6,"turns":3},{"damage":0,"enemies":"downfall:FleeingMerchant","floor":8,"turns":4},{"damage":2,"enemies":"Small Slimes","floor":9,"turns":4},{"damage":0,"enemies":"Gremlin Nob","floor":11,"turns":3},{"damage":14,"enemies":"downfall:FleeingMerchant","floor":13,"turns":4},{"damage":0,"enemies":"Lagavulin","floor":14,"turns":6},{"damage":0,"enemies":"2 Fungi Beasts","floor":15,"turns":2},{"damage":0,"enemies":"DF_ARCHETYPE_STREAMLINE","floor":16,"turns":6},{"damage":8,"enemies":"Shell Parasite","floor":19,"turns":2},{"damage":0,"enemies":"3 Byrds","floor":20,"turns":4},{"damage":4,"enemies":"Centurion and Healer","floor":21,"turns":3},{"damage":0,"enemies":"downfall:FleeingMerchant","floor":22,"turns":3},{"damage":5,"enemies":"Snake Plant","floor":23,"turns":3},{"damage":12,"enemies":"Snecko","floor":25,"turns":3},{"damage":0,"enemies":"Slavers","floor":26,"turns":4},{"damage":14,"enemies":"IC_STATUS_ARCHETYPE","floor":27,"turns":3},{"damage":12,"enemies":"Book of Stabbing","floor":29,"turns":3},{"damage":4,"enemies":"3 Cultists","floor":30,"turns":3},{"damage":0,"enemies":"Snake Plant","floor":31,"turns":2},{"damage":4,"enemies":"Centurion and Healer","floor":32,"turns":4},{"damage":11,"enemies":"SI_MIRROR_ARCHETYPE","floor":33,"turns":3},{"damage":20,"enemies":"3 Darklings","floor":36,"turns":4},{"damage":0,"enemies":"3 Darklings","floor":37,"turns":4},{"damage":3,"enemies":"Orb Walker","floor":38,"turns":2},{"damage":0,"enemies":"Transient","floor":39,"turns":5},{"damage":0,"enemies":"Nemesis","floor":43,"turns":3},{"damage":0,"enemies":"Jaw Worm Horde","floor":44,"turns":3},{"damage":71,"enemies":"Reptomancer","floor":45,"turns":3},{"damage":30,"enemies":"3 Darklings","floor":46,"turns":3},{"damage":3,"enemies":"Nemesis","floor":47,"turns":1}],"seed_played":"2780202216375349270","potions_obtained":[{"floor":6,"key":"PowerPotion"},{"floor":9,"key":"FairyPotion"},{"floor":11,"key":"Dexterity Potion"},{"floor":15,"key":"bronze:CleanCodePotion"},{"floor":19,"key":"CultistPotion"},{"floor":23,"key":"bronze:BurnAndBuffPotion"},{"floor":25,"key":"DuplicationPotion"},{"floor":36,"key":"Ancient Potion"}],"is_trial":false,"path_per_floor":["R","M","?","?","$","M","T","$","M","R","E","T","$","E","M","B",null,"R","M","M","M","$","M","T","M","E","?","?","E","M","M","M","B",null,"R","M","?","M","M","$","T","$","E","M","E","M","E"],"character_chosen":"THE_AUTOMATON","items_purchased":["War Paint","Guardian:PocketSentry","Flash of Steel","Thread and Needle","Chemical X","champ:Barbells","champ:DuelingGlove"],"campfire_rested":0,"item_purchase_floors":[8,13,13,22,40,42,42],"current_hp_per_floor":[70,70,70,63,63,62,62,62,60,70,70,70,63,63,63,63,77,77,69,69,65,77,72,72,60,60,46,46,34,30,30,26,15,77,77,57,71,68,68,83,89,97,97,97,33,3,0,0],"gold":485,"neow_bonus":"BOSS_RELIC","is_daily":false,"chose_seed":false,"campfire_upgraded":4,"win_rate":0.0,"timestamp":1611067568,"path_taken":["R","M","?","?","$","M","T","$","M","R","E","?","$","E","M","BOSS","R","M","M","M","$","M","T","M","E","?","?","E","M","M","M","BOSS","R","M","?","M","M","$","T","$","E","M","E","M","E"],"items_purchased_type":["Relic","Relic","Card","Relic","Relic","Relic","Relic"],"build_version":"2020-12-22","purchased_purges":6,"victory":false,"max_hp_per_floor":[70,70,70,70,70,70,70,67,67,77,77,77,77,77,77,77,77,77,77,77,77,77,77,77,77,77,77,77,77,77,77,77,77,77,77,77,91,91,91,91,97,97,97,97,104,104,104,104],"card_choices":[{"not_picked":["bronze:WhirlingStrike","bronze:Constructor","bronze:DelayedGuard"],"picked":"SKIP","floor":2},{"not_picked":["bronze:BugBarrage","bronze:Turbo"],"picked":"bronze:Return","floor":5},{"not_picked":["bronze:Repulsor","bronze:ChildClass"],"picked":"bronze:HardenedForm","floor":6},{"not_picked":["bronze:Turbo","bronze:Overheat","bronze:Constructor"],"picked":"SKIP","floor":8},{"not_picked":["bronze:DigitalCarnage","bronze:Constructor","bronze:MaxOutput"],"picked":"SKIP","floor":9},{"not_picked":["bronze:WildBeam","bronze:Allocate","bronze:FineTuning"],"picked":"SKIP","floor":11},{"not_picked":["bronze:CleanCode","bronze:Constructor","bronze:Allocate"],"picked":"SKIP","floor":13},{"not_picked":["bronze:Overheat","bronze:WildBeam","bronze:Overload"],"picked":"SKIP","floor":14},{"not_picked":["bronze:Iterate","bronze:Branch","bronze:ForceShield"],"picked":"SKIP","floor":15},{"not_picked":["bronze:Break","bronze:HyperBeam"],"picked":"bronze:Verify","floor":16},{"not_picked":["bronze:Philosophize","bronze:Deprecate","bronze:BuggyMess"],"picked":"SKIP","floor":19},{"not_picked":["bronze:Frontload","bronze:Overheat","bronze:Repulsor"],"picked":"SKIP","floor":20},{"not_picked":["bronze:WhirlingStrike","bronze:BugBarrage","bronze:Shield"],"picked":"SKIP","floor":21},{"not_picked":["bronze:DelayedGuard","bronze:BugBarrage+1","bronze:BronzeOrb+1"],"picked":"SKIP","floor":22},{"not_picked":["bronze:FineTuning","bronze:OilSpill+1","bronze:Invalidate+1"],"picked":"SKIP","floor":23},{"not_picked":["bronze:Invalidate","bronze:Safeguard","bronze:DelayedGuard"],"picked":"bronze:Repulsor","floor":25},{"not_picked":["bronze:Flail","bronze:FollowUp","bronze:CleanCode","bronze:NullPointer+1"],"picked":"SKIP","floor":26},{"not_picked":["bronze:Flail","bronze:FollowUp","bronze:CleanCode","bronze:NullPointer+1"],"picked":"SKIP","floor":26},{"not_picked":["bronze:OilSpill+1","bronze:DarkDash+1","bronze:GetLatest"],"picked":"bronze:ChosenStrike+1","floor":27},{"not_picked":["bronze:Branch+1","bronze:ItsAFeature","bronze:Return","bronze:Shield"],"picked":"SKIP","floor":29},{"not_picked":["bronze:Branch+1","bronze:Fortify+1","bronze:Repulsor","bronze:ChildClass"],"picked":"SKIP","floor":30},{"not_picked":["bronze:Separator+1","bronze:ChosenStrike+1","bronze:Overheat+1","bronze:BitShift"],"picked":"SKIP","floor":31},{"not_picked":["bronze:DelayedSlice+1","bronze:CutThrough+1","bronze:WildBeam+1","bronze:GetLatest"],"picked":"SKIP","floor":32},{"not_picked":["bronze:Separator+1","bronze:WhirlingStrike+1","bronze:Overload+1","bronze:Shield+1"],"picked":"SKIP","floor":36},{"not_picked":["bronze:ItsAFeature+1","bronze:BitShift+1","bronze:Iterate+1","bronze:Deprecate+1"],"picked":"SKIP","floor":38},{"not_picked":["bronze:OilSpill+1","bronze:BronzeOrb+1","bronze:GetLatest+1","bronze:Iterate+1"],"picked":"SKIP","floor":39},{"not_picked":["bronze:AlphaBuild+1","bronze:NullPointer+1","bronze:WildBeam+1","bronze:BronzeArmor"],"picked":"SKIP","floor":43},{"not_picked":["bronze:BugBarrage+1","bronze:BuggyMess","bronze:Deprecate+1"],"picked":"bronze:Repulsor+1","floor":44},{"not_picked":["bronze:Repair","bronze:Branch+1","bronze:Optimize"],"picked":"bronze:DelayedSlice+1","floor":45},{"not_picked":["bronze:Frontload","bronze:BronzeArmor","bronze:Fortify+1","bronze:ForLoop+1"],"picked":"SKIP","floor":46}],"player_experience":812113,"relics_obtained":[{"floor":7,"key":"Dead Branch"},{"floor":11,"key":"MealTicket"},{"floor":12,"key":"Centennial Puzzle"},{"floor":14,"key":"bronze:SilverBullet"},{"floor":24,"key":"Question Card"},{"floor":26,"key":"bronze:ProtectiveGoggles"},{"floor":26,"key":"MawBank"},{"floor":27,"key":"Ginger"},{"floor":27,"key":"Molten Egg 2"},{"floor":29,"key":"Darkstone Periapt"},{"floor":29,"key":"champ:DeflectingBracers"},{"floor":37,"key":"Mango"},{"floor":41,"key":"Regal Pillow"},{"floor":43,"key":"Gremlin Horn"},{"floor":43,"key":"StrikeDummy"},{"floor":45,"key":"Strawberry"},{"floor":45,"key":"Kunai"}],"event_choices":[{"cards_removed":["bronze:Strike"],"damage_healed":0,"gold_gain":0,"player_choice":"Card Removal","damage_taken":0,"max_hp_gain":0,"max_hp_loss":0,"event_name":"The Cleric","floor":3,"gold_loss":0},{"damage_healed":0,"gold_gain":0,"player_choice":"Success","damage_taken":7,"relics_obtained":["Pen Nib"],"max_hp_gain":0,"max_hp_loss":0,"event_name":"Scrap Ooze","floor":4,"gold_loss":0},{"damage_healed":0,"gold_gain":0,"player_choice":"Read","damage_taken":0,"max_hp_gain":0,"max_hp_loss":0,"event_name":"The Library","floor":28,"gold_loss":0,"cards_obtained":["bronze:Terminator"]}],"is_beta":false,"boss_relics":[{"not_picked":["SlaversCollar","Pandora\u0027s Box"],"picked":"Black Star"},{"not_picked":["Velvet Choker","SacredBark"],"picked":"bronze:MakeshiftBattery"}],"items_purged_floors":[5,8,13,22,40,42],"is_endless":false,"potions_floor_spawned":[6,9,11,15,16,19,20,23,25,26,29,30,32,36,39,44],"killed_by":"Nemesis","ascension_level":1}}