{"host":"w4b7hmige5bnqipq","time":1611053149,"event":{"mods":["2.2 Compatiblity","BaseMod","Colored Map","DeckTracker","Keyboard Shortcuts","Minty Spire (QoL Compilation)","Permanent Neow","Rare Cards Sparkle","SuperFastMode","everything is the same but u backflip on backflip","slay the spire mod where everything is the same but ironclad has a cowboy hat"],"gold_per_floor":[110,110,124,137,156,156,81,81,106,125,125,82,82,92,92,170,170,185,204,42,57,73,73,85,85,85,85,31,46,46,75,75,75,75],"floor_reached":33,"language":"KOR","playtime":1538,"items_purged":["Strike_G"],"score":568,"play_id":"90c0713d-6d2f-4ec1-b91d-fb02c6eaef82","local_time":"20210119194549","is_ascension_mode":true,"campfire_choices":[{"data":"Strike_G","floor":6.0,"key":"PURGE"},{"data":"Strike_G","floor":8.0,"key":"PURGE"},{"data":"Strike_G","floor":11.0,"key":"PURGE"},{"data":"Defend_G","floor":13.0,"key":"PURGE"},{"data":"Corpse Explosion","floor":15.0,"key":"SMITH"},{"data":"Malaise","floor":23.0,"key":"SMITH"},{"data":"All Out Attack","floor":27.0,"key":"PURGE"},{"data":"Neutralize","floor":30.0,"key":"SMITH"},{"floor":32.0,"key":"REST"}],"circlet_count":0,"master_deck":["AscendersBane","Defend_G","Defend_G","Defend_G","Defend_G","Survivor","Neutralize+1","Flechettes","Poisoned Stab","Reflex","Corpse Explosion+1","Malaise+1","Backflip","Grand Finale"],"relics":["Ring of the Snake","Peace Pipe","MealTicket","Sozu","Snake Skull","Question Card","Ancient Tea Set"],"acts_visited":["Exordium","TheCity"],"potions_floor_usage":[],"damage_taken":[{"damage":0.0,"enemies":"Jaw Worm","floor":1.0,"turns":5.0},{"damage":4.0,"enemies":"Cultist","floor":3.0,"turns":5.0},{"damage":0.0,"enemies":"2 Louse","floor":4.0,"turns":3.0},{"damage":7.0,"enemies":"Large Slime","floor":5.0,"turns":6.0},{"damage":4.0,"enemies":"Blue Slaver","floor":10.0,"turns":5.0},{"damage":1.0,"enemies":"2 Fungi Beasts","floor":14.0,"turns":2.0},{"damage":33.0,"enemies":"The Guardian","floor":16.0,"turns":10.0},{"damage":13.0,"enemies":"2 Thieves","floor":18.0,"turns":3.0},{"damage":10.0,"enemies":"Shell Parasite","floor":19.0,"turns":6.0},{"damage":3.0,"enemies":"Centurion and Healer","floor":21.0,"turns":4.0},{"damage":0.0,"enemies":"Chosen and Byrds","floor":22.0,"turns":5.0},{"damage":12.0,"enemies":"Snecko","floor":24.0,"turns":5.0},{"damage":8.0,"enemies":"Sentry and Sphere","floor":29.0,"turns":5.0},{"damage":22.0,"enemies":"Slavers","floor":31.0,"turns":4.0},{"damage":42,"enemies":"Champ","floor":33,"turns":10}],"seed_played":"-1160636709646557442","potions_obtained":[{"floor":1.0,"key":"Block Potion"},{"floor":4.0,"key":"Strength Potion"},{"floor":16.0,"key":"PowerPotion"}],"is_trial":false,"path_per_floor":["M","?","M","M","M","R","$","R","T","M","R","$","R","M","R","B",null,"M","M","$","M","M","R","M","?","T","R","$","M","R","E","R","B"],"character_chosen":"THE_SILENT","items_purchased":["Reflex","Snake Skull","Backflip"],"campfire_rested":1,"item_purchase_floors":[12,20,28],"current_hp_per_floor":[44,44,40,40,33,33,33,33,33,29,29,44,44,43,43,10,52,39,29,44,41,41,41,29,29,29,29,44,36,36,14,33,0,0],"gold":75,"neow_bonus":"ONE_RARE_RELIC","is_daily":false,"chose_seed":false,"campfire_upgraded":3,"win_rate":0.0,"timestamp":1611053149,"path_taken":["M","?","M","M","M","R","$","R","T","M","R","$","R","M","R","BOSS","M","M","$","M","?","R","M","?","T","R","$","M","R","E","R","BOSS"],"items_purchased_type":["Card","Relic","Card"],"build_version":"2020-12-22","purchased_purges":1,"victory":false,"max_hp_per_floor":[66,66,66,66,66,66,66,66,66,66,66,66,66,66,66,66,66,66,66,66,66,66,66,66,66,66,66,66,66,66,66,66,66,66],"card_choices":[{"not_picked":["Expertise","Masterful Stab"],"picked":"All Out Attack","floor":1.0},{"not_picked":["Blade Dance","PiercingWail","Prepared"],"picked":"SKIP","floor":3.0},{"not_picked":["Blade Dance","PiercingWail","Prepared"],"picked":"SKIP","floor":3.0},{"not_picked":["Cloak And Dagger","Underhanded Strike"],"picked":"Flechettes","floor":4.0},{"not_picked":["Backstab","PiercingWail","Quick Slash"],"picked":"SKIP","floor":5.0},{"not_picked":["Dodge and Roll","Quick Slash"],"picked":"Poisoned Stab","floor":10.0},{"not_picked":["Footwork","Sucker Punch"],"picked":"Corpse Explosion","floor":14.0},{"not_picked":["Envenom","Phantasmal Killer"],"picked":"Malaise","floor":16.0},{"not_picked":["Caltrops","Dagger Throw+1","Flying Knee"],"picked":"SKIP","floor":18.0},{"not_picked":["Slice","Accuracy","Dagger Spray"],"picked":"SKIP","floor":19.0},{"not_picked":["A Thousand Cuts","Distraction","Blade Dance"],"picked":"SKIP","floor":21.0},{"not_picked":["Dodge and Roll+1","All Out Attack+1","Blade Dance"],"picked":"SKIP","floor":22.0},{"not_picked":["Deflect","Sucker Punch","Quick Slash"],"picked":"SKIP","floor":24.0},{"not_picked":["Noxious Fumes","Dodge and Roll","Bane"],"picked":"Grand Finale","floor":29.0},{"not_picked":["Terror","Setup+1","Corpse Explosion","Reflex"],"picked":"SKIP","floor":31.0}],"player_experience":521601,"relics_obtained":[{"floor":9.0,"key":"MealTicket"},{"floor":26.0,"key":"Question Card"},{"floor":31.0,"key":"Ancient Tea Set"}],"event_choices":[{"cards_removed":["Strike_G"],"damage_healed":0.0,"max_hp_gain":0.0,"max_hp_loss":0.0,"gold_gain":0.0,"event_name":"Purifier","player_choice":"Purged","floor":2.0,"gold_loss":0.0,"damage_taken":0.0},{"damage_healed":0.0,"max_hp_gain":0.0,"max_hp_loss":0.0,"gold_gain":0.0,"event_name":"The Mausoleum","player_choice":"Ignored","floor":25.0,"gold_loss":0.0,"damage_taken":0.0}],"is_beta":false,"boss_relics":[{"not_picked":["Astrolabe","Philosopher\u0027s Stone"],"picked":"Sozu"}],"items_purged_floors":[7],"is_endless":false,"potions_floor_spawned":[1,4,16,21,24,29,31],"killed_by":"Champ","ascension_level":20}}