{"host":"a0d98l75j0h1o085","time":1611032376,"event":{"mods":["AlwaysNeverKeys","BaseMod","Downfall","Highlight Path","Minty Spire (QoL Compilation)","StSLib"],"gold_per_floor":[116,116,116,131,131,131,165,179,179,179,179,200,239,259,259,385,385,410,410,410,423,437,437,437,437],"floor_reached":24,"language":"ENG","playtime":1367,"items_purged":[],"score":256,"play_id":"16d33415-f72f-43f9-8b3e-95805f311465","local_time":"20210119045936","is_ascension_mode":false,"campfire_choices":[{"data":"Fasting2","floor":6,"key":"SMITH"},{"data":"Eruption","floor":11,"key":"SMITH"},{"data":"Protect","floor":15,"key":"SMITH"},{"data":"Vigilance","floor":23,"key":"SMITH"}],"circlet_count":0,"master_deck":["Strike_P","Strike_P","Strike_P","Strike_P","Defend_P","Defend_P","Eruption+1","Vigilance+1","Adaptation","Fasting2+1","Protect+1","ClearTheMind+1","DeusExMachina+1","Meditate+1","Brilliance","WaveOfTheHand+1","Evaluate+1","Crescendo+1"],"relics":["Sozu","Golden Idol","White Beast Statue","Toxic Egg 2","Strawberry","Philosopher\u0027s Stone"],"acts_visited":["Exordium","TheCity"],"potions_floor_usage":[],"damage_taken":[{"damage":0,"enemies":"Cultist","floor":1,"turns":2},{"damage":6,"enemies":"Jaw Worm","floor":4,"turns":3},{"damage":9,"enemies":"3 Sentries","floor":7,"turns":6},{"damage":0,"enemies":"Small Slimes","floor":8,"turns":2},{"damage":0,"enemies":"2 Fungi Beasts","floor":12,"turns":2},{"damage":14,"enemies":"Gremlin Nob","floor":13,"turns":3},{"damage":0,"enemies":"Blue Slaver","floor":14,"turns":3},{"damage":0,"enemies":"Slime Boss","floor":16,"turns":7},{"damage":17,"enemies":"Shell Parasite","floor":18,"turns":3},{"damage":24,"enemies":"2 Thieves","floor":21,"turns":3},{"damage":18,"enemies":"Shelled Parasite and Fungi","floor":22,"turns":4},{"damage":28,"enemies":"Gremlin Leader","floor":24,"turns":2}],"seed_played":"6517174898608729927","potions_obtained":[],"is_trial":false,"path_per_floor":["M","?","?","M","?","R","E","M","T","?","R","M","E","M","R","B",null,"M","?","?","M","M","R","E"],"character_chosen":"WATCHER","items_purchased":[],"campfire_rested":0,"item_purchase_floors":[],"current_hp_per_floor":[72,77,70,64,45,45,36,36,36,36,36,36,29,29,29,29,84,67,67,67,43,25,25,0,0],"gold":437,"neow_bonus":"BOSS_RELIC","is_daily":false,"chose_seed":false,"campfire_upgraded":4,"win_rate":0.0,"timestamp":1611032376,"path_taken":["M","?","?","M","?","R","E","M","T","?","R","M","E","M","R","BOSS","M","?","?","M","M","R","E"],"items_purchased_type":[],"build_version":"2020-12-22","purchased_purges":0,"victory":false,"max_hp_per_floor":[72,77,77,77,77,77,77,77,77,77,77,77,84,84,84,84,84,84,84,84,84,84,84,84,84],"card_choices":[{"not_picked":["Protect","Weave"],"picked":"Adaptation","floor":1},{"not_picked":["Vengeance","LikeWater"],"picked":"Fasting2","floor":4},{"not_picked":["Consecrate","FlyingSleeves"],"picked":"Protect","floor":7},{"not_picked":["SashWhip","Protect","EmptyBody"],"picked":"SKIP","floor":8},{"not_picked":["CutThroughFate","BowlingBash"],"picked":"ClearTheMind+1","floor":12},{"not_picked":["Vengeance+1","Consecrate"],"picked":"DeusExMachina+1","floor":13},{"not_picked":["FearNoEvil","Perseverance+1"],"picked":"Meditate+1","floor":14},{"not_picked":["ConjureBlade+1","DeusExMachina+1"],"picked":"Brilliance","floor":16},{"not_picked":["FearNoEvil","CrushJoints"],"picked":"WaveOfTheHand+1","floor":18},{"not_picked":["Protect+1","PathToVictory+1"],"picked":"Evaluate+1","floor":21},{"not_picked":["EmptyBody+1","ClearTheMind+1"],"picked":"Crescendo+1","floor":22}],"player_experience":732063,"relics_obtained":[{"floor":7,"key":"White Beast Statue"},{"floor":9,"key":"Toxic Egg 2"},{"floor":13,"key":"Strawberry"}],"event_choices":[{"damage_healed":0,"gold_gain":0,"player_choice":"Donut","damage_taken":0,"max_hp_gain":5,"max_hp_loss":0,"event_name":"Big Fish","floor":2,"gold_loss":0},{"cards_removed":["Defend_P"],"damage_healed":0,"gold_gain":0,"player_choice":"Card Removal","damage_taken":7,"max_hp_gain":0,"max_hp_loss":0,"event_name":"Golden Wing","floor":3,"gold_loss":0},{"damage_healed":0,"gold_gain":0,"player_choice":"Take Damage","damage_taken":19,"relics_obtained":["Golden Idol"],"max_hp_gain":0,"max_hp_loss":0,"event_name":"Golden Idol","floor":5,"gold_loss":0},{"cards_removed":["Defend_P"],"damage_healed":0,"gold_gain":0,"player_choice":"Forget","damage_taken":0,"max_hp_gain":0,"max_hp_loss":0,"event_name":"Living Wall","floor":10,"gold_loss":0},{"damage_healed":0,"gold_gain":0,"player_choice":"Ignored","damage_taken":0,"max_hp_gain":0,"max_hp_loss":0,"event_name":"Ghosts","floor":19,"gold_loss":0}],"is_beta":false,"boss_relics":[{"not_picked":["Snecko Eye","Coffee Dripper"],"picked":"Philosopher\u0027s Stone"}],"items_purged_floors":[],"is_endless":false,"potions_floor_spawned":[7,8,12,13,14,16,18,21,22],"killed_by":"Gremlin Leader","ascension_level":0}}