{"host":"caz9phlr9zt22rnt","time":1611029317,"event":{"mods":["AchievementEnabler","BaseMod","Colored Map","Custom Start","Downfall","Minty Spire (QoL Compilation)","Rare Cards Sparkle","Relic Stats","StSLib","The Cursed"],"gold_per_floor":[99,99,99,52,63,48,48,62,62,62,62,82,95,115,134,234,234,234,252,115,215,229,229,281,281,180,180,205,205,218,218,230,329,379,379,379,379,391,35,35,82,102,115,115,115,115,115],"floor_reached":45,"language":"ENG","playtime":7019,"items_purged":[],"score":453,"play_id":"a9171f48-e033-4d76-bd4e-1fea602329e0","local_time":"20210118220837","is_ascension_mode":false,"campfire_choices":[{"data":"champ:Execute","floor":1,"key":"SMITH"},{"data":"champ:Taunt","floor":9,"key":"SMITH"},{"data":"champ:Endure","floor":11,"key":"SMITH"},{"data":"champ:BerserkersShout","floor":18,"key":"SMITH"},{"floor":23,"key":"REST"},{"data":"champ:Circumvent","floor":25,"key":"SMITH"},{"floor":27,"key":"REST"},{"floor":29,"key":"REST"},{"data":"champ:ShieldSlam","floor":35,"key":"SMITH"},{"data":"expansioncontent:DashGenerateEvil","floor":40,"key":"SMITH"},{"floor":44,"key":"REST"}],"circlet_count":0,"master_deck":["champ:Strike","champ:Strike","champ:Strike","champ:Strike","champ:Defend","champ:Defend","champ:Defend","champ:Defend","champ:Execute+1","champ:Taunt+1","champ:Circumvent+1","champ:EnGarde","champ:Endure+1","champ:BladeFlurry+1","champ:IronFortress","champ:StanceDance","champ:FalseCounter","champ:BerserkersShout+1","champ:Shatter","champ:RisingSlash","champ:FocusedBerserking","champ:HeavySlash","champ:Circumvent+1","champ:PreciseThrust","champ:HeartStrike","champ:DefensiveShout","champ:Haymaker+1","champ:ShieldSlam+1","expansioncontent:LastStand","champ:AdrenalArmor+1","champ:SkillfulDodge","champ:StrikeOfGenius","champ:FancyFootwork","champ:SetATrap+1","champ:CalledShot+1","expansioncontent:DashGenerateEvil+1"],"relics":["champ:ChampionCrown","downfall:HeartsMalice","champ:FightingForDummies","SacredBark","downfall:GremlinWheel","Happy Flower","Boot","Red Mask","Tiny House","Lee\u0027s Waffle","Orichalcum"],"acts_visited":["Exordium","TheCity","TheBeyond"],"potions_floor_usage":[16,16,16,16,16,16,17,22,33,33,36,38,43],"damage_taken":[{"damage":0,"enemies":"Jaw Worm","floor":2,"turns":1},{"damage":0,"enemies":"Cultist","floor":3,"turns":1},{"damage":0,"enemies":"downfall:FleeingMerchant","floor":4,"turns":1},{"damage":5,"enemies":"2 Louse","floor":5,"turns":5},{"damage":12,"enemies":"downfall:FleeingMerchant","floor":6,"turns":4},{"damage":10,"enemies":"Large Slime","floor":8,"turns":7},{"damage":10,"enemies":"3 Louse","floor":12,"turns":6},{"damage":30,"enemies":"Exordium Thugs","floor":13,"turns":7},{"damage":30,"enemies":"Large Slime","floor":14,"turns":7},{"damage":6,"enemies":"Red Slaver","floor":15,"turns":4},{"damage":49,"enemies":"SI_SHIV_ARCHETYPE","floor":16,"turns":6},{"damage":22,"enemies":"Spheric Guardian","floor":19,"turns":3},{"damage":25,"enemies":"downfall:FleeingMerchant","floor":20,"turns":4},{"damage":31,"enemies":"downfall:FleeingMerchant","floor":21,"turns":5},{"damage":33,"enemies":"3 Byrds","floor":22,"turns":4},{"damage":48,"enemies":"downfall:FleeingMerchant","floor":26,"turns":4},{"damage":52,"enemies":"Masked Bandits","floor":28,"turns":7},{"damage":24,"enemies":"Snake Plant","floor":30,"turns":5},{"damage":41,"enemies":"3 Cultists","floor":32,"turns":5},{"damage":78,"enemies":"WA_ARCHETYPE_CALM","floor":33,"turns":11},{"damage":0,"enemies":"3 Shapes","floor":36,"turns":1},{"damage":19,"enemies":"Orb Walker","floor":38,"turns":4},{"damage":24,"enemies":"downfall:FleeingMerchant","floor":39,"turns":4},{"damage":19,"enemies":"4 Shapes","floor":42,"turns":7},{"damage":31,"enemies":"Spire Growth","floor":43,"turns":4},{"damage":139,"enemies":"Giant Head","floor":45,"turns":11}],"seed_played":"3477019444783286284","potions_obtained":[{"floor":5,"key":"champ:CounterPotion"},{"floor":8,"key":"EssenceOfSteel"},{"floor":13,"key":"EntropicBrew"},{"floor":16,"key":"Fruit Juice"},{"floor":19,"key":"ColorlessPotion"},{"floor":30,"key":"Weak Potion"},{"floor":32,"key":"Block Potion"},{"floor":33,"key":"SmokeBomb"},{"floor":34,"key":"DistilledChaos"},{"floor":42,"key":"hexamod:SoulburnPotion"}],"is_trial":false,"path_per_floor":["R","M","M","$","M","$","T","M","R","?","R","M","M","M","M","B",null,"R","M","$","?","M","R","T","R","$","R","?","R","M","?","M","B",null,"R","M","?","M","$","R","T","M","M","R","E"],"character_chosen":"THE_CHAMP","items_purchased":["champ:BladeFlurry","champ:HeartStrike","champ:DefensiveShout","expansioncontent:LastStand","Lee\u0027s Waffle","expansioncontent:DashGenerateEvil"],"campfire_rested":4,"item_purchase_floors":[4,20,20,26,39,39],"current_hp_per_floor":[90,90,90,90,90,88,88,88,88,88,88,88,88,88,87,78,100,100,98,88,77,74,100,100,100,82,100,73,100,81,81,65,37,95,95,95,105,101,112,112,112,108,92,112,0,0,0],"gold":115,"neow_bonus":"THREE_ENEMY_KILL","is_daily":false,"chose_seed":false,"campfire_upgraded":7,"win_rate":0.0,"timestamp":1611029317,"path_taken":["R","M","M","$","M","$","T","M","R","?","R","M","M","M","M","BOSS","R","M","$","?","M","R","T","R","?","R","?","R","M","?","M","BOSS","R","M","?","M","$","R","T","M","M","R","E"],"items_purchased_type":["Card","Card","Card","Card","Relic","Card"],"build_version":"2020-12-22","purchased_purges":0,"victory":false,"max_hp_per_floor":[90,90,90,90,90,90,90,90,90,90,90,90,90,90,90,90,100,100,100,100,100,100,100,100,100,100,100,100,100,100,90,90,90,95,95,95,105,105,112,112,112,112,112,112,112,112,112],"relic_stats":{"Lee\u0027s Waffle":15,"Happy Flower":[21],"counters":[26,125],"Orichalcum":[0],"Boot":[33],"obtain_stats":[{"Lee\u0027s Waffle":39,"downfall:GremlinWheel":21,"Tiny House":34,"Happy Flower":23,"SacredBark":17,"champ:ChampionCrown":0,"downfall:HeartsMalice":0,"Red Mask":28,"champ:FightingForDummies":7,"Orichalcum":41,"Boot":24},{"Lee\u0027s Waffle":23,"downfall:GremlinWheel":14,"Tiny House":20,"Happy Flower":15,"SacredBark":11,"champ:ChampionCrown":0,"downfall:HeartsMalice":0,"Red Mask":17,"champ:FightingForDummies":5,"Orichalcum":23,"Boot":15},{"Lee\u0027s Waffle":103,"downfall:GremlinWheel":58,"Tiny House":94,"Happy Flower":62,"SacredBark":46,"champ:ChampionCrown":0,"downfall:HeartsMalice":0,"Red Mask":73,"champ:FightingForDummies":9,"Orichalcum":103,"Boot":62}]},"card_choices":[{"not_picked":["champ:FlashCut","champ:RisingSlash"],"picked":"champ:Circumvent","floor":2},{"not_picked":["champ:EnragedBash","champ:CrownThrow"],"picked":"champ:EnGarde","floor":3},{"not_picked":["champ:PreemptiveStrike","champ:Duel"],"picked":"champ:Endure","floor":4},{"not_picked":["champ:BerserkersShout","champ:PerfectedStrike"],"picked":"champ:IronFortress","floor":5},{"not_picked":["champ:FanOfKnives","champ:GutPunch"],"picked":"champ:StanceDance","floor":6},{"not_picked":["champ:Duel","champ:BerserkersShout"],"picked":"champ:FalseCounter","floor":8},{"not_picked":["champ:CrownThrow","champ:TornadoPunch"],"picked":"champ:BerserkersShout","floor":12},{"not_picked":["champ:GutPunch","champ:RisingSlash"],"picked":"champ:Shatter","floor":13},{"not_picked":["champ:EnGarde","champ:SwordThrow"],"picked":"champ:RisingSlash","floor":14},{"not_picked":["champ:GutPunch","champ:Backstep"],"picked":"champ:FocusedBerserking","floor":15},{"not_picked":["champ:StrikeOfGenius","champ:Improvising"],"picked":"champ:HeavySlash","floor":16},{"not_picked":["champ:DeathBlow","champ:GladiatorStyle"],"picked":"champ:Circumvent+1","floor":19},{"not_picked":["champ:StanceDance","champ:RisingSlash"],"picked":"champ:PreciseThrust","floor":20},{"not_picked":["champ:DefensiveShout","champ:FlashCut+1"],"picked":"champ:Haymaker+1","floor":22},{"not_picked":["champ:BerserkersShout","champ:FocusedBerserking"],"picked":"champ:ShieldSlam","floor":26},{"not_picked":["champ:EnGarde","champ:DefensiveShout"],"picked":"champ:AdrenalArmor+1","floor":28},{"not_picked":["champ:PreemptiveStrike","champ:RapidStrikes+1"],"picked":"champ:SkillfulDodge","floor":30},{"not_picked":["champ:PerfectedStrike+1","champ:ShieldSlam+1","champ:Backstep"],"picked":"SKIP","floor":32},{"not_picked":["champ:HeavySlash","champ:LastStand"],"picked":"champ:StrikeOfGenius","floor":33},{"not_picked":["champ:Backstep","champ:FaceSlap"],"picked":"champ:FancyFootwork","floor":34},{"not_picked":["champ:PerfectedStrike+1","champ:TornadoPunch+1"],"picked":"champ:SetATrap+1","floor":38},{"not_picked":["champ:Backstep+1","champ:AdrenalArmor"],"picked":"champ:CalledShot+1","floor":39},{"not_picked":["champ:AdrenalArmor","champ:SetATrap","champ:BringItOn"],"picked":"SKIP","floor":42},{"not_picked":["champ:StanceDance","champ:FanOfKnives+1","champ:BerserkersShout"],"picked":"SKIP","floor":43}],"player_experience":525715,"relics_obtained":[{"floor":7,"key":"champ:FightingForDummies"},{"floor":21,"key":"downfall:GremlinWheel"},{"floor":23,"key":"Happy Flower"},{"floor":24,"key":"Boot"},{"floor":28,"key":"Red Mask"},{"floor":41,"key":"Orichalcum"}],"event_choices":[{"damage_healed":0,"gold_gain":0,"player_choice":"Relic","damage_taken":0,"max_hp_gain":0,"max_hp_loss":0,"event_name":"Wheel of Change","floor":23,"gold_loss":0},{"damage_healed":0,"gold_gain":0,"player_choice":"Fought Bandits","damage_taken":0,"max_hp_gain":0,"max_hp_loss":0,"event_name":"Masked Bandits","floor":28,"gold_loss":0},{"cards_removed":["Slimebound:CheckThePlaybook"],"damage_healed":0,"gold_gain":0,"player_choice":"Offered Rare","damage_taken":0,"max_hp_gain":10,"max_hp_loss":0,"event_name":"Bonfire Elementals","floor":37,"gold_loss":0}],"is_beta":false,"boss_relics":[{"not_picked":["Coffee Dripper","Cursed Key"],"picked":"SacredBark"},{"not_picked":["SlaversCollar","Black Star"],"picked":"Tiny House"}],"items_purged_floors":[],"is_endless":false,"potions_floor_spawned":[5,8,12,13,15,16,19,30,32,33,42],"killed_by":"Giant Head","ascension_level":0}}