{"host":"474oh00kq6ni8dn3","time":1611062796,"event":{"mods":["AchievementEnabler","Aspiration","BaseMod","Colored Map","Colored Powertips","Conspire","GifTheSpireLib","Googly Eyes","GungeonMod","Halation","Hubris","Infinite Spire","Jedi Mod","Minty Spire (QoL Compilation)","Permanent Neow","Quick Restart","Replay The Spire","Shop Mod","StSLib","Stuff the Spire","The Factory","The Jungle","Trackpad","vexMod"],"gold_per_floor":[116,116,127,127,52,52,52,82,82,109,109,129,157,176,176,279,279,294,294,314,314,332,361,361,361,361,391,409,409,427,427,427],"floor_reached":31,"language":"ENG","playtime":4257,"items_purged":["Injury","Strike_B"],"score":376,"play_id":"08ad9ae9-4106-47fc-ad4c-4ed423a04b7c","local_time":"20210119132636","is_ascension_mode":true,"campfire_choices":[{"data":"Zap","floor":6,"key":"SMITH"},{"data":"Machine Learning","floor":11,"key":"SMITH"},{"data":"StuffTheSpire:Synthwave","floor":15,"key":"SMITH"},{"data":"Creative AI","floor":24,"key":"SMITH"},{"data":"StuffTheSpire:Plugnplay","floor":29,"key":"SMITH"}],"circlet_count":0,"master_deck":["Strike_B","Strike_B","Defend_B","Defend_B","Defend_B","Zap+1","hubris:Ukulele+1","jedi:BurstFrost","Machine Learning+1","Sweeping Beam+1","Ball Lightning+1","StuffTheSpire:Synthwave+1","Beam Cell+1","Creative AI+1","StuffTheSpire:Plugnplay+1","jedi:meditation"],"relics":["Cracked Core","jedi:firstaidkit","Molten Egg 2","halation:EternalFortune","Torii","ReplayTheSpireMod:Shallot","Mummified Hand","infinitespire:Beetle Shell","vexMod:DeviousBotling","theJungle:SpiritDisease","StuffTheSpire:PointBlank","DemoMod:LamentConfigurum","Spirit Poop","trackpad:ToughGloves"],"acts_visited":["Exordium","Exordium"],"potions_floor_usage":[16,23,23],"damage_taken":[{"damage":2,"enemies":"2 Louse","floor":1,"turns":4},{"damage":6,"enemies":"Small Slimes","floor":3,"turns":3},{"damage":11,"enemies":"3 Sentries","floor":8,"turns":8},{"damage":10,"enemies":"Lagavulin","floor":10,"turns":6},{"damage":0,"enemies":"Jaw Worm","floor":12,"turns":2},{"damage":20,"enemies":"Gremlin Nob","floor":13,"turns":4},{"damage":0,"enemies":"2 Fungi Beasts","floor":14,"turns":2},{"damage":0,"enemies":"Slime Boss","floor":16,"turns":6},{"damage":1,"enemies":"theJungle:5_Spyders","floor":18,"turns":6},{"damage":0,"enemies":"theJungle:GiantWrat","floor":20,"turns":2},{"damage":7,"enemies":"theJungle:2_Flameangoes","floor":22,"turns":5},{"damage":33,"enemies":"theJungle:2_Phrogs","floor":23,"turns":4},{"damage":7,"enemies":"theJungle:MamaSnecko","floor":27,"turns":5},{"damage":1,"enemies":"theJungle:SlimyTreeVines","floor":28,"turns":4},{"damage":8,"enemies":"theJungle:Snecko_Cultist_And_Trap","floor":30,"turns":4},{"damage":44,"enemies":"theJungle:2_Phrogs","floor":31,"turns":5}],"seed_played":"-1376386286390335782","potions_obtained":[{"floor":1,"key":"Explosive Potion"},{"floor":8,"key":"Explosive Potion"},{"floor":12,"key":"Fire Potion"},{"floor":16,"key":"DemoMod:LeadSkinPotion"},{"floor":23,"key":"Block Potion"},{"floor":28,"key":"SkillPotion"}],"is_trial":false,"path_per_floor":["M","?","M","?","$","R","$","E","T","E","R","M","E","M","R","B",null,"M","?","M","AVR","M","E","R","?","T","E","M","R","M","E"],"character_chosen":"DEFECT","items_purchased":[],"campfire_rested":0,"item_purchase_floors":[],"current_hp_per_floor":[68,68,64,67,67,67,67,67,67,59,59,59,41,41,41,41,74,74,74,74,74,71,42,42,42,42,37,43,43,37,0,0],"gold":427,"neow_bonus":"ONE_RARE_RELIC","is_daily":false,"chose_seed":false,"campfire_upgraded":5,"win_rate":0.0,"timestamp":1611062796,"path_taken":["M","?","M","?","$","R","?","E","T","E","R","M","E","M","R","BOSS","M","?","M","AVR","M","E","R","?","T","E","M","R","M","E"],"items_purchased_type":[],"build_version":"2020-12-22","purchased_purges":2,"victory":false,"max_hp_per_floor":[68,68,68,71,71,71,71,74,74,74,74,74,74,74,74,74,74,74,74,74,74,74,74,74,74,74,74,74,74,74,74,74],"card_choices":[{"not_picked":["conspire:SharedLibrary","jedi:BurstLightning"],"picked":"hubris:Ukulele","floor":1},{"not_picked":["BasicCrystalCard","Darkness"],"picked":"jedi:BurstFrost","floor":3},{"not_picked":["BasicCrystalCard","Beam Cell+1"],"picked":"Machine Learning","floor":8},{"not_picked":["Multi-Cast","jedi:BurstFrost"],"picked":"Sweeping Beam+1","floor":10},{"not_picked":["Force Field","Turbo","Glacier"],"picked":"SKIP","floor":12},{"not_picked":["StuffTheSpire:LoadUp","Reprogram"],"picked":"Ball Lightning+1","floor":13},{"not_picked":["Turbo","jedi:hex"],"picked":"StuffTheSpire:Synthwave","floor":14},{"not_picked":["Conserve Battery","Coolheaded"],"picked":"Beam Cell+1","floor":18},{"not_picked":["jedi:blockon","Stack","Barrage+1"],"picked":"SKIP","floor":20},{"not_picked":["Panic Button","BasicCrystalCard","StuffTheSpire:LoadUp"],"picked":"SKIP","floor":22},{"not_picked":["StuffTheSpire:Coldhearted","Stack"],"picked":"Creative AI","floor":23},{"not_picked":["Go for the Eyes+1","Sweeping Beam+1","Steam"],"picked":"SKIP","floor":27},{"not_picked":["Cold Snap+1","Steam+1"],"picked":"StuffTheSpire:Plugnplay","floor":28},{"not_picked":["Gash+1","Barrage+1"],"picked":"jedi:meditation","floor":30}],"player_experience":49488,"relics_obtained":[{"floor":8,"key":"halation:EternalFortune"},{"floor":8,"key":"Torii"},{"floor":9,"key":"ReplayTheSpireMod:Shallot"},{"floor":10,"key":"Mummified Hand"},{"floor":13,"key":"infinitespire:Beetle Shell"},{"floor":23,"key":"DemoMod:LamentConfigurum"},{"floor":26,"key":"Spirit Poop"},{"floor":27,"key":"trackpad:ToughGloves"}],"event_choices":[],"is_beta":false,"boss_relics":[{"not_picked":["Snecko Eye","SacredBark"],"picked":"vexMod:DeviousBotling"}],"items_purged_floors":[5,21],"is_endless":false,"potions_floor_spawned":[1,8,12,14,16,18,23,28,30],"killed_by":"theJungle:2_Phrogs","ascension_level":2}}