{"host":"yd6hhqps9de4qmof","time":1611079810,"event":{"mods":["BaseMod","Downfall","Hermit","Highlight Path","Jorbs\u0027s Wanderer Trilogy","Minty Spire (QoL Compilation)","Relic Stats","Shade Mod","StSLib","The Cursed","The Servant 0.9.4"],"gold_per_floor":[199,216,216,229,329,343,366,381,306,317,333,363,375,0,20,119,119,119,129,229,28,44,44,44,62,75,135,51,59,71,105,118,218,218,143,157,169,219,264,264,289,309,344,269,289,349,361,361,361,361],"floor_reached":48,"language":"ENG","playtime":3303,"items_purged":["hexamod:Strike","hexamod:Strike"],"score":651,"play_id":"5338df09-9c35-45c5-8ee1-69472044b48b","local_time":"20210119191010","is_ascension_mode":true,"campfire_choices":[{"floor":1.0,"key":"RECALL"},{"data":"hexamod:SpectersWail","floor":9.0,"key":"SMITH"},{"data":"hexamod:CrushingStance","floor":18.0,"key":"SMITH"},{"floor":35.0,"key":"REST"},{"floor":40.0,"key":"REST"},{"floor":44.0,"key":"REST"}],"circlet_count":1,"master_deck":["hexamod:Strike","hexamod:Strike+1","hexamod:Defend+1","hexamod:Defend","hexamod:Defend","hexamod:Defend","hexamod:Sear+1","hexamod:Float+1","hexamod:Hexaguard","hexamod:SpectersWail+1","hexamod:ExtraCrispy","hexamod:Incineration","hexamod:EmpoweredFlame+1","hexamod:GhostLash","expansioncontent:LastStand","hexamod:StepThrough","Madness+1","hexamod:FourthSeal","hexamod:RainOfEmbers+1","hexamod:Incineration+1","hexamod:TimeWarp","hexamod:Hexaguard+1","hexamod:FirstSeal","Violence","hexamod:ThermalTransfer+1","hexamod:RadiantFlame+1","hexamod:PowerFromBeyond+1","hexamod:SixthSeal","hexamod:BurningTouch+1","hexamod:GhostShield+1","hexamod:ExtraCrispy","hexamod:HexaLevel"],"relics":["hexamod:SpiritBrand","Pen Nib","downfall:HeartBlessingRed","Art of War","Membership Card","Circlet","SacredBark","Gremlin Horn","SsserpentHead","HornCleat","Bronze Scales","Centennial Puzzle","MealTicket","Fusion Hammer","downfall:HeartBlessingBlue","downfall:TeleportStone","Blood Vial","Toxic Egg 2","Pear","downfall:HeartBlessingGreen"],"acts_visited":["Exordium","TheCity","TheBeyond"],"potions_floor_usage":[48,48],"damage_taken":[{"damage":0.0,"enemies":"2 Louse","floor":2.0,"turns":2.0},{"damage":0.0,"enemies":"Cultist","floor":4.0,"turns":3.0},{"damage":0.0,"enemies":"Small Slimes","floor":6.0,"turns":3.0},{"damage":2.0,"enemies":"Red Slaver","floor":8.0,"turns":3.0},{"damage":0.0,"enemies":"Lots of Slimes","floor":10.0,"turns":2.0},{"damage":1.0,"enemies":"Blue Slaver","floor":11.0,"turns":3.0},{"damage":0.0,"enemies":"3 Sentries","floor":12.0,"turns":6.0},{"damage":2.0,"enemies":"Red Slaver","floor":13.0,"turns":2.0},{"damage":5.0,"enemies":"downfall:FleeingMerchant","floor":14.0,"turns":4.0},{"damage":0.0,"enemies":"3 Louse","floor":15.0,"turns":1.0},{"damage":28.0,"enemies":"downfall:Ironclad","floor":16.0,"turns":6.0},{"damage":0.0,"enemies":"Chosen","floor":19.0,"turns":3.0},{"damage":4.0,"enemies":"downfall:FleeingMerchant","floor":21.0,"turns":4.0},{"damage":0.0,"enemies":"3 Byrds","floor":22.0,"turns":4.0},{"damage":2.0,"enemies":"Snecko","floor":25.0,"turns":4.0},{"damage":15.0,"enemies":"Cultist and Chosen","floor":26.0,"turns":5.0},{"damage":8.0,"enemies":"Shelled Parasite and Fungi","floor":27.0,"turns":3.0},{"damage":2.0,"enemies":"downfall:FleeingMerchant","floor":28.0,"turns":4.0},{"damage":5.0,"enemies":"downfall:FleeingMerchant","floor":29.0,"turns":3.0},{"damage":5.0,"enemies":"3 Cultists","floor":30.0,"turns":5.0},{"damage":20.0,"enemies":"Gremlin Leader","floor":31.0,"turns":5.0},{"damage":5.0,"enemies":"Centurion and Healer","floor":32.0,"turns":3.0},{"damage":16.0,"enemies":"downfall:Silent","floor":33.0,"turns":6.0},{"damage":15.0,"enemies":"3 Darklings","floor":36.0,"turns":4.0},{"damage":8.0,"enemies":"3 Shapes","floor":37.0,"turns":6.0},{"damage":69.0,"enemies":"Giant Head","floor":41.0,"turns":9.0},{"damage":20.0,"enemies":"Sphere and 2 Shapes","floor":42.0,"turns":5.0},{"damage":20.0,"enemies":"Nemesis","floor":43.0,"turns":6.0},{"damage":10.0,"enemies":"Spire Growth","floor":45.0,"turns":4.0},{"damage":5.0,"enemies":"Writhing Mass","floor":46.0,"turns":5.0},{"damage":0,"enemies":"Maw","floor":47,"turns":6},{"damage":90,"enemies":"DF_ARCHETYPE_ORBS","floor":48,"turns":9}],"seed_played":"4191246684094366274","potions_obtained":[{"floor":8.0,"key":"SteroidPotion"},{"floor":10.0,"key":"Strength Potion"},{"floor":11.0,"key":"GamblersBrew"},{"floor":15.0,"key":"EssenceOfSteel"},{"floor":16.0,"key":"construct:ShiftPotion"},{"floor":29.0,"key":"BlessingOfTheForge"},{"floor":30.0,"key":"PowerPotion"},{"floor":31.0,"key":"Explosive Potion"},{"floor":32.0,"key":"Block Potion"},{"floor":36.0,"key":"SpeedPotion"},{"floor":37.0,"key":"Regen Potion"},{"floor":41.0,"key":"Regen Potion"},{"floor":42.0,"key":"EssenceOfSteel"},{"floor":46,"key":"GamblersBrew"},{"floor":46,"key":"Energy Potion"},{"floor":47,"key":"SkillPotion"}],"is_trial":false,"path_per_floor":["R","M","?","M","?","M","T","M","R","M","M","E","M","$","M","B",null,"R","M","?","$","M","?","T","M","M","M","$","$","M","E","M","B",null,"R","M","M","?","T","R","E","M","E","R","M","M","M","B"],"character_chosen":"THE_SPIRIT","items_purchased":["Membership Card","Runesmith:Nanobots","expansioncontent:LastStand","hexamod:StepThrough","Gremlin Horn","hexamod:RainOfEmbers","HornCleat","Bronze Scales","Centennial Puzzle","hexamod:FirstSeal","Violence"],"campfire_rested":3,"item_purchase_floors":[14,14,14,14,21,21,28,29,29,29,29],"current_hp_per_floor":[70,70,70,70,70,70,70,68,68,68,67,67,65,60,60,32,70,70,70,70,66,66,66,66,64,49,41,39,34,36,23,18,9,70,80,65,64,64,64,80,11,57,49,76,75,72,81,0,0,0],"gold":361,"neow_bonus":"HUNDRED_GOLD","is_daily":false,"chose_seed":false,"campfire_upgraded":2,"win_rate":0.0,"timestamp":1611079810,"path_taken":["R","M","?","?","?","M","T","M","R","M","?","E","M","?","M","BOSS","R","M","?","$","M","?","T","M","M","?","?","$","M","E","M","BOSS","R","M","M","?","T","R","E","M","E","R","M","?","M","BOSS"],"items_purchased_type":["Relic","Undefined","Card","Card","Relic","Card","Relic","Relic","Relic","Card","Card"],"build_version":"2020-12-22","purchased_purges":2,"victory":false,"max_hp_per_floor":[70,70,70,70,70,70,70,70,70,70,70,70,70,70,70,70,70,70,70,70,70,70,70,70,70,70,70,70,70,70,70,70,70,70,80,80,80,80,80,80,80,80,90,90,90,90,90,90,90,90],"relic_stats":{"Blood Vial":12,"SsserpentHead":200,"Centennial Puzzle":[36],"Gremlin Horn":[16,16],"counters":[32,138],"Bronze Scales":[192],"MealTicket":0,"Pen Nib":[21],"Art of War":[11],"obtain_stats":[{"Runesmith:Nanobots":14,"Pear":43,"downfall:HeartBlessingRed":9,"Gremlin Horn":21,"SacredBark":17,"Circlet":0,"downfall:HeartBlessingGreen":44,"Pen Nib":7,"downfall:TeleportStone":38,"Blood Vial":39,"SsserpentHead":23,"Centennial Puzzle":29,"HornCleat":28,"downfall:HeartBlessingBlue":35,"Bronze Scales":29,"MealTicket":31,"Fusion Hammer":34,"Art of War":12,"Membership Card":14,"Toxic Egg 2":41,"hexamod:SpiritBrand":0},{"Runesmith:Nanobots":9,"Pear":28,"downfall:HeartBlessingRed":4,"Gremlin Horn":13,"SacredBark":11,"Circlet":0,"downfall:HeartBlessingGreen":28,"Pen Nib":3,"downfall:TeleportStone":25,"Blood Vial":25,"SsserpentHead":14,"Centennial Puzzle":19,"HornCleat":18,"downfall:HeartBlessingBlue":23,"Bronze Scales":19,"MealTicket":21,"Fusion Hammer":23,"Art of War":7,"Membership Card":9,"Toxic Egg 2":26,"hexamod:SpiritBrand":0},{"Runesmith:Nanobots":28,"Pear":114,"downfall:HeartBlessingRed":11,"Gremlin Horn":42,"SacredBark":35,"Circlet":0,"downfall:HeartBlessingGreen":114,"Pen Nib":8,"downfall:TeleportStone":94,"Blood Vial":94,"SsserpentHead":46,"Centennial Puzzle":65,"HornCleat":62,"downfall:HeartBlessingBlue":84,"Bronze Scales":65,"MealTicket":75,"Fusion Hammer":84,"Art of War":22,"Membership Card":28,"Toxic Egg 2":103,"hexamod:SpiritBrand":0}]},"card_choices":[{"not_picked":["hexamod:NightmareStrike","hexamod:ShieldOfDarkness","hexamod:NightmareGuise"],"picked":"SKIP","floor":2.0},{"not_picked":["hexamod:Firestarter","hexamod:BurningTouch"],"picked":"hexamod:Hexaguard","floor":4.0},{"not_picked":["hexamod:GhostShield","hexamod:Hexaguard"],"picked":"hexamod:SpectersWail","floor":6.0},{"not_picked":["hexamod:Haunt","hexamod:GhostShield","hexamod:TurnItUp"],"picked":"SKIP","floor":8.0},{"not_picked":["hexamod:ShieldOfDarkness","hexamod:AdvancingGuard"],"picked":"hexamod:ExtraCrispy","floor":10.0},{"not_picked":["hexamod:RecurringNightmare","hexamod:Haunt"],"picked":"hexamod:Incineration","floor":11.0},{"not_picked":["hexamod:RecurringNightmare","hexamod:GhostShield","hexamod:InspiringFlames"],"picked":"SKIP","floor":12.0},{"not_picked":["hexamod:RainOfEmbers","hexamod:ThermalTransfer"],"picked":"hexamod:EmpoweredFlame","floor":13.0},{"not_picked":["hexamod:SpectersWail","hexamod:NecessarySacrifice"],"picked":"hexamod:GhostLash","floor":14.0},{"not_picked":["hexamod:GhostShield","hexamod:InspiringFlames","hexamod:NightmareGuise"],"picked":"SKIP","floor":15.0},{"not_picked":["hexamod:TimeWarp","hexamod:GhostflameInferno"],"picked":"hexamod:CrushingStance","floor":16.0},{"not_picked":["hexamod:GhostOfSpireFuture+1","hexamod:ThermalTransfer","hexamod:NightmareStrike"],"picked":"SKIP","floor":19.0},{"not_picked":["hexamod:BacktrackSmack","hexamod:SkipABeat+1"],"picked":"hexamod:FourthSeal","floor":21.0},{"not_picked":["hexamod:EtherealExpedition","hexamod:HeatShield"],"picked":"hexamod:Incineration","floor":22.0},{"not_picked":["hexamod:InspiringFlames+1","hexamod:AdvancingGuard","hexamod:Rewind"],"picked":"SKIP","floor":25.0},{"not_picked":["hexamod:GhostOfSpirePast+1","hexamod:SpectersWail"],"picked":"hexamod:TimeWarp","floor":26.0},{"not_picked":["hexamod:DynamicBlow","hexamod:BacktrackSmack","hexamod:SwordOfDarkness+1"],"picked":"SKIP","floor":27.0},{"not_picked":["hexamod:HauntingEcho+1","hexamod:ShieldOfDarkness+1"],"picked":"hexamod:Hexaguard+1","floor":28.0},{"not_picked":["hexamod:SwordOfDarkness","hexamod:InspiringFlames+1","hexamod:Haunt"],"picked":"SKIP","floor":29.0},{"not_picked":["hexamod:HeatShield+1","hexamod:NightmareGuise"],"picked":"hexamod:ThermalTransfer+1","floor":30.0},{"not_picked":["hexamod:DynamicBlow","hexamod:SpectralSpark"],"picked":"hexamod:RadiantFlame+1","floor":31.0},{"not_picked":["hexamod:CatchUp","hexamod:FourthSeal"],"picked":"hexamod:PowerFromBeyond+1","floor":32.0},{"not_picked":["hexamod:TimeOfNeed","hexamod:VolcanoVisage"],"picked":"hexamod:SixthSeal","floor":33.0},{"not_picked":["hexamod:FastForward+1","hexamod:EmpoweredFlame","hexamod:RetreatToShadows"],"picked":"SKIP","floor":36.0},{"not_picked":["hexamod:GhostShield+1","hexamod:BacktrackSmack+1"],"picked":"hexamod:BurningTouch+1","floor":37.0},{"not_picked":["hexamod:SpectersWail+1","hexamod:BacktrackSmack+1","hexamod:InspiringFlames+1"],"picked":"SKIP","floor":41.0},{"not_picked":["hexamod:HauntingEcho+1","hexamod:FastForward+1","hexamod:GhostLash"],"picked":"SKIP","floor":42.0},{"not_picked":["hexamod:GhostOfSpirePast","hexamod:NightmareGuise+1"],"picked":"hexamod:GhostShield+1","floor":43.0},{"not_picked":["hexamod:HeatMetal","hexamod:BurningTouch+1","hexamod:ChargedBarrage+1"],"picked":"SKIP","floor":45.0},{"not_picked":["hexamod:GhostLash","hexamod:InspiringFlames+1"],"picked":"hexamod:ExtraCrispy","floor":46},{"not_picked":["hexamod:SpectersWail","hexamod:PowerFromBeyond+1"],"picked":"hexamod:HexaLevel","floor":47}],"player_experience":1128231,"relics_obtained":[{"floor":7.0,"key":"Pen Nib"},{"floor":12.0,"key":"Art of War"},{"floor":31.0,"key":"MealTicket"},{"floor":39.0,"key":"Blood Vial"},{"floor":41.0,"key":"Toxic Egg 2"},{"floor":43.0,"key":"Pear"}],"event_choices":[{"damage_healed":0.0,"max_hp_gain":0.0,"max_hp_loss":0.0,"gold_gain":0.0,"event_name":"Upgrade Shrine","player_choice":"Upgraded","floor":3.0,"gold_loss":0.0,"damage_taken":0.0,"cards_upgraded":["hexamod:Sear"]},{"damage_healed":0.0,"max_hp_gain":0.0,"max_hp_loss":0.0,"gold_gain":100.0,"event_name":"Wheel of Change","player_choice":"Gold","floor":5.0,"gold_loss":0.0,"damage_taken":0.0},{"damage_healed":0.0,"max_hp_gain":0.0,"max_hp_loss":0.0,"gold_gain":0.0,"event_name":"FaceTrader","player_choice":"Trade","floor":23.0,"gold_loss":0.0,"damage_taken":0.0,"relics_obtained":["SsserpentHead"]}],"is_beta":false,"boss_relics":[{"not_picked":["Velvet Choker","Snecko Eye"],"picked":"SacredBark"},{"not_picked":["Runic Pyramid","Pandora\u0027s Box"],"picked":"Fusion Hammer"}],"items_purged_floors":[21,29],"is_endless":false,"potions_floor_spawned":[8,10,11,15,16,19,22,30,31,32,36,41,46],"killed_by":"DF_ARCHETYPE_ORBS","ascension_level":1}}