{"host":"5dk97cf2ubw2v967","time":1611056636,"event":{"mods":["AlwaysNeverKeys","BaseMod","Better Altar","Better Vampires","Block Reminder","Colored Powertips","Downfall","Googly Eyes","Highlight Path","Minty Spire (QoL Compilation)","Permanent Neow","Potion Indicator Mod","Quick Restart","Relic Filter","Relic Stats","Say the Spire","Spicy Shops","StSLib","Waifu the Spire","everything is the same but u backflip on backflip"],"gold_per_floor":[99,110,124,124,134,134,134,119,176,121,21,47,59,91,117,226,238,150,173,204,201,213,225,311,323,348,348,348,375,375,403,419,521,521,521,540,555,83,95,121,121,121,132,70,70,101,1,20,36,36,36,67,20,20,20,20,20,20],"floor_reached":56,"language":"ENG","playtime":3560,"items_purged":["Normality"],"score":1118,"play_id":"bbe72eeb-7c5c-4cb9-860a-863904e7d9e7","local_time":"20210119114356","is_ascension_mode":true,"campfire_choices":[{"data":"Guardian:TwinSlam","floor":1,"key":"SMITH"},{"floor":6,"key":"RECALL"},{"data":"Guardian:ShieldCharger","floor":11,"key":"SMITH"},{"floor":13,"key":"REST"},{"data":"Guardian:FloatingOrbs","floor":18,"key":"SMITH"},{"data":"Guardian:FloatingOrbs","floor":23,"key":"SMITH"},{"floor":30,"key":"REST"},{"data":"Guardian:AncientConstruct","floor":35,"key":"SMITH"},{"data":"expansioncontent:Chronoboost","floor":47,"key":"SMITH"},{"data":"Guardian:PrismaticBeam","floor":54,"key":"SMITH"}],"circlet_count":0,"master_deck":["Guardian:Defend_Guardian","Guardian:Defend_Guardian","Guardian:CurlUp","Guardian:TwinSlam+1","Guardian:BronzeOrb","Guardian:VentSteam","Guardian:AncientConstruct+1","Guardian:BronzeOrb","Guardian:ChargeCore","Guardian:ShieldCharger+1","Guardian:FloatingOrbs+1","Guardian:FloatingOrbs+1","Guardian:ExploitGems","Guardian:BodySlam+1","Guardian:SpikerProtocol+1","Bite","Bite","Bite","Bite","Guardian:Harden+1","Guardian:BronzeArmor","Guardian:FloatingOrbs","Guardian:TimeCapacitor+1","Guardian:PolyBeam","expansioncontent:Chronoboost+1","Guardian:PrismaticBeam+1","downfall:Aged","Guardian:BronzeOrb","Guardian:Orbwalk+1"],"relics":["Guardian:ModeShifter","Torii","Mercury Hourglass","Ginger","downfall:HeartBlessingRed","Runic Pyramid","downfall:HeartBlessingGreen","Eternal Feather","downfall:RedIOU","Frozen Eye","Regal Pillow","Akabeko","Philosopher\u0027s Stone","Toolbox","Vajra","Bottled Flame","Pantograph","Guardian:StasisEgg","White Beast Statue","downfall:HeartBlessingBlue","Guardian:PickAxe"],"acts_visited":["Exordium","TheCity","TheBeyond","TheEnding"],"potions_floor_usage":[12,16,20,21,13029,29,32,33,33,48,50,50,56,56],"damage_taken":[{"damage":8,"enemies":"Jaw Worm","floor":2,"turns":3},{"damage":6,"enemies":"2 Louse","floor":3,"turns":2},{"damage":0,"enemies":"Small Slimes","floor":5,"turns":3},{"damage":3,"enemies":"downfall:FleeingMerchant","floor":8,"turns":4},{"damage":16,"enemies":"Gremlin Nob","floor":9,"turns":4},{"damage":2,"enemies":"downfall:FleeingMerchant","floor":10,"turns":4},{"damage":15,"enemies":"Lagavulin","floor":12,"turns":7},{"damage":0,"enemies":"3 Louse","floor":14,"turns":2},{"damage":0,"enemies":"Gremlin Gang","floor":15,"turns":4},{"damage":1,"enemies":"WA_ARCHETYPE_RETAIN","floor":16,"turns":6},{"damage":22,"enemies":"Spheric Guardian","floor":19,"turns":4},{"damage":6,"enemies":"3 Byrds","floor":20,"turns":3},{"damage":5,"enemies":"downfall:FleeingMerchant","floor":21,"turns":4},{"damage":22,"enemies":"Slavers","floor":26,"turns":4},{"damage":25,"enemies":"Book of Stabbing","floor":29,"turns":7},{"damage":29,"enemies":"Gremlin Leader","floor":31,"turns":6},{"damage":6,"enemies":"3 Cultists","floor":32,"turns":3},{"damage":1,"enemies":"DF_ARCHETYPE_CLAW","floor":33,"turns":6},{"damage":13,"enemies":"3 Shapes","floor":36,"turns":5},{"damage":18,"enemies":"Orb Walker","floor":37,"turns":4},{"damage":0,"enemies":"downfall:FleeingMerchant","floor":38,"turns":4},{"damage":2,"enemies":"3 Darklings","floor":39,"turns":4},{"damage":23,"enemies":"Reptomancer","floor":40,"turns":5},{"damage":11,"enemies":"Jaw Worm Horde","floor":43,"turns":3},{"damage":0,"enemies":"downfall:FleeingMerchant","floor":44,"turns":1},{"damage":27,"enemies":"Nemesis","floor":46,"turns":5},{"damage":1,"enemies":"Maw","floor":48,"turns":6},{"damage":1,"enemies":"Sphere and 2 Shapes","floor":49,"turns":4},{"damage":19,"enemies":"IC_BLOCK_ARCHETYPE","floor":50,"turns":6},{"damage":27,"enemies":"downfall:CharBossMerchant","floor":52,"turns":7},{"damage":17,"enemies":"downfall:NeowBoss","floor":55,"turns":10},{"damage":79,"enemies":"downfall:NeowBossFinal","floor":56,"turns":8}],"seed_played":"4382268024040076904","potions_obtained":[{"floor":3,"key":"Swift Potion"},{"floor":9,"key":"SteroidPotion"},{"floor":12,"key":"GamblersBrew"},{"floor":14,"key":"sneckomod:MuddlingPotion"},{"floor":15,"key":"Explosive Potion"},{"floor":26,"key":"PowerPotion"},{"floor":29,"key":"champ:CounterPotion"},{"floor":31,"key":"PowerPotion"},{"floor":32,"key":"champ:CounterPotion"},{"floor":33,"key":"Fire Potion"},{"floor":36,"key":"SteroidPotion"},{"floor":39,"key":"DuplicationPotion"},{"floor":40,"key":"Guardian:BlockOnCardUsePotion"},{"floor":48,"key":"SpeedPotion"},{"floor":52,"key":"LiquidMemories"}],"is_trial":false,"path_per_floor":["R","M","M","?","M","R","T","$","?","$","R","E","R","M","M","B",null,"R","M","M","$","?","R","T","?","E","?","?","E","R","E","M","B",null,"R","M","M","$","M","E","T","?","M","?","?","E","R","M","M","B",null,"E","$","R","B","B"],"character_chosen":"GUARDIAN","items_purchased":["Guardian:ShieldCharger","Guardian:FloatingOrbs","Toolbox","Vajra","expansioncontent:Chronoboost","Guardian:PrismaticBeam","Pantograph","Guardian:Gem_Red"],"campfire_rested":2,"item_purchase_floors":[10,38,38,38,44,44,44,53],"current_hp_per_floor":[72,64,58,80,80,80,80,77,61,59,59,44,68,68,68,67,77,77,55,49,44,44,44,44,44,30,16,16,23,60,33,29,38,55,60,48,32,38,44,29,29,52,45,45,45,24,52,62,61,53,60,40,40,58,54,0,0,0],"gold":20,"neow_bonus":"ONE_RARE_RELIC","is_daily":false,"chose_seed":false,"campfire_upgraded":7,"win_rate":0.0,"timestamp":1611056636,"path_taken":["R","M","M","?","M","R","T","$","?","$","R","E","R","M","M","BOSS","R","M","M","$","?","R","T","?","E","?","?","E","R","E","M","BOSS","R","M","?","$","M","E","T","?","M","?","?","E","R","M","M","BOSS","E","$","R","BOSS","BOSS"],"items_purchased_type":["Card","Card","Relic","Relic","Card","Card","Relic","Card"],"build_version":"2020-12-22","purchased_purges":1,"victory":false,"max_hp_per_floor":[80,80,80,80,80,80,80,80,80,80,80,80,80,80,80,80,80,80,80,80,80,60,60,60,60,60,60,60,60,60,60,60,60,60,60,60,60,60,60,60,60,52,52,52,52,52,62,62,62,62,62,62,62,62,62,62,62,62],"relic_stats":{"Regal Pillow":7,"Torii":53,"counters":[32,148],"Pantograph":13,"Eternal Feather":53,"Ginger":[26],"obtain_stats":[{"Regal Pillow":29,"Torii":0,"downfall:HeartBlessingRed":11,"Guardian:StasisEgg":45,"Guardian:ModeShifter":0,"Vajra":38,"downfall:HeartBlessingGreen":18,"Eternal Feather":24,"Ginger":9,"MawBank":12,"Akabeko":31,"White Beast Statue":46,"Mercury Hourglass":7,"Guardian:PickAxe":52,"Frozen Eye":26,"Bottled Flame":40,"downfall:HeartBlessingBlue":47,"Pantograph":44,"Toolbox":38,"Philosopher\u0027s Stone":34,"downfall:RedIOU":25,"Runic Pyramid":17},{"Regal Pillow":15,"Torii":0,"downfall:HeartBlessingRed":6,"Guardian:StasisEgg":25,"Guardian:ModeShifter":0,"Vajra":21,"downfall:HeartBlessingGreen":10,"Eternal Feather":13,"Ginger":4,"MawBank":7,"Akabeko":16,"White Beast Statue":26,"Mercury Hourglass":3,"Guardian:PickAxe":30,"Frozen Eye":14,"Bottled Flame":23,"downfall:HeartBlessingBlue":26,"Pantograph":25,"Toolbox":21,"Philosopher\u0027s Stone":18,"downfall:RedIOU":13,"Runic Pyramid":10},{"Regal Pillow":61,"Torii":0,"downfall:HeartBlessingRed":20,"Guardian:StasisEgg":102,"Guardian:ModeShifter":0,"Vajra":89,"downfall:HeartBlessingGreen":39,"Eternal Feather":50,"Ginger":12,"MawBank":27,"Akabeko":67,"White Beast Statue":107,"Mercury Hourglass":8,"Guardian:PickAxe":130,"Frozen Eye":54,"Bottled Flame":98,"downfall:HeartBlessingBlue":107,"Pantograph":102,"Toolbox":89,"Philosopher\u0027s Stone":76,"downfall:RedIOU":50,"Runic Pyramid":39}],"Mercury Hourglass":[431]},"card_choices":[{"not_picked":["Guardian:PrismaticBeam","Guardian:Recover"],"picked":"Guardian:BronzeOrb","floor":2},{"not_picked":["Guardian:Gem_Blue","Guardian:Gem_Lightblue"],"picked":"Guardian:Gem_Fragmented","floor":3},{"not_picked":["Guardian:BodySlam","Guardian:Reroute"],"picked":"Guardian:VentSteam","floor":5},{"not_picked":["Guardian:Gem_Cyan","Guardian:TemporalStrike"],"picked":"Guardian:AncientConstruct","floor":8},{"not_picked":["Guardian:Gem_Purple","Guardian:ChargeCore"],"picked":"Guardian:BronzeOrb","floor":9},{"not_picked":["Guardian:VentSteam","Guardian:PiercingHide"],"picked":"Guardian:ChargeCore","floor":10},{"not_picked":["Guardian:BodySlam","Guardian:Harden"],"picked":"Guardian:FloatingOrbs","floor":12},{"not_picked":["Guardian:FierceBash","Guardian:Orbwalk"],"picked":"Guardian:FloatingOrbs","floor":14},{"not_picked":["Guardian:CrystalBeam","Guardian:GuardianWhirl"],"picked":"Guardian:Gem_Red","floor":15},{"not_picked":["Guardian:GatlingBeam","Guardian:RevengeProtocol"],"picked":"Guardian:ExploitGems","floor":16},{"not_picked":["Guardian:ChargeCore","Guardian:Gem_Green"],"picked":"Guardian:Gem_Cyan","floor":19},{"not_picked":["Guardian:RefractedBeam","Guardian:WalkerClaw+1"],"picked":"Guardian:BodySlam+1","floor":20},{"not_picked":["Guardian:Gem_Red","Guardian:Harden+1"],"picked":"Guardian:SpikerProtocol+1","floor":21},{"not_picked":["Guardian:Recover","Guardian:PrismaticBeam+1"],"picked":"Guardian:Gem_Red","floor":26},{"not_picked":["Guardian:TemporalStrike","Guardian:TemporalShield"],"picked":"Guardian:Gem_Crimson","floor":29},{"not_picked":["Guardian:Planning","Guardian:FastForward"],"picked":"Guardian:Harden+1","floor":31},{"not_picked":["Guardian:PrimingBeam","Guardian:TemporalShield"],"picked":"Guardian:Gem_Green","floor":32},{"not_picked":["Guardian:StasisStrike","Guardian:FierceBash"],"picked":"Guardian:Gem_Orange","floor":33},{"not_picked":["Guardian:Gem_Red","Guardian:Incinerate+1"],"picked":"Guardian:BronzeArmor","floor":36},{"not_picked":["Guardian:VentSteam+1","Guardian:ChargeCore+1","Guardian:Gem_Red"],"picked":"SKIP","floor":37},{"not_picked":["Guardian:VentSteam+1","Guardian:Gem_Blue"],"picked":"Guardian:Gem_Cyan","floor":38},{"not_picked":["Guardian:Gem_Purple","Guardian:Gem_Lightblue"],"picked":"Guardian:Gem_Fragmented","floor":39},{"not_picked":["Guardian:Gem_White","Guardian:Suspension+1"],"picked":"Guardian:TimeCapacitor+1","floor":40},{"not_picked":["Guardian:RefractedBeam+1","Guardian:Gem_Blue","Guardian:Gem_Crimson"],"picked":"SKIP","floor":43},{"not_picked":["Guardian:Gem_Green","Guardian:Gem_Crimson"],"picked":"Guardian:PolyBeam","floor":44},{"not_picked":["Guardian:CrystalBeam","Guardian:TemporalShield+1"],"picked":"Guardian:BronzeOrb","floor":46},{"not_picked":["Guardian:ChargeCore+1","Guardian:BodySlam"],"picked":"Guardian:Orbwalk+1","floor":48},{"not_picked":["Guardian:WalkerClaw","Guardian:PrimingBeam","Guardian:GuardianWhirl+1"],"picked":"SKIP","floor":49},{"not_picked":["Guardian:WalkerClaw+1","Guardian:ChargeCore+1","Guardian:GuardianWhirl+1"],"picked":"SKIP","floor":52}],"player_experience":1225440,"relics_obtained":[{"floor":7,"key":"Mercury Hourglass"},{"floor":12,"key":"MawBank"},{"floor":24,"key":"Eternal Feather"},{"floor":26,"key":"Frozen Eye"},{"floor":29,"key":"Regal Pillow"},{"floor":31,"key":"Akabeko"},{"floor":40,"key":"Bottled Flame"},{"floor":46,"key":"White Beast Statue"},{"floor":52,"key":"Guardian:PickAxe"}],"event_choices":[{"damage_healed":26,"gold_gain":0,"player_choice":"Banana","damage_taken":0,"max_hp_gain":0,"max_hp_loss":0,"event_name":"Big Fish","floor":4,"gold_loss":0},{"damage_healed":0,"gold_gain":0,"player_choice":"Became a vampire","damage_taken":0,"max_hp_gain":0,"max_hp_loss":20,"event_name":"Vampires","floor":22,"gold_loss":0,"cards_obtained":["Bite","Bite","Bite","Bite"]},{"damage_healed":0,"gold_gain":0,"player_choice":" Potion ","damage_taken":14,"relics_obtained":[],"max_hp_gain":30,"max_hp_loss":16,"event_name":"betterAltar:BetterAltar","floor":27,"potions_obtained":["betterAltar:AltarPotion"],"relics_lost":[],"gold_loss":0}],"is_beta":false,"boss_relics":[{"not_picked":["Coffee Dripper","Guardian:ModeShifterPlus"],"picked":"Runic Pyramid"},{"not_picked":["Black Star","Runic Dome"],"picked":"Philosopher\u0027s Stone"}],"items_purged_floors":[38],"is_endless":false,"potions_floor_spawned":[3,9,12,14,15,26,29,31,32,33,36,39,40,43,46,48,49,52],"killed_by":"downfall:NeowBossFinal","ascension_level":8}}