{"host":"2e5gbsni44p3458r","time":1611060297,"event":{"mods":["BaseMod","Colored Map","Downfall","Hermit","Hubris","Minty Spire (QoL Compilation)","StSLib","The Cursed"],"gold_per_floor":[99,119,135,135,135,35,84,84,84,98,8,8,21,196,212,307,307,307,39,39,39,58,74,74,148,161,186,86,291,291,306,318,419,419,419,439,439,451,461,474,474,474,505,505,535,435,446,464,474,474,474,474,474],"floor_reached":52,"language":"ENG","playtime":4134,"items_purged":["downfall:Malfunctioning","Doubt","bronze:Strike"],"score":749,"play_id":"250dfdb0-f16c-4502-b05b-9d09d518755c","local_time":"20210119214457","is_ascension_mode":false,"campfire_choices":[{"floor":1.0,"key":"RECALL"},{"data":"bronze:Spike","floor":6.0,"key":"SMITH"},{"data":"bronze:Break","floor":9.0,"key":"SMITH"},{"data":"bronze:SpaghettiCode","floor":18.0,"key":"SMITH"},{"data":"bronze:FollowUp","floor":28.0,"key":"SMITH"},{"floor":30.0,"key":"REST"},{"data":"bronze:RecursiveStrike","floor":35.0,"key":"SMITH"},{"data":"bronze:BronzeOrb","floor":42.0,"key":"SMITH"},{"data":"bronze:Shell","floor":46.0,"key":"SMITH"}],"circlet_count":0,"master_deck":["bronze:Defend","bronze:Defend","bronze:Defend+1","bronze:Defend","bronze:Replicate+1","bronze:Goto+1","bronze:Fortify","bronze:DelayedSlice","bronze:Spike+1","bronze:Shell+1","bronze:RecursiveStrike+1","bronze:WhirlingStrike","bronze:FollowUp+1","bronze:ClassDefault","bronze:SpaghettiCode+1","bronze:DigitalCarnage+1","bronze:ChosenStrike+1","bronze:Invalidate+1","bronze:BronzeOrb+1","bronze:Optimize+1","bronze:BronzeOrb+1","bronze:Iterate+1","bronze:ClassDefault+1","bronze:Flail+1","bronze:RecursiveStrike+1","bronze:RecursiveStrike+1","bronze:FineTuning+1","bronze:FollowUp+1","bronze:Fortify+1","bronze:SpaghettiCode+1"],"relics":["bronze:BronzeCore","downfall:HeartBlessingRed","Anchor","Thread and Needle","Astrolabe","Medical Kit","Molten Egg 2","Orichalcum","downfall:HeartBlessingBlue","bronze:MakeshiftBattery","Torii","hubris:FunFungus","Ice Cream","downfall:HeartBlessingGreen"],"acts_visited":["Exordium","TheCity","TheBeyond","TheEnding"],"potions_floor_usage":[],"damage_taken":[{"damage":0.0,"enemies":"2 Louse","floor":2.0,"turns":3.0},{"damage":1.0,"enemies":"Jaw Worm","floor":3.0,"turns":5.0},{"damage":9.0,"enemies":"Jaw Worm","floor":5.0,"turns":7.0},{"damage":7.0,"enemies":"Small Slimes","floor":10.0,"turns":3.0},{"damage":5.0,"enemies":"downfall:FleeingMerchant","floor":11.0,"turns":4.0},{"damage":3.0,"enemies":"Blue Slaver","floor":13.0,"turns":3.0},{"damage":1.0,"enemies":"Exordium Thugs","floor":15.0,"turns":3.0},{"damage":35.0,"enemies":"IC_STATUS_ARCHETYPE","floor":16.0,"turns":8.0},{"damage":11.0,"enemies":"downfall:FleeingMerchant","floor":19.0,"turns":4.0},{"damage":0.0,"enemies":"Chosen","floor":22.0,"turns":2.0},{"damage":0.0,"enemies":"Sentry and Sphere","floor":23.0,"turns":2.0},{"damage":0.0,"enemies":"Snake Plant","floor":26.0,"turns":3.0},{"damage":0.0,"enemies":"Gremlin Leader","floor":27.0,"turns":6.0},{"damage":3.0,"enemies":"downfall:FleeingMerchant","floor":29.0,"turns":4.0},{"damage":0.0,"enemies":"Cultist and Chosen","floor":31.0,"turns":3.0},{"damage":5.0,"enemies":"Snecko","floor":32.0,"turns":3.0},{"damage":56.0,"enemies":"SI_MIRROR_ARCHETYPE","floor":33.0,"turns":12.0},{"damage":0.0,"enemies":"Orb Walker","floor":36.0,"turns":2.0},{"damage":7.0,"enemies":"3 Shapes","floor":38.0,"turns":3.0},{"damage":2.0,"enemies":"3 Darklings","floor":39.0,"turns":4.0},{"damage":9.0,"enemies":"Jaw Worm Horde","floor":40.0,"turns":4.0},{"damage":14.0,"enemies":"Reptomancer","floor":43.0,"turns":4.0},{"damage":7.0,"enemies":"Nemesis","floor":45.0,"turns":5.0},{"damage":1.0,"enemies":"Transient","floor":47.0,"turns":5.0},{"damage":0.0,"enemies":"Writhing Mass","floor":48.0,"turns":3.0},{"damage":0.0,"enemies":"Jaw Worm Horde","floor":49.0,"turns":2.0},{"damage":15.0,"enemies":"WA_ARCHETYPE_DIVINITY","floor":50.0,"turns":8.0},{"damage":80,"enemies":"downfall:CharBossMerchant","floor":52,"turns":7}],"seed_played":"-7923230138714973429","potions_obtained":[{"floor":2.0,"key":"EntropicBrew"},{"floor":5.0,"key":"Dexterity Potion"},{"floor":13.0,"key":"FearPotion"},{"floor":16.0,"key":"BlessingOfTheForge"},{"floor":23.0,"key":"BlessingOfTheForge"},{"floor":27.0,"key":"bronze:CleanCodePotion"},{"floor":32.0,"key":"SteroidPotion"},{"floor":40.0,"key":"ColorlessPotion"},{"floor":43.0,"key":"SkillPotion"},{"floor":48.0,"key":"Dexterity Potion"}],"is_trial":false,"path_per_floor":["R","M","M","?","?","R","T","?","R","M","$","?","M","?","M","B",null,"R","$","?","?","M","M","T","T","M","E","R","$","R","M","M","B",null,"R","M","?","M","M","M","T","R","E","?","E","R","M","M","M","B",null,"E"],"character_chosen":"THE_AUTOMATON","items_purchased":["Medical Kit"],"campfire_rested":1,"item_purchase_floors":[19],"current_hp_per_floor":[77,77,76,76,67,67,67,67,67,60,55,43,40,40,39,4,77,77,66,52,52,52,52,52,52,52,52,62,59,86,86,81,25,92,92,92,92,85,83,74,74,74,60,60,55,55,54,54,54,41,92,12,12],"gold":474,"neow_bonus":"TEN_PERCENT_HP_BONUS","is_daily":false,"chose_seed":false,"campfire_upgraded":7,"win_rate":0.0,"timestamp":1611060297,"path_taken":["R","M","M","?","?","R","T","?","R","M","$","?","?","?","M","BOSS","R","$","?","?","?","M","T","?","M","E","R","$","R","M","M","BOSS","R","M","?","M","?","M","T","R","E","?","E","R","M","?","M","BOSS","E"],"items_purchased_type":["Relic"],"build_version":"2020-12-22","purchased_purges":3,"victory":false,"max_hp_per_floor":[77,77,77,77,77,77,77,77,77,77,77,77,77,77,77,77,77,77,77,82,82,82,82,82,82,82,82,92,92,92,92,92,92,92,92,92,92,92,92,92,92,92,92,92,92,92,92,92,92,92,92,92,92],"card_choices":[{"not_picked":["bronze:Repulsor","bronze:FineTuning"],"picked":"bronze:Fortify","floor":2.0},{"not_picked":["bronze:Branch","bronze:BitShift"],"picked":"bronze:DelayedSlice","floor":3.0},{"not_picked":[],"picked":"bronze:Spike","floor":5.0},{"not_picked":["bronze:GetLatest","bronze:DelayedSlice"],"picked":"bronze:Shell","floor":5.0},{"not_picked":["bronze:CloningBeam","bronze:BitShift"],"picked":"bronze:RecursiveStrike","floor":10.0},{"not_picked":["bronze:DarkDash","bronze:BitShift"],"picked":"bronze:WhirlingStrike","floor":11.0},{"not_picked":["bronze:Frontload","bronze:FineTuning"],"picked":"bronze:FollowUp","floor":13.0},{"not_picked":["bronze:Invalidate","bronze:Turbo"],"picked":"bronze:ClassDefault","floor":15.0},{"not_picked":["bronze:FindAndReplace","bronze:Break"],"picked":"bronze:SpaghettiCode","floor":16.0},{"not_picked":["bronze:NullPointer+1","bronze:Branch"],"picked":"bronze:BronzeOrb","floor":19.0},{"not_picked":["bronze:Shield","bronze:DigitalCarnage"],"picked":"bronze:Optimize+1","floor":22.0},{"not_picked":["bronze:MaxOutput+1","bronze:Frontload","bronze:Deprecate"],"picked":"SKIP","floor":23.0},{"not_picked":["bronze:BronzeArmor","bronze:Shell+1"],"picked":"bronze:BronzeOrb+1","floor":26.0},{"not_picked":["bronze:BurnOut+1","bronze:BitShift+1"],"picked":"bronze:Iterate+1","floor":27.0},{"not_picked":["bronze:Turbo","bronze:Return"],"picked":"bronze:ClassDefault+1","floor":29.0},{"not_picked":["bronze:Turbo","bronze:Shield"],"picked":"bronze:Flail+1","floor":31.0},{"not_picked":["bronze:Allocate+1","bronze:OilSpill+1"],"picked":"bronze:RecursiveStrike+1","floor":32.0},{"not_picked":["bronze:BurnOut+1","bronze:CleanCode"],"picked":"bronze:RecursiveStrike+1","floor":33.0},{"not_picked":["bronze:Frontload+1","bronze:Shield","bronze:Overheat+1"],"picked":"SKIP","floor":36.0},{"not_picked":["bronze:OilSpill+1","bronze:MaxOutput+1"],"picked":"bronze:FineTuning+1","floor":38.0},{"not_picked":["bronze:BuggyMess+1","bronze:DelayedGuard+1","bronze:Deprecate+1"],"picked":"SKIP","floor":39.0},{"not_picked":["bronze:DelayedSlice+1","bronze:BugBarrage+1"],"picked":"bronze:FollowUp+1","floor":40.0},{"not_picked":["bronze:NullPointer+1","bronze:CloningBeam+1"],"picked":"bronze:Fortify+1","floor":43.0},{"not_picked":["bronze:Philosophize","bronze:DelayedSlice+1","bronze:Safeguard+1"],"picked":"SKIP","floor":45.0},{"not_picked":["bronze:CutThrough+1","bronze:Deprecate+1","bronze:BitShift+1"],"picked":"SKIP","floor":47.0},{"not_picked":["bronze:FineTuning+1","bronze:BuggyMess","bronze:Shell+1"],"picked":"SKIP","floor":48.0},{"not_picked":["bronze:Return+1","bronze:BuggyMess","bronze:Safeguard+1"],"picked":"SKIP","floor":49.0}],"player_experience":729059,"relics_obtained":[{"floor":7.0,"key":"Anchor"},{"floor":25.0,"key":"Molten Egg 2"},{"floor":27.0,"key":"Orichalcum"},{"floor":41.0,"key":"Torii"},{"floor":43.0,"key":"hubris:FunFungus"},{"floor":45.0,"key":"Ice Cream"}],"event_choices":[{"damage_healed":0.0,"max_hp_gain":0.0,"max_hp_loss":0.0,"gold_gain":0.0,"event_name":"Scrap Ooze","player_choice":"Success","floor":12.0,"gold_loss":0.0,"damage_taken":12.0,"relics_obtained":["Thread and Needle"]},{"damage_healed":0.0,"max_hp_gain":0.0,"max_hp_loss":0.0,"gold_gain":0.0,"event_name":"NoteForYourself","player_choice":"Ignored","floor":21.0,"gold_loss":0.0,"damage_taken":0.0}],"is_beta":false,"boss_relics":[{"not_picked":["Tiny House","Runic Dome"],"picked":"Astrolabe"},{"not_picked":["hubris:CrackedHourglass","hubris:BlackHole"],"picked":"bronze:MakeshiftBattery"}],"items_purged_floors":[11,19,29],"is_endless":false,"potions_floor_spawned":[2,5,13,16,23,27,32,33,36,40,43,48],"killed_by":"downfall:CharBossMerchant","ascension_level":0}}