{"host":"i0s8vbixp24k5aul","time":1611057998,"event":{"mods":["2.2 Compatiblity","Act Like it!","Aspiration","BaseMod","Better Note","Better Third Choice","Better Vampires","BetterUpgradePreview","Colorless Booster Pack","Displayed Cursed Tome","Energized Spire","Fox Events","GifTheSpireLib","Gremlin Mod","Halation","Hermit","Hubris","HumanHunterMod(????mod)","Infinite Spire","Jedi Mod","Minty Spire (QoL Compilation)","Optimize The Spire","Poor People Problems","Potionbrewer","Random Character Mod","Shade Mod","StSLib","Stuff the Spire","Swap Starting Deck Mod","The Animator","The Bug Knight","The Construct","The Cursed","The Disciple","The Mystic","TheHero","TheWitcher","vexMod","??????REMEMod"],"gold_per_floor":[118,138,165,165,165,199,199,219,350,350,44,58,58,69,69,170,247,247,247],"floor_reached":18,"language":"RUS","playtime":577,"items_purged":[],"score":160,"play_id":"22a45552-498b-45f7-9f6c-87bf7cdf85b1","local_time":"20210119150638","is_ascension_mode":false,"campfire_choices":[{"floor":7,"key":"REST"},{"floor":13,"key":"REST"},{"floor":15,"key":"REST"}],"circlet_count":0,"master_deck":["Strike_R","Strike_R","Strike_R","Strike_R","Strike_R","Defend_R","Defend_R","Defend_R","Defend_R","Bash","CBP: PlotConvenience+1","Blood for Blood","Thunderclap","Twin Strike","hubris:CleavingFinish","Hemokinesis","Regret","Apotheosis","REME_Fury","Thunderclap","hubris:StunningStrike"],"relics":["Burning Blood","REME_ComplimentaryCards","NeowsBlessing","foxEvents:LuckyCharm","hubris:Icosahedron","StuffTheSpire:Barrel","Boot","StuffTheSpire:RedRose","halation:PromiseList","potionbrewer:BhaskarasWheel"],"acts_visited":["Exordium","TheCity"],"potions_floor_usage":[6,14,16],"damage_taken":[{"damage":0,"enemies":"Jaw Worm","floor":1,"turns":1},{"damage":0,"enemies":"2 Louse","floor":2,"turns":1},{"damage":0,"enemies":"Colosseum Slavers","floor":3,"turns":1},{"damage":66,"enemies":"Lagavulin","floor":6,"turns":8},{"damage":7,"enemies":"Small Slimes","floor":8,"turns":3},{"damage":9,"enemies":"3 Louse","floor":12,"turns":2},{"damage":26,"enemies":"Exordium Thugs","floor":14,"turns":3},{"damage":66,"enemies":"Hexaghost","floor":16,"turns":8},{"damage":88,"enemies":"Spheric Guardian","floor":18,"turns":6}],"seed_played":"6687971447527461208","potions_obtained":[{"floor":2,"key":"FearPotion"},{"floor":6,"key":"potionbrewer:AcidPotion"},{"floor":8,"key":"BlessingOfTheForge"},{"floor":16,"key":"Explosive Potion"}],"is_trial":false,"path_per_floor":["M","M","?","?","?","E","R","M","T","?","$","M","R","M","R","B",null,"M"],"character_chosen":"IRONCLAD","items_purchased":["halation:PromiseList","Apotheosis"],"campfire_rested":3,"item_purchase_floors":[11,11],"current_hp_per_floor":[80,80,80,80,80,20,44,43,43,43,43,48,72,52,76,20,80,0,0],"gold":247,"neow_bonus":"THREE_ENEMY_KILL","is_daily":false,"chose_seed":false,"campfire_upgraded":0,"win_rate":0.0,"timestamp":1611057998,"path_taken":["M","M","?","?","?","E","R","M","T","?","?","M","R","M","R","BOSS","M"],"items_purchased_type":["Relic","Card"],"build_version":"2020-12-22","purchased_purges":0,"victory":false,"max_hp_per_floor":[80,80,80,80,80,80,80,80,80,80,80,80,80,80,80,80,80,80,80],"card_choices":[{"not_picked":["Heavy Blade","Seeing Red"],"picked":"Blood for Blood","floor":1},{"not_picked":["Clothesline","jedi:MakeshiftSword"],"picked":"Thunderclap","floor":2},{"not_picked":["Sword Boomerang","Bloodletting"],"picked":"Twin Strike","floor":3},{"not_picked":["Clash","Shrug It Off"],"picked":"hubris:CleavingFinish","floor":6},{"not_picked":["Dropkick","StuffTheSpire:RockThrow"],"picked":"Hemokinesis","floor":8},{"not_picked":["jedi:fear","Clothesline"],"picked":"REME_Fury","floor":12},{"not_picked":["Seeing Red","Perfected Strike"],"picked":"Thunderclap","floor":14},{"not_picked":["Juggernaut","REME_Fury"],"picked":"hubris:StunningStrike","floor":16}],"player_experience":972823,"relics_obtained":[{"floor":3,"key":"foxEvents:LuckyCharm"},{"floor":6,"key":"StuffTheSpire:Barrel"},{"floor":9,"key":"Boot"}],"event_choices":[],"is_beta":false,"boss_relics":[{"not_picked":["StuffTheSpire:ModemDavis","Fusion Hammer"],"picked":"potionbrewer:BhaskarasWheel"}],"items_purged_floors":[],"is_endless":false,"potions_floor_spawned":[2,6,8,16],"killed_by":"Spheric Guardian","ascension_level":0}}