{"host":"1s2i2u841ofwoqaa","time":1611041720,"event":{"mods":["AchievementEnabler","Aspiration","BaseMod","Bestiary","Better Third Choice","Colored Powertips","Downfall","Hubris","Minty Spire (QoL Compilation)","StSLib","SuperFastMode","The Marked"],"gold_per_floor":[99,118,129,139,149,49,49,69,69,54,54,88,88,104,116,116,116,116],"floor_reached":16,"language":"ENG","playtime":961,"items_purged":[],"score":114,"play_id":"6ba1844e-4a57-44ec-953f-0facd0428b51","local_time":"20210119203520","is_ascension_mode":true,"campfire_choices":[{"floor":1,"key":"RECALL"},{"data":"champ:EnragedBash","floor":6,"key":"SMITH"},{"floor":9,"key":"REST"},{"data":"champ:StanceDance","floor":11,"key":"SMITH"}],"circlet_count":0,"master_deck":["champ:Strike","champ:Strike","champ:Strike","champ:Strike","champ:Defend","champ:Defend","champ:Defend","champ:Defend","champ:Execute","champ:Taunt+1","champ:StanceDance+1","champ:CrookedStrike","champ:PreciseThrust","champ:EnragedBash+1","champ:FlashCut","champ:SteelEdge","champ:RecklessLeap","champ:IronFortress+1","champ:FanOfKnives"],"relics":["champ:ChampionCrown","downfall:HeartBlessingRed","Frozen Egg 2","hubris:OldNail","aspiration:BabyByrd"],"acts_visited":["Exordium"],"potions_floor_usage":[12,15],"damage_taken":[{"damage":21,"enemies":"Cultist","floor":2,"turns":3},{"damage":20,"enemies":"Jaw Worm","floor":3,"turns":4},{"damage":15,"enemies":"2 Louse","floor":4,"turns":2},{"damage":26,"enemies":"Lots of Slimes","floor":5,"turns":5},{"damage":42,"enemies":"Gremlin Gang","floor":8,"turns":3},{"damage":25,"enemies":"downfall:FleeingMerchant","floor":10,"turns":4},{"damage":28,"enemies":"Gremlin Nob","floor":12,"turns":3},{"damage":28,"enemies":"Large Slime","floor":14,"turns":4},{"damage":10,"enemies":"Lots of Slimes","floor":15,"turns":3},{"damage":56,"enemies":"SI_SHIV_ARCHETYPE","floor":16,"turns":5}],"seed_played":"7225822417643754860","potions_obtained":[{"floor":8,"key":"DistilledChaos"},{"floor":12,"key":"DuplicationPotion"}],"is_trial":false,"path_per_floor":["R","M","M","M","M","R","T","M","R","$","R","E","?","M","M","B"],"character_chosen":"THE_CHAMP","items_purchased":[],"campfire_rested":1,"item_purchase_floors":[],"current_hp_per_floor":[90,89,89,84,68,68,68,41,68,68,68,55,55,52,52,0,0,0],"gold":116,"neow_bonus":"UPGRADE_CARD","is_daily":false,"chose_seed":false,"campfire_upgraded":2,"win_rate":0.0,"timestamp":1611041720,"path_taken":["R","M","M","?","?","R","T","M","R","$","R","E","?","M","M","BOSS"],"items_purchased_type":[],"build_version":"2020-12-22","purchased_purges":0,"victory":false,"max_hp_per_floor":[90,90,90,90,90,90,90,90,90,90,90,90,90,90,90,90,90,90],"card_choices":[{"not_picked":["champ:Haymaker","champ:EnGarde"],"picked":"champ:StanceDance","floor":2},{"not_picked":["champ:Circumvent","champ:Lariat"],"picked":"champ:CrookedStrike","floor":3},{"not_picked":["champ:Circumvent","champ:StanceDance"],"picked":"champ:PreciseThrust","floor":4},{"not_picked":["champ:ShieldSigil","champ:BerserkersShout"],"picked":"champ:EnragedBash","floor":5},{"not_picked":["champ:StanceDance","champ:BerserkersShout"],"picked":"champ:FlashCut","floor":8},{"not_picked":["champ:EnGarde","champ:FaceSlap"],"picked":"champ:SteelEdge","floor":10},{"not_picked":["champ:FalseCounter","champ:BringItOn"],"picked":"champ:RecklessLeap","floor":12},{"not_picked":["champ:Duel","champ:SetATrap"],"picked":"champ:IronFortress+1","floor":14},{"not_picked":["champ:Circumvent","champ:Backstep"],"picked":"champ:FanOfKnives","floor":15}],"player_experience":507792,"relics_obtained":[{"floor":7,"key":"Frozen Egg 2"},{"floor":12,"key":"hubris:OldNail"}],"event_choices":[],"is_beta":false,"boss_relics":[],"items_purged_floors":[],"is_endless":false,"potions_floor_spawned":[8,12],"killed_by":"SI_SHIV_ARCHETYPE","ascension_level":2}}