{"host":"6e4d2nejd5141r00","time":1611074873,"event":{"mods":["Act Like it!","BaseMod","Better Synergies","Better Third Choice","BetterRewards","CapriCore","Colored Map","Colored Powertips","Downfall","GifTheSpireLib","Minty Spire (QoL Compilation)","Pale of the Ancients","Relic Stats","StSLib","Wandering Minibosses"],"gold_per_floor":[99,112,127,302,302,318,342,357,382,292,324,339,349,182,195,293,293,193,209,209,209,209,278,324,352,252,252,272,272,272,272],"floor_reached":29,"language":"ENG","playtime":1890,"items_purged":["Doubt"],"score":303,"play_id":"ec1552c4-f888-4b5c-9671-5ab0abd02e81","local_time":"20210119174753","is_ascension_mode":false,"campfire_choices":[{"floor":1,"key":"RECALL"},{"data":"bronze:BronzeOrb","floor":18,"key":"SMITH"},{"data":"bronze:Mutator","floor":26,"key":"SMITH"}],"circlet_count":0,"master_deck":["bronze:Strike","bronze:Strike","bronze:Strike","bronze:Strike","bronze:Defend","bronze:Defend","bronze:Defend","bronze:Defend","bronze:Replicate","bronze:Goto","bronze:DelayedGuard","bronze:DelayedSlice","bronze:BronzeOrb+1","bronze:Flail","bronze:Invalidate","bronze:SpaghettiCode","bronze:Boost","bronze:Fortify","bronze:ShipIt","bronze:Overheat","bronze:GetLatest+1","bronze:HyperBeam","Necronomicurse","bronze:Mutator+1","bronze:ForceShield"],"relics":["bronze:BronzeCore","Toy Ornithopter","Meat on the Bone","Pear","Lee\u0027s Waffle","Black Star","downfall:HeartBlessingRed","Necronomicon","Potion Belt","Torii","Sundial","downfall:HeartBlessingBlue"],"acts_visited":["Exordium","TheCity"],"potions_floor_usage":[11,14,16,16,19,29,29],"damage_taken":[{"damage":2,"enemies":"2 Louse","floor":2,"turns":3},{"damage":0,"enemies":"Small Slimes","floor":3,"turns":3},{"damage":9,"enemies":"Jaw Worm","floor":6,"turns":6},{"damage":2,"enemies":"Red Slaver","floor":8,"turns":4},{"damage":24,"enemies":"3 Sentries","floor":9,"turns":7},{"damage":0,"enemies":"downfall:FleeingMerchant","floor":10,"turns":4},{"damage":20,"enemies":"Lagavulin","floor":11,"turns":5},{"damage":0,"enemies":"Blue Slaver","floor":12,"turns":2},{"damage":0,"enemies":"Large Slime","floor":13,"turns":5},{"damage":8,"enemies":"downfall:FleeingMerchant","floor":14,"turns":6},{"damage":4,"enemies":"Exordium Thugs","floor":15,"turns":5},{"damage":16,"enemies":"IC_STATUS_ARCHETYPE","floor":16,"turns":5},{"damage":18,"enemies":"Shell Parasite","floor":19,"turns":7},{"damage":0,"enemies":"Chosen","floor":20,"turns":1},{"damage":15,"enemies":"Gremlin Leader","floor":25,"turns":5},{"damage":0,"enemies":"3 Cultists","floor":28,"turns":2},{"damage":56,"enemies":"Slavers","floor":29,"turns":5}],"seed_played":"6658088677542690468","potions_obtained":[{"floor":2,"key":"champ:CounterPotion"},{"floor":3,"key":"Weak Potion"},{"floor":11,"key":"Guardian:BlockOnCardUsePotion"},{"floor":12,"key":"SkillPotion"},{"floor":15,"key":"champ:CounterPotion"},{"floor":16,"key":"SpeedPotion"},{"floor":19,"key":"Fruit Juice"}],"is_trial":false,"path_per_floor":["R","M","M","?","?","M","T","M","E","$","E","M","M","$","M","B",null,"R","M","M","?","?","T","T","E","R","?","M","E"],"character_chosen":"THE_AUTOMATON","items_purchased":["Lee\u0027s Waffle"],"campfire_rested":0,"item_purchase_floors":[14],"current_hp_per_floor":[77,75,75,75,75,66,66,64,40,40,47,47,47,94,90,78,94,94,86,86,86,70,70,70,55,65,33,45,0,0,0],"gold":272,"neow_bonus":"TEN_PERCENT_HP_BONUS","is_daily":false,"chose_seed":false,"campfire_upgraded":2,"win_rate":0.0,"timestamp":1611074873,"path_taken":["R","M","M","?","?","M","T","M","E","$","E","M","M","?","M","BOSS","R","M","M","?","?","?","T","E","R","?","M","E"],"items_purchased_type":["Relic"],"build_version":"2020-12-22","purchased_purges":1,"victory":false,"max_hp_per_floor":[77,77,77,77,77,77,77,77,77,77,87,87,87,94,94,94,94,94,99,99,99,99,99,99,99,109,109,109,109,109,109],"relic_stats":{"Lee\u0027s Waffle":50,"Torii":4,"counters":[17,75],"Sundial":[0],"Black Star":1,"Necronomicon":[5],"obtain_stats":[{"Potion Belt":24,"Lee\u0027s Waffle":14,"bronze:BronzeCore":0,"Pear":11,"downfall:HeartBlessingRed":18,"Torii":25,"downfall:BrokenWingStatue":5,"Sundial":25,"downfall:HeartBlessingBlue":26,"Black Star":17,"Necronomicon":22,"Toy Ornithopter":7,"Meat on the Bone":9},{"Potion Belt":14,"Lee\u0027s Waffle":10,"bronze:BronzeCore":0,"Pear":7,"downfall:HeartBlessingRed":12,"Torii":15,"downfall:BrokenWingStatue":2,"Sundial":15,"downfall:HeartBlessingBlue":15,"Black Star":12,"Necronomicon":14,"Toy Ornithopter":3,"Meat on the Bone":5},{"Potion Belt":63,"Lee\u0027s Waffle":45,"bronze:BronzeCore":0,"Pear":32,"downfall:HeartBlessingRed":55,"Torii":68,"downfall:BrokenWingStatue":6,"Sundial":68,"downfall:HeartBlessingBlue":68,"Black Star":55,"Necronomicon":63,"Toy Ornithopter":12,"Meat on the Bone":23}],"Toy Ornithopter":29,"Meat on the Bone":24},"card_choices":[{"not_picked":["bronze:Backtrace","bronze:Overload"],"picked":"bronze:DelayedGuard","floor":2},{"not_picked":["bronze:Deprecate","bronze:ForLoop"],"picked":"bronze:DelayedSlice","floor":3},{"not_picked":["bronze:DigitalCarnage","bronze:Shell"],"picked":"bronze:BronzeOrb","floor":6},{"not_picked":["bronze:DigitalCarnage","bronze:Deprecate"],"picked":"bronze:Flail","floor":8},{"not_picked":["bronze:Return","bronze:BugBarrage"],"picked":"bronze:Invalidate","floor":9},{"not_picked":["bronze:Turbo","bronze:BitShift"],"picked":"bronze:SpaghettiCode","floor":10},{"not_picked":["bronze:DelayedSlice","bronze:DelayedGuard","bronze:Deprecate"],"picked":"SKIP","floor":11},{"not_picked":["bronze:BitShift","bronze:Frontload"],"picked":"bronze:Boost","floor":12},{"not_picked":["bronze:DelayedSlice","bronze:BugBarrage","bronze:CloningBeam"],"picked":"SKIP","floor":13},{"not_picked":["bronze:DigitalCarnage","bronze:ShipIt"],"picked":"bronze:Fortify","floor":14},{"not_picked":["bronze:BugBarrage","bronze:DelayedSlice","bronze:BitShift"],"picked":"SKIP","floor":15},{"not_picked":["bronze:Virus","bronze:Assembly"],"picked":"bronze:ShipIt","floor":16},{"not_picked":["bronze:Frontload","bronze:DelayedGuard"],"picked":"bronze:Overheat","floor":19},{"not_picked":["bronze:Invalidate","bronze:Frontload"],"picked":"bronze:GetLatest+1","floor":20},{"not_picked":["bronze:WhirlingStrike","bronze:Overheat"],"picked":"bronze:Mutator","floor":25},{"not_picked":["bronze:Branch","bronze:WhirlingStrike"],"picked":"bronze:ForceShield","floor":28}],"player_experience":115063,"relics_obtained":[{"floor":7,"key":"Toy Ornithopter"},{"floor":9,"key":"Meat on the Bone"},{"floor":11,"key":"Pear"},{"floor":22,"key":"Necronomicon"},{"floor":24,"key":"Potion Belt"},{"floor":25,"key":"Torii"},{"floor":25,"key":"Sundial"}],"event_choices":[{"damage_healed":0,"gold_gain":0,"player_choice":"Read","damage_taken":0,"max_hp_gain":0,"max_hp_loss":0,"event_name":"The Library","floor":21,"gold_loss":0,"cards_obtained":["bronze:HyperBeam"]}],"is_beta":false,"boss_relics":[{"not_picked":["Calling Bell","Astrolabe"],"picked":"Black Star"}],"items_purged_floors":[10],"is_endless":false,"potions_floor_spawned":[2,3,11,12,15,16,19],"killed_by":"Slavers","ascension_level":0}}