{"host":"utcbn1j9ebmpc40m","time":1611016970,"event":{"mods":["BaseMod","Better Altar","Better Match","GifTheSpireLib","Minty Spire (QoL Compilation)","Poor People Problems","StSLib","SuperFastMode","The IronCluck","The Servant 0.9.4"],"gold_per_floor":[18,30,30,47,47,74,74,107,107,107,207,219,244,264,264,342,342,354,354,368,137,137,137,137,137],"floor_reached":24,"language":"ENG","playtime":1057,"items_purged":["Strike_R"],"score":353,"play_id":"18832725-e105-45a4-9e47-b1c51a36f805","local_time":"20210118194250","is_ascension_mode":true,"campfire_choices":[{"floor":7,"key":"REST"},{"floor":10,"key":"REST"},{"floor":15,"key":"REST"},{"floor":23,"key":"REST"}],"circlet_count":0,"master_deck":["AscendersBane","Strike_R","Strike_R+1","Strike_R+1","Defend_R","Defend_R","Defend_R","Bash","Twin Strike","Juggernaut","Fire Breathing","Body Slam+1","Dual Wield","Fiend Fire","Dropkick","Body Slam","Shrug It Off","Armaments","Barricade","Inflame","Feel No Pain","Second Wind","Seeing Red","Power Through+1"],"relics":["Burning Blood","Mercury Hourglass","Whetstone","Ornamental Fan","MealTicket","Ancient Tea Set","Fusion Hammer","Orrery","Toxic Egg 2"],"acts_visited":["Exordium","TheCity"],"potions_floor_usage":[6,8,16,24],"damage_taken":[{"damage":3,"enemies":"2 Louse","floor":1,"turns":3},{"damage":7,"enemies":"Jaw Worm","floor":2,"turns":3},{"damage":6,"enemies":"Cultist","floor":4,"turns":3},{"damage":28,"enemies":"Gremlin Nob","floor":6,"turns":4},{"damage":25,"enemies":"Lagavulin","floor":8,"turns":5},{"damage":27,"enemies":"3 Louse","floor":12,"turns":3},{"damage":27,"enemies":"Gremlin Nob","floor":13,"turns":4},{"damage":21,"enemies":"Blue Slaver","floor":14,"turns":3},{"damage":42,"enemies":"Hexaghost","floor":16,"turns":9},{"damage":16,"enemies":"Spheric Guardian","floor":18,"turns":5},{"damage":26,"enemies":"Chosen","floor":20,"turns":7},{"damage":85,"enemies":"Gremlin Leader","floor":24,"turns":7}],"seed_played":"795656931311533325","potions_obtained":[{"floor":1,"key":"PowerPotion"},{"floor":4,"key":"Weak Potion"},{"floor":12,"key":"SpeedPotion"},{"floor":14,"key":"AttackPotion"}],"is_trial":false,"path_per_floor":["M","M","?","M","T","E","R","E","T","R","?","M","E","M","R","B",null,"M","?","M","$","?","R","E"],"character_chosen":"IRONCLAD","items_purchased":["Orrery"],"campfire_rested":4,"item_purchase_floors":[21],"current_hp_per_floor":[75,74,74,74,74,52,76,57,57,80,80,59,38,23,47,11,63,53,53,33,48,48,72,0,0],"gold":137,"neow_bonus":"TRANSFORM_TWO_CARDS","is_daily":false,"chose_seed":false,"campfire_upgraded":0,"win_rate":0.0,"timestamp":1611016970,"path_taken":["M","M","?","M","?","E","R","E","T","R","?","M","E","M","R","BOSS","M","?","M","$","?","R","E"],"items_purchased_type":["Relic"],"build_version":"2020-12-22","purchased_purges":1,"victory":false,"max_hp_per_floor":[80,80,80,80,80,80,80,80,80,80,80,80,80,80,80,80,80,80,80,80,80,80,80,80,80],"card_choices":[{"not_picked":["Second Wind","Twin Strike"],"picked":"Fire Breathing","floor":1},{"not_picked":["Clash","Rupture"],"picked":"Body Slam","floor":2},{"not_picked":["Thunderclap","Sword Boomerang"],"picked":"Dual Wield","floor":4},{"not_picked":["Havoc","Headbutt"],"picked":"Fiend Fire","floor":6},{"not_picked":["Dual Wield","Flex"],"picked":"Dropkick","floor":8},{"not_picked":["Wild Strike","Clothesline"],"picked":"Body Slam","floor":12},{"not_picked":["Cleave","Clash"],"picked":"Shrug It Off","floor":13},{"not_picked":["Wild Strike","Iron Wave"],"picked":"Armaments","floor":14},{"not_picked":["Exhume","Immolate"],"picked":"Barricade","floor":16},{"not_picked":["Warcry","Bloodletting"],"picked":"Inflame","floor":18},{"not_picked":["Thunderclap+1","Clash+1"],"picked":"Feel No Pain","floor":20},{"not_picked":["Inflame","Bloodletting+1"],"picked":"Second Wind","floor":21},{"not_picked":["Ghostly Armor","Flex"],"picked":"Seeing Red","floor":21},{"not_picked":["Body Slam","Twin Strike"],"picked":"Power Through+1","floor":21}],"player_experience":500501,"relics_obtained":[{"floor":5,"key":"Mercury Hourglass"},{"floor":6,"key":"Whetstone"},{"floor":8,"key":"Ornamental Fan"},{"floor":9,"key":"MealTicket"},{"floor":13,"key":"Ancient Tea Set"}],"event_choices":[{"damage_healed":0,"gold_gain":0,"player_choice":"Grow","damage_taken":0,"max_hp_gain":0,"max_hp_loss":0,"event_name":"Living Wall","floor":3,"gold_loss":0,"cards_upgraded":["Body Slam"]},{"damage_healed":0,"gold_gain":100,"player_choice":"Pray","damage_taken":0,"max_hp_gain":0,"max_hp_loss":0,"event_name":"Golden Shrine","floor":11,"gold_loss":0},{"damage_healed":0,"gold_gain":0,"player_choice":"Ignored","damage_taken":0,"max_hp_gain":0,"max_hp_loss":0,"event_name":"Ghosts","floor":19,"gold_loss":0},{"damage_healed":0,"gold_gain":0,"player_choice":"Opened","damage_taken":0,"relics_obtained":["Toxic Egg 2"],"max_hp_gain":0,"max_hp_loss":0,"event_name":"The Mausoleum","floor":22,"gold_loss":0}],"is_beta":false,"boss_relics":[{"not_picked":["Runic Dome","SacredBark"],"picked":"Fusion Hammer"}],"items_purged_floors":[21],"is_endless":false,"potions_floor_spawned":[1,4,12,14],"killed_by":"Gremlin Leader","ascension_level":13}}