{"host":"bos5votkudm6su2k","time":1611062382,"event":{"mods":["100% Spire Juice","Act Like it!","AlwaysNeverKeys","Arknights The Spire","BaseMod","Chinese 32Bit Patch","Colored Map","Colored Powertips","DeckTracker","Good Game Mod","Marked Mod","Minty Spire (QoL Compilation)","Quick Restart","StSLib","SuperFastMode","The Invoker Mod","Waifu the Spire"],"gold_per_floor":[119,131,131,306,148,148,162,162,162,178,222,243,281,231,231,360,360,374,390,64,64,84,84,84],"floor_reached":23,"language":"ZHS","playtime":818,"items_purged":["Doubt"],"score":201,"play_id":"cab24c45-8a29-48e1-b9f6-7c04209a8a2e","local_time":"20210119211942","is_ascension_mode":false,"campfire_choices":[{"data":"ats:Part Time Job","floor":6.0,"key":"SMITH"},{"data":"ats:Healing Strengthening","floor":8.0,"key":"SMITH"},{"data":"ats:Healing Strengthening","floor":15,"key":"SMITH"}],"circlet_count":0,"master_deck":["ats:Strike C","ats:Strike S","ats:Strike V","ats:Armor Crushing Shot","ats:Defend","ats:Defend","ats:Defend","ats:Defend","ats:Emotion Absorption","ats:Powerful Strike","ats:Part Time Job+1","ats:Cat Scratch","ats:Healing Strengthening+1","ats:Blood Oath","ats:Healing Strengthening+1","ats:Revitalization","ats:Composite Medical Shells","ats:Dogmatic Field","ats:Revitalization","ats:Beaten Up","ats:Shell Defense","ats:Healing Drone","ats:Childhood Dance"],"relics":["ats:Sanity","REME:ComplimentaryCards","NeowsBlessing","Golden Idol","Bird Faced Urn","ats:Originium","Girya","Peace Pipe","Black Star","Question Card"],"acts_visited":["Exordium","TheCity"],"potions_floor_usage":[22,23],"damage_taken":[{"damage":0.0,"enemies":"2 Louse","floor":1.0,"turns":2.0},{"damage":0.0,"enemies":"Small Slimes","floor":2.0,"turns":1.0},{"damage":0.0,"enemies":"Cultist","floor":7.0,"turns":1.0},{"damage":8.0,"enemies":"Large Slime","floor":10.0,"turns":6.0},{"damage":38.0,"enemies":"Gremlin Nob","floor":11.0,"turns":5.0},{"damage":35.0,"enemies":"Exordium Wildlife","floor":12.0,"turns":5.0},{"damage":53,"enemies":"Lagavulin","floor":13,"turns":9},{"damage":81,"enemies":"Hexaghost","floor":16,"turns":11},{"damage":31,"enemies":"Chosen","floor":18,"turns":5},{"damage":45,"enemies":"3 Byrds","floor":19,"turns":4},{"damage":49,"enemies":"Snecko","floor":22,"turns":6},{"damage":119,"enemies":"Slavers","floor":23,"turns":4}],"seed_played":"7525192407810177828","potions_obtained":[{"floor":7.0,"key":"FearPotion"},{"floor":11.0,"key":"Swift Potion"},{"floor":13,"key":"ColorlessPotion"},{"floor":19,"key":"SkillPotion"},{"floor":22,"key":"Fruit Juice"}],"is_trial":false,"path_per_floor":["M","M","?","?","$","R","M","R","T","M","E","M","E","?","R","B",null,"M","M","$","?","M","E"],"character_chosen":"DOCTOR_CLASS","items_purchased":["ats:Part Time Job","ats:Cat Scratch","ats:Shell Defense","ats:Healing Drone","Question Card"],"campfire_rested":0,"item_purchase_floors":[5,5,20,20,20],"current_hp_per_floor":[72,72,54,54,54,54,54,54,54,72,47,51,58,58,58,62,72,72,59,59,64,77,0,0],"gold":84,"neow_bonus":"THREE_ENEMY_KILL","is_daily":false,"chose_seed":false,"campfire_upgraded":3,"win_rate":0.0,"timestamp":1611062382,"path_taken":["M","M","?","?","$","R","M","R","T","M","E","M","E","?","R","BOSS","M","M","$","?","?","E"],"items_purchased_type":["Card","Card","Card","Card","Relic"],"build_version":"2020-12-22","purchased_purges":1,"victory":false,"max_hp_per_floor":[72,72,72,72,72,72,72,72,72,72,72,72,72,72,72,72,72,72,72,72,72,77,77,77],"card_choices":[{"not_picked":["ats:Shell Defense","ats:Powerful Strike"],"picked":"ats:Explosion Area Strengthen","floor":1.0},{"not_picked":["ats:Cat Scratch","ats:Consecutive Shot Auto"],"picked":"ats:Powerful Strike","floor":2.0},{"not_picked":["ats:Cat Scratch","ats:Ignite"],"picked":"ats:Healing Strengthening","floor":7.0},{"not_picked":["ats:Ignite","ats:Poison Spread"],"picked":"ats:Blood Oath","floor":10.0},{"not_picked":["ats:Guardian Obelisk","ats:Ignite"],"picked":"ats:Healing Strengthening","floor":11.0},{"not_picked":["ats:Steam Pump","ats:Soul Absorption"],"picked":"ats:Revitalization","floor":12.0},{"not_picked":["ats:Powerful Strike","ats:Disruption Kick"],"picked":"ats:Composite Medical Shells","floor":13},{"not_picked":["ats:Calcification","ats:Soul Rend"],"picked":"ats:Dogmatic Field","floor":16},{"not_picked":["ats:Cat Scratch","ats:Powerful Strike+1"],"picked":"ats:Revitalization","floor":18},{"not_picked":["ats:Powerful Strike","ats:Closed Bolt Burst Fire+1","ats:Beaten Up"],"picked":"SKIP","floor":19},{"not_picked":["ats:Powerful Strike","ats:Closed Bolt Burst Fire+1"],"picked":"ats:Beaten Up","floor":19},{"not_picked":["ats:Support Order+1","ats:Ignite+1","ats:Consecutive Shot Auto"],"picked":"ats:Childhood Dance","floor":22}],"player_experience":439777,"relics_obtained":[{"floor":9.0,"key":"Bird Faced Urn"},{"floor":11.0,"key":"ats:Originium"},{"floor":11.0,"key":"Girya"},{"floor":13,"key":"ats:Originium"},{"floor":13,"key":"Peace Pipe"}],"event_choices":[{"damage_healed":0.0,"max_hp_gain":0.0,"max_hp_loss":0.0,"gold_gain":0.0,"event_name":"Golden Idol","player_choice":"Take Damage","floor":3.0,"gold_loss":0.0,"damage_taken":18.0,"relics_obtained":["Golden Idol"]},{"damage_healed":0.0,"max_hp_gain":0.0,"max_hp_loss":0.0,"gold_gain":175.0,"event_name":"Liars Game","player_choice":"AGREE","floor":4.0,"gold_loss":0.0,"damage_taken":0.0,"cards_obtained":["Doubt"]},{"cards_removed":["ats:Strike G"],"damage_healed":0,"gold_gain":0,"player_choice":"Card Removal","damage_taken":0,"max_hp_gain":0,"max_hp_loss":0,"event_name":"The Cleric","floor":14,"gold_loss":50},{"cards_removed":["ats:Explosion Area Strengthen"],"damage_healed":5,"gold_gain":0,"player_choice":"Offered Common","damage_taken":0,"max_hp_gain":0,"max_hp_loss":0,"event_name":"Bonfire Elementals","floor":21,"gold_loss":0},{"cards_removed":["ats:Explosion Area Strengthen"],"damage_healed":5,"gold_gain":0,"player_choice":"Offered Special","damage_taken":0,"max_hp_gain":0,"max_hp_loss":0,"event_name":"Bonfire Elementals","floor":21,"gold_loss":0}],"is_beta":false,"boss_relics":[{"not_picked":["ats:Sanity Plus","Coffee Dripper"],"picked":"Black Star"}],"items_purged_floors":[5],"is_endless":false,"potions_floor_spawned":[7,11,13,19,22],"killed_by":"Slavers","ascension_level":0}}