{"host":"3a6zts0hl88brd09","time":1611089852,"event":{"mods":["BaseMod","Bestiary","Colored Map","Curses Come First","Downfall","Minty Spire (QoL Compilation)","StSLib"],"gold_per_floor":[99,109,129,141,141,153,153,153,163,73,103,203,103,121,137,234,234,234,254,254,254,265,150,150,181,195,95,95,107,107,92,110,213,213,213,225,225,225,238,256,279,499,509,540,555,455,465,80,92,92,92,122,122,122,122,122,122,122],"floor_reached":56,"language":"ENG","playtime":3976,"items_purged":["champ:Strike","champ:Execute","downfall:Bewildered","champ:Defend"],"score":878,"play_id":"98a1fd1b-12c4-46da-b835-e3240e347503","local_time":"20210119205732","is_ascension_mode":false,"campfire_choices":[{"floor":1,"key":"RECALL"},{"floor":13,"key":"REST"},{"data":"champ:Improvising","floor":18,"key":"SMITH"},{"floor":27,"key":"REST"},{"floor":30,"key":"REST"},{"data":"champ:Taunt","floor":35,"key":"SMITH"},{"floor":46,"key":"REST"},{"data":"champ:StrikeOfGenius","floor":54,"key":"SMITH"}],"circlet_count":0,"master_deck":["champ:Strike","champ:Strike","champ:Strike","champ:Defend","champ:Taunt+1","champ:RisingSlash","champ:StanceDance","champ:ShieldSlam","champ:Improvising+1","champ:CrownThrow","champ:TripleStrike","champ:IronFortress","champ:ShieldWall","champ:SkillfulDodge","champ:FlashCut","champ:StrikeOfGenius+1","champ:EnGarde+1","RitualDagger","champ:FlashCut+1","champ:TornadoPunch+1","champ:FlashCut+1","champ:Circumvent","expansioncontent:Hexaburn","champ:Circumvent+1","champ:StanceDance+1","champ:FocusedDefense+1","Panacea"],"relics":["champ:ChampionCrown","Kunai","Letter Opener","Question Card","CloakClasp","downfall:HeartBlessingRed","Black Star","Enchiridion","Pen Nib","Blue Candle","Nunchaku","downfall:HeartBlessingGreen","sneckomod:BabySnecko","Busted Crown","Strawberry","StoneCalendar","downfall:HeartBlessingBlue","OrangePellets","Mango","FossilizedHelix"],"acts_visited":["Exordium","TheCity","TheBeyond","TheEnding"],"potions_floor_usage":[14,15,16,26,29,44,44,49,50,50,55],"damage_taken":[{"damage":17,"enemies":"Small Slimes","floor":2,"turns":5},{"damage":24,"enemies":"Jaw Worm","floor":3,"turns":4},{"damage":20,"enemies":"Cultist","floor":4,"turns":5},{"damage":16,"enemies":"Blue Slaver","floor":6,"turns":3},{"damage":10,"enemies":"2 Fungi Beasts","floor":9,"turns":4},{"damage":5,"enemies":"downfall:FleeingMerchant","floor":10,"turns":4},{"damage":20,"enemies":"Lagavulin","floor":11,"turns":6},{"damage":10,"enemies":"Lagavulin","floor":12,"turns":7},{"damage":7,"enemies":"3 Louse","floor":14,"turns":2},{"damage":2,"enemies":"Blue Slaver","floor":15,"turns":3},{"damage":9,"enemies":"IC_STATUS_ARCHETYPE","floor":16,"turns":9},{"damage":31,"enemies":"3 Byrds","floor":19,"turns":5},{"damage":10,"enemies":"Snecko","floor":22,"turns":4},{"damage":0,"enemies":"downfall:FleeingMerchant","floor":23,"turns":4},{"damage":29,"enemies":"Book of Stabbing","floor":25,"turns":6},{"damage":2,"enemies":"Centurion and Healer","floor":26,"turns":4},{"damage":7,"enemies":"Cultist and Chosen","floor":29,"turns":3},{"damage":0,"enemies":"downfall:FleeingMerchant","floor":31,"turns":4},{"damage":5,"enemies":"Snake Plant","floor":32,"turns":2},{"damage":4,"enemies":"DF_ARCHETYPE_CLAW","floor":33,"turns":7},{"damage":4,"enemies":"3 Darklings","floor":36,"turns":4},{"damage":0,"enemies":"3 Shapes","floor":39,"turns":4},{"damage":18,"enemies":"Jaw Worm Horde","floor":40,"turns":5},{"damage":1,"enemies":"downfall:FleeingMerchant","floor":42,"turns":3},{"damage":0,"enemies":"3 Darklings","floor":43,"turns":3},{"damage":0,"enemies":"Reptomancer","floor":44,"turns":6},{"damage":3,"enemies":"Transient","floor":45,"turns":5},{"damage":16,"enemies":"Spire Growth","floor":47,"turns":4},{"damage":39,"enemies":"Jaw Worm Horde","floor":49,"turns":4},{"damage":45,"enemies":"SI_POISON_ARCHETYPE","floor":50,"turns":8},{"damage":0,"enemies":"downfall:CharBossMerchant","floor":52,"turns":7},{"damage":29,"enemies":"downfall:NeowBoss","floor":55,"turns":15},{"damage":103,"enemies":"downfall:NeowBossFinal","floor":56,"turns":8}],"seed_played":"-6514376389596531867","potions_obtained":[{"floor":3,"key":"Swift Potion"},{"floor":11,"key":"Dexterity Potion"},{"floor":12,"key":"Explosive Potion"},{"floor":14,"key":"Block Potion"},{"floor":25,"key":"SkillPotion"},{"floor":26,"key":"AttackPotion"},{"floor":29,"key":"Swift Potion"},{"floor":32,"key":"sneckomod:MuddlingPotion"},{"floor":36,"key":"Strength Potion"},{"floor":40,"key":"Dexterity Potion"},{"floor":45,"key":"hexamod:SoulburnPotion"},{"floor":47,"key":"Explosive Potion"},{"floor":52,"key":"Strength Potion"}],"is_trial":false,"path_per_floor":["R","M","M","M","?","M","T","T","M","$","E","?","R","M","M","B",null,"R","M","?","?","M","$","T","E","M","R","?","M","R","$","M","B",null,"R","M","?","?","M","M","T","$","M","E","M","R","M","$","M","B",null,"E","$","R","B","B"],"character_chosen":"THE_CHAMP","items_purchased":["OrangePellets","Panacea"],"campfire_rested":4,"item_purchase_floors":[48,48],"current_hp_per_floor":[99,92,78,68,68,62,62,62,62,62,62,62,91,84,82,73,99,99,78,72,56,56,56,56,27,25,54,54,47,76,76,71,67,99,99,95,85,85,85,67,67,66,66,73,70,114,98,98,59,14,116,130,130,130,101,0,0,0],"gold":122,"neow_bonus":"TEN_PERCENT_HP_BONUS","is_daily":false,"chose_seed":false,"campfire_upgraded":3,"win_rate":0.0,"timestamp":1611089852,"path_taken":["R","M","M","M","?","M","T","?","?","$","E","?","R","M","M","BOSS","R","M","?","?","M","$","T","E","M","R","?","M","R","?","M","BOSS","R","M","?","?","M","?","T","$","M","E","M","R","M","?","M","BOSS","E","$","R","BOSS","BOSS"],"items_purchased_type":["Relic","Card"],"build_version":"2020-12-22","purchased_purges":4,"victory":false,"max_hp_per_floor":[99,99,99,99,99,99,99,99,99,99,99,99,99,99,99,99,99,99,99,99,99,99,99,99,99,99,99,99,99,99,99,99,99,99,99,99,99,99,99,99,99,99,99,106,106,116,116,116,116,116,116,130,130,130,130,130,130,130],"card_choices":[{"not_picked":["champ:FancyFootwork","champ:BladeFlurry"],"picked":"champ:RisingSlash","floor":2},{"not_picked":["champ:Encircle","champ:TornadoPunch"],"picked":"champ:StanceDance","floor":3},{"not_picked":["champ:StanceDance","champ:HeartStrike"],"picked":"champ:ShieldSlam","floor":4},{"not_picked":["champ:FaceSlap","champ:DefensiveShout"],"picked":"champ:Improvising","floor":6},{"not_picked":["champ:EndlessRage","champ:Haymaker"],"picked":"champ:CrownThrow","floor":9},{"not_picked":["champ:EnragedBash","champ:DeathBlow"],"picked":"champ:TripleStrike","floor":10},{"not_picked":["champ:DeathBlow","champ:TornadoPunch"],"picked":"champ:IronFortress","floor":11},{"not_picked":["champ:FalseCounter","champ:GutPunch","champ:EnGarde"],"picked":"champ:ShieldWall","floor":12},{"not_picked":["champ:Parry","champ:BladeFlurry","champ:Encircle"],"picked":"champ:SkillfulDodge","floor":14},{"not_picked":["champ:CrookedStrike","champ:FaceSlap","champ:Shatter"],"picked":"champ:FlashCut","floor":15},{"not_picked":["champ:TripleStrike","champ:SwordThrow","champ:CheapShot"],"picked":"champ:StrikeOfGenius","floor":16},{"not_picked":["champ:Haymaker","champ:TornadoPunch+1","champ:RisingSlash"],"picked":"champ:EnGarde+1","floor":19},{"not_picked":["champ:Endure","champ:SkillfulDodge","champ:BringItOn","champ:CrownThrow+1"],"picked":"SKIP","floor":22},{"not_picked":["champ:PerfectedStrike","champ:DefensiveShout","champ:EnGarde"],"picked":"champ:FlashCut+1","floor":23},{"not_picked":["champ:Endure+1","champ:AdrenalArmor+1","champ:SkillfulDodge+1"],"picked":"champ:TornadoPunch+1","floor":25},{"not_picked":["champ:FalseCounter","champ:RapidStrikes","champ:Shatter","champ:EnGarde"],"picked":"SKIP","floor":26},{"not_picked":["champ:BladeFlurry","champ:GutPunch","champ:ShieldWall+1"],"picked":"champ:FlashCut+1","floor":29},{"not_picked":["champ:ShieldThrow","champ:PreemptiveStrike","champ:FocusedBerserking","champ:AdrenalArmor"],"picked":"SKIP","floor":31},{"not_picked":["champ:EndlessRage","champ:CrownThrow","champ:SetATrap"],"picked":"champ:Circumvent","floor":32},{"not_picked":["champ:RisingSlash","champ:RapidStrikes"],"picked":"SKIP","floor":36},{"not_picked":["expansioncontent:HyperBeam"],"picked":"expansioncontent:Hexaburn","floor":37},{"not_picked":["champ:HeartStrike+1","champ:FlashCut+1"],"picked":"SKIP","floor":39},{"not_picked":["champ:Haymaker","champ:BerserkersShout+1"],"picked":"SKIP","floor":40},{"not_picked":["champ:DefensiveShout"],"picked":"champ:Circumvent+1","floor":42},{"not_picked":["champ:AdrenalArmor+1","champ:EndlessRage+1"],"picked":"SKIP","floor":43},{"not_picked":["champ:Shatter+1"],"picked":"champ:StanceDance+1","floor":44},{"not_picked":["champ:StanceDance","champ:CrookedStrike+1"],"picked":"SKIP","floor":45},{"not_picked":["champ:BringItOn"],"picked":"champ:FocusedDefense+1","floor":47},{"not_picked":["champ:PreciseThrust","champ:EnGarde+1"],"picked":"SKIP","floor":49},{"not_picked":["champ:StanceDance+1","champ:FlashCut"],"picked":"SKIP","floor":52}],"player_experience":429135,"relics_obtained":[{"floor":7,"key":"Kunai"},{"floor":8,"key":"Letter Opener"},{"floor":11,"key":"Question Card"},{"floor":12,"key":"CloakClasp"},{"floor":21,"key":"Enchiridion"},{"floor":24,"key":"Pen Nib"},{"floor":25,"key":"Blue Candle"},{"floor":25,"key":"Nunchaku"},{"floor":44,"key":"Strawberry"},{"floor":44,"key":"StoneCalendar"},{"floor":52,"key":"Mango"},{"floor":52,"key":"FossilizedHelix"}],"event_choices":[{"cards_removed":["champ:Defend"],"damage_healed":0,"gold_gain":0,"player_choice":"Forget","damage_taken":0,"max_hp_gain":0,"max_hp_loss":0,"event_name":"Living Wall","floor":5,"gold_loss":0},{"cards_removed":["champ:Defend"],"damage_healed":0,"gold_gain":0,"player_choice":"Offered Basic","damage_taken":0,"max_hp_gain":0,"max_hp_loss":0,"event_name":"Bonfire Elementals","floor":38,"gold_loss":0}],"is_beta":false,"boss_relics":[{"not_picked":["Philosopher\u0027s Stone","Sozu"],"picked":"Black Star"},{"not_picked":["Fusion Hammer","Snecko Eye"],"picked":"Busted Crown"}],"items_purged_floors":[10,23,42,48],"is_endless":false,"potions_floor_spawned":[3,11,12,14,25,26,29,32,36,40,45,47,52],"killed_by":"downfall:NeowBossFinal","ascension_level":0}}