{"host":"skr63qsdfgeey3it","time":1611040388,"event":{"mods":["BaseMod","Colored Map","Hubris","Minty Spire (QoL Compilation)","Replay The Spire","Spicy Shops","StSLib"],"gold_per_floor":[109,109,126,225,241,272,288,322,347,4,32,32,32,43,43,122,122,135,10,10,10,10,38,38,56,107,206,220,73,73,73],"floor_reached":30,"language":"ENG","playtime":1002,"items_purged":[],"score":439,"play_id":"01d9761c-09d5-479f-8c31-d043c8fd13ce","local_time":"20210119011308","is_ascension_mode":true,"campfire_choices":[{"floor":12,"key":"REST"},{"data":"Berserk","floor":15,"key":"SMITH"},{"floor":24,"key":"REST"}],"circlet_count":0,"master_deck":["AscendersBane","Strike_R+1","Strike_R+1","Strike_R+1","Strike_R+1","Defend_R+2","Defend_R+1","Defend_R+1","Defend_R+2","Bash","Iron Wave","hubris:CleavingFinish","Battle Trance","Clothesline","Dual Wield","Flame Barrier","Outmaneuver","Shockwave","Phantasmal Killer","Replay:ManipulateFuture","ReplayTheSpireMod:Stacked+1","hubris:DuctTapeCard","Replay:DivineShield+1","Beam Cell"],"relics":["Burning Blood","NeowsBlessing","hubris:TenFootPole","Anchor","MawBank","Iron Hammer","PrismaticShard","Paper Frog","Ring of Chaos","hubris:HerbalPaste","hubris:Icosahedron","hubris:DuctTape","Simple Rune","Red Skull"],"acts_visited":["Exordium","TheCity"],"potions_floor_usage":[6,11,11,18,30],"damage_taken":[{"damage":0,"enemies":"Jaw Worm","floor":1,"turns":1},{"damage":0,"enemies":"Small Slimes","floor":3,"turns":1},{"damage":0,"enemies":"2 Louse","floor":5,"turns":2},{"damage":35,"enemies":"Gremlin Nob","floor":6,"turns":5},{"damage":17,"enemies":"Looter","floor":7,"turns":3},{"damage":23,"enemies":"Lagavulin","floor":8,"turns":7},{"damage":21,"enemies":"3 Sentries","floor":11,"turns":6},{"damage":1,"enemies":"Exordium Wildlife","floor":14,"turns":3},{"damage":31,"enemies":"The Guardian","floor":16,"turns":10},{"damage":25,"enemies":"2 Thieves","floor":18,"turns":5},{"damage":32,"enemies":"Gremlin Leader","floor":23,"turns":7},{"damage":14,"enemies":"3 Byrds","floor":25,"turns":4},{"damage":26,"enemies":"Shelled Parasite and Fungi","floor":28,"turns":5},{"damage":38,"enemies":"Book of Stabbing","floor":30,"turns":5}],"seed_played":"1234854519869986313","potions_obtained":[{"floor":3,"key":"LiquidMemories"},{"floor":5,"key":"EssenceOfSteel"},{"floor":8,"key":"ColorlessPotion"},{"floor":14,"key":"DuplicationPotion"},{"floor":28,"key":"ElixirPotion"}],"is_trial":false,"path_per_floor":["M","?","M","?","M","E","M","E","T","$","E","R","?","M","R","B",null,"M","$","?","?","?","E","R","M","T","?","M","$","E"],"character_chosen":"IRONCLAD","items_purchased":["Iron Hammer","Juggernaut","PrismaticShard","ReplayTheSpireMod:Stacked+1","hubris:HerbalPaste","Red Skull"],"campfire_rested":2,"item_purchase_floors":[10,10,10,19,19,29],"current_hp_per_floor":[78,78,80,80,80,51,40,23,23,23,8,32,32,37,37,12,63,44,44,44,44,44,24,48,46,46,46,32,32,0,0],"gold":73,"neow_bonus":"THREE_ENEMY_KILL","is_daily":false,"chose_seed":false,"campfire_upgraded":1,"win_rate":0.0,"timestamp":1611040388,"path_taken":["M","?","M","?","M","E","M","E","T","?","E","R","?","M","R","BOSS","M","$","?","?","?","E","R","?","T","?","M","$","E"],"items_purchased_type":["Relic","Card","Relic","Card","Relic","Relic"],"build_version":"2020-12-22","purchased_purges":0,"victory":false,"max_hp_per_floor":[80,80,80,80,80,80,80,80,80,80,80,80,80,80,80,80,80,80,80,80,80,80,80,80,80,80,80,80,80,80,80],"card_choices":[{"not_picked":["Clash","Warcry"],"picked":"Iron Wave","floor":1},{"not_picked":["Shrug It Off","ReplayTheSpireMod:Strike From Hell"],"picked":"hubris:CleavingFinish","floor":3},{"not_picked":["Dark Embrace","Sword Boomerang"],"picked":"Battle Trance","floor":4},{"not_picked":["ReplayTheSpireMod:Strike From Hell","Thunderclap"],"picked":"Clothesline","floor":4},{"not_picked":["Shrug It Off","Thunderclap"],"picked":"Dual Wield","floor":4},{"not_picked":["Blood for Blood","ReplayTheSpireMod:Strike From Hell"],"picked":"Flame Barrier","floor":5},{"not_picked":["Cleave","Bloodletting"],"picked":"Berserk","floor":6},{"not_picked":["Warcry","Clash","Body Slam"],"picked":"SKIP","floor":7},{"not_picked":["Havoc","Sever Soul","Run Through"],"picked":"SKIP","floor":8},{"not_picked":["Body Slam","Tools of the Trade"],"picked":"Outmaneuver","floor":11},{"not_picked":["BasicCrystalCard","Barrage","Cloak And Dagger"],"picked":"SKIP","floor":14},{"not_picked":["Grand Finale","Wraith Form v2"],"picked":"Phantasmal Killer","floor":16},{"not_picked":["Run Through","Defragment"],"picked":"Replay:ManipulateFuture","floor":18},{"not_picked":["Glacier","Secret Technique"],"picked":"Replay:DivineShield+1","floor":23},{"not_picked":["Flex","ClearTheMind"],"picked":"Beam Cell","floor":25},{"not_picked":["Headbutt+1","Evaluate","Massacre"],"picked":"SKIP","floor":28}],"player_experience":752695,"relics_obtained":[{"floor":6,"key":"hubris:TenFootPole"},{"floor":8,"key":"Anchor"},{"floor":9,"key":"MawBank"},{"floor":11,"key":"Paper Frog"},{"floor":23,"key":"hubris:DuctTape"},{"floor":26,"key":"Simple Rune"}],"event_choices":[{"cards_removed":["Strike_R"],"damage_healed":0,"gold_gain":0,"player_choice":"Forget","damage_taken":0,"max_hp_gain":0,"max_hp_loss":0,"event_name":"Living Wall","floor":2,"gold_loss":0},{"damage_healed":0,"gold_gain":0,"player_choice":"Simplicity","damage_taken":0,"max_hp_gain":0,"max_hp_loss":0,"event_name":"Back to Basics","floor":21,"gold_loss":0,"cards_upgraded":["Strike_R","Strike_R","Strike_R","Strike_R","Defend_R","Defend_R","Defend_R","Defend_R"]},{"damage_healed":0,"gold_gain":99,"player_choice":"Stole From Cult","damage_taken":0,"max_hp_gain":0,"max_hp_loss":0,"event_name":"Nest","floor":27,"gold_loss":0}],"is_beta":false,"boss_relics":[{"not_picked":["Runic Cube","Runic Pyramid"],"picked":"Ring of Chaos"}],"items_purged_floors":[],"is_endless":false,"potions_floor_spawned":[3,5,8,14,28],"killed_by":"Book of Stabbing","ascension_level":13}}