{"host":"w3q5ijqu8eoknil3","time":1611045181,"event":{"mods":["AchievementEnabler","BaseMod","Block Reminder","Colored Map","Colored Powertips","Curses Come First","Dark Map","Minty Spire (QoL Compilation)","Quick Restart","Relic Stats","StSLib","ojb\u0027s Better Paths Mod","ojb\u0027s Info Mod","slay the spire mod where everything is the same but ironclad has a cowboy hat"],"gold_per_floor":[112,127,143,157,171,171,245,245,245],"floor_reached":8,"language":"ENG","playtime":316,"items_purged":[],"score":95,"play_id":"574b9a31-9092-4ef8-8de1-c9b0eba13bb9","local_time":"20210119083301","is_ascension_mode":true,"campfire_choices":[{"data":"Skewer","floor":6,"key":"SMITH"}],"circlet_count":0,"master_deck":["AscendersBane","Strike_G","Strike_G","Strike_G","Strike_G","Defend_G","Defend_G","Defend_G","Defend_G","Defend_G","Survivor","Neutralize","Skewer+1","Deadly Poison","Catalyst","Flying Knee","Crippling Poison","Eviscerate"],"relics":["Ring of the Snake","White Beast Statue"],"acts_visited":["Exordium"],"potions_floor_usage":[8],"damage_taken":[{"damage":1,"enemies":"Cultist","floor":1,"turns":4},{"damage":7,"enemies":"2 Louse","floor":2,"turns":3},{"damage":6,"enemies":"Small Slimes","floor":3,"turns":4},{"damage":7,"enemies":"Blue Slaver","floor":4,"turns":4},{"damage":13,"enemies":"Large Slime","floor":5,"turns":6},{"damage":26,"enemies":"3 Sentries","floor":8,"turns":4}],"seed_played":"-8540459154454165709","potions_obtained":[{"floor":3,"key":"SneckoOil"},{"floor":4,"key":"SpeedPotion"}],"is_trial":false,"path_per_floor":["M","M","M","M","M","R","T","E"],"character_chosen":"THE_SILENT","items_purchased":[],"campfire_rested":0,"item_purchase_floors":[],"current_hp_per_floor":[58,51,45,38,25,25,25,0,0],"gold":245,"neow_bonus":"TRANSFORM_CARD","is_daily":false,"chose_seed":false,"campfire_upgraded":1,"win_rate":0.0,"timestamp":1611045181,"path_taken":["M","M","M","M","?","R","?","E"],"items_purchased_type":[],"build_version":"2020-12-22","purchased_purges":0,"victory":false,"max_hp_per_floor":[66,66,66,66,66,66,66,66,66],"relic_stats":{"counters":[6,25],"obtain_stats":[{"White Beast Statue":7,"Ring of the Snake":0},{"White Beast Statue":5,"Ring of the Snake":0},{"White Beast Statue":21,"Ring of the Snake":0}],"Ring of the Snake":[12]},"card_choices":[{"not_picked":["Dagger Throw","Prepared"],"picked":"Deadly Poison","floor":1},{"not_picked":["Endless Agony","Caltrops"],"picked":"Catalyst","floor":2},{"not_picked":["Riddle With Holes","Quick Slash"],"picked":"Flying Knee","floor":3},{"not_picked":["Underhanded Strike","Prepared"],"picked":"Crippling Poison","floor":4},{"not_picked":["Outmaneuver","Infinite Blades"],"picked":"Eviscerate","floor":5}],"player_experience":994392,"relics_obtained":[{"floor":7,"key":"White Beast Statue"}],"event_choices":[],"is_beta":false,"boss_relics":[],"items_purged_floors":[],"is_endless":false,"potions_floor_spawned":[3,4],"killed_by":"3 Sentries","ascension_level":18}}