{"host":"jfbo3eu2ui08ej1u","time":1611079331,"event":{"mods":["2.2 Compatiblity","AchievementEnabler","Act Like it!","Aspiration","BaseMod","Better Altar","Better Match","Better Note","Better Sensory Stone","Better Skull","Better Third Choice","Block Reminder","Colored Map","Colored Powertips","Conspire","DeckTracker","Displayed Cursed Tome","Energized Spire","Fox Events","GifTheSpireLib","Hubris","Infinite Spire","Marked Mod","Minty Spire (QoL Compilation)","Pale of the Ancients","Poor People Problems","Quick Restart","Relic Filter","Reorder Act Four","Replay The Spire","Shop Mod","Spicy Shops","Spire Arcade","StSLib","Stuff the Spire","The Blue Laboratory","The Disciple","The Forsaken","The Hierophant","The Marked","Uncapped","Unceasing Turn Reminder","Wandering Minibosses"],"gold_per_floor":[119,36,46,46,65,96,96,124,124,139,139,150,183,201,201,201,201],"floor_reached":16,"language":"ENG","playtime":704,"items_purged":[],"score":232,"play_id":"c3d7ed57-6d8a-4f55-8a6f-e1f0baf7d20a","local_time":"20210119130211","is_ascension_mode":true,"campfire_choices":[{"data":"conspire:Rain","floor":7.0,"key":"SMITH"},{"floor":11.0,"key":"REST"},{"floor":15.0,"key":"REST"}],"circlet_count":0,"master_deck":["AscendersBane","Strike_B","Strike_B","Defend_B","Defend_B","Defend_B","Defend_B","Zap","Dualcast","Melter","Fusion","Meteor Strike","Reinforced Body","conspire:Rain+1","Coolheaded","Lockon","Rebound","StuffTheSpire:ShieldGenerator"],"relics":["Cracked Core","StuffTheSpire:RubySignet","Oddly Smooth Stone","aspiration:FetidBarrel","hubris:SlimyHat"],"acts_visited":["Exordium"],"potions_floor_usage":[],"damage_taken":[{"damage":2.0,"enemies":"Jaw Worm","floor":1.0,"turns":3.0},{"damage":0.0,"enemies":"Cultist","floor":3.0,"turns":2.0},{"damage":8.0,"enemies":"Small Slimes","floor":5.0,"turns":2.0},{"damage":18.0,"enemies":"3 Sentries","floor":6.0,"turns":7.0},{"damage":13.0,"enemies":"Lagavulin","floor":8.0,"turns":5.0},{"damage":2.0,"enemies":"Exordium Wildlife","floor":10.0,"turns":3.0},{"damage":13.0,"enemies":"Blue Slaver","floor":12.0,"turns":3.0},{"damage":12.0,"enemies":"Gremlin Nob","floor":13.0,"turns":4.0},{"damage":1.0,"enemies":"3 Louse","floor":14.0,"turns":4.0},{"damage":79,"enemies":"Fading Forest","floor":16,"turns":9}],"seed_played":"-1860197138389245637","potions_obtained":[{"floor":1.0,"key":"Swift Potion"},{"floor":3.0,"key":"Adrenaline Potion"},{"floor":12.0,"key":"blueLaboratory:AbyssPotion"},{"floor":13.0,"key":"Doom Potion"}],"is_trial":false,"path_per_floor":["M","$","M","?","M","E","R","E","T","M","R","M","E","M","R","B"],"character_chosen":"DEFECT","items_purchased":["Meteor Strike"],"campfire_rested":2,"item_purchase_floors":[2],"current_hp_per_floor":[62,62,62,62,54,36,36,23,23,21,42,29,19,18,39,0,0],"gold":201,"neow_bonus":"TRANSFORM_CARD","is_daily":false,"chose_seed":false,"campfire_upgraded":1,"win_rate":0.0,"timestamp":1611079331,"path_taken":["M","$","M","?","M","E","R","E","T","M","R","?","E","M","R","BOSS"],"items_purchased_type":["Card"],"build_version":"2020-12-22","purchased_purges":0,"victory":false,"max_hp_per_floor":[71,71,71,71,71,71,71,71,71,71,71,71,71,71,71,71,71],"card_choices":[{"not_picked":["Heatsinks","StuffTheSpire:NuclearReactor"],"picked":"Fusion","floor":1.0},{"not_picked":["Leap","Beam Cell"],"picked":"Reinforced Body","floor":3.0},{"not_picked":["Stack","Static Discharge"],"picked":"conspire:Rain","floor":5.0},{"not_picked":["Stack","Recycle"],"picked":"Coolheaded","floor":6.0},{"not_picked":["Consume","ReplayGash"],"picked":"Lockon","floor":8.0},{"not_picked":["Leap","Conserve Battery","Gash"],"picked":"SKIP","floor":10.0},{"not_picked":["FTL","Beam Cell","ReplayGash"],"picked":"SKIP","floor":12.0},{"not_picked":["Coolheaded","Crystallizer"],"picked":"Rebound","floor":13.0},{"not_picked":["Beam Cell","Recycle"],"picked":"StuffTheSpire:ShieldGenerator","floor":14.0}],"player_experience":1207261,"relics_obtained":[{"floor":6.0,"key":"StuffTheSpire:RubySignet"},{"floor":8.0,"key":"Oddly Smooth Stone"},{"floor":9.0,"key":"aspiration:FetidBarrel"},{"floor":13.0,"key":"hubris:SlimyHat"}],"event_choices":[{"cards_removed":["Strike_B"],"damage_healed":0.0,"max_hp_gain":0.0,"max_hp_loss":0.0,"gold_gain":0.0,"event_name":"Purifier","player_choice":"Purged","floor":4.0,"gold_loss":0.0,"damage_taken":0.0}],"is_beta":false,"boss_relics":[],"items_purged_floors":[],"is_endless":false,"potions_floor_spawned":[1,3,12,13],"killed_by":"Fading Forest","ascension_level":18}}