{"host":"x6165drukuu8ns9f","time":1611064952,"event":{"mods":["2.2 Compatiblity","Act Like it!","Arknights The Spire","Aspiration","BaseMod","CapriCore","Colored Map","Colored Powertips","Conspire","Ekko","Elementarium","GifTheSpireLib","Hallownest","Hubris","Luminous","Minty Spire (QoL Compilation)","Pale of the Ancients","Spicy Shops","Spire Birthday Party","StSLib","SuperFastMode","The Blue Laboratory","The Marked","The Runesmith","vexMod","??????REMEMod"],"gold_per_floor":[153,231,231,267,324,360,5,110,110,110,173,260,29,119,128,477,477,531,257,257,33,75,198,285,318,318,458,563,563,610,731,731,1058,1058,1128,1128,1234,1288,1360,1450,1553,1553,1553,317,359,259,103,196,205,217,274,313,412,92,92,164,164,65,65,80],"floor_reached":61,"language":"ENG","playtime":1447,"items_purged":["ekkoTheBoyWhoShatteredTime:TimeMaster","ekkoTheBoyWhoShatteredTime:Defend","Decay"],"score":2007,"play_id":"2d2a055a-22da-4204-99af-2f74534fe249","local_time":"20210119150232","daily_mods":["Vintage","Flight","DeadlyEvents","Midas"],"is_ascension_mode":false,"campfire_choices":[{"floor":10,"key":"REST"},{"floor":15,"key":"REST"},{"floor":32,"key":"REST"},{"floor":49,"key":"REST"},{"floor":55,"key":"REST"},{"floor":57,"key":"REST"}],"circlet_count":0,"master_deck":["ekkoTheBoyWhoShatteredTime:Strike","ekkoTheBoyWhoShatteredTime:Strike","ekkoTheBoyWhoShatteredTime:Strike","ekkoTheBoyWhoShatteredTime:Strike","ekkoTheBoyWhoShatteredTime:Strike","ekkoTheBoyWhoShatteredTime:Defend","ekkoTheBoyWhoShatteredTime:Powered+1","Blood for Blood","ekkoTheBoyWhoShatteredTime:FluidEnergy","ekkoTheBoyWhoShatteredTime:AfterimageBait","ekkoTheBoyWhoShatteredTime:NeedlesslyLargeRod","ekkoTheBoyWhoShatteredTime:FeelIt","ekkoTheBoyWhoShatteredTime:PulsefirePooling","ekkoTheBoyWhoShatteredTime:SpHit","ekkoTheBoyWhoShatteredTime:GrandeFinale","ekkoTheBoyWhoShatteredTime:Disturblast","ekkoTheBoyWhoShatteredTime:WideSlice","ekkoTheBoyWhoShatteredTime:NashorsTooth","ekkoTheBoyWhoShatteredTime:NeedlesslyLargeRod","ekkoTheBoyWhoShatteredTime:AfterimageHit","ekkoTheBoyWhoShatteredTime:FeelIt+1","ekkoTheBoyWhoShatteredTime:DelayedWork","ekkoTheBoyWhoShatteredTime:OverloadingWeapon+1","ekkoTheBoyWhoShatteredTime:IceBreak","ekkoTheBoyWhoShatteredTime:AcademyAttraction+1","Berserk+1","ekkoTheBoyWhoShatteredTime:HauntingGuise","ekkoTheBoyWhoShatteredTime:BansheesVeil+1","ekkoTheBoyWhoShatteredTime:NaggingBlow","ekkoTheBoyWhoShatteredTime:WideSlice+1","ekkoTheBoyWhoShatteredTime:NeedlesslyLargeRod+1","ekkoTheBoyWhoShatteredTime:NeedlesslyLargeRod+1","Cleave","ekkoTheBoyWhoShatteredTime:SneakHit+1","Twin Strike","Inflame+1","ekkoTheBoyWhoShatteredTime:HextechProtobelt","Thunderclap+1","Twin Strike+1","Perfected Strike"],"relics":["ekkoTheBoyWhoShatteredTime:zDriveResonance","REME_ComplimentaryCards","REME_ArchaeologicalTools","PreservedInsect","Tiny Chest","Nunchaku","MawBank","hubris:OldNail","Membership Card","conspire:Dentures","hubris:TinFlute","Bottled Flame","Runesmith:Nanobots","CeramicFish","Regal Pillow","Dream Catcher","vexMod:ConsolationPrize","aspiration:PoetsPen_weak","Bag of Marbles","Vajra","vexMod:PlasmaPancake","Potion Belt","Calipers","Mercury Hourglass","InkBottle","vexMod:FocusSash","aspiration:HatOfInfinitePower","REME_LimitBreaker","Akabeko","Happy Flower","vexMod:BarristanHead","Frozen Egg 2","Elementarium:ElementariumTrophy","aspiration:IroncladSkillbook","Gremlin Horn","Boot","The Courier","hubris:CuriousFeather","Orichalcum","War Paint","Eternal Feather","Question Card","REME_HandOfSuture","hubris:Potato","Sling","ekkoTheBoyWhoShatteredTime:PairOfMasks","hubris:SlimyHat","Anchor","Meat on the Bone","Ancient Tea Set","Bronze Scales","Bottled Lightning","hubris:ToyBattleship","conspire:TopHat","ekkoTheBoyWhoShatteredTime:TwistedClockwork","Whetstone","REME_HourglassOfDeath","hubris:CrystalStatue","hubris:PeanutButter","Orrery","ekkoTheBoyWhoShatteredTime:ChainArmlet","Sundial","paleoftheancients:Timepiece","Oddly Smooth Stone","paleoftheancients:SoulOfTheSilent","Shuriken","Bag of Preparation","StrikeDummy","vexMod:Spyglass","ekkoTheBoyWhoShatteredTime:ResonanceReceiver","Lantern","aspiration:AnachronicSnailShell","REME_PuzzleBoxRelic","vexMod:ScavengeHelm"],"acts_visited":[],"potions_floor_usage":[12,12,16,16,33,33],"damage_taken":[{"damage":0,"enemies":"Small Slimes","floor":1,"turns":6},{"damage":0,"enemies":"Cultist","floor":2,"turns":2},{"damage":1,"enemies":"2 Louse","floor":4,"turns":4},{"damage":4,"enemies":"Exordium Wildlife","floor":5,"turns":4},{"damage":19,"enemies":"Exordium Thugs","floor":6,"turns":5},{"damage":32,"enemies":"Lagavulin","floor":8,"turns":4},{"damage":23,"enemies":"3 Louse","floor":11,"turns":3},{"damage":8,"enemies":"Gremlin Nob","floor":12,"turns":3},{"damage":2,"enemies":"Lagavulin","floor":14,"turns":5},{"damage":22,"enemies":"Hexaghost","floor":16,"turns":7},{"damage":0,"enemies":"Elementarium:2_ELEMENTALS","floor":18,"turns":2},{"damage":0,"enemies":"Elementarium:MUD_AND_TAR_GOLEMS","floor":22,"turns":2},{"damage":0,"enemies":"Elementarium:ElementalPortal","floor":23,"turns":3},{"damage":0,"enemies":"Elementarium:WarGolem","floor":24,"turns":1},{"damage":0,"enemies":"Elementarium:RubyGolem","floor":25,"turns":1},{"damage":12,"enemies":"Elementarium:FIRE_NOBILITY","floor":27,"turns":2},{"damage":12,"enemies":"Elementarium:ElementalPortal","floor":28,"turns":3},{"damage":25,"enemies":"Elementarium:FIRE_NOBILITY","floor":31,"turns":2},{"damage":0,"enemies":"Elementarium:GolemEmperor","floor":33,"turns":4},{"damage":7,"enemies":"3 Shapes","floor":35,"turns":2},{"damage":7,"enemies":"Giant Head","floor":37,"turns":4},{"damage":0,"enemies":"Orb Walker","floor":38,"turns":1},{"damage":15,"enemies":"4 Shapes","floor":39,"turns":1},{"damage":0,"enemies":"Nemesis","floor":40,"turns":1},{"damage":13,"enemies":"Giant Head","floor":41,"turns":3},{"damage":0,"enemies":"Sphere and 2 Shapes","floor":45,"turns":1},{"damage":0,"enemies":"Nemesis","floor":48,"turns":1},{"damage":0,"enemies":"conspire:OrnateMirror","floor":50,"turns":1},{"damage":0,"enemies":"conspire:OrnateMirror","floor":51,"turns":1},{"damage":0,"enemies":"conspire:OrnateMirror","floor":52,"turns":1},{"damage":0,"enemies":"conspire:MimicChest","floor":53,"turns":1},{"damage":0,"enemies":"conspire:MimicChest","floor":56,"turns":1},{"damage":0,"enemies":"paleoftheancients:N","floor":60,"turns":2}],"seed_played":"-184984054657016547","potions_obtained":[{"floor":2,"key":"DistilledChaos"},{"floor":6,"key":"Strength Potion"},{"floor":12,"key":"blueLaboratory:PyrophylliteBrew"},{"floor":14,"key":"Strength Potion"},{"floor":16,"key":"blueLaboratory:SavagePotion"},{"floor":18,"key":"FearPotion"},{"floor":23,"key":"FairyPotion"},{"floor":24,"key":"blueLaboratory:StoneskinPotion"},{"floor":33,"key":"blueLaboratory:PhilterOfMotion"},{"floor":38,"key":"blueLaboratory:FruitPreserves"},{"floor":41,"key":"blueLaboratory:StoneskinPotion"},{"floor":45,"key":"AttackPotion"}],"is_trial":true,"path_per_floor":["M","M","?","M","M","M","$","E","T","R","M","E","$","E","R","B",null,"M","$","T","$","M","E","E","M","T","E","E","?","T","E","R","B",null,"M","?","E","M","M","E","E","T","T","$","M","NS","$","E","R","B","M","M","?","$","R","M","R","$","?","B",null],"character_chosen":"EKKO_THE_BOY_WHO_SHATTERED_TIME","items_purchased":["hubris:OldNail","Membership Card","ekkoTheBoyWhoShatteredTime:WaitForKeyTiming","ekkoTheBoyWhoShatteredTime:FluidEnergy","ekkoTheBoyWhoShatteredTime:AfterimageBait","CeramicFish","Regal Pillow","Dream Catcher","Vajra","vexMod:PlasmaPancake","ekkoTheBoyWhoShatteredTime:Disturblast","ekkoTheBoyWhoShatteredTime:WideSlice","ekkoTheBoyWhoShatteredTime:NashorsTooth","Calipers","Mercury Hourglass","ekkoTheBoyWhoShatteredTime:NeedlesslyLargeRod","ekkoTheBoyWhoShatteredTime:AfterimageHit","REME_HandOfSuture","hubris:Potato","Sling","ekkoTheBoyWhoShatteredTime:PairOfMasks","hubris:SlimyHat","ekkoTheBoyWhoShatteredTime:NaggingBlow","ekkoTheBoyWhoShatteredTime:WideSlice","ekkoTheBoyWhoShatteredTime:NeedlesslyLargeRod+1","Anchor","Meat on the Bone","Ancient Tea Set","Bronze Scales","Bottled Lightning","hubris:ToyBattleship","conspire:TopHat","ekkoTheBoyWhoShatteredTime:TwistedClockwork","Whetstone","REME_HourglassOfDeath","hubris:CrystalStatue","ekkoTheBoyWhoShatteredTime:NeedlesslyLargeRod+1","Orrery","ekkoTheBoyWhoShatteredTime:ChainArmlet","vexMod:Spyglass","ekkoTheBoyWhoShatteredTime:ResonanceReceiver","Lantern","Perfected Strike","aspiration:AnachronicSnailShell","vexMod:ScavengeHelm"],"campfire_rested":6,"item_purchase_floors":[7,7,7,7,7,13,13,13,19,19,19,19,19,21,21,21,21,44,44,44,44,44,44,44,44,44,44,44,44,44,44,44,44,44,44,44,44,47,47,54,54,54,54,54,58],"current_hp_per_floor":[78,78,78,77,73,54,54,22,22,45,22,14,14,12,50,28,78,78,84,84,84,84,84,84,84,84,75,63,63,63,38,78,78,84,84,84,81,84,73,77,68,68,68,68,72,72,72,76,84,92,92,92,92,92,92,92,92,92,92,92],"gold":80,"neow_bonus":"","is_daily":false,"chose_seed":false,"campfire_upgraded":0,"win_rate":0.0,"timestamp":1611064952,"path_taken":["M","M","?","M","M","M","$","E","T","R","M","?","?","?","R","BOSS","M","$","?","$","M","E","E","?","T","?","E","?","?","E","R","BOSS","M","?","?","M","?","E","E","?","T","$","M","NS","$","?","R","BOSS","M","M","?","$","R","M","R","$","?","BOSS"],"items_purchased_type":["Relic","Relic","Card","Card","Card","Relic","Relic","Relic","Relic","Relic","Card","Card","Card","Relic","Relic","Card","Card","Relic","Relic","Relic","Relic","Relic","Card","Card","Card","Relic","Relic","Relic","Relic","Relic","Relic","Relic","Relic","Relic","Relic","Relic","Card","Relic","Relic","Relic","Relic","Relic","Card","Relic","Relic"],"build_version":"2020-12-22","purchased_purges":3,"victory":true,"max_hp_per_floor":[78,78,78,78,78,78,78,78,78,78,78,78,78,78,78,78,78,78,84,84,84,84,84,84,84,84,84,84,84,84,84,84,84,84,84,84,84,84,84,84,84,84,84,84,84,84,84,84,84,92,92,92,92,92,92,92,92,92,92,92],"card_choices":[{"not_picked":["ekkoTheBoyWhoShatteredTime:WideSlice","ekkoTheBoyWhoShatteredTime:Overflow"],"picked":"ekkoTheBoyWhoShatteredTime:NeedlesslyLargeRod","floor":8},{"not_picked":["ekkoTheBoyWhoShatteredTime:Resocharge","ekkoTheBoyWhoShatteredTime:WaitForKeyTiming"],"picked":"ekkoTheBoyWhoShatteredTime:FeelIt","floor":12},{"not_picked":["ekkoTheBoyWhoShatteredTime:AfterimageBait","ekkoTheBoyWhoShatteredTime:LoadUp"],"picked":"ekkoTheBoyWhoShatteredTime:PulsefirePooling","floor":14},{"not_picked":["ekkoTheBoyWhoShatteredTime:AfterimageBait","ekkoTheBoyWhoShatteredTime:SneakHit"],"picked":"ekkoTheBoyWhoShatteredTime:SpHit","floor":15},{"not_picked":["ekkoTheBoyWhoShatteredTime:Unleashed","ekkoTheBoyWhoShatteredTime:TrickOrTreatTrend"],"picked":"ekkoTheBoyWhoShatteredTime:GrandeFinale","floor":16},{"not_picked":["ekkoTheBoyWhoShatteredTime:ComeAtMe+1","ekkoTheBoyWhoShatteredTime:TrickOrTreatTrend"],"picked":"ekkoTheBoyWhoShatteredTime:FeelIt+1","floor":23},{"not_picked":["ekkoTheBoyWhoShatteredTime:SneakHit","ekkoTheBoyWhoShatteredTime:Dash"],"picked":"ekkoTheBoyWhoShatteredTime:DelayedWork","floor":24},{"not_picked":["ekkoTheBoyWhoShatteredTime:CommittedStrike","ekkoTheBoyWhoShatteredTime:AfterimageHit+1"],"picked":"ekkoTheBoyWhoShatteredTime:OverloadingWeapon","floor":27},{"not_picked":["ekkoTheBoyWhoShatteredTime:PhaseDive+1","ekkoTheBoyWhoShatteredTime:IcebornGauntlet"],"picked":"ekkoTheBoyWhoShatteredTime:IceBreak","floor":28},{"not_picked":["ekkoTheBoyWhoShatteredTime:Leap","ekkoTheBoyWhoShatteredTime:SneakHit"],"picked":"ekkoTheBoyWhoShatteredTime:Unchained+1","floor":31},{"not_picked":["ekkoTheBoyWhoShatteredTime:SandstormSympathy","ekkoTheBoyWhoShatteredTime:Unleashed"],"picked":"ekkoTheBoyWhoShatteredTime:AcademyAttraction+1","floor":33},{"not_picked":["Pommel Strike","True Grit+1","ekkoTheBoyWhoShatteredTime:TimeIndustry"],"picked":"Berserk+1","floor":37},{"not_picked":["ekkoTheBoyWhoShatteredTime:TimeRecall+1","Dark Embrace+1","Sentinel+1"],"picked":"ekkoTheBoyWhoShatteredTime:HauntingGuise","floor":40},{"not_picked":["ekkoTheBoyWhoShatteredTime:FluidEnergy+1","Flex+1","ekkoTheBoyWhoShatteredTime:DodgeTraining"],"picked":"ekkoTheBoyWhoShatteredTime:BansheesVeil+1","floor":41},{"not_picked":["Flex","ekkoTheBoyWhoShatteredTime:HauntingGuise+1","Warcry+1","ekkoTheBoyWhoShatteredTime:QuickBreak+1"],"picked":"Cleave","floor":47},{"not_picked":["Spot Weakness+1","ekkoTheBoyWhoShatteredTime:FeelIt","ekkoTheBoyWhoShatteredTime:NaggingBlow+1","ekkoTheBoyWhoShatteredTime:ComeAtMe"],"picked":"ekkoTheBoyWhoShatteredTime:SneakHit+1","floor":47},{"not_picked":["Cleave+1","Wild Strike","ekkoTheBoyWhoShatteredTime:Playful","Headbutt"],"picked":"Twin Strike","floor":47},{"not_picked":["Feel No Pain+1","Sever Soul+1","ekkoTheBoyWhoShatteredTime:DefensiveStance+1","ekkoTheBoyWhoShatteredTime:AcademyAttraction+1"],"picked":"Inflame+1","floor":47},{"not_picked":["ekkoTheBoyWhoShatteredTime:HauntingGuise+1","Pommel Strike","hubris:ReadiedAction","Havoc"],"picked":"ekkoTheBoyWhoShatteredTime:HextechProtobelt","floor":48},{"not_picked":["REME_Scribble","ekkoTheBoyWhoShatteredTime:PhaseDive","Intimidate","ekkoTheBoyWhoShatteredTime:AfterimageHit+1"],"picked":"Thunderclap+1","floor":49},{"not_picked":["True Grit","ekkoTheBoyWhoShatteredTime:AfterimageTease+1","Infernal Blade+1","Body Slam"],"picked":"Twin Strike+1","floor":53}],"player_experience":104861,"relics_obtained":[{"floor":1,"key":"REME_ArchaeologicalTools"},{"floor":2,"key":"PreservedInsect"},{"floor":4,"key":"Tiny Chest"},{"floor":5,"key":"Nunchaku"},{"floor":6,"key":"MawBank"},{"floor":8,"key":"conspire:Dentures"},{"floor":9,"key":"hubris:TinFlute"},{"floor":11,"key":"Bottled Flame"},{"floor":12,"key":"Runesmith:Nanobots"},{"floor":14,"key":"vexMod:ConsolationPrize"},{"floor":18,"key":"Bag of Marbles"},{"floor":20,"key":"Potion Belt"},{"floor":22,"key":"InkBottle"},{"floor":23,"key":"vexMod:FocusSash"},{"floor":24,"key":"aspiration:HatOfInfinitePower"},{"floor":25,"key":"REME_LimitBreaker"},{"floor":26,"key":"Akabeko"},{"floor":27,"key":"Happy Flower"},{"floor":30,"key":"vexMod:BarristanHead"},{"floor":31,"key":"Frozen Egg 2"},{"floor":35,"key":"Gremlin Horn"},{"floor":37,"key":"Boot"},{"floor":38,"key":"The Courier"},{"floor":39,"key":"hubris:CuriousFeather"},{"floor":40,"key":"Orichalcum"},{"floor":41,"key":"War Paint"},{"floor":42,"key":"Eternal Feather"},{"floor":43,"key":"Question Card"},{"floor":45,"key":"hubris:PeanutButter"},{"floor":48,"key":"Sundial"},{"floor":51,"key":"paleoftheancients:SoulOfTheSilent"},{"floor":51,"key":"Shuriken"},{"floor":52,"key":"Bag of Preparation"},{"floor":53,"key":"StrikeDummy"},{"floor":56,"key":"REME_PuzzleBoxRelic"}],"event_choices":[{"cards_removed":["ekkoTheBoyWhoShatteredTime:Defend"],"damage_healed":0,"gold_gain":0,"player_choice":"Purged","damage_taken":0,"max_hp_gain":0,"max_hp_loss":0,"event_name":"Purifier","floor":3,"gold_loss":0},{"cards_removed":["ekkoTheBoyWhoShatteredTime:Defend"],"damage_healed":0,"gold_gain":0,"player_choice":"Purged","damage_taken":0,"max_hp_gain":0,"max_hp_loss":0,"event_name":"Purifier","floor":36,"gold_loss":0}],"is_beta":false,"boss_relics":[{"not_picked":["Velvet Choker","hubris:TerracottaHorce"],"picked":"aspiration:PoetsPen_weak"},{"not_picked":["Philosopher\u0027s Stone","hubris:BlackHole"],"picked":"aspiration:IroncladSkillbook"}],"items_purged_floors":[19,44,47],"is_endless":false,"potions_floor_spawned":[2,6,12,14,16,18,23,24,33,38,41,45,51,53],"ascension_level":0}}