{"host":"obplhmlw33xb91v8","time":1611096220,"event":{"mods":["BaseMod","Block Reminder","Curses Come First","Evolution","HololiveMod","Minty Spire (QoL Compilation)","Quick Restart","Relic Stats","Replay The Spire","Spicy Shops","StSLib","Uncapped","Waifu the Spire","slay the spire mod where everything is the same but ironclad has a cowboy hat"],"gold_per_floor":[84,104,104,24,42,42,74,93,93,42,42,57,76,96,96,198,198,219,249,266,191,210,247,269,229,282,282,301,97,132,143,143,287,287,304,330,3,28,48,48,124,179,179,179,179,207,13,45,67,62,62,83],"floor_reached":53,"language":"ENG","playtime":3419,"items_purged":[],"score":1136,"play_id":"c9a41c1f-a5d3-4940-8587-dfefd461b262","local_time":"20210119174340","is_ascension_mode":false,"campfire_choices":[{"data":"Hololive_CocoNews","floor":6,"key":"SMITH"},{"data":"Hololive_StrengthChampion","floor":11,"key":"SMITH"},{"data":"Hololive_StrengthChampion+1","floor":15,"key":"SMITH"},{"data":"Hololive_StrengthChampion+3","floor":27,"key":"SMITH"},{"data":"Hololive_StrengthChampion+4","floor":32,"key":"SMITH"},{"data":"Hololive_StrengthChampion+5","floor":40,"key":"SMITH"},{"data":"Hololive_StrengthChampion+6","floor":51,"key":"SMITH"}],"circlet_count":0,"master_deck":["Hololive_Strike","Hololive_Defend","Hololive_Defend","Hololive_FlyingPonyTail","Hololive_CallHimemoriLuna","Hololive_CallRoboco","Hololive_CallMinatoAqua","Hololive_CallNatsuiroMatsuri","Hololive_CallAkiRosenthal","Hololive_Psychosis","Hololive_RevenueBasedLive","Hololive_CocoNews+1","Hololive_CallShiranuiFlare","Hololive_CocoNews","Hololive_StrengthChampion+7","Hololive_Rebirth","Hololive_LuckPotion","Hololive_CallHimemoriLuna","Hololive_DiamondStrike","Hololive_Watashimo+1","Hololive_CallNakiriAyame+1","Hololive_CandyCastle","Hololive_CallTsunomakiWatame","Hololive_Trident","Hololive_SoulCatcher","Hololive_CallDoris","Hololive_StrengthChampion","Hololive_CallOmaruPolka","Hololive_Breathe","Hololive_OpenUp","Hololive_OvertimeWork","Hololive_CallYukihanaLamy+1","Hololive_BringToTrial","Hololive_CallNekomataOkayu+1","Hololive_CallMinatoAqua+1","Hololive_Yoholoon+1","Hololive_Breathe+1","Hololive_CallRoboco+1","Hololive_Breathe+1","Normality","Hololive_Drill","Hololive_CallFriendA","Hololive_Rebound","Hololive_CallCivia+1","Hololive_HuntDinosaur"],"relics":["Hololive_TheStar","EVO:Axolotl","NeowsBlessing","Calipers","Darkstone Periapt","Girya","Snecko Eye","Red Mask","Incense Burner","ReplayTheSpireMod:TigerMarble","Membership Card","The Courier","SacredBark","Pantograph","Boot","Kunai","Hololive_FriedShrimpLion","Lizard Tail","Gambling Chip","Replay:Bottled Flurry","Happy Flower","Blood Vial","Bag of Marbles","Shuriken","ReplayTheSpireMod:CursedCoin","Replay:Bottled Steam","Orrery"],"acts_visited":["Exordium","TheCity","TheBeyond"],"potions_floor_usage":[23,39,47,52],"damage_taken":[{"damage":0,"enemies":"Small Slimes","floor":1,"turns":2},{"damage":0,"enemies":"Jaw Worm","floor":2,"turns":1},{"damage":0,"enemies":"Cultist","floor":5,"turns":1},{"damage":6,"enemies":"Lagavulin","floor":7,"turns":4},{"damage":0,"enemies":"3 Louse","floor":8,"turns":3},{"damage":0,"enemies":"Large Slime","floor":12,"turns":5},{"damage":2,"enemies":"Exordium Thugs","floor":13,"turns":3},{"damage":0,"enemies":"Blue Slaver","floor":14,"turns":4},{"damage":0,"enemies":"Hexaghost","floor":16,"turns":6},{"damage":0,"enemies":"3 Byrds","floor":18,"turns":3},{"damage":0,"enemies":"Masked Bandits","floor":19,"turns":4},{"damage":0,"enemies":"Spheric Guardian","floor":20,"turns":3},{"damage":0,"enemies":"Snake Plant","floor":22,"turns":3},{"damage":0,"enemies":"Book of Stabbing","floor":23,"turns":4},{"damage":0,"enemies":"Sentry and Sphere","floor":24,"turns":6},{"damage":0,"enemies":"3 Cultists","floor":28,"turns":4},{"damage":2,"enemies":"Slavers","floor":30,"turns":4},{"damage":0,"enemies":"Snake Plant","floor":31,"turns":3},{"damage":0,"enemies":"Automaton","floor":33,"turns":6},{"damage":0,"enemies":"Orb Walker","floor":35,"turns":3},{"damage":0,"enemies":"3 Shapes","floor":36,"turns":4},{"damage":0,"enemies":"Jaw Worm Horde","floor":38,"turns":5},{"damage":0,"enemies":"Transient","floor":39,"turns":5},{"damage":0,"enemies":"Mind Bloom Boss Battle","floor":41,"turns":5},{"damage":0,"enemies":"2 Orb Walkers","floor":42,"turns":4},{"damage":0,"enemies":"R_Hoarder","floor":46,"turns":6},{"damage":0,"enemies":"Reptomancer","floor":48,"turns":4},{"damage":0,"enemies":"Spire Growth","floor":49,"turns":4},{"damage":0,"enemies":"Donu and Deca","floor":52,"turns":6}],"seed_played":"3449841442318743802","potions_obtained":[{"floor":2,"key":"Strength Potion"},{"floor":7,"key":"Explosive Potion"},{"floor":18,"key":"Reflective Coating"},{"floor":23,"key":"Weak Potion"},{"floor":35,"key":"LifebloodPotion"},{"floor":46,"key":"Regen Potion"}],"is_trial":false,"path_per_floor":["M","M","?","$","M","R","E","M","T","$","R","M","M","M","R","B",null,"M","?","M","?","M","E","M","?","T","R","M","$","E","M","R","B",null,"M","M","$","M","M","R","?","?","T","PTL","PTL","E","$","E","M","$","R","B",null],"character_chosen":"Hololive_HololiveCharacter","items_purchased":["Calipers","Hololive_StrengthChampion","Membership Card","Hololive_CallDoris","Hololive_StrengthChampion","Pantograph","Boot","Kunai","Hololive_FriedShrimpLion","Hololive_BringToTrial","Blood Vial","Bag of Marbles","Fruit Juice","DistilledChaos","Fire Potion","ReplayTheSpireMod:CursedCoin","Replay:Bottled Steam","Orrery"],"campfire_rested":0,"item_purchase_floors":[4,10,29,29,29,37,37,37,37,37,47,47,47,47,47,50,50,50],"current_hp_per_floor":[35,35,40,40,40,40,34,34,34,34,34,34,32,32,32,32,40,40,40,40,40,40,40,40,40,40,40,40,40,38,38,38,38,40,40,40,40,40,40,40,40,40,40,40,40,40,50,50,50,56,56,56],"gold":83,"neow_bonus":"THREE_ENEMY_KILL","is_daily":false,"chose_seed":false,"campfire_upgraded":7,"win_rate":0.0,"timestamp":1611096220,"path_taken":["M","M","?","?","M","R","E","M","T","$","R","?","M","M","R","BOSS","M","?","M","?","M","E","M","?","T","R","M","$","E","M","R","BOSS","M","M","$","M","M","R","?","?","T","PTL","PTL","E","$","E","M","?","R","BOSS"],"items_purchased_type":["Relic","Card","Relic","Card","Card","Relic","Relic","Relic","Relic","Card","Relic","Relic","Potion","Potion","Potion","Relic","Relic","Relic"],"build_version":"2020-12-22","purchased_purges":0,"victory":true,"max_hp_per_floor":[35,35,40,40,40,40,40,40,40,40,40,40,40,40,40,40,40,40,40,40,40,40,40,40,40,40,40,40,40,40,40,40,40,40,40,40,40,40,40,40,40,40,40,40,40,40,50,50,50,56,56,56],"relic_stats":{"Darkstone Periapt":6,"Blood Vial":0,"Lizard Tail":0,"Happy Flower":[4],"counters":[29,115],"Shuriken":[4],"Pantograph":0,"Gambling Chip":[20],"Snecko Eye":[177,149,156,153],"Kunai":[13],"Boot":[122],"obtain_stats":[{"Darkstone Periapt":7,"Calipers":4,"SacredBark":34,"Incense Burner":23,"EVO:Axolotl":0,"Boot":37,"Blood Vial":47,"Lizard Tail":41,"Pantograph":37,"Gambling Chip":42,"Red Mask":19,"Replay:Bottled Flurry":43,"Kunai":37,"Replay:Bottled Steam":50,"Girya":9,"NeowsBlessing":0,"Happy Flower":46,"ReplayTheSpireMod:CursedCoin":50,"The Courier":30,"Shuriken":48,"Hololive_TheStar":0,"Snecko Eye":17,"Orrery":50,"Hololive_FriedShrimpLion":37,"ReplayTheSpireMod:TigerMarble":26,"Bag of Marbles":47,"Membership Card":29},{"Darkstone Periapt":4,"Calipers":2,"SacredBark":19,"Incense Burner":14,"EVO:Axolotl":0,"Boot":21,"Blood Vial":26,"Lizard Tail":24,"Pantograph":21,"Gambling Chip":25,"Red Mask":11,"Replay:Bottled Flurry":25,"Kunai":21,"Replay:Bottled Steam":28,"Girya":5,"NeowsBlessing":0,"Happy Flower":26,"ReplayTheSpireMod:CursedCoin":28,"The Courier":17,"Shuriken":27,"Hololive_TheStar":0,"Snecko Eye":9,"Orrery":28,"Hololive_FriedShrimpLion":21,"ReplayTheSpireMod:TigerMarble":15,"Bag of Marbles":26,"Membership Card":16},{"Darkstone Periapt":8,"Calipers":3,"SacredBark":69,"Incense Burner":46,"EVO:Axolotl":0,"Boot":76,"Blood Vial":101,"Lizard Tail":91,"Pantograph":76,"Gambling Chip":95,"Red Mask":36,"Replay:Bottled Flurry":95,"Kunai":76,"Replay:Bottled Steam":109,"Girya":11,"NeowsBlessing":0,"Happy Flower":101,"ReplayTheSpireMod:CursedCoin":109,"The Courier":60,"Shuriken":105,"Hololive_TheStar":0,"Snecko Eye":29,"Orrery":109,"Hololive_FriedShrimpLion":76,"ReplayTheSpireMod:TigerMarble":52,"Bag of Marbles":101,"Membership Card":56}]},"card_choices":[{"not_picked":["Hololive_Sequa","Hololive_Yoholoon","Hololive_OvertimeWork"],"picked":"Hololive_Psychosis","floor":1},{"not_picked":["Hololive_CallOkamiMio","Hololive_CallAZKi","Hololive_CallRosalyn"],"picked":"Hololive_RevenueBasedLive","floor":2},{"not_picked":["Hololive_Psychosis","Hololive_CallNatsuiroMatsuri","Hololive_CallRoboco"],"picked":"Hololive_CocoNews","floor":5},{"not_picked":["Hololive_Trident","Hololive_DDD","Hololive_StrengthChampion"],"picked":"Hololive_CallShiranuiFlare","floor":7},{"not_picked":["Hololive_HuntDinosaur","Hololive_RevenueBasedLive","Hololive_CallMoonaHoshinova"],"picked":"Hololive_CocoNews","floor":8},{"not_picked":["Hololive_Breathe","Hololive_CocoNews","Hololive_RevenueBasedLive"],"picked":"Hololive_Rebirth","floor":12},{"not_picked":["Hololive_FlyingPonyTail","Hololive_Drill","Hololive_StrengthChampion"],"picked":"Hololive_LuckPotion","floor":13},{"not_picked":["Hololive_Breathe","Hololive_Watashimo","Hololive_OvertimeWork"],"picked":"Hololive_CallHimemoriLuna","floor":14},{"not_picked":["Hololive_Recruit","Hololive_FlareMind","Hololive_HighAtkLowDef"],"picked":"Hololive_DiamondStrike","floor":16},{"not_picked":["Hololive_Trident+1","Hololive_Drill+1","Hololive_CallAiraniIofifteen"],"picked":"Hololive_Watashimo+1","floor":18},{"not_picked":["Hololive_LuckPotion","Hololive_CallAkiRosenthal","Hololive_CallFriendA"],"picked":"Hololive_CallNakiriAyame+1","floor":19},{"not_picked":["Hololive_CallNatsuiroMatsuri","Hololive_FlyingPonyTail","Hololive_LuckPotion"],"picked":"Hololive_CandyCastle","floor":20},{"not_picked":["Hololive_Trident","Hololive_CallYogiri","Hololive_CallInugamiKorone"],"picked":"Hololive_CallTsunomakiWatame","floor":22},{"not_picked":["Hololive_StrengthChampion","Hololive_FlyingPonyTail+1","Hololive_CocoNews"],"picked":"Hololive_Trident","floor":23},{"not_picked":["Hololive_Psychosis","Hololive_Rebound","Hololive_Drill"],"picked":"Hololive_SoulCatcher","floor":24},{"not_picked":["Hololive_OvertimeWork","Hololive_HuntDinosaur","Hololive_Rebirth","Hololive_Rebound"],"picked":"SKIP","floor":28},{"not_picked":["Hololive_CandyCastle","Hololive_CallTsunomakiWatame","Hololive_CocoNews"],"picked":"Hololive_CallOmaruPolka","floor":30},{"not_picked":["Hololive_Psychosis","Hololive_HuntDinosaur","Hololive_CocoNews"],"picked":"Hololive_Breathe","floor":31},{"not_picked":["Hololive_Nanodesu","Hololive_Thief","Hololive_Recruit"],"picked":"Hololive_OpenUp","floor":33},{"not_picked":["Hololive_Trident","Hololive_CallHoshimachiSuisei","Hololive_Sequa+1"],"picked":"Hololive_OvertimeWork","floor":35},{"not_picked":["Hololive_CallAZKi","Hololive_Trident","Hololive_HuntDinosaur"],"picked":"Hololive_CallYukihanaLamy+1","floor":36},{"not_picked":["Hololive_CallTsunomakiWatame","Hololive_Sequa","Hololive_CallMoonaHoshinova"],"picked":"Hololive_CallNekomataOkayu+1","floor":38},{"not_picked":["Hololive_Watashimo","Hololive_Breathe+1","Hololive_Drill+1"],"picked":"Hololive_CallMinatoAqua+1","floor":39},{"not_picked":["Hololive_FlyingPonyTail","Hololive_CandyCastle+1","Hololive_Drill"],"picked":"Hololive_Yoholoon+1","floor":41},{"not_picked":["Hololive_BeCareful","Hololive_HuntDinosaur+1","Hololive_RevenueBasedLive+1"],"picked":"Hololive_Breathe+1","floor":42},{"not_picked":["Hololive_HighAtkLowDef","Hololive_ASMR","Hololive_FlyingPonyTail"],"picked":"Hololive_CallRoboco+1","floor":46},{"not_picked":["Hololive_Rebound+1","Hololive_Drill","Hololive_Psychosis+1","Hololive_StrengthChampion"],"picked":"SKIP","floor":48},{"not_picked":["Hololive_FlyingPonyTail+1","Hololive_LuckPotion+1","Hololive_Trident+1"],"picked":"Hololive_Breathe+1","floor":49},{"not_picked":["Hololive_Breathe","Hololive_Trident+1","Hololive_Recruit"],"picked":"Hololive_Drill","floor":50},{"not_picked":["Hololive_CocoNews+1","Hololive_RevenueBasedLive","Hololive_CallCivia+1"],"picked":"Hololive_CallFriendA","floor":50},{"not_picked":["Hololive_CocoNews","Hololive_ILoveYou+1","Hololive_Trident"],"picked":"Hololive_Rebound","floor":50},{"not_picked":["Hololive_HuntDinosaur","Hololive_OvertimeWork+1","Hololive_CallTokinoSora+1"],"picked":"Hololive_CallCivia+1","floor":50},{"not_picked":["Hololive_Sequa+1","Hololive_Trident+1","Hololive_FlyingPonyTail"],"picked":"Hololive_HuntDinosaur","floor":50}],"player_experience":217723,"relics_obtained":[{"floor":7,"key":"Darkstone Periapt"},{"floor":9,"key":"Girya"},{"floor":19,"key":"Red Mask"},{"floor":23,"key":"Incense Burner"},{"floor":26,"key":"ReplayTheSpireMod:TigerMarble"},{"floor":30,"key":"The Courier"},{"floor":41,"key":"Lizard Tail"},{"floor":42,"key":"Gambling Chip"},{"floor":43,"key":"Replay:Bottled Flurry"},{"floor":46,"key":"Happy Flower"},{"floor":48,"key":"Shuriken"}],"event_choices":[{"damage_healed":0,"gold_gain":0,"player_choice":"Donut","damage_taken":0,"max_hp_gain":5,"max_hp_loss":0,"event_name":"Big Fish","floor":3,"gold_loss":0},{"damage_healed":0,"gold_gain":0,"player_choice":"Fought Bandits","damage_taken":0,"max_hp_gain":0,"max_hp_loss":0,"event_name":"Masked Bandits","floor":19,"gold_loss":0},{"cards_removed":["Hololive_Strike"],"damage_healed":0,"gold_gain":0,"player_choice":"Gave Gold","damage_taken":0,"max_hp_gain":0,"max_hp_loss":0,"event_name":"Beggar","floor":21,"gold_loss":75},{"damage_healed":0,"gold_gain":0,"player_choice":"Upgrade","damage_taken":0,"max_hp_gain":0,"max_hp_loss":0,"event_name":"Designer","floor":25,"gold_loss":40,"cards_upgraded":["Hololive_StrengthChampion"]},{"damage_healed":0,"gold_gain":0,"player_choice":"Fight","damage_taken":0,"max_hp_gain":0,"max_hp_loss":0,"event_name":"MindBloom","floor":41,"gold_loss":0},{"damage_healed":0,"gold_gain":0,"player_choice":"Fight","damage_taken":0,"max_hp_gain":0,"max_hp_loss":0,"event_name":"Mysterious Sphere","floor":42,"gold_loss":0}],"is_beta":false,"boss_relics":[{"not_picked":["SlaversCollar","Tiny House"],"picked":"Snecko Eye"},{"not_picked":["ReplayTheSpireMod:DimensionalGlitch","Runic Dome"],"picked":"SacredBark"}],"items_purged_floors":[],"is_endless":false,"potions_floor_spawned":[2,7,12,14,18,22,23,30,35,38,46,48,49],"ascension_level":0}}