{"host":"9jkzatiwan7o33sr","time":1611100197,"event":{"mods":["A Magickal Journey","AchievementEnabler","Act Like it!","BaseMod","Colored Map","Colored Powertips","Conspire","Downfall","GifTheSpireLib","Hallownest","Hermit","Hubris","Infinite Spire","Marisa????????","Mimic Mod","Minty Spire (QoL Compilation)","StSLib","Stuff the Spire","The Bug Knight","The Construct","The Cursed","The Disciple","The Elementalist","The Factory","The Hierophant","The Jungle","The Mystic","The Necromancer","The Runesmith","The Servant 0.9.4","[IsaacMod]????"],"gold_per_floor":[116,35,35,53,67,67,67,102,134,134,134,167,179,179,179,274,274,287,287,287,300,320,320,350,350,350,373,373,398,87,87,87,188,188,207,220,220,220,235,235,235],"floor_reached":40,"language":"ENG","playtime":4464,"items_purged":[],"score":528,"play_id":"90163315-9b85-4dd5-88c8-801d1533e83c","local_time":"20210120004957","is_ascension_mode":true,"campfire_choices":[{"data":"Eruption","floor":6.0,"key":"SMITH"},{"data":"Evaluate","floor":10.0,"key":"SMITH"},{"data":"Pray","floor":15.0,"key":"SMITH"},{"floor":23,"key":"REST"},{"floor":25,"key":"REST"},{"floor":28,"key":"REST"},{"floor":32,"key":"REST"}],"circlet_count":0,"master_deck":["Strike_P","Strike_P","Strike_P","Strike_P","Defend_P","Defend_P","Defend_P","Defend_P","Eruption+1","Vigilance","FlyingSleeves","Indignation","Evaluate+1","Consecrate","CarveReality","Protect","Halt","Pray+1","Establishment","ClearTheMind+1","Pray","EmptyBody+1","Prostrate+1","Prostrate+1","Blind","FearNoEvil","Worship","MentalFortress","StuffTheSpire:WarGroove","Scrawl","WheelKick+1","CutThroughFate+1","conspire:Banana","Shame","StuffTheSpire:WarCurse","Prostrate+1","StuffTheSpire:WarCurse"],"relics":["PureWater","HushsDoor","YumHeart","Runesmith:AutoHammer","Tiny Chest","Art of War","hubris:Towel","conspire:SpecialSausage","MutagenicStrength","StuffTheSpire:GrapeVine","HollowMod:LifeEnderRelic","HollowMod:PaleOreRelic","Oddly Smooth Stone","Cursed Key","Pen Nib"],"acts_visited":["Exordium","TheCity","TheBeyond"],"potions_floor_usage":[],"damage_taken":[{"damage":0.0,"enemies":"Cultist","floor":1.0,"turns":2.0},{"damage":0.0,"enemies":"conspire:RoseBush","floor":4.0,"turns":1.0},{"damage":0.0,"enemies":"infinitespire:Voidling","floor":5.0,"turns":3.0},{"damage":20.0,"enemies":"Lagavulin","floor":8.0,"turns":7.0},{"damage":0.0,"enemies":"Exordium Wildlife","floor":9.0,"turns":9.0},{"damage":0.0,"enemies":"HollowMod:MossKnight","floor":12.0,"turns":4.0},{"damage":2.0,"enemies":"Exordium Wildlife","floor":13.0,"turns":4.0},{"damage":46.0,"enemies":"The Guardian","floor":16.0,"turns":16.0},{"damage":15.0,"enemies":"conspire:FuzzyDice","floor":18.0,"turns":5.0},{"damage":20.0,"enemies":"Spheric Guardian","floor":21.0,"turns":6.0},{"damage":52.0,"enemies":"3 Cultists","floor":22.0,"turns":7.0},{"damage":46,"enemies":"conspire:SneckoGhost","floor":24,"turns":13},{"damage":30,"enemies":"HollowMod:Nosk","floor":29,"turns":8},{"damage":13,"enemies":"conspire:MysteriousRune","floor":33,"turns":10},{"damage":22,"enemies":"3 Darklings","floor":35,"turns":6},{"damage":0,"enemies":"Orb Walker","floor":36,"turns":3},{"damage":24,"enemies":"Writhing Mass","floor":39,"turns":6},{"damage":53,"enemies":"Reptomancer","floor":40,"turns":3}],"seed_played":"-4843551012821970460","potions_obtained":[{"floor":4.0,"key":"SpeedPotion"},{"floor":12.0,"key":"Fruit Juice"},{"floor":21.0,"key":"SteroidPotion"},{"floor":24,"key":"Swift Potion"},{"floor":39,"key":"PowerPotion"}],"is_trial":false,"path_per_floor":["M","$","?","M","M","R","?","E","MIM","R","?","E","M","?","R","B",null,"M","$","?","M","M","R","E","R","T","T","R","E","$","?","R","B",null,"M","M","?","T","M","E"],"character_chosen":"WATCHER","items_purchased":["Indignation","Blind","FearNoEvil","Worship","MentalFortress"],"campfire_rested":4,"item_purchase_floors":[2,30,30,30,30],"current_hp_per_floor":[86,86,86,86,86,86,86,66,86,86,86,91,89,89,89,43,91,76,76,76,81,29,56,10,37,37,37,64,34,34,14,66,53,91,69,69,69,69,46,18,18],"gold":235,"neow_bonus":"TWENTY_PERCENT_HP_BONUS","is_daily":false,"chose_seed":false,"campfire_upgraded":3,"win_rate":0.0,"timestamp":1611100197,"path_taken":["M","$","?","?","M","R","?","E","MIM","R","?","E","M","?","R","BOSS","M","$","?","M","M","R","E","R","T","?","R","E","?","?","R","BOSS","M","M","?","?","M","E"],"items_purchased_type":["Card","Card","Card","Card","Card"],"build_version":"2020-12-22","purchased_purges":0,"victory":false,"max_hp_per_floor":[86,86,86,86,86,86,86,86,86,86,86,91,91,91,91,91,91,91,91,91,91,91,91,91,91,91,91,91,91,91,91,91,91,91,91,91,91,91,92,92,92],"card_choices":[{"not_picked":["Protect","CrushJoints"],"picked":"FlyingSleeves","floor":1.0},{"not_picked":["ReachHeaven","EmptyFist"],"picked":"Evaluate","floor":4.0},{"not_picked":["ClearTheMind","Evaluate"],"picked":"Consecrate","floor":5.0},{"not_picked":["Brilliance","Crescendo"],"picked":"CarveReality","floor":8.0},{"not_picked":["JustLucky","ThirdEye"],"picked":"Protect","floor":9.0},{"not_picked":["PathToVictory","Crescendo"],"picked":"Halt","floor":12.0},{"not_picked":["Protect","FollowUp"],"picked":"Pray","floor":13.0},{"not_picked":["Ragnarok","Alpha"],"picked":"Establishment","floor":16.0},{"not_picked":["Evaluate+1","JustLucky"],"picked":"ClearTheMind+1","floor":18.0},{"not_picked":["SashWhip","ThirdEye+1"],"picked":"Pray","floor":21.0},{"not_picked":["ThirdEye","FollowUp"],"picked":"EmptyBody+1","floor":22.0},{"not_picked":["Crescendo","BowlingBash"],"picked":"Prostrate+1","floor":24},{"not_picked":["EmptyFist","Collect"],"picked":"Prostrate+1","floor":29},{"not_picked":["Blasphemy","Vault"],"picked":"Scrawl","floor":33},{"not_picked":["ReachHeaven","Perseverance"],"picked":"WheelKick+1","floor":35},{"not_picked":["WreathOfFlame","FlyingSleeves"],"picked":"CutThroughFate+1","floor":36},{"not_picked":["Discovery","Jack Of All Trades"],"picked":"conspire:Banana","floor":37},{"not_picked":["EmptyFist+1","FlyingSleeves"],"picked":"Prostrate+1","floor":39}],"player_experience":579525,"relics_obtained":[{"floor":8.0,"key":"Runesmith:AutoHammer"},{"floor":9.0,"key":"Tiny Chest"},{"floor":12.0,"key":"Art of War"},{"floor":24,"key":"StuffTheSpire:GrapeVine"},{"floor":26,"key":"HollowMod:LifeEnderRelic"},{"floor":27,"key":"HollowMod:PaleOreRelic"},{"floor":29,"key":"Oddly Smooth Stone"},{"floor":38,"key":"Pen Nib"}],"event_choices":[{"damage_healed":0.0,"max_hp_gain":0.0,"max_hp_loss":0.0,"gold_gain":0.0,"event_name":"Golden Wing","player_choice":"Ignored","floor":3.0,"gold_loss":0.0,"damage_taken":0.0},{"damage_healed":0.0,"max_hp_gain":0.0,"max_hp_loss":0.0,"gold_gain":0.0,"event_name":"Drug Dealer","player_choice":"Inject Mutagens","floor":20.0,"gold_loss":0.0,"damage_taken":0.0,"relics_obtained":["MutagenicStrength"]},{"damage_healed":0,"gold_gain":0,"player_choice":"Memory 1","damage_taken":0,"max_hp_gain":0,"max_hp_loss":0,"event_name":"SensoryStone","floor":37,"gold_loss":0}],"is_beta":false,"boss_relics":[{"not_picked":["Coffee Dripper","StuffTheSpire:Kangaroo"],"picked":"conspire:SpecialSausage"},{"not_picked":[]},{"not_picked":["Runic Dome","Empty Cage"],"picked":"Cursed Key"},{"not_picked":[]}],"items_purged_floors":[],"is_endless":false,"potions_floor_spawned":[4,12,21,24,29,39],"killed_by":"Reptomancer","ascension_level":1}}