{"host":"e0pckiz4krh0olxz","time":1611020344,"event":{"mods":["BaseMod","Downfall","Minty Spire (QoL Compilation)","Relic Stats","StSLib"],"gold_per_floor":[99,118,130,140,125,25,25,25,36,36,36,36],"floor_reached":10,"language":"ENG","playtime":791,"items_purged":[],"score":75,"play_id":"d4f8cc75-a196-4074-ad4c-9ef25dffd18c","local_time":"20210118193904","is_ascension_mode":true,"campfire_choices":[{"floor":1.0,"key":"RECALL"},{"data":"Slimebound:Split","floor":6,"key":"SMITH"}],"circlet_count":0,"master_deck":["Slimebound:Strike_Slimebound","Slimebound:Strike_Slimebound","Slimebound:Strike_Slimebound","Slimebound:Tackle","Slimebound:Defend_Slimebound","Slimebound:Defend_Slimebound","Slimebound:Defend_Slimebound","Slimebound:Defend_Slimebound","Slimebound:Split+1","Slimebound:CorrosiveSpit","Slimebound:MinionMaster","Slimebound:SplitAcid","Slimebound:Gluttony","Slimebound:ServeAndProtect","Slimebound:GoopSpray"],"relics":["Slimebound:AbsorbEndCombat","downfall:HeartBlessingRed","Meat on the Bone"],"acts_visited":["Exordium"],"potions_floor_usage":[],"damage_taken":[{"damage":14.0,"enemies":"Small Slimes","floor":2.0,"turns":4.0},{"damage":4.0,"enemies":"2 Louse","floor":3.0,"turns":3.0},{"damage":14.0,"enemies":"Jaw Worm","floor":4.0,"turns":5.0},{"damage":5.0,"enemies":"downfall:FleeingMerchant","floor":5.0,"turns":4.0},{"damage":8,"enemies":"Exordium Wildlife","floor":9,"turns":5},{"damage":46,"enemies":"3 Sentries","floor":10,"turns":6}],"seed_played":"-7781820791900861067","potions_obtained":[{"floor":3.0,"key":"sneckomod:MuddlingPotion"},{"floor":4.0,"key":"EssenceOfSteel"}],"is_trial":false,"path_per_floor":["R","M","M","M","$","R","T","?","M","E"],"character_chosen":"SLIMEBOUND","items_purchased":[],"campfire_rested":0,"item_purchase_floors":[],"current_hp_per_floor":[59,49,47,39,38,38,38,43,43,0,0,0],"gold":36,"neow_bonus":"ONE_RANDOM_RARE_CARD","is_daily":false,"chose_seed":false,"campfire_upgraded":1,"win_rate":0.0,"timestamp":1611020344,"path_taken":["R","M","M","M","$","R","T","?","M","E"],"items_purchased_type":[],"build_version":"2020-12-22","purchased_purges":0,"victory":false,"max_hp_per_floor":[65,65,65,65,65,65,65,70,70,70,70,70],"relic_stats":{"counters":[6,27],"obtain_stats":[{"downfall:HeartBlessingRed":6,"Slimebound:AbsorbEndCombat":0,"Meat on the Bone":7},{"downfall:HeartBlessingRed":4,"Slimebound:AbsorbEndCombat":0,"Meat on the Bone":4},{"downfall:HeartBlessingRed":16,"Slimebound:AbsorbEndCombat":0,"Meat on the Bone":16}],"Meat on the Bone":0},"card_choices":[{"not_picked":["Slimebound:SamplingLick","Slimebound:Schlurp"],"picked":"Slimebound:SplitAcid","floor":2.0},{"not_picked":["Slimebound:ComboTackle","Slimebound:HungryTackle"],"picked":"Slimebound:Gluttony","floor":3.0},{"not_picked":["Slimebound:LeechingTouch","Slimebound:RejuvenatingLick"],"picked":"Slimebound:ServeAndProtect","floor":4.0},{"not_picked":["Slimebound:Schlurp","Slimebound:LeechEnergy"],"picked":"Slimebound:GoopSpray","floor":5},{"not_picked":["Slimebound:SlimeTap","Slimebound:TongueLash","Slimebound:Recollect"],"picked":"SKIP","floor":9}],"player_experience":1433184,"relics_obtained":[{"floor":7,"key":"Meat on the Bone"}],"event_choices":[{"damage_healed":0,"gold_gain":0,"player_choice":"Donut","damage_taken":0,"max_hp_gain":5,"max_hp_loss":0,"event_name":"Big Fish","floor":8,"gold_loss":0}],"is_beta":false,"boss_relics":[],"items_purged_floors":[],"is_endless":false,"potions_floor_spawned":[3,4],"killed_by":"3 Sentries","ascension_level":6}}