{"host":"hn99riirbf0lv0ml","time":1611092233,"event":{"mods":["AchievementEnabler","Act Like it!","Bard","BaseMod","Beaked The Cultist","Colored Map","Colored Powertips","Conspire","Duelist Mod","Friendly Minions","Gensokyo","GifTheSpireLib","Glutton Mod","Halation","Jorbs\u0027s Wanderer Trilogy","Mad Scientist","Marisa????????","Minty Spire (QoL Compilation)","Rare Cards Sparkle","Replay The Spire","StSLib","The Blackbeard","The Bug Knight","The Construct","The Cursed","The Disciple","The Mystic","The Runesmith","The Servant 0.9.4","The Witch"],"gold_per_floor":[110,127,127,137,153,153,168,200,200,200,200,200,10,24,24,124,124,140,159,15,32,32,49,49,75,75,90,90,103,117,117,213,213,248,148,148,23,40,40,55,55,104,104,104,104],"floor_reached":51,"language":"ENG","playtime":7701,"items_purged":["Strike_B","Strike_B","Defend_B"],"score":647,"play_id":"b559f125-4dfb-45e8-9912-7c7d4efb3742","local_time":"20210119163713","is_ascension_mode":false,"campfire_choices":[{"floor":6.0,"key":"REST"},{"data":"stsjorbsmod:CoupDeGrace","floor":10.0,"key":"SMITH"},{"floor":15.0,"key":"REST"},{"floor":23.0,"key":"REST"},{"floor":25.0,"key":"REST"},{"floor":27.0,"key":"REST"},{"floor":29.0,"key":"REST"},{"floor":32.0,"key":"REST"},{"floor":40,"key":"REST"},{"floor":42,"key":"REST"},{"floor":44,"key":"REST"},{"data":"Creative AI","floor":49,"key":"SMITH"}],"circlet_count":0,"master_deck":["Strike_B","Defend_B","Defend_B","Defend_B","Zap","Dualcast","stsjorbsmod:Strike_Cull","stsjorbsmod:CoupDeGrace+1","ReplayTheSpireMod:Brewmster+1","Chaos","Doom and Gloom","ReplayTheSpireMod:Dual Polarity","Leap","Turbo","Sweeping Beam","Apotheosis","White Noise","ReplayRNGCard","Rebound","Ball Lightning","Loop","Loop","Storm+1","BasicCrystalCard","Redo","Crystallizer","Creative AI+1","Self Repair+1","ReplayTheSpireMod:Calculation Training+1","Turbo+1"],"relics":["Cracked Core","Boot","Replay:Bottled Snecko","Gensokyo:PortableGap","SacredBark","Happy Flower","Honey Jar","Toy Ornithopter"],"acts_visited":["Gensokyo:Gensokyo","TheCity","TheBeyond"],"potions_floor_usage":[33,33,33,33,33,33,33,33,33,35,39,39,39,41,41,41,50,50,50,50,50,50,50,50,50,50,50],"damage_taken":[{"damage":1.0,"enemies":"Gensokyo:3_Fairies","floor":1.0,"turns":4.0},{"damage":12.0,"enemies":"Gensokyo:Gryphon","floor":2.0,"turns":5.0},{"damage":10.0,"enemies":"Gensokyo:2_Kodama","floor":4.0,"turns":3.0},{"damage":18.0,"enemies":"Gensokyo:VengefulSpirit","floor":5.0,"turns":7.0},{"damage":12.0,"enemies":"Gensokyo:CorruptedTreant","floor":7.0,"turns":4.0},{"damage":0.0,"enemies":"Gensokyo:Aya","floor":8.0,"turns":4.0},{"damage":2.0,"enemies":"Gensokyo:3_Kodama","floor":14.0,"turns":3.0},{"damage":38.0,"enemies":"Gensokyo:Yukari","floor":16.0,"turns":9.0},{"damage":8.0,"enemies":"conspire:FuzzyDice","floor":18.0,"turns":4.0},{"damage":6.0,"enemies":"Spheric Guardian","floor":19.0,"turns":4.0},{"damage":45.0,"enemies":"Shelled Parasite and Fungi","floor":21.0,"turns":6.0},{"damage":3.0,"enemies":"Snake Plant","floor":24.0,"turns":4.0},{"damage":26.0,"enemies":"Centurion and Healer","floor":28.0,"turns":4.0},{"damage":19.0,"enemies":"3 Cultists","floor":30.0,"turns":4.0},{"damage":0.0,"enemies":"conspire:HollyBat","floor":31.0,"turns":7.0},{"damage":41,"enemies":"Pondfish","floor":33,"turns":10},{"damage":41,"enemies":"3 Shapes","floor":35,"turns":5},{"damage":3,"enemies":"3 Darklings","floor":39,"turns":4},{"damage":36,"enemies":"Maw","floor":41,"turns":6},{"damage":91,"enemies":"conspire:OrnateMirror","floor":50,"turns":11}],"seed_played":"-3106178228613276580","potions_obtained":[{"floor":4.0,"key":"Weak Potion"},{"floor":8.0,"key":"PowerPotion"},{"floor":16.0,"key":"Dexterity Potion"}],"is_trial":false,"path_per_floor":["M","M","?","M","M","R","M","E","T","R","?","?","$","M","R","B",null,"M","M","$","M","R","M","R","T","R","M","R","M","M","R","B",null,"M","$","?","$","M","R","M","R","T","R","R","B",null],"character_chosen":"DEFECT","items_purchased":["Apotheosis","Loop"],"campfire_rested":10,"item_purchase_floors":[13,20],"current_hp_per_floor":[74,62,69,59,41,65,53,53,53,53,53,53,53,51,73,35,74,66,60,60,15,36,33,54,54,71,45,66,47,47,68,37,71,30,30,30,30,37,58,32,53,53,68,68,22],"gold":104,"neow_bonus":"RANDOM_COLORLESS_2","is_daily":false,"chose_seed":false,"campfire_upgraded":2,"win_rate":0.0,"timestamp":1611092233,"path_taken":["M","M","?","M","M","R","M","E","T","R","?","?","$","?","R","BOSS","M","M","$","M","R","M","R","T","R","M","R","M","M","R","BOSS","M","$","?","$","M","R","M","R","T","R","R","BOSS"],"items_purchased_type":["Card","Card"],"build_version":"2020-12-22","purchased_purges":3,"victory":true,"max_hp_per_floor":[75,75,82,82,82,82,82,82,82,82,74,74,74,74,74,74,74,74,74,74,71,71,71,71,71,71,71,71,71,71,71,71,71,71,71,71,71,71,71,71,71,71,68,68,68],"card_choices":[{"not_picked":["HandOfGreed","Replay:Resounding Blow"],"picked":"ReplayTheSpireMod:Brewmster","floor":0.0},{"not_picked":["Rebound","Hologram"],"picked":"Chaos","floor":1.0},{"not_picked":["Cold Snap","Auto Shields"],"picked":"Doom and Gloom","floor":2.0},{"not_picked":["Storm","Redo"],"picked":"ReplayTheSpireMod:Dual Polarity","floor":4.0},{"not_picked":["Steam Power","Barrage"],"picked":"Leap","floor":5.0},{"not_picked":["Gash","Chaos"],"picked":"Turbo","floor":7.0},{"not_picked":["Coolheaded","Reprogram"],"picked":"Sweeping Beam","floor":8.0},{"not_picked":["Compile Driver","Auto Shields"],"picked":"White Noise","floor":14.0},{"not_picked":["Reboot","Core Surge"],"picked":"ReplayRNGCard","floor":16.0},{"not_picked":["Compile Driver","Steam"],"picked":"Rebound","floor":18.0},{"not_picked":["Cold Snap","Darkness"],"picked":"Ball Lightning","floor":19.0},{"not_picked":["Go for the Eyes","Stack"],"picked":"Loop","floor":21.0},{"not_picked":["Ball Lightning","ReplayTheSpireMod:Calculation Training"],"picked":"Storm+1","floor":24.0},{"not_picked":["Rebound","Meteor Strike"],"picked":"BasicCrystalCard","floor":28.0},{"not_picked":["Coolheaded","Blizzard"],"picked":"Redo","floor":30.0},{"not_picked":["Turbo+1","Compile Driver"],"picked":"Crystallizer","floor":31.0},{"not_picked":["Multi-Cast","All For One"],"picked":"Creative AI","floor":33},{"not_picked":["Steam+1","Heatsinks+1","Recycle"],"picked":"Self Repair+1","floor":35},{"not_picked":["Auto Shields+1","Darkness","Compile Driver"],"picked":"ReplayTheSpireMod:Calculation Training+1","floor":39},{"not_picked":["Doom and Gloom+1","Steam+1","BasicCrystalCard+1"],"picked":"Turbo+1","floor":41}],"player_experience":168063,"relics_obtained":[{"floor":8.0,"key":"Boot"},{"floor":9.0,"key":"Replay:Bottled Snecko"},{"floor":26.0,"key":"Happy Flower"},{"floor":43,"key":"Toy Ornithopter"}],"event_choices":[{"cards_removed":["Strike_B"],"damage_healed":0,"gold_gain":0,"player_choice":"Removed Attack","damage_taken":0,"max_hp_gain":0,"max_hp_loss":0,"event_name":"Falling","floor":37,"gold_loss":0}],"is_beta":false,"boss_relics":[{"not_picked":["Coffee Dripper","Velvet Choker"],"picked":"SacredBark"},{"not_picked":["Astrolabe","Replay:Grab Bag"],"picked":"Honey Jar"}],"items_purged_floors":[20,36,38],"is_endless":false,"potions_floor_spawned":[4,7,8,16,18,31],"ascension_level":0}}