{"host":"9l1knhxfturzliqa","time":1611044004,"event":{"mods":["BaseMod","Colored Map","Colored Powertips","DeckTracker","Highlight Path","Keyboard Shortcuts","Minty Spire (QoL Compilation)","Random Character Button"],"gold_per_floor":[112,112,128,128,128,154,173,173,173,173,190,200,210,226,226,226,226],"floor_reached":16,"language":"KOR","playtime":1401,"items_purged":[],"score":252,"play_id":"ae555153-6c7f-4245-96d5-6c05e7b80faa","local_time":"20210119171324","is_ascension_mode":true,"campfire_choices":[{"floor":8.0,"key":"DIG"},{"data":"Cloak And Dagger","floor":10.0,"key":"SMITH"},{"data":"Crippling Poison","floor":15.0,"key":"SMITH"}],"circlet_count":0,"master_deck":["AscendersBane","Strike_G","Strike_G","Strike_G","Strike_G+1","Defend_G+1","Defend_G","Defend_G","Defend_G","Defend_G","Survivor","Neutralize","Cloak And Dagger+1","Blade Dance","Dagger Throw","Crippling Poison+1","PiercingWail","Underhanded Strike","Quick Slash"],"relics":["Ring of the Snake","NeowsBlessing","Nunchaku","Shovel","Mummified Hand","Meat on the Bone"],"acts_visited":["Exordium"],"potions_floor_usage":[16],"damage_taken":[{"damage":0.0,"enemies":"Small Slimes","floor":1.0,"turns":1.0},{"damage":0.0,"enemies":"Jaw Worm","floor":3.0,"turns":1.0},{"damage":0.0,"enemies":"3 Sentries","floor":6.0,"turns":2.0},{"damage":0.0,"enemies":"2 Louse","floor":7.0,"turns":5.0},{"damage":0.0,"enemies":"Blue Slaver","floor":11.0,"turns":3.0},{"damage":10.0,"enemies":"Large Slime","floor":12.0,"turns":8.0},{"damage":3.0,"enemies":"Looter","floor":13.0,"turns":3.0},{"damage":11.0,"enemies":"Exordium Wildlife","floor":14.0,"turns":6.0},{"damage":50,"enemies":"Slime Boss","floor":16,"turns":6}],"seed_played":"9182282359033807388","potions_obtained":[{"floor":3.0,"key":"Dexterity Potion"},{"floor":13.0,"key":"Ancient Potion"}],"is_trial":false,"path_per_floor":["M","?","M","T","?","E","M","R","T","R","M","M","M","M","R","B"],"character_chosen":"THE_SILENT","items_purchased":[],"campfire_rested":0,"item_purchase_floors":[],"current_hp_per_floor":[59,39,39,39,32,32,32,32,32,32,44,34,43,44,44,0,0],"gold":226,"neow_bonus":"THREE_ENEMY_KILL","is_daily":false,"chose_seed":false,"campfire_upgraded":2,"win_rate":0.0,"timestamp":1611044004,"path_taken":["M","?","M","?","?","E","M","R","T","R","M","M","M","M","R","BOSS"],"items_purchased_type":[],"build_version":"2020-12-22","purchased_purges":0,"victory":false,"max_hp_per_floor":[66,66,66,66,66,66,66,66,66,66,66,66,66,66,66,66,66],"card_choices":[{"not_picked":["Sucker Punch","Dagger Throw"],"picked":"Cloak And Dagger","floor":1.0},{"not_picked":["Bane","Reflex"],"picked":"Blade Dance","floor":3.0},{"not_picked":["Distraction","Concentrate","Blade Dance"],"picked":"SKIP","floor":6.0},{"not_picked":["Expertise","Choke"],"picked":"Dagger Throw","floor":7.0},{"not_picked":["Infinite Blades","Blur"],"picked":"Crippling Poison","floor":11.0},{"not_picked":["Endless Agony","Poisoned Stab"],"picked":"PiercingWail","floor":12.0},{"not_picked":["Slice","Concentrate"],"picked":"Underhanded Strike","floor":13.0},{"not_picked":["Heel Hook","Skewer"],"picked":"Quick Slash","floor":14.0}],"player_experience":493186,"relics_obtained":[{"floor":4.0,"key":"Nunchaku"},{"floor":6.0,"key":"Shovel"},{"floor":8.0,"key":"Mummified Hand"},{"floor":9.0,"key":"Meat on the Bone"}],"event_choices":[{"damage_healed":0.0,"max_hp_gain":0.0,"max_hp_loss":0.0,"gold_gain":0.0,"event_name":"Shining Light","player_choice":"Entered Light","floor":2.0,"gold_loss":0.0,"damage_taken":20.0,"cards_upgraded":["Strike_G","Defend_G"]},{"cards_removed":["Strike_G"],"damage_healed":0.0,"max_hp_gain":0.0,"max_hp_loss":0.0,"gold_gain":0.0,"event_name":"Golden Wing","player_choice":"Card Removal","floor":5.0,"gold_loss":0.0,"damage_taken":7.0}],"is_beta":false,"boss_relics":[],"items_purged_floors":[],"is_endless":false,"potions_floor_spawned":[3,13],"killed_by":"Slime Boss","ascension_level":19}}