{"host":"6749gst1gzuv21qf","time":1611017340,"event":{"mods":["BaseMod","Better Altar","Better Match","Better Note","Better Sensory Stone","Better Skull","Better Third Choice","BetterRewards","Colored Map","Colored Powertips","Downfall","Hermit","Highlight Path","Minty Spire (QoL Compilation)","Permanent Neow","Shop Mod","Spicy Shops","StSLib","The Cursed"],"gold_per_floor":[99,99,162,186,298,325,337,349,375,407,419,431,470,177,196,196,196],"floor_reached":16,"language":"ENG","playtime":1708,"items_purged":[],"score":100,"play_id":"78383227-fc7a-4855-9b42-8c1a59f69c68","local_time":"20210118194900","is_ascension_mode":false,"campfire_choices":[{"data":"bronze:Goto","floor":1,"key":"SMITH"},{"data":"bronze:Flail","floor":8,"key":"SMITH"},{"floor":11,"key":"RECALL"}],"circlet_count":0,"master_deck":["bronze:Strike","bronze:Strike","bronze:Strike","bronze:Defend","bronze:Defend","bronze:Defend","bronze:Replicate","bronze:Goto+1","bronze:Turbo","bronze:WhirlingStrike","bronze:MaxOutput","bronze:Flail+1","bronze:Constructor","bronze:Separator","bronze:RecursiveStrike","bronze:Optimize","bronze:Invalidate","bronze:Return"],"relics":["bronze:BronzeCore","MawBank","downfall:GremlinWheel","Bottled Tornado","Art of War","MerchantsRug"],"acts_visited":["Exordium"],"potions_floor_usage":[5,13,16],"damage_taken":[{"damage":16,"enemies":"3 Sentries","floor":3,"turns":7},{"damage":0,"enemies":"Cultist","floor":4,"turns":2},{"damage":26,"enemies":"Cultist","floor":5,"turns":5},{"damage":0,"enemies":"Small Slimes","floor":6,"turns":2},{"damage":0,"enemies":"2 Louse","floor":9,"turns":1},{"damage":9,"enemies":"Blue Slaver","floor":10,"turns":4},{"damage":13,"enemies":"3 Sentries","floor":13,"turns":8},{"damage":5,"enemies":"downfall:FleeingMerchant","floor":14,"turns":4},{"damage":1,"enemies":"Exordium Wildlife","floor":15,"turns":2},{"damage":57,"enemies":"DF_ARCHETYPE_STREAMLINE","floor":16,"turns":9}],"seed_played":"1083471875138279294","potions_obtained":[{"floor":4,"key":"Guardian:BlockOnCardUsePotion"},{"floor":6,"key":"Regen Potion"},{"floor":10,"key":"AttackPotion"}],"is_trial":false,"path_per_floor":["R","?","?","M","?","M","T","R","M","M","R","?","E","$","M","B"],"character_chosen":"THE_AUTOMATON","items_purchased":["Art of War","MerchantsRug"],"campfire_rested":0,"item_purchase_floors":[14,14],"current_hp_per_floor":[49,49,33,33,7,7,7,70,70,61,61,61,48,43,42,0,0],"gold":196,"neow_bonus":"TRANSFORM_TWO_CARDS","is_daily":false,"chose_seed":false,"campfire_upgraded":2,"win_rate":0.0,"timestamp":1611017340,"path_taken":["R","?","?","M","?","M","T","R","?","M","R","?","E","$","M","BOSS"],"items_purchased_type":["Relic","Relic"],"build_version":"2020-12-22","purchased_purges":0,"victory":false,"max_hp_per_floor":[70,70,70,70,70,70,70,70,70,70,70,70,70,70,70,70,70],"card_choices":[{"not_picked":["bronze:Constructor","bronze:CutThrough"],"picked":"bronze:WhirlingStrike","floor":3},{"not_picked":["bronze:Overheat","bronze:Optimize"],"picked":"bronze:MaxOutput","floor":4},{"not_picked":["bronze:Turbo","bronze:OilSpill"],"picked":"bronze:Flail","floor":6},{"not_picked":["bronze:Backtrace","bronze:Frontload"],"picked":"bronze:Constructor","floor":9},{"not_picked":["bronze:Flail","bronze:Overheat"],"picked":"bronze:Separator","floor":10},{"not_picked":["bronze:Fortify","bronze:DigitalCarnage"],"picked":"bronze:Optimize","floor":13},{"not_picked":["bronze:WhirlingStrike","bronze:Turbo"],"picked":"bronze:Invalidate","floor":14},{"not_picked":["bronze:OilSpill","bronze:Safeguard"],"picked":"bronze:Return","floor":15}],"player_experience":725795,"relics_obtained":[{"floor":3,"key":"MawBank"},{"floor":5,"key":"downfall:GremlinWheel"},{"floor":13,"key":"Bottled Tornado"}],"event_choices":[{"damage_healed":63,"gold_gain":0,"player_choice":"Full Heal","damage_taken":0,"max_hp_gain":0,"max_hp_loss":0,"event_name":"Wheel of Change","floor":8,"gold_loss":0}],"is_beta":false,"boss_relics":[],"items_purged_floors":[],"is_endless":false,"potions_floor_spawned":[4,6,10],"killed_by":"DF_ARCHETYPE_STREAMLINE","ascension_level":0}}