{"host":"m3rs92yjkwi06hli","time":1611086766,"event":{"mods":["Act Like it!","Aspiration","BaseMod","Colored Map","Conspire","Defuse TimeMaze Blight","Downfall","Energized Spire","Hubris","Infinite Spire","Minty Spire (QoL Compilation)","Relic Stats","Spicy Shops","StSLib"],"gold_per_floor":[99,99,99,99,99,125,177,202,219,234,249,259,259,288,299,400,400,400,413,445,445,459,459,482,482,2,2,2,20,20,53,64,160,160,60,80,96,196,211,111,111,131,145,145,156,156,156,189,199,299,299,299,315,315,335,354,354,354,368,368,383,233,233,233,252,269,369,369,369,388,403,416,416,516,549,568,568,568,568,581,598,598,615,710,710,710,729,743,743,763,763,763,782,801,835,623,642,653,653,653,653],"floor_reached":101,"language":"ENG","playtime":7159,"items_purged":["Injury","Decay","downfall:Bewildered","champ:Strike","champ:Execute"],"score":2113,"play_id":"8a950cf4-7c05-4c62-b112-d68ad055736d","local_time":"20210119140606","is_ascension_mode":true,"campfire_choices":[{"data":"champ:Taunt","floor":1,"key":"SMITH"},{"data":"champ:CheapShot","floor":18,"key":"SMITH"},{"data":"champ:Duel","floor":23,"key":"SMITH"},{"data":"champ:DefensiveStyle","floor":25,"key":"SMITH"},{"floor":35,"key":"RECALL"},{"data":"champ:ShieldThrow","floor":40,"key":"SMITH"},{"data":"champ:PreemptiveStrike","floor":44,"key":"SMITH"},{"data":"champ:FlashCut","floor":47,"key":"SMITH"},{"data":"champ:Improvising","floor":52,"key":"SMITH"},{"data":"champ:TripleStrike","floor":57,"key":"SMITH"},{"data":"champ:TripleStrike","floor":64,"key":"SMITH"},{"data":"champ:ShieldWall","floor":69,"key":"SMITH"},{"data":"champ:TripleStrike","floor":77,"key":"SMITH"},{"data":"champ:TornadoPunch","floor":79,"key":"SMITH"},{"data":"champ:GladiatorForm","floor":86,"key":"SMITH"},{"data":"champ:Duel","floor":91,"key":"SMITH"}],"circlet_count":0,"master_deck":["champ:Defend","champ:Defend","champ:Defend","champ:Defend","champ:Taunt+1","champ:BringItOn","champ:DefensiveStyle+1","champ:TripleStrike+1","champ:PreemptiveStrike+1","champ:EnGarde+1","champ:DefensiveShout+1","champ:DefensiveShout+1","champ:Duel+1","champ:FlashCut+1","champ:CheapShot+1","champ:TornadoPunch+1","champ:StanceDance+1","champ:EnGarde+1","champ:ShieldThrow+1","champ:RageSigil+1","champ:Haymaker+1","champ:TripleStrike+1","champ:FlashCut+1","champ:TornadoPunch","champ:StanceDance+1","champ:Parry+1","champ:ShieldSigil+1","champ:TornadoPunch+1","champ:HoldFirm+1","champ:Endure+1","champ:Improvising+1","champ:StanceDance+1","champ:FalseCounter+1","champ:TornadoPunch","champ:StanceDance+1","champ:DefensiveShout+1","champ:ShieldWall+1","champ:UltimateStance+1","champ:PreciseThrust","champ:TripleStrike+1","champ:DefensiveShout+1","J.A.X.+1","champ:FalseCounter+1","champ:TornadoPunch","champ:ViciousMockery+1","champ:Circumvent+1","champ:RageSigil+1","champ:SwordSigil+1","champ:StanceDance+1","champ:GladiatorForm+1","champ:Duel+1","infinitespire:Execution+1","champ:DeathBlow+1","champ:BerserkerStyle+1","champ:SwordSigil+1","champ:Lariat+1","champ:RageSigil+1","champ:CalledShot+1"],"relics":["champ:ChampionCrown","downfall:HeartsMalice","Toxic Egg 2","infinitespire:WardingShard","Potion Belt","aspiration:HiddenCompartment","infinitespire:Satchel","Cursed Key","Oddly Smooth Stone","PreservedInsect","Kunai","Guardian:PocketSentry","aspiration:RitualStick","Akabeko","hubris:Backtick","Shuriken","downfall:HeartBlessingGreen","White Beast Statue","downfall:HeartBlessingRed","aspiration:HummingbirdHeart","hubris:Icosahedron","champ:DefensiveTrainingManual","conspire:RunicOctahedron","Centennial Puzzle","hexamod:CandleOfCauterizing","Torii","champ:ChampionCrownUpgraded","aspiration:SecretTechniqueScroll","MutagenicStrength","hubris:Teleporter","Coffee Dripper","hubris:Towel","Bag of Preparation","Strawberry"],"acts_visited":["Exordium","TheCity","TheBeyond","Exordium","TheCity","TheBeyond"],"potions_floor_usage":[11,12,87,101],"damage_taken":[{"damage":0,"enemies":"Cultist","floor":2,"turns":1},{"damage":0,"enemies":"downfall:FleeingMerchant","floor":4,"turns":1},{"damage":0,"enemies":"Lagavulin","floor":6,"turns":1},{"damage":4,"enemies":"Small Slimes","floor":9,"turns":3},{"damage":3,"enemies":"2 Louse","floor":10,"turns":2},{"damage":20,"enemies":"Red Slaver","floor":11,"turns":4},{"damage":5,"enemies":"3 Louse","floor":12,"turns":4},{"damage":15,"enemies":"3 Sentries","floor":14,"turns":5},{"damage":1,"enemies":"conspire:2 RoseBushes","floor":15,"turns":3},{"damage":40,"enemies":"DF_ARCHETYPE_STREAMLINE","floor":16,"turns":11},{"damage":0,"enemies":"Spheric Guardian","floor":19,"turns":3},{"damage":3,"enemies":"conspire:MimicChest","floor":20,"turns":5},{"damage":0,"enemies":"3 Byrds","floor":22,"turns":4},{"damage":2,"enemies":"downfall:FleeingMerchant","floor":26,"turns":4},{"damage":0,"enemies":"Snake Plant","floor":29,"turns":3},{"damage":3,"enemies":"conspire:Head Lice","floor":31,"turns":4},{"damage":0,"enemies":"Centurion and Healer","floor":32,"turns":3},{"damage":0,"enemies":"WA_ARCHETYPE_CALM","floor":33,"turns":8},{"damage":0,"enemies":"3 Darklings","floor":36,"turns":5},{"damage":0,"enemies":"Orb Walker","floor":37,"turns":2},{"damage":0,"enemies":"downfall:LadyInBlue","floor":38,"turns":5},{"damage":0,"enemies":"Jaw Worm Horde","floor":39,"turns":2},{"damage":0,"enemies":"4 Shapes","floor":42,"turns":4},{"damage":0,"enemies":"Spire Growth","floor":43,"turns":5},{"damage":0,"enemies":"3 Darklings","floor":45,"turns":5},{"damage":0,"enemies":"Nightmare","floor":48,"turns":4},{"damage":0,"enemies":"Maw","floor":49,"turns":6},{"damage":53,"enemies":"SI_POISON_ARCHETYPE","floor":50,"turns":7},{"damage":0,"enemies":"Jaw Worm","floor":53,"turns":1},{"damage":0,"enemies":"Cultist","floor":55,"turns":2},{"damage":0,"enemies":"2 Louse","floor":56,"turns":1},{"damage":0,"enemies":"Lots of Slimes","floor":59,"turns":1},{"damage":0,"enemies":"Large Slime","floor":61,"turns":2},{"damage":5,"enemies":"2 Fungi Beasts","floor":65,"turns":2},{"damage":15,"enemies":"Exordium Thugs","floor":66,"turns":2},{"damage":5,"enemies":"The Guardian","floor":67,"turns":5},{"damage":20,"enemies":"Spheric Guardian","floor":70,"turns":1},{"damage":60,"enemies":"conspire:HollyBat","floor":71,"turns":6},{"damage":30,"enemies":"3 Cultists","floor":72,"turns":3},{"damage":17,"enemies":"downfall:Augmenter","floor":74,"turns":4},{"damage":0,"enemies":"Gremlin Leader","floor":75,"turns":4},{"damage":25,"enemies":"Centurion and Healer","floor":76,"turns":3},{"damage":23,"enemies":"Chosen and Byrds","floor":80,"turns":2},{"damage":40,"enemies":"Snake Plant","floor":81,"turns":2},{"damage":15,"enemies":"Sentry and Sphere","floor":83,"turns":2},{"damage":33,"enemies":"Automaton","floor":84,"turns":4},{"damage":48,"enemies":"3 Shapes","floor":87,"turns":2},{"damage":58,"enemies":"3 Darklings","floor":88,"turns":3},{"damage":44,"enemies":"4 Shapes","floor":90,"turns":2},{"damage":30,"enemies":"Writhing Mass","floor":94,"turns":2},{"damage":55,"enemies":"Maw","floor":95,"turns":3},{"damage":45,"enemies":"Reptomancer","floor":97,"turns":2},{"damage":42,"enemies":"downfall:FleeingMerchant","floor":98,"turns":2},{"damage":98,"enemies":"Transient","floor":99,"turns":5},{"damage":49,"enemies":"Writhing Mass","floor":100,"turns":3},{"damage":99,"enemies":"conspire:OrnateMirror","floor":101,"turns":3}],"seed_played":"1820568727448771339","potions_obtained":[{"floor":3,"key":"Dexterity Potion"},{"floor":3,"key":"CultistPotion"},{"floor":3,"key":"DuplicationPotion"},{"floor":9,"key":"SpeedPotion"},{"floor":10,"key":"champ:OpenerPotion"},{"floor":11,"key":"DistilledChaos"},{"floor":14,"key":"champ:CounterPotion"},{"floor":30,"key":"CultistPotion"},{"floor":31,"key":"PowerPotion"},{"floor":87,"key":"Fruit Juice"},{"floor":88,"key":"AttackPotion"}],"is_trial":false,"path_per_floor":["R","M","?","$","?","E","T","T","M","M","M","M","?","E","M","B",null,"R","M","?","?","M","R","T","R","$","?","?","M","?","E","M","B",null,"R","M","M","?","M","R","T","M","M","R","M","?","R","NM","M","B",null,"R","M","?","M","M","R","T","M","?","M","?","AVR","R","M","M","B",null,"R","M","M","M","?","?","E","M","R","?","R","M","M","AVR","M","B",null,"R","M","M","?","M","R","?","M","M","E","$","M","M","B"],"character_chosen":"THE_CHAMP","items_purchased":["Kunai","Guardian:PocketSentry","Bag of Preparation","Strawberry"],"campfire_rested":0,"item_purchase_floors":[26,26,98,98],"current_hp_per_floor":[90,90,90,90,90,90,90,90,86,83,83,83,83,68,67,37,90,90,90,87,87,87,87,87,87,85,67,48,48,48,45,45,45,95,95,95,95,95,95,95,95,95,95,95,95,95,95,95,95,42,95,95,95,95,95,95,95,95,95,95,95,105,105,105,105,105,105,105,105,105,105,105,105,98,98,98,98,98,98,95,95,95,95,92,105,105,107,104,104,95,95,95,95,95,92,99,99,99,0,0,0],"gold":653,"neow_bonus":"THREE_ENEMY_KILL","is_daily":false,"chose_seed":false,"campfire_upgraded":15,"win_rate":0.0,"timestamp":1611086766,"path_taken":["R","M","?","?","?","E","T","?","M","?","M","M","?","E","M","BOSS","R","M","?","?","?","R","T","R","?","?","?","M","?","E","M","BOSS","R","M","M","?","?","R","T","?","?","R","M","?","R","NM","M","BOSS","R","M","?","M","M","R","T","M","?","M","?","AVR","R","M","M","BOSS","R","M","M","?","?","?","E","?","R","?","R","M","M","AVR","M","BOSS","R","M","M","?","?","R","?","M","M","?","$","M","M","BOSS"],"items_purchased_type":["Relic","Relic","Relic","Relic"],"build_version":"2020-12-22","purchased_purges":5,"victory":false,"max_hp_per_floor":[90,90,90,90,90,90,90,90,90,90,90,90,90,90,90,90,90,90,90,90,90,90,90,90,90,90,95,95,95,95,95,95,95,95,95,95,95,95,95,95,95,95,95,95,95,95,95,95,95,95,95,95,95,95,95,95,95,95,95,95,95,105,105,105,105,105,105,105,105,105,105,105,105,105,105,105,105,105,105,105,105,105,105,105,105,105,110,110,110,110,110,110,110,110,110,117,117,117,117,117,117],"relic_stats":{"Centennial Puzzle":[65],"Torii":0,"counters":[56,184],"Shuriken":[68],"PreservedInsect":504,"Bag of Preparation":[6],"Kunai":[76],"Cursed Key":3,"obtain_stats":[{"Torii":63,"champ:ChampionCrown":0,"downfall:HeartBlessingGreen":35,"Bag of Preparation":98,"Cursed Key":17,"aspiration:RitualStick":28,"Centennial Puzzle":54,"hubris:Backtick":34,"hubris:Icosahedron":46,"champ:DefensiveTrainingManual":48,"Strawberry":98,"Kunai":26,"Toxic Egg 2":5,"Potion Belt":7,"hexamod:CandleOfCauterizing":58,"hubris:Teleporter":82,"downfall:HeartBlessingRed":40,"Oddly Smooth Stone":20,"downfall:HeartsMalice":0,"conspire:RunicOctahedron":51,"PreservedInsect":24,"champ:ChampionCrownUpgraded":63,"Guardian:PocketSentry":26,"aspiration:HummingbirdHeart":41,"aspiration:SecretTechniqueScroll":68,"hubris:Towel":93,"aspiration:HiddenCompartment":8,"Akabeko":31,"White Beast Statue":38,"infinitespire:WardingShard":6,"Shuriken":34,"MutagenicStrength":74,"infinitespire:Satchel":14,"Coffee Dripper":85},{"Torii":33,"champ:ChampionCrown":0,"downfall:HeartBlessingGreen":18,"Bag of Preparation":53,"Cursed Key":10,"aspiration:RitualStick":14,"Centennial Puzzle":29,"hubris:Backtick":18,"hubris:Icosahedron":25,"champ:DefensiveTrainingManual":26,"Strawberry":53,"Kunai":14,"Toxic Egg 2":2,"Potion Belt":3,"hexamod:CandleOfCauterizing":31,"hubris:Teleporter":44,"downfall:HeartBlessingRed":22,"Oddly Smooth Stone":12,"downfall:HeartsMalice":0,"conspire:RunicOctahedron":28,"PreservedInsect":13,"champ:ChampionCrownUpgraded":33,"Guardian:PocketSentry":14,"aspiration:HummingbirdHeart":22,"aspiration:SecretTechniqueScroll":36,"hubris:Towel":49,"aspiration:HiddenCompartment":3,"Akabeko":16,"White Beast Statue":21,"infinitespire:WardingShard":3,"Shuriken":18,"MutagenicStrength":40,"infinitespire:Satchel":8,"Coffee Dripper":46},{"Torii":117,"champ:ChampionCrown":0,"downfall:HeartBlessingGreen":66,"Bag of Preparation":173,"Cursed Key":32,"aspiration:RitualStick":48,"Centennial Puzzle":111,"hubris:Backtick":66,"hubris:Icosahedron":93,"champ:DefensiveTrainingManual":97,"Strawberry":173,"Kunai":48,"Toxic Egg 2":0,"Potion Belt":0,"hexamod:CandleOfCauterizing":114,"hubris:Teleporter":151,"downfall:HeartBlessingRed":80,"Oddly Smooth Stone":40,"downfall:HeartsMalice":0,"conspire:RunicOctahedron":110,"PreservedInsect":44,"champ:ChampionCrownUpgraded":117,"Guardian:PocketSentry":48,"aspiration:HummingbirdHeart":80,"aspiration:SecretTechniqueScroll":126,"hubris:Towel":164,"aspiration:HiddenCompartment":0,"Akabeko":55,"White Beast Statue":78,"infinitespire:WardingShard":0,"Shuriken":66,"MutagenicStrength":140,"infinitespire:Satchel":18,"Coffee Dripper":157}],"aspiration:RitualStick":[0]},"card_choices":[{"not_picked":["champ:Backstep","champ:PreemptiveStrike"],"picked":"champ:BringItOn","floor":2},{"not_picked":["champ:CrookedStrike","champ:ViciousMockery"],"picked":"champ:DefensiveStyle","floor":4},{"not_picked":["champ:Backstep+1","champ:Lariat+1"],"picked":"champ:TripleStrike","floor":6},{"not_picked":["champ:Encircle","champ:FanOfKnives"],"picked":"champ:PreemptiveStrike","floor":9},{"not_picked":["champ:Backstep+1","champ:Parry+1"],"picked":"champ:EnGarde+1","floor":10},{"not_picked":["champ:PreemptiveStrike","champ:EnragedBash"],"picked":"champ:DefensiveShout+1","floor":11},{"not_picked":["champ:GutPunch","champ:Haymaker"],"picked":"champ:DefensiveShout+1","floor":12},{"not_picked":["champ:StanceDance+1","champ:FanOfKnives"],"picked":"champ:Duel","floor":14},{"not_picked":["champ:HeartStrike","champ:GladiatorForm"],"picked":"champ:FlashCut","floor":15},{"not_picked":["champ:IgnorePain+1","champ:UltimateStance+1"],"picked":"champ:CheapShot","floor":16},{"not_picked":["champ:CrownThrow+1","champ:DefensiveStyle"],"picked":"champ:TornadoPunch","floor":19},{"not_picked":["champ:BringItOn+1","champ:TornadoPunch"],"picked":"champ:StanceDance+1","floor":22},{"not_picked":["champ:GutPunch","champ:CrownThrow"],"picked":"champ:EnGarde+1","floor":26},{"not_picked":["champ:ViciousMockery+1","champ:Duel"],"picked":"champ:ShieldThrow","floor":29},{"not_picked":["champ:ShieldSlam+1","champ:PerfectedStrike"],"picked":"champ:RageSigil+1","floor":31},{"not_picked":["champ:Endure+1","champ:FaceSlap"],"picked":"champ:Haymaker+1","floor":32},{"not_picked":["champ:LastStand","champ:Improvising"],"picked":"champ:TripleStrike","floor":33},{"not_picked":["champ:BerserkerStyle+1","champ:EnGarde+1"],"picked":"champ:FlashCut+1","floor":36},{"not_picked":["champ:BerserkerStyle","champ:BerserkersShout+1"],"picked":"champ:TornadoPunch","floor":37},{"not_picked":["champ:CrookedStrike","champ:Encircle"],"picked":"champ:StanceDance+1","floor":38},{"not_picked":["champ:BerserkersShout+1","champ:TornadoPunch"],"picked":"champ:Parry+1","floor":39},{"not_picked":["champ:Shatter+1","champ:CrownThrow+1"],"picked":"champ:ShieldSigil+1","floor":42},{"not_picked":["champ:GladiatorStyle","champ:Backstep+1"],"picked":"champ:TornadoPunch+1","floor":43},{"not_picked":["champ:Backstep+1","champ:RecklessLeap"],"picked":"champ:HoldFirm+1","floor":45},{"not_picked":["champ:BerserkersShout+1","champ:Shatter"],"picked":"champ:Endure+1","floor":48},{"not_picked":["champ:AdrenalArmor+1","champ:CalledShot+1","champ:FanOfKnives"],"picked":"SKIP","floor":49},{"not_picked":["champ:HoldFirm+1","champ:LastStand"],"picked":"champ:Improvising","floor":50},{"not_picked":["champ:Backstep+1","champ:CrownThrow"],"picked":"champ:StanceDance+1","floor":53},{"not_picked":["champ:Lariat+1","champ:DefensiveStyle"],"picked":"champ:FalseCounter+1","floor":55},{"not_picked":["champ:PerfectedStrike","champ:HeartStrike"],"picked":"champ:TornadoPunch","floor":56},{"not_picked":["champ:Backstep+1","champ:FancyFootwork+1"],"picked":"champ:StanceDance+1","floor":59},{"not_picked":["champ:StanceDance+1","champ:EndlessRage"],"picked":"champ:DefensiveShout+1","floor":61},{"not_picked":["champ:Haymaker","champ:AdrenalArmor+1","champ:ViciousMockery+1"],"picked":"SKIP","floor":65},{"not_picked":["champ:HeartStrike","champ:DefensiveStyle"],"picked":"champ:ShieldWall","floor":66},{"not_picked":["champ:DancingMaster","champ:IgnorePain+1"],"picked":"champ:UltimateStance+1","floor":67},{"not_picked":["champ:SkillfulDodge+1","champ:BladeFlurry"],"picked":"champ:PreciseThrust","floor":70},{"not_picked":["champ:ShieldSigil+1","champ:StanceDance+1"],"picked":"champ:TripleStrike","floor":71},{"not_picked":["champ:Backstep+1","champ:DeathBlow"],"picked":"champ:DefensiveShout+1","floor":72},{"not_picked":[],"picked":"J.A.X.+1","floor":74},{"not_picked":["champ:BladeFlurry","champ:RapidStrikes"],"picked":"champ:FalseCounter+1","floor":74},{"not_picked":["champ:EnGarde+1","champ:BerserkersShout+1"],"picked":"champ:Circumvent+1","floor":75},{"not_picked":["champ:CrookedStrike","champ:FalseCounter+1"],"picked":"champ:RageSigil+1","floor":76},{"not_picked":["champ:Backstep+1","champ:FanOfKnives","champ:EndlessRage"],"picked":"SKIP","floor":80},{"not_picked":["champ:RecklessLeap+1","champ:TornadoPunch"],"picked":"champ:SwordSigil+1","floor":81},{"not_picked":["champ:TornadoPunch","champ:CalledShot+1"],"picked":"champ:StanceDance+1","floor":83},{"not_picked":["champ:StrikeOfGenius","champ:EnchantShield+1"],"picked":"champ:GladiatorForm","floor":84},{"not_picked":["champ:FocusedBerserking+1","champ:DeathBlow+1","champ:RisingSlash"],"picked":"SKIP","floor":87},{"not_picked":["champ:BringItOn+1","champ:FlashCut","champ:BladeFlurry+1"],"picked":"SKIP","floor":88},{"not_picked":["champ:DefensiveStyle+1","champ:Haymaker+1"],"picked":"champ:Duel","floor":90},{"not_picked":["infinitespire:Fortify","infinitespire:UltimateForm"],"picked":"infinitespire:Execution","floor":90},{"not_picked":["champ:Haymaker+1","champ:Encircle"],"picked":"champ:DeathBlow+1","floor":94},{"not_picked":["champ:TornadoPunch+1","champ:BringItOn+1"],"picked":"champ:BerserkerStyle+1","floor":95},{"not_picked":["champ:PreciseThrust+1","champ:RisingSlash+1"],"picked":"champ:SwordSigil+1","floor":97},{"not_picked":["champ:PreemptiveStrike+1","champ:ViciousMockery+1"],"picked":"champ:Lariat+1","floor":98},{"not_picked":["champ:GutPunch","champ:FocusedDefense+1"],"picked":"champ:RageSigil+1","floor":99},{"not_picked":["champ:FlashCut+1","champ:BerserkersShout+1"],"picked":"champ:CalledShot+1","floor":100}],"player_experience":890648,"relics_obtained":[{"floor":6,"key":"infinitespire:WardingShard"},{"floor":7,"key":"Potion Belt"},{"floor":8,"key":"aspiration:HiddenCompartment"},{"floor":14,"key":"infinitespire:Satchel"},{"floor":20,"key":"Oddly Smooth Stone"},{"floor":24,"key":"PreservedInsect"},{"floor":31,"key":"Akabeko"},{"floor":38,"key":"White Beast Statue"},{"floor":41,"key":"aspiration:HummingbirdHeart"},{"floor":48,"key":"champ:DefensiveTrainingManual"},{"floor":54,"key":"Centennial Puzzle"},{"floor":58,"key":"hexamod:CandleOfCauterizing"},{"floor":74,"key":"MutagenicStrength"}],"event_choices":[{"damage_healed":0,"gold_gain":0,"player_choice":"Got Potions","damage_taken":0,"max_hp_gain":0,"max_hp_loss":0,"event_name":"Lab","floor":3,"gold_loss":0},{"damage_healed":0,"gold_gain":0,"player_choice":"Disagree","damage_taken":0,"max_hp_gain":0,"max_hp_loss":0,"event_name":"conspire:LoneGhost","floor":13,"gold_loss":0},{"damage_healed":0,"gold_gain":0,"player_choice":"Ignored","damage_taken":0,"max_hp_gain":0,"max_hp_loss":0,"event_name":"Ghosts","floor":78,"gold_loss":0}],"is_beta":false,"boss_relics":[{"not_picked":["hubris:RunicObelisk","aspiration:SecretTechniqueScroll"],"picked":"Cursed Key"},{"not_picked":["Black Star","Velvet Choker"],"picked":"hubris:Backtick"},{"not_picked":["aspiration:WatcherSkillbook","Tiny House"],"picked":"conspire:RunicOctahedron"},{"not_picked":["Pandora\u0027s Box","energizedSpire:OgreHead"],"picked":"aspiration:SecretTechniqueScroll"},{"not_picked":["hubris:CrackedHourglass","SlaversCollar"],"picked":"Coffee Dripper"}],"items_purged_floors":[26,63,82,98,98],"is_endless":true,"potions_floor_spawned":[6,9,10,11,14,19,29,31,33,36,39,42,43,45,48,49,50,53,55,56,59,61,65,66,67,70,71,72,74,75,76,80,81,83,84,87,88,90,94,95,97,98,99,100],"killed_by":"conspire:OrnateMirror","ascension_level":1}}