{"host":"rnys9sj607vajavv","time":1611060854,"event":{"mods":["BaseMod","Colored Map","Downfall","Minty Spire (QoL Compilation)","StSLib"],"gold_per_floor":[99,99,99,28,28,46,120,45,79,90,90,15,15,49,68,165,165,65,77,77,77,77,104,127,143,159,159,18,18,18,18],"floor_reached":29,"language":"ENG","playtime":2576,"items_purged":["Guardian:Strike_Guardian"],"score":297,"play_id":"ebaf0f1a-1ad6-4219-bde6-ee2fd88b953c","local_time":"20210119045414","is_ascension_mode":false,"campfire_choices":[{"data":"Guardian:CurlUp","floor":1,"key":"SMITH"},{"data":"Guardian:Orbwalk","floor":11,"key":"SMITH"},{"data":"Guardian:WalkerClaw","floor":13,"key":"SMITH"},{"data":"Guardian:HyperBeam_Guardian","floor":18,"key":"SMITH"}],"circlet_count":0,"master_deck":["Guardian:Strike_Guardian","Guardian:Strike_Guardian","Guardian:Strike_Guardian","Guardian:Defend_Guardian","Guardian:Defend_Guardian","Guardian:Defend_Guardian","Guardian:Defend_Guardian","Guardian:CurlUp+1","Guardian:TwinSlam","Guardian:FuturePlans","Guardian:Orbwalk+1","Guardian:FloatingOrbs","Guardian:Incinerate","Guardian:WalkerClaw+1","Guardian:TimeSifter","Guardian:Harden","Guardian:PiercingHide","Guardian:ArmoredProtocol","Guardian:EvasiveProtocol","Guardian:HyperBeam_Guardian+1","Guardian:FuturePlans+1","Guardian:Gem_White","Guardian:Gem_Fragmented","Guardian:Gem_Lightblue","Guardian:Gem_Green","Guardian:Gem_Red","Guardian:Suspension","Guardian:ExploitGems"],"relics":["Guardian:ModeShifter","downfall:HeartsMalice","The Courier","Bag of Preparation","Centennial Puzzle","SacredBark","downfall:HeartBlessingGreen","Guardian:SackOfGems","Anchor","Pantograph","Vajra"],"acts_visited":["Exordium","TheCity"],"potions_floor_usage":[28,28,28],"damage_taken":[{"damage":0,"enemies":"Cultist","floor":2,"turns":1},{"damage":0,"enemies":"Jaw Worm","floor":3,"turns":1},{"damage":0,"enemies":"downfall:FleeingMerchant","floor":4,"turns":1},{"damage":7,"enemies":"2 Louse","floor":6,"turns":3},{"damage":0,"enemies":"downfall:FleeingMerchant","floor":8,"turns":4},{"damage":15,"enemies":"Gremlin Nob","floor":9,"turns":5},{"damage":7,"enemies":"Blue Slaver","floor":10,"turns":4},{"damage":10,"enemies":"downfall:FleeingMerchant","floor":12,"turns":4},{"damage":0,"enemies":"Lagavulin","floor":14,"turns":6},{"damage":4,"enemies":"Red Slaver","floor":15,"turns":5},{"damage":9,"enemies":"WA_ARCHETYPE_RETAIN","floor":16,"turns":9},{"damage":0,"enemies":"Chosen","floor":19,"turns":6},{"damage":40,"enemies":"Slavers","floor":23,"turns":7},{"damage":10,"enemies":"Spheric Guardian","floor":25,"turns":5},{"damage":11,"enemies":"Snake Plant","floor":26,"turns":5},{"damage":7,"enemies":"downfall:FleeingMerchant","floor":28,"turns":4},{"damage":12,"enemies":"Book of Stabbing","floor":29,"turns":2}],"seed_played":"-2761566321626394886","potions_obtained":[{"floor":9,"key":"Strength Potion"},{"floor":10,"key":"FearPotion"},{"floor":15,"key":"CultistPotion"},{"floor":19,"key":"Strength Potion"}],"is_trial":false,"path_per_floor":["R","M","M","$","T","M","T","$","E","M","R","$","R","E","M","B",null,"R","M","?","?","?","E","T","M","M","T","$","E"],"character_chosen":"GUARDIAN","items_purchased":["Guardian:Gem_Cyan","Guardian:Incinerate","Guardian:ArmoredProtocol","Vajra"],"campfire_rested":0,"item_purchase_floors":[4,4,12,28],"current_hp_per_floor":[80,80,80,80,80,73,73,73,58,51,51,41,41,41,37,28,80,80,80,80,80,80,40,40,30,19,19,12,0,0,0],"gold":18,"neow_bonus":"THREE_ENEMY_KILL","is_daily":false,"chose_seed":false,"campfire_upgraded":4,"win_rate":0.0,"timestamp":1611060854,"path_taken":["R","M","?","?","?","M","T","$","E","M","R","?","R","E","M","BOSS","R","M","?","?","?","E","T","M","M","?","$","E"],"items_purchased_type":["Card","Card","Card","Relic"],"build_version":"2020-12-22","purchased_purges":1,"victory":false,"max_hp_per_floor":[80,80,80,80,80,80,80,80,80,80,80,80,80,80,80,80,80,80,80,80,80,80,80,80,80,80,80,80,80,80,80],"card_choices":[{"not_picked":["Guardian:Gem_Fragmented","Guardian:RollAttack"],"picked":"Guardian:FuturePlans","floor":2},{"not_picked":["Guardian:ShieldCharger","Guardian:Clone"],"picked":"Guardian:Orbwalk","floor":3},{"not_picked":["Guardian:PrimingBeam","Guardian:Incinerate"],"picked":"Guardian:FloatingOrbs","floor":4},{"not_picked":["Guardian:Suspension","Guardian:Gem_Lightblue"],"picked":"Guardian:Gem_Green","floor":6},{"not_picked":["Guardian:Planning","Guardian:BodySlam"],"picked":"Guardian:WalkerClaw","floor":8},{"not_picked":["Guardian:ChargeCore","Guardian:WalkerClaw"],"picked":"Guardian:TimeSifter","floor":9},{"not_picked":["Guardian:BronzeOrb","Guardian:PrimingBeam"],"picked":"Guardian:Harden","floor":10},{"not_picked":["Guardian:StasisStrike","Guardian:GuardianWhirl"],"picked":"Guardian:PiercingHide","floor":12},{"not_picked":["Guardian:PrismaticBarrier","Guardian:ChargeUp","Guardian:TemporalShield"],"picked":"SKIP","floor":14},{"not_picked":["Guardian:BronzeOrb","Guardian:Reroute"],"picked":"Guardian:EvasiveProtocol","floor":15},{"not_picked":["Guardian:ConstructionForm","Guardian:FastForward"],"picked":"Guardian:HyperBeam_Guardian","floor":16},{"not_picked":["Guardian:Incinerate","Guardian:Harden"],"picked":"Guardian:FuturePlans+1","floor":19},{"not_picked":["Guardian:BodySlam","Guardian:TimeCapacitor","Guardian:Incinerate"],"picked":"SKIP","floor":23},{"not_picked":["Guardian:BodySlam","Guardian:TimeCapacitor","Guardian:Incinerate"],"picked":"SKIP","floor":23},{"not_picked":["Guardian:BodySlam","Guardian:TimeCapacitor","Guardian:Incinerate"],"picked":"SKIP","floor":23},{"not_picked":["Guardian:CrystalBeam","Guardian:ChargeCore","Guardian:Emergency"],"picked":"SKIP","floor":25},{"not_picked":["Guardian:PrimingBeam+1","Guardian:Gem_Lightblue"],"picked":"Guardian:Suspension","floor":26},{"not_picked":["Guardian:GemFinder","Guardian:Gem_Green"],"picked":"Guardian:ExploitGems","floor":28}],"player_experience":671352,"relics_obtained":[{"floor":7,"key":"The Courier"},{"floor":9,"key":"Bag of Preparation"},{"floor":14,"key":"Centennial Puzzle"},{"floor":23,"key":"Guardian:SackOfGems"},{"floor":24,"key":"Anchor"},{"floor":27,"key":"Pantograph"}],"event_choices":[{"damage_healed":0,"gold_gain":0,"player_choice":"Ignored","damage_taken":0,"max_hp_gain":0,"max_hp_loss":0,"event_name":"Ghosts","floor":20,"gold_loss":0},{"damage_healed":0,"gold_gain":0,"player_choice":"Ignored","damage_taken":0,"max_hp_gain":0,"max_hp_loss":0,"event_name":"Vampires","floor":22,"gold_loss":0}],"is_beta":false,"boss_relics":[{"not_picked":["Pandora\u0027s Box","bronze:MakeshiftBattery"],"picked":"SacredBark"}],"items_purged_floors":[8],"is_endless":false,"potions_floor_spawned":[9,10,15,16,19,25],"killed_by":"Book of Stabbing","ascension_level":0}}