{"host":"few9iyaxiywls251","time":1611025167,"event":{"mods":["BaseMod","Bestiary","Curses Come First","Highlight Path","Minty Spire (QoL Compilation)","Shop Mod","StSLib","The Marked"],"gold_per_floor":[110,110,130,144,144,144,179,200,200,215,215,240,114,134,134,236,236,236,236,191,191,191,191,191,191,191,191,91,91,91,91,91,91,91,91,91,91,1,1,1,1,1,1,1,1,1,1,1,1,1],"floor_reached":51,"language":"ENG","playtime":8445,"items_purged":["Defend_P","Defend_P"],"score":700,"play_id":"2faa6315-d70c-41ec-922b-1143b0c21872","local_time":"20210118205927","is_ascension_mode":false,"campfire_choices":[{"data":"Eruption","floor":6.0,"key":"SMITH"},{"data":"Crescendo","floor":11.0,"key":"SMITH"},{"floor":15.0,"key":"REST"},{"data":"DeusExMachina","floor":23.0,"key":"SMITH"},{"data":"PathToVictory","floor":25.0,"key":"SMITH"},{"data":"Halt","floor":30.0,"key":"SMITH"},{"data":"CutThroughFate","floor":32.0,"key":"SMITH"},{"data":"Omniscience","floor":40,"key":"SMITH"},{"data":"PathToVictory","floor":42,"key":"SMITH"},{"data":"SandsOfTime","floor":49,"key":"SMITH"}],"circlet_count":0,"master_deck":["Eruption+1","Vigilance+1","CutThroughFate+1","FlyingSleeves","PathToVictory+1","BowlingBash","Crescendo+1","LikeWater","Halt+1","Protect","ThirdEye+1","DeusExMachina+1","SandsOfTime+1","Sanctity","EmptyBody+1","Bite+1","Bite","Bite","Bite","ClearTheMind+1","Omniscience+1","PathToVictory+1","Wallop+1","Parasite","Tantrum+1"],"relics":["PureWater","Pocketwatch","Incense Burner","Odd Mushroom","InkBottle","Tiny Chest","Ectoplasm","Bottled Tornado","War Paint","Bag of Marbles","VioletLotus","Boot","Centennial Puzzle","Nunchaku","Happy Flower","Calipers"],"acts_visited":["Exordium","TheCity","TheBeyond"],"potions_floor_usage":[47,50,50,50,50],"damage_taken":[{"damage":0.0,"enemies":"2 Louse","floor":1.0,"turns":3.0},{"damage":0.0,"enemies":"Cultist","floor":3.0,"turns":2.0},{"damage":3.0,"enemies":"Jaw Worm","floor":4.0,"turns":2.0},{"damage":10.0,"enemies":"Lagavulin","floor":7.0,"turns":4.0},{"damage":0.0,"enemies":"The Mushroom Lair","floor":8.0,"turns":2.0},{"damage":2.0,"enemies":"Blue Slaver","floor":10.0,"turns":2.0},{"damage":19.0,"enemies":"3 Sentries","floor":12.0,"turns":3.0},{"damage":0.0,"enemies":"Exordium Thugs","floor":14.0,"turns":3.0},{"damage":4.0,"enemies":"Hexaghost","floor":16.0,"turns":7.0},{"damage":4.0,"enemies":"Shell Parasite","floor":18.0,"turns":4.0},{"damage":1.0,"enemies":"2 Thieves","floor":20.0,"turns":3.0},{"damage":0.0,"enemies":"Snake Plant","floor":21.0,"turns":2.0},{"damage":20.0,"enemies":"Shelled Parasite and Fungi","floor":22.0,"turns":3.0},{"damage":2.0,"enemies":"Slavers","floor":24.0,"turns":4.0},{"damage":18.0,"enemies":"Book of Stabbing","floor":27.0,"turns":5.0},{"damage":0.0,"enemies":"3 Cultists","floor":31.0,"turns":3.0},{"damage":29.0,"enemies":"Champ","floor":33.0,"turns":13.0},{"damage":0,"enemies":"Orb Walker","floor":35,"turns":1},{"damage":4,"enemies":"3 Shapes","floor":36,"turns":3},{"damage":20,"enemies":"Spire Growth","floor":39,"turns":4},{"damage":2,"enemies":"Nemesis","floor":44,"turns":5},{"damage":0,"enemies":"Writhing Mass","floor":46,"turns":4},{"damage":2,"enemies":"2 Orb Walkers","floor":47,"turns":3},{"damage":20,"enemies":"Sphere and 2 Shapes","floor":48,"turns":3},{"damage":6,"enemies":"Time Eater","floor":50,"turns":8}],"seed_played":"-5451683622149958228","potions_obtained":[{"floor":1.0,"key":"ColorlessPotion"},{"floor":4.0,"key":"CultistPotion"},{"floor":8.0,"key":"Swift Potion"},{"floor":14.0,"key":"Dexterity Potion"},{"floor":18.0,"key":"Fire Potion"},{"floor":27.0,"key":"BlessingOfTheForge"},{"floor":31.0,"key":"Fire Potion"},{"floor":36,"key":"Regen Potion"},{"floor":48,"key":"EntropicBrew"}],"is_trial":false,"path_per_floor":["M","?","M","M","?","R","E","?","T","M","R","E","$","M","R","B",null,"M","?","M","M","M","R","E","R","T","E","$","?","R","M","R","B",null,"M","M","T","?","M","R","?","R","T","E","T","M","?","M","R","B",null],"character_chosen":"WATCHER","items_purchased":["Protect"],"campfire_rested":1,"item_purchase_floors":[13],"current_hp_per_floor":[51,51,51,48,34,34,24,24,24,22,22,3,3,3,24,20,72,68,68,67,67,47,47,45,45,45,27,27,27,27,31,31,34,50,50,50,50,50,32,32,32,32,32,38,38,47,49,30,30,50],"gold":1,"neow_bonus":"ONE_RARE_RELIC","is_daily":false,"chose_seed":false,"campfire_upgraded":9,"win_rate":0.0,"timestamp":1611025167,"path_taken":["M","?","M","?","?","R","E","?","T","M","R","E","?","M","R","BOSS","M","?","M","M","M","R","E","R","T","E","$","?","R","M","R","BOSS","M","M","?","?","?","R","?","R","T","E","?","M","?","M","R","BOSS"],"items_purchased_type":["Card"],"build_version":"2020-12-22","purchased_purges":2,"victory":true,"max_hp_per_floor":[72,72,72,72,72,72,72,72,72,72,72,72,72,72,72,72,72,72,72,72,72,72,72,72,72,72,72,72,50,50,50,50,50,50,50,50,50,50,50,50,50,50,50,50,50,50,50,50,50,50],"card_choices":[{"not_picked":["EmptyFist","Fasting2"],"picked":"CutThroughFate","floor":1.0},{"not_picked":["Nirvana","Consecrate"],"picked":"FlyingSleeves","floor":3.0},{"not_picked":["EmptyFist","Wireheading"],"picked":"PathToVictory","floor":4.0},{"not_picked":["ForeignInfluence","Prostrate"],"picked":"BowlingBash","floor":7.0},{"not_picked":["WheelKick","Halt"],"picked":"Crescendo","floor":8.0},{"not_picked":["BowlingBash","JustLucky"],"picked":"LikeWater","floor":10.0},{"not_picked":["MasterReality","Consecrate"],"picked":"Halt","floor":12.0},{"not_picked":["EmptyFist","FlurryOfBlows"],"picked":"ThirdEye","floor":14.0},{"not_picked":["Vault","Judgement"],"picked":"DeusExMachina","floor":16.0},{"not_picked":["Evaluate","Perseverance","Consecrate"],"picked":"SKIP","floor":18.0},{"not_picked":["Adaptation","JustLucky"],"picked":"SandsOfTime","floor":20.0},{"not_picked":["EmptyFist+1","Halt","SashWhip"],"picked":"SKIP","floor":21.0},{"not_picked":["FlurryOfBlows+1","WindmillStrike"],"picked":"Sanctity","floor":22.0},{"not_picked":["CutThroughFate","Worship"],"picked":"EmptyBody+1","floor":24.0},{"not_picked":["LikeWater","Evaluate+1","Halt+1"],"picked":"SKIP","floor":27.0},{"not_picked":["Halt+1","Wallop"],"picked":"ClearTheMind+1","floor":31.0},{"not_picked":["Alpha","SpiritShield"],"picked":"Omniscience","floor":33.0},{"not_picked":["Prostrate","ClearTheMind+1"],"picked":"PathToVictory","floor":35},{"not_picked":["Collect","JustLucky+1"],"picked":"Wallop+1","floor":36},{"not_picked":["ConjureBlade","DeceiveReality","Crescendo+1"],"picked":"SKIP","floor":39},{"not_picked":["EmptyMind","Crescendo","CrushJoints"],"picked":"SKIP","floor":44},{"not_picked":["JustLucky+1","BowlingBash+1"],"picked":"Tantrum+1","floor":46},{"not_picked":["FollowUp+1","ClearTheMind","FlyingSleeves+1"],"picked":"SKIP","floor":48}],"player_experience":108876,"relics_obtained":[{"floor":7.0,"key":"Incense Burner"},{"floor":8.0,"key":"Odd Mushroom"},{"floor":9.0,"key":"InkBottle"},{"floor":12.0,"key":"Tiny Chest"},{"floor":24.0,"key":"Bottled Tornado"},{"floor":26.0,"key":"War Paint"},{"floor":27.0,"key":"Bag of Marbles"},{"floor":37,"key":"Boot"},{"floor":43,"key":"Centennial Puzzle"},{"floor":44,"key":"Nunchaku"},{"floor":45,"key":"Happy Flower"},{"floor":47,"key":"Calipers"}],"event_choices":[{"damage_healed":0.0,"max_hp_gain":0.0,"max_hp_loss":0.0,"gold_gain":0.0,"event_name":"Match and Keep!","player_choice":"0 cards matched","floor":2.0,"gold_loss":0.0,"damage_taken":0.0,"cards_obtained":[]},{"damage_healed":0.0,"max_hp_gain":0.0,"max_hp_loss":0.0,"gold_gain":0.0,"event_name":"Shining Light","player_choice":"Entered Light","floor":5.0,"gold_loss":0.0,"damage_taken":14.0,"cards_upgraded":["Strike_P","Strike_P"]},{"damage_healed":0.0,"max_hp_gain":0.0,"max_hp_loss":0.0,"gold_gain":0.0,"event_name":"Mushrooms","player_choice":"Fought Mushrooms","floor":8.0,"gold_loss":0.0,"damage_taken":0.0},{"cards_removed":["Defend_P"],"damage_healed":0.0,"max_hp_gain":0.0,"max_hp_loss":0.0,"gold_gain":0.0,"event_name":"Back to Basics","player_choice":"Elegance","floor":19.0,"gold_loss":0.0,"damage_taken":0.0},{"damage_healed":0.0,"max_hp_gain":0.0,"max_hp_loss":22.0,"gold_gain":0.0,"event_name":"Vampires","player_choice":"Became a vampire","floor":29.0,"gold_loss":0.0,"damage_taken":0.0,"cards_obtained":["Bite","Bite","Bite","Bite","Bite"]},{"cards_removed":["Defend_P"],"damage_healed":0,"gold_gain":0,"player_choice":"Upgrade and Remove","damage_taken":0,"max_hp_gain":0,"max_hp_loss":0,"event_name":"Designer","floor":38,"gold_loss":90,"cards_upgraded":["Bite"]},{"cards_removed":["Bite"],"damage_healed":0,"gold_gain":0,"player_choice":"Removed Attack","damage_taken":0,"max_hp_gain":0,"max_hp_loss":0,"event_name":"Falling","floor":41,"gold_loss":0},{"damage_healed":0,"gold_gain":0,"player_choice":"Fight","damage_taken":0,"max_hp_gain":0,"max_hp_loss":0,"event_name":"Mysterious Sphere","floor":47,"gold_loss":0}],"is_beta":false,"boss_relics":[{"not_picked":["Runic Dome","Velvet Choker"],"picked":"Ectoplasm"},{"not_picked":["Runic Pyramid","Tiny House"],"picked":"VioletLotus"}],"items_purged_floors":[13,28],"is_endless":false,"potions_floor_spawned":[1,4,8,14,18,24,27,31,36,39,46,48],"ascension_level":0}}