{"host":"g2kelmgng7xf1xjg","time":1611024857,"event":{"mods":["BaseMod","Bestiary","Highlight Path","Minty Spire (QoL Compilation)","StSLib"],"gold_per_floor":[118,137,6,81,95,95,128,128,154,179,201,30,30,30],"floor_reached":13,"language":"ENG","playtime":916,"items_purged":["Strike_G","Strike_G"],"score":166,"play_id":"a6a3150d-610d-4965-8082-8d251e117655","local_time":"20210118205417","is_ascension_mode":true,"campfire_choices":[{"data":"Neutralize","floor":6,"key":"SMITH"},{"data":"Well Laid Plans","floor":8,"key":"SMITH"}],"circlet_count":0,"master_deck":["AscendersBane","Strike_G","Strike_G","Strike_G","Defend_G","Defend_G","Defend_G","Defend_G","Defend_G","Survivor","Neutralize+1","Endless Agony","Blade Dance","Dagger Spray","Well Laid Plans+1","Leg Sweep"],"relics":["Ring of the Snake","Nunchaku","MawBank"],"acts_visited":["Exordium"],"potions_floor_usage":[7,10,13],"damage_taken":[{"damage":0,"enemies":"2 Louse","floor":1,"turns":3},{"damage":2,"enemies":"Jaw Worm","floor":2,"turns":5},{"damage":0,"enemies":"Small Slimes","floor":5,"turns":3},{"damage":36,"enemies":"3 Sentries","floor":7,"turns":11},{"damage":9,"enemies":"Gremlin Gang","floor":10,"turns":3},{"damage":6,"enemies":"Large Slime","floor":11,"turns":7},{"damage":31,"enemies":"Gremlin Nob","floor":13,"turns":4}],"seed_played":"-6873965120538632277","potions_obtained":[{"floor":1,"key":"Regen Potion"},{"floor":2,"key":"FearPotion"},{"floor":7,"key":"Regen Potion"}],"is_trial":false,"path_per_floor":["M","M","$","?","M","R","E","R","T","M","M","$","E"],"character_chosen":"THE_SILENT","items_purchased":["Dagger Spray","Leg Sweep"],"campfire_rested":0,"item_purchase_floors":[3,12],"current_hp_per_floor":[65,63,63,52,52,52,31,31,31,22,16,16,0,0],"gold":30,"neow_bonus":"TEN_PERCENT_HP_BONUS","is_daily":false,"chose_seed":false,"campfire_upgraded":2,"win_rate":0.0,"timestamp":1611024857,"path_taken":["M","M","$","?","M","R","E","R","T","M","M","$","E"],"items_purchased_type":["Card","Card"],"build_version":"2020-12-22","purchased_purges":2,"victory":false,"max_hp_per_floor":[72,72,72,72,72,72,72,72,72,72,72,72,72,72],"card_choices":[{"not_picked":["Underhanded Strike","Accuracy"],"picked":"Endless Agony","floor":1},{"not_picked":["Finisher","Backflip"],"picked":"Blade Dance","floor":2},{"not_picked":["Dagger Throw","Catalyst"],"picked":"Well Laid Plans","floor":5},{"not_picked":["Bullet Time","Expertise","Prepared"],"picked":"SKIP","floor":7},{"not_picked":["Blade Dance","Acrobatics","Prepared"],"picked":"SKIP","floor":10},{"not_picked":["Choke","Reflex","Well Laid Plans"],"picked":"SKIP","floor":11}],"player_experience":976983,"relics_obtained":[{"floor":7,"key":"Nunchaku"},{"floor":9,"key":"MawBank"}],"event_choices":[{"damage_healed":0,"gold_gain":75,"player_choice":"Gather Gold","damage_taken":11,"max_hp_gain":0,"max_hp_loss":0,"event_name":"World of Goop","floor":4,"gold_loss":0}],"is_beta":false,"boss_relics":[],"items_purged_floors":[3,12],"is_endless":false,"potions_floor_spawned":[1,2,7],"killed_by":"Gremlin Nob","ascension_level":19}}