{"host":"0orpmu1xasta6kqn","time":1611057167,"event":{"mods":["2.2 Compatiblity","AchievementEnabler","Act Like it!","Aspiration","Astrologer","BaseMod","Better Third Choice","Colored Map","Colored Powertips","Conspire","Dio Mod","Duelist Mod","GifTheSpireLib","Googly Eyes","GungeonMod","Hallownest","Highlight Path","Hubris","Infinite Spire","Magitek Elite","Mimic Mod","Minty Spire (QoL Compilation)","Quick Restart","Relic Stats","Replay The Spire","SOS???????","StSLib","Td1madao Mod","The Alterego","The Animator","The Bug Knight","The Forsaken","The Mystic","The Servant 0.9.4","The Wild Card","Wandering Minibosses","???mod?????"],"gold_per_floor":[109,39,0,0,0,0,35,22,22,36,36,54,54,83,83,187,187,200,150,150],"floor_reached":19,"language":"ENG","playtime":1711,"items_purged":[],"score":201,"play_id":"16129601-67f6-427f-96da-d2490ccebdc4","local_time":"20210119125247","is_ascension_mode":true,"campfire_choices":[{"floor":6,"key":"RECALL"},{"data":"theWildCard:Abstinence","floor":11,"key":"SMITH"},{"floor":15,"key":"REST"}],"circlet_count":0,"master_deck":["theWildCard:BasicStrike","theWildCard:BasicStrike","theWildCard:BasicStrike","theWildCard:BasicStrike","theWildCard:BasicDefend","theWildCard:BasicDefend","theWildCard:BasicDefend","theWildCard:BasicDefend","theWildCard:CallToAdventure","theWildCard:Arsene","mysticmod:ArcaneDodge","Defend_R","theWildCard:PowerOfTheArcana","theWildCard:SeveringSlash","theWildCard:ArcaneArts","Enlightenment","theWildCard:Michael","theWildCard:Abstinence+1","theWildCard:StingingStrike","theWildCard:SacrificialStroke","theWildCard:PaleRider","theWildCard:ArcanaArtistry","theWildCard:FinalHour","Forgetful","DemoMod:TableTechRocket","theWildCard:ChangingDestiny","ReplayTheSpireMod:Private Reserves","infinitespire:Punishment","theWildCard:MagicMettle+1"],"relics":["theWildCard:VelvetContract","DemoMod:BigBoy","Replay:Baseball","Happy Flower","ReplayTheSpireMod:SealedPack"],"acts_visited":["Exordium","TheCity"],"potions_floor_usage":[16,16,19],"damage_taken":[{"damage":0,"enemies":"Cultist","floor":1,"turns":4},{"damage":3,"enemies":"Replay:BlueRogue","floor":7,"turns":5},{"damage":6,"enemies":"Small Slimes","floor":8,"turns":6},{"damage":2,"enemies":"2 Louse","floor":10,"turns":2},{"damage":8,"enemies":"Exordium Thugs","floor":12,"turns":5},{"damage":9,"enemies":"3 Sentries","floor":14,"turns":8},{"damage":28,"enemies":"The Guardian","floor":16,"turns":10},{"damage":32,"enemies":"Chosen","floor":18,"turns":5},{"damage":44,"enemies":"Snecko","floor":19,"turns":4}],"seed_played":"-4359384494749404328","potions_obtained":[{"floor":8,"key":"SkillPotion"},{"floor":10,"key":"BlessingOfTheForge"},{"floor":16,"key":"Weak Potion"}],"is_trial":false,"path_per_floor":["M","$","?","?","$","R","E","M","T","M","R","M","?","E","R","B",null,"M","M"],"character_chosen":"THE_WILD_CARD","items_purchased":["theWildCard:SeveringSlash","theWildCard:ArcaneArts"],"campfire_rested":1,"item_purchase_floors":[2,2],"current_hp_per_floor":[60,60,66,66,66,66,63,57,57,55,55,47,47,38,57,29,66,34,0,0],"gold":150,"neow_bonus":"ONE_RARE_RELIC","is_daily":false,"chose_seed":false,"campfire_upgraded":1,"win_rate":0.0,"timestamp":1611057167,"path_taken":["M","$","?","?","$","R","E","M","T","M","R","M","?","E","R","BOSS","M","M"],"items_purchased_type":["Card","Card"],"build_version":"2020-12-22","purchased_purges":0,"victory":false,"max_hp_per_floor":[60,60,66,66,66,66,66,66,66,66,66,66,66,66,66,66,66,66,66,66],"relic_stats":{"Happy Flower":[6],"counters":[9,49],"obtain_stats":[{"theWildCard:VelvetContract":0,"Replay:Baseball":7,"Happy Flower":14,"DemoMod:BigBoy":0,"DemoMod:GlassGuonStoneRelic":8,"ReplayTheSpireMod:SealedPack":17},{"theWildCard:VelvetContract":0,"Replay:Baseball":2,"Happy Flower":6,"DemoMod:BigBoy":0,"DemoMod:GlassGuonStoneRelic":3,"ReplayTheSpireMod:SealedPack":7},{"theWildCard:VelvetContract":0,"Replay:Baseball":9,"Happy Flower":30,"DemoMod:BigBoy":0,"DemoMod:GlassGuonStoneRelic":15,"ReplayTheSpireMod:SealedPack":40}]},"card_choices":[{"not_picked":["theWildCard:BladeOfGenerations","theWildCard:UnderLockAndKey"],"picked":"theWildCard:PowerOfTheArcana","floor":1},{"not_picked":["theWildCard:SeveringSlash","theWildCard:StingingStrike"],"picked":"theWildCard:Abstinence","floor":7},{"not_picked":["theWildCard:Metatron","theWildCard:EnergizedStroke"],"picked":"theWildCard:StingingStrike","floor":8},{"not_picked":["theWildCard:EnergizedStroke","theWildCard:StalwartBlade"],"picked":"theWildCard:SacrificialStroke","floor":10},{"not_picked":["theWildCard:ArcanaArtistry","theWildCard:BladeOfGenerations"],"picked":"theWildCard:PaleRider","floor":12},{"not_picked":["theWildCard:Michael","theWildCard:MasterPlan"],"picked":"theWildCard:ArcanaArtistry","floor":14},{"not_picked":["theWildCard:Satanael","theWildCard:Overwhelm"],"picked":"theWildCard:FinalHour","floor":16},{"not_picked":["HollowMod:PogoStrike","theForsaken:Smite"],"picked":"DemoMod:TableTechRocket","floor":17},{"not_picked":["theWildCard:Overwhelm","theWildCard:AllOutAttack"],"picked":"theWildCard:ChangingDestiny","floor":17},{"not_picked":["ReplayTheSpireMod:Uncanny Aura","DemoMod:Spice"],"picked":"ReplayTheSpireMod:Private Reserves","floor":17},{"not_picked":["ReplayTheSpireMod:Echoes of Time","hubris:Rewind"],"picked":"infinitespire:Punishment","floor":17},{"not_picked":["theWildCard:Polydeuces","theWildCard:Unburden"],"picked":"theWildCard:MagicMettle+1","floor":18}],"player_experience":292980,"relics_obtained":[{"floor":7,"key":"Replay:Baseball"},{"floor":14,"key":"Happy Flower"}],"event_choices":[{"damage_healed":0,"gold_gain":0,"player_choice":"RENOUNCE","damage_taken":39,"max_hp_gain":0,"max_hp_loss":0,"event_name":"betterThird:BetterSerpent","floor":3,"gold_loss":39,"cards_obtained":["Enlightenment"]},{"damage_healed":0,"gold_gain":0,"player_choice":"Leave","damage_taken":0,"max_hp_gain":0,"max_hp_loss":0,"event_name":"conspire:Investor","floor":13,"gold_loss":0}],"is_beta":false,"boss_relics":[{"not_picked":["Snecko Heart","aspiration:DefectSkillbook"],"picked":"ReplayTheSpireMod:SealedPack"}],"items_purged_floors":[],"is_endless":false,"potions_floor_spawned":[8,10,16],"killed_by":"Snecko","ascension_level":3}}