{"host":"t9zjxed0utvsfjwc","time":1611048727,"event":{"mods":["2.2 Compatiblity","Aspiration","BaseMod","Better Altar","Better Match","Better Note","Better Sensory Stone","Better Skull","Better Third Choice","Block Reminder","Colored Map","Colored Powertips","Hermit","Highlight Path","Hubris","Infinite Spire","Minty Spire (QoL Compilation)","Quick Restart","Rare Cards Sparkle","Replay The Spire","Shade Mod","StSLib","The Bug Knight","The Cursed","The Marked","Unceasing Turn Reminder","everything is the same but u backflip on backflip"],"gold_per_floor":[117,131,142,159,159,194,194,194,194,225,96,126,144,44,44,140,140,160,145,20,20,20,20,20],"floor_reached":23,"language":"ENG","playtime":1408,"items_purged":["Defend_R","Strike_R","Defend_R"],"score":272,"play_id":"26cd5f0a-251d-493c-80a5-d8f4e19e2f14","local_time":"20210119093207","is_ascension_mode":true,"campfire_choices":[{"data":"Ghostly Armor","floor":15,"key":"SMITH"}],"circlet_count":0,"master_deck":["Strike_R+1","Strike_R+1","Defend_R","Bash","Pommel Strike","Dropkick","infinitespire:FinalStrike","Ghostly Armor+1","Iron Wave","Metallicize","Metallicize","Headbutt","Iron Wave","Barricade","Demon Form"],"relics":["Burning Blood","aspiration:Nostalgia","Sizzling Blood","Happy Flower","hubris:Potato","hubris:CrystalStatue","Whetstone","Strawberry","Empty Cage","hubris:BottledHeart"],"acts_visited":["Exordium","TheCity"],"potions_floor_usage":[4,16,16],"damage_taken":[{"damage":4,"enemies":"2 Louse","floor":1,"turns":4},{"damage":6,"enemies":"Cultist","floor":2,"turns":3},{"damage":10,"enemies":"Jaw Worm","floor":3,"turns":4},{"damage":14,"enemies":"Lots of Slimes","floor":4,"turns":5},{"damage":21,"enemies":"3 Sentries","floor":6,"turns":7},{"damage":11,"enemies":"Lagavulin","floor":10,"turns":4},{"damage":1,"enemies":"3 Sentries","floor":12,"turns":6},{"damage":0,"enemies":"Blue Slaver","floor":13,"turns":1},{"damage":0,"enemies":"Fading Forest","floor":16,"turns":11},{"damage":0,"enemies":"3 Byrds","floor":18,"turns":5},{"damage":20,"enemies":"2 Thieves","floor":19,"turns":4},{"damage":1,"enemies":"Gremlin Leader","floor":23,"turns":7}],"seed_played":"-2467303515438391785","potions_obtained":[{"floor":3,"key":"Swift Potion"},{"floor":6,"key":"Ancient Potion"},{"floor":10,"key":"Explosive Potion"},{"floor":16,"key":"Doom Potion"},{"floor":19,"key":"FearPotion"}],"is_trial":false,"path_per_floor":["M","M","M","M","?","E","?","?","T","E","$","E","M","$","R","B",null,"M","M","$","?","?","E"],"character_chosen":"IRONCLAD","items_purchased":["Metallicize"],"campfire_rested":0,"item_purchase_floors":[11],"current_hp_per_floor":[84,84,84,80,60,49,49,49,49,48,48,64,74,74,74,91,91,91,81,81,81,1,0,0],"gold":20,"neow_bonus":"NOSTALGIA","is_daily":false,"chose_seed":false,"campfire_upgraded":1,"win_rate":0.0,"timestamp":1611048727,"path_taken":["M","M","M","M","?","E","?","?","T","E","$","E","?","$","R","BOSS","M","M","$","?","?","E"],"items_purchased_type":["Card"],"build_version":"2020-12-22","purchased_purges":3,"victory":false,"max_hp_per_floor":[84,84,84,84,84,84,84,84,84,84,84,91,91,91,91,91,91,91,91,91,91,1,1,1],"card_choices":[{"not_picked":["Searing Blow","Warcry"],"picked":"Pommel Strike","floor":1},{"not_picked":["Dark Embrace","Anger"],"picked":"Burning Pact","floor":2},{"not_picked":["Abandon","Replay:Undeath\u0027s Touch","Body Slam"],"picked":"SKIP","floor":3},{"not_picked":["Havoc","Wild Strike"],"picked":"Dropkick","floor":4},{"not_picked":["infinitespire:TheBestDefense","infinitespire:SealOfDarkness+"],"picked":"infinitespire:FinalStrike","floor":5},{"not_picked":["Pommel Strike","Warcry"],"picked":"Ghostly Armor","floor":6},{"not_picked":["Fire Breathing","Massacre"],"picked":"Iron Wave","floor":10},{"not_picked":["Body Slam","Sword Boomerang"],"picked":"Headbutt","floor":12},{"not_picked":["Sword Boomerang","Brutality"],"picked":"Iron Wave","floor":13},{"not_picked":["Reaper","Double Tap"],"picked":"Barricade","floor":16},{"not_picked":["Feel No Pain","Sword Boomerang+1","Replay:Undeath\u0027s Touch"],"picked":"SKIP","floor":18},{"not_picked":["Warcry","True Grit","Shockwave"],"picked":"SKIP","floor":19}],"player_experience":383520,"relics_obtained":[{"floor":6,"key":"Happy Flower"},{"floor":9,"key":"hubris:CrystalStatue"},{"floor":10,"key":"Whetstone"},{"floor":12,"key":"Strawberry"}],"event_choices":[{"cards_removed":["Defend_R"],"damage_healed":0,"gold_gain":0,"player_choice":"Forget","damage_taken":0,"max_hp_gain":0,"max_hp_loss":0,"event_name":"Living Wall","floor":7,"gold_loss":0},{"cards_removed":["Burning Pact"],"damage_healed":0,"gold_gain":0,"player_choice":"Gave Card","damage_taken":0,"relics_obtained":["hubris:Potato"],"max_hp_gain":0,"max_hp_loss":0,"event_name":"WeMeetAgain","floor":8,"gold_loss":0},{"cards_removed":["infinitespire:FinalStrike"],"damage_healed":0,"gold_gain":0,"player_choice":"Take \u0026 Give","damage_taken":0,"max_hp_gain":0,"max_hp_loss":0,"event_name":"betterNote:BetterNote","floor":21,"gold_loss":0,"cards_obtained":["Demon Form"]}],"is_beta":false,"boss_relics":[{"not_picked":["Ring of Chaos","ReplayTheSpireMod:DimensionalGlitch"],"picked":"Empty Cage"}],"items_purged_floors":[11,14,20],"is_endless":false,"potions_floor_spawned":[3,6,10,16,19],"killed_by":"Gremlin Leader","ascension_level":1}}