{"host":"d7y1n6cxafpq47nx","time":1611029864,"event":{"mods":["BaseMod","Marisa£®ÏF”Í°°ƒß¿Ì…≥£©","Minty Spire (QoL Compilation)","Remilia£®¿Ÿ√◊¿Ú—«£©","StSLib","The Bug Knight","The Servant 0.9.4"],"gold_per_floor":[118,130,130,130,142,142,152,152,152,209,209,209,235,253,253,356,356,375,385,23,23,33,46,46,60,60,60,60,75,75,106,106,211,211,226,241,241,241,171,171,185,215,269,269,269],"floor_reached":44,"language":"ZHS","playtime":2276,"items_purged":[],"score":483,"play_id":"72c262e2-f30a-4378-bf0e-25fff0f62e0e","local_time":"20210119121744","is_ascension_mode":false,"campfire_choices":[{"data":"Thunderclap","floor":6,"key":"SMITH"},{"data":"Bash","floor":8,"key":"SMITH"},{"data":"Rage","floor":12,"key":"SMITH"},{"floor":15,"key":"REST"},{"data":"Combust","floor":24,"key":"SMITH"},{"data":"Fire Breathing","floor":27,"key":"SMITH"},{"data":"Searing Blow","floor":30,"key":"SMITH"},{"data":"Berserk","floor":32,"key":"SMITH"},{"data":"Inflame","floor":40,"key":"SMITH"}],"circlet_count":0,"master_deck":["Strike_R","Strike_R","Strike_R","Strike_R","Strike_R","Defend_R","Defend_R","Bash+1","Sword Boomerang","Thunderclap","Thunderclap+1","Cleave","Rage+1","Intimidate","Berserk+1","Rampage","Fire Breathing+1","Iron Wave","Enlightenment","Dramatic Entrance","Reaper","Combust+1","Infernal Blade","Shame","Searing Blow+1","Berserk","Spot Weakness","Inflame+1","Disarm","Writhe"],"relics":["Burning Blood","NeowsBlessing","WingedGreaves","Self Forming Clay","Kunai","HornCleat","Mark of Pain","Shuriken","Eternal Feather","Boot","Bag of Marbles","Cursed Key","Letter Opener","Pen Nib"],"acts_visited":["Exordium","TheCity","TheBeyond"],"potions_floor_usage":[16,16,25,29,33,33,42],"damage_taken":[{"damage":0,"enemies":"Jaw Worm","floor":1,"turns":1},{"damage":0,"enemies":"Small Slimes","floor":2,"turns":1},{"damage":0,"enemies":"Cultist","floor":5,"turns":1},{"damage":19,"enemies":"Blue Slaver","floor":7,"turns":3},{"damage":25,"enemies":"Gremlin Nob","floor":10,"turns":4},{"damage":31,"enemies":"Lagavulin","floor":13,"turns":6},{"damage":10,"enemies":"3 Louse","floor":14,"turns":3},{"damage":25,"enemies":"Hexaghost","floor":16,"turns":11},{"damage":17,"enemies":"Shell Parasite","floor":18,"turns":6},{"damage":33,"enemies":"Snecko","floor":19,"turns":7},{"damage":18,"enemies":"Cultist and Chosen","floor":22,"turns":6},{"damage":29,"enemies":"Centurion and Healer","floor":23,"turns":5},{"damage":19,"enemies":"Snake Plant","floor":25,"turns":5},{"damage":23,"enemies":"Shelled Parasite and Fungi","floor":29,"turns":5},{"damage":1,"enemies":"Gremlin Leader","floor":31,"turns":5},{"damage":78,"enemies":"Champ","floor":33,"turns":9},{"damage":5,"enemies":"3 Shapes","floor":35,"turns":2},{"damage":15,"enemies":"Orb Walker","floor":36,"turns":3},{"damage":10,"enemies":"Jaw Worm Horde","floor":41,"turns":3},{"damage":64,"enemies":"Giant Head","floor":42,"turns":6},{"damage":47,"enemies":"Spire Growth","floor":44,"turns":4}],"seed_played":"7913224000102250750","potions_obtained":[{"floor":1,"key":"BloodPotion"},{"floor":4,"key":"LiquidBronze"},{"floor":4,"key":"Regen Potion"},{"floor":7,"key":"DistilledChaos"},{"floor":23,"key":"BloodPotion"},{"floor":25,"key":"BloodPotion"},{"floor":29,"key":"SteroidPotion"},{"floor":31,"key":"FearPotion"},{"floor":35,"key":"DuplicationPotion"},{"floor":42,"key":"LiquidBronze"}],"is_trial":false,"path_per_floor":["M","M","?","?","M","R","M","R","T","?","?","R","E","M","R","B",null,"M","M","$","?","M","M","R","M","T","R","?","M","R","E","R","B",null,"M","M","?","?","$","R","M","E","T","M"],"character_chosen":"IRONCLAD","items_purchased":["Shuriken","Iron Wave","Enlightenment","Inflame"],"campfire_rested":1,"item_purchase_floors":[20,20,20,39],"current_hp_per_floor":[80,80,85,85,85,85,72,72,72,53,53,53,28,24,49,47,85,74,47,47,47,47,24,24,33,33,48,48,55,70,85,85,13,85,85,76,76,76,76,85,81,27,27,0,0],"gold":269,"neow_bonus":"THREE_ENEMY_KILL","is_daily":false,"chose_seed":false,"campfire_upgraded":8,"win_rate":0.0,"timestamp":1611029864,"path_taken":["M","M","?","?","?","R","M","R","T","?","?","R","E","?","R","BOSS","M","M","$","?","M","?","R","?","T","R","?","M","R","E","R","BOSS","M","M","?","?","$","R","M","E","T","?"],"items_purchased_type":["Relic","Card","Card","Card"],"build_version":"2020-12-22","purchased_purges":0,"victory":false,"max_hp_per_floor":[80,80,85,85,85,85,85,85,85,85,85,85,85,85,85,85,85,85,85,85,85,85,85,85,85,85,85,85,85,85,85,85,85,85,85,85,85,85,85,85,85,85,85,85,85],"card_choices":[{"not_picked":["Reckless Charge","Twin Strike"],"picked":"Sword Boomerang","floor":1},{"not_picked":["True Grit","Cleave"],"picked":"Thunderclap","floor":2},{"not_picked":["Burning Pact","Dual Wield"],"picked":"Thunderclap","floor":5},{"not_picked":["Sword Boomerang","Warcry"],"picked":"Cleave","floor":7},{"not_picked":["Twin Strike","Bludgeon"],"picked":"Rage","floor":10},{"not_picked":["Cleave","Reckless Charge"],"picked":"Intimidate","floor":13},{"not_picked":["Warcry","Sword Boomerang","Headbutt"],"picked":"SKIP","floor":14},{"not_picked":["Reaper","Bludgeon"],"picked":"Berserk","floor":16},{"not_picked":["Disarm+1","Heavy Blade+1"],"picked":"Rampage","floor":18},{"not_picked":["Thunderclap","Seeing Red"],"picked":"Fire Breathing","floor":19},{"not_picked":["Rampage","Body Slam"],"picked":"Combust","floor":22},{"not_picked":["Heavy Blade+1","Pommel Strike","Cleave+1"],"picked":"SKIP","floor":23},{"not_picked":["Dark Embrace+1","Clothesline"],"picked":"Infernal Blade","floor":25},{"not_picked":["Cleave","Perfected Strike"],"picked":"Searing Blow","floor":29},{"not_picked":["Pummel","Offering","Rampage"],"picked":"SKIP","floor":31},{"not_picked":["Feed","Corruption"],"picked":"Berserk","floor":33},{"not_picked":["Clash","Twin Strike"],"picked":"Spot Weakness","floor":35},{"not_picked":["Searing Blow","Flex","Sword Boomerang"],"picked":"SKIP","floor":36},{"not_picked":["Searing Blow","Thunderclap","Entrench"],"picked":"SKIP","floor":41},{"not_picked":["Warcry+1","Perfected Strike"],"picked":"Disarm","floor":42}],"player_experience":58943,"relics_obtained":[{"floor":9,"key":"WingedGreaves"},{"floor":13,"key":"HornCleat"},{"floor":26,"key":"Eternal Feather"},{"floor":31,"key":"Bag of Marbles"},{"floor":42,"key":"Letter Opener"},{"floor":43,"key":"Pen Nib"}],"event_choices":[{"damage_healed":0,"gold_gain":0,"player_choice":"Donut","damage_taken":0,"max_hp_gain":5,"max_hp_loss":0,"event_name":"Big Fish","floor":3,"gold_loss":0},{"damage_healed":0,"gold_gain":0,"player_choice":"Got Potions","damage_taken":0,"max_hp_gain":0,"max_hp_loss":0,"event_name":"Lab","floor":4,"gold_loss":0},{"damage_healed":0,"gold_gain":0,"player_choice":"Searched \u00272\u0027 times","damage_taken":0,"relics_obtained":["Self Forming Clay"],"max_hp_gain":0,"max_hp_loss":0,"event_name":"Dead Adventurer","floor":10,"gold_loss":0},{"damage_healed":0,"gold_gain":0,"player_choice":"Gave Potion","damage_taken":0,"relics_obtained":["Kunai"],"max_hp_gain":0,"max_hp_loss":0,"event_name":"WeMeetAgain","floor":11,"gold_loss":0},{"damage_healed":0,"gold_gain":0,"player_choice":"2 cards matched","damage_taken":0,"max_hp_gain":0,"max_hp_loss":0,"event_name":"Match and Keep!","floor":21,"gold_loss":0,"cards_obtained":["Dramatic Entrance","Reaper"]},{"damage_healed":0,"gold_gain":0,"player_choice":"Stole Relic","damage_taken":0,"relics_obtained":["Boot"],"max_hp_gain":0,"max_hp_loss":0,"event_name":"Addict","floor":28,"gold_loss":0,"cards_obtained":["Shame"]},{"cards_removed":["Defend_R"],"damage_healed":0,"gold_gain":0,"player_choice":"Removed Skill","damage_taken":0,"max_hp_gain":0,"max_hp_loss":0,"event_name":"Falling","floor":37,"gold_loss":0},{"cards_removed":["Defend_R"],"damage_healed":0,"gold_gain":0,"player_choice":"Offered Basic","damage_taken":0,"max_hp_gain":0,"max_hp_loss":0,"event_name":"Bonfire Elementals","floor":38,"gold_loss":0}],"is_beta":false,"boss_relics":[{"not_picked":["Runic Cube","Empty Cage"],"picked":"Mark of Pain"},{"not_picked":["Astrolabe","Black Star"],"picked":"Cursed Key"}],"items_purged_floors":[],"is_endless":false,"potions_floor_spawned":[1,7,10,23,25,29,31,35,42],"killed_by":"Spire Growth","ascension_level":0}}