{"host":"bpkhhmvsfrvlto2l","time":1611076501,"event":{"mods":["2.2 Compatiblity","AchievementEnabler","Act Like it!","AlwaysNeverKeys","Aspiration","BaseMod","Better Silent Start","Challenge The Spire","Colored Map","Colored Powertips","Custom Start","Energized Spire","Friendly Minions","GifTheSpireLib","Halation","Hubris","Infinite Spire","Ironclad Rager","Mimic Mod","Minty Spire (QoL Compilation)","Permanent Neow","Quick Restart","Random Character Button","Relic Sorter","Replay The Spire","Spikes Relics","StSLib","Stuff the Spire","Swap Starting Deck Mod","Trackpad"],"gold_per_floor":[113,60,78,78,78,78,105,105,130,144,144,179,199,224,224,327,327,346,346,356,128,128,161,161,192,192,205,205,216,216,6,6,109,109,129,129,129,129,328,328,20,49,49,49,74,91,91,126,126,126],"floor_reached":51,"language":"ENG","playtime":1145,"items_purged":["Stack","Writhe"],"score":1101,"play_id":"20ac6663-dfcc-4b26-8305-125f06782b52","local_time":"20210119121501","is_ascension_mode":true,"campfire_choices":[{"data":"Zap","floor":6,"key":"SMITH"},{"data":"Genetic Algorithm","floor":8,"key":"SMITH"},{"data":"Thunder Strike","floor":11,"key":"SMITH"},{"floor":15,"key":"REST"},{"data":"Ball Lightning","floor":24,"key":"SMITH"},{"data":"Electrodynamics","floor":30,"key":"SMITH"},{"data":"Ball Lightning","floor":32,"key":"SMITH"},{"data":"Ball Lightning","floor":40,"key":"SMITH"},{"data":"ReplayTheSpireMod:Faulty Equipment","floor":44,"key":"SMITH"},{"floor":47,"key":"REST"},{"floor":49,"key":"REST"}],"circlet_count":0,"master_deck":["Ball Lightning+1","Ball Lightning","Ball Lightning","Ball Lightning+1","Thunder Strike+1","Stack+1","Stack+1","Zap+1","Genetic Algorithm+1","Ball Lightning+1","Ball Lightning+1","Electrodynamics+1","Injury"],"relics":["Cracked Core","halation:PinkSoulGem","MealTicket","hubris:DisguiseKit","trackpad:IciclePrecepts","trackpad:DisasterInABottle","aspiration:PoetsPen_weak","halation:LettersToHer","The Courier","TungstenRod","Torii","Sundial","Replay:Ancient Bell","Anchor","StuffTheSpire:CocoNut","BicycleWheel","Replay:Lucky Slots","trackpad:WritersBlock","Kunai","Dream Catcher","aspiration:TomeofQuesting","Incense Burner","Iron Hammer"],"acts_visited":["Exordium","TheCity","TheBeyond"],"potions_floor_usage":[7,13,16,21,29,29,42],"damage_taken":[{"damage":0,"enemies":"Cultist","floor":1,"turns":2},{"damage":10,"enemies":"Jaw Worm","floor":3,"turns":2},{"damage":14,"enemies":"3 Sentries","floor":7,"turns":3},{"damage":0,"enemies":"Small Slimes","floor":10,"turns":2},{"damage":7,"enemies":"Gremlin Nob","floor":12,"turns":2},{"damage":0,"enemies":"Red Slaver","floor":13,"turns":1},{"damage":8,"enemies":"Lagavulin","floor":14,"turns":3},{"damage":29,"enemies":"Slime Boss","floor":16,"turns":4},{"damage":0,"enemies":"Spheric Guardian","floor":18,"turns":2},{"damage":2,"enemies":"Shell Parasite","floor":20,"turns":2},{"damage":3,"enemies":"Gremlin Leader","floor":23,"turns":2},{"damage":0,"enemies":"Book of Stabbing","floor":25,"turns":2},{"damage":0,"enemies":"Shelled Parasite and Fungi","floor":27,"turns":2},{"damage":0,"enemies":"Snecko","floor":29,"turns":3},{"damage":19,"enemies":"Collector","floor":33,"turns":4},{"damage":0,"enemies":"Orb Walker","floor":35,"turns":2},{"damage":21,"enemies":"R_Hoarder","floor":42,"turns":5},{"damage":15,"enemies":"Reptomancer","floor":45,"turns":3},{"damage":0,"enemies":"3 Shapes","floor":46,"turns":2},{"damage":20,"enemies":"R_Hoarder","floor":48,"turns":7},{"damage":11,"enemies":"Awakened One","floor":50,"turns":4}],"seed_played":"8715416042432203698","potions_obtained":[{"floor":3,"key":"BlessingOfTheForge"},{"floor":12,"key":"Fire Potion"},{"floor":13,"key":"Cursed Concoction"},{"floor":16,"key":"PowerPotion"},{"floor":18,"key":"BlessingOfTheForge"},{"floor":20,"key":"SmokeBomb"},{"floor":35,"key":"Weak Potion"}],"is_trial":false,"path_per_floor":["M","$","M","?","?","R","E","R","T","M","R","E","M","E","R","B",null,"M","?","M","$","?","E","R","E","T","M","AVR","M","R","$","R","B",null,"M","?","?","AVR","?","R","$","E","T","R","E","M","R","E","R","B",null],"character_chosen":"DEFECT","items_purchased":["Ball Lightning","Fruit Juice","PowerPotion","Sundial","trackpad:WritersBlock","Kunai"],"campfire_rested":3,"item_purchase_floors":[2,21,21,31,41,41],"current_hp_per_floor":[57,57,47,47,47,47,33,33,33,33,33,26,26,18,35,6,44,44,44,42,62,62,59,59,59,59,59,59,59,59,62,62,43,64,64,64,64,64,48,48,63,42,42,42,27,27,47,27,47,36],"gold":126,"neow_bonus":"","is_daily":false,"chose_seed":false,"campfire_upgraded":8,"win_rate":0.0,"timestamp":1611076501,"path_taken":["M","$","?","?","?","R","E","R","T","M","R","E","?","E","R","BOSS","M","?","M","$","?","E","R","E","T","M","AVR","?","R","$","R","BOSS","M","?","?","AVR","?","R","$","E","T","R","E","?","R","E","R","BOSS"],"items_purchased_type":["Card","Potion","Potion","Relic","Relic","Relic"],"build_version":"2020-12-22","purchased_purges":2,"victory":true,"max_hp_per_floor":[57,57,57,57,57,57,57,57,57,57,57,57,57,57,57,57,57,57,57,57,62,62,62,62,62,62,62,62,62,62,62,62,62,69,69,69,69,69,69,69,69,69,69,69,69,69,69,69,69,69],"card_choices":[{"not_picked":["ReplayTheSpireMod:System Scan","Steam"],"picked":"Genetic Algorithm","floor":1},{"not_picked":["Streamline","Hologram","ThirdEye"],"picked":"Ball Lightning","floor":10},{"not_picked":["Ball Lightning","BasicCrystalCard","Hologram","Protect"],"picked":"SKIP","floor":14},{"not_picked":["Barrage","Hologram","Weave"],"picked":"Electrodynamics","floor":29},{"not_picked":["CommonCold","CurseOfTheBell","hubris:Lust"],"picked":"Injury","floor":34},{"not_picked":["Normality","Hatred","CurseOfTheBell"],"picked":"Writhe","floor":34},{"not_picked":["Shame","Intolerance","Decay"],"picked":"ReplayTheSpireMod:Faulty Equipment","floor":34},{"not_picked":["StuffTheSpire:Harmony","StuffTheSpire:Innocence"],"picked":"StuffTheSpire:Perfection","floor":36}],"player_experience":86983,"relics_obtained":[{"floor":7,"key":"hubris:DisguiseKit"},{"floor":9,"key":"trackpad:Mousetrap"},{"floor":12,"key":"trackpad:IciclePrecepts"},{"floor":14,"key":"trackpad:DisasterInABottle"},{"floor":23,"key":"halation:LettersToHer"},{"floor":25,"key":"The Courier"},{"floor":26,"key":"halation:LettersToHer"},{"floor":26,"key":"TungstenRod"},{"floor":42,"key":"Dream Catcher"},{"floor":43,"key":"halation:LettersToHer"},{"floor":43,"key":"aspiration:TomeofQuesting"},{"floor":45,"key":"Incense Burner"},{"floor":48,"key":"Iron Hammer"}],"event_choices":[{"cards_removed":["Stack"],"damage_healed":0,"gold_gain":0,"player_choice":"Gave Card","damage_taken":0,"relics_obtained":["MealTicket"],"max_hp_gain":0,"max_hp_loss":0,"event_name":"WeMeetAgain","floor":5,"gold_loss":0},{"damage_healed":0,"gold_gain":0,"player_choice":"Simplicity","damage_taken":0,"max_hp_gain":0,"max_hp_loss":0,"event_name":"Back to Basics","floor":19,"gold_loss":0,"cards_upgraded":[]},{"damage_healed":0,"gold_gain":0,"player_choice":"0 cards matched","damage_taken":0,"max_hp_gain":0,"max_hp_loss":0,"event_name":"Match and Keep!","floor":22,"gold_loss":0,"cards_obtained":[]}],"is_beta":false,"boss_relics":[{"not_picked":["halation:MonkeysPaw","aspiration:WatcherSkillbook"],"picked":"aspiration:PoetsPen_weak"},{"not_picked":["aspiration:RitualDagger","halation:Risk"],"picked":"Replay:Ancient Bell"},{"not_picked":["trackpad:FocusingLens","Replay:Bandana"],"picked":"Anchor"},{"not_picked":["Replay:WaspNest","StuffTheSpire:Rhapsscallions"],"picked":"StuffTheSpire:CocoNut"},{"not_picked":["Torii","hubris:AstralHammer"],"picked":"BicycleWheel"}],"items_purged_floors":[21,38],"is_endless":false,"potions_floor_spawned":[3,12,13,16,18,20,35],"ascension_level":7}}