{"host":"i0avyit1s6jb1siw","time":1611051325,"event":{"mods":["BaseMod","DeckTracker","Dota2Spire","Highlight Path","Minty Spire (QoL Compilation)","Quick Restart","StSLib","SuperFastMode"],"gold_per_floor":[15,26,26,26,36,36,55,66,66,100,120,134,151,151,161,161,161,234,234,248,268,268,285,296,296,59,59,89,89,112,112,112,21,35,35,68,88,88,165,165,175,191,211,211,231,265,265,265,295,319,346,363,377,396,415,415,415,415,415,415,415,77,105,105],"floor_reached":65,"language":"ENG","playtime":2492,"items_purged":["Strike_G+1","Strike_G+1"],"score":3072,"play_id":"45f370e0-e7eb-469c-ac58-e505ba7c2a92","local_time":"20210119111525","is_ascension_mode":true,"campfire_choices":[{"data":"Blade Dance","floor":6,"key":"SMITH"},{"data":"Wraith Form v2","floor":14,"key":"SMITH"},{"floor":17,"key":"REST"},{"floor":25,"key":"REST"},{"data":"Concentrate","floor":27,"key":"SMITH"},{"floor":35,"key":"REST"},{"data":"Calculated Gamble","floor":38,"key":"SMITH"},{"floor":48,"key":"RECALL"},{"floor":57,"key":"REST"},{"data":"Tactician","floor":61,"key":"SMITH"}],"circlet_count":0,"master_deck":["AscendersBane","Defend_G+1","Defend_G+1","Defend_G+1","Defend_G+1","Defend_G+1","Survivor","Neutralize","Acrobatics","Blade Dance+1","Wraith Form v2+1","Acrobatics+1","Eviscerate","Calculated Gamble","Noxious Fumes","Well Laid Plans+1","Accuracy","After Image","Concentrate+1","PiercingWail","Calculated Gamble+1","Concentrate","Backflip+1","After Image","Bouncing Flask+1","Venomology+1","Reflex+1","Reflex","Tactician+1","Blur","Calculated Gamble","Wraith Form v2"],"relics":["Ring of the Snake","Tingsha","Dota2Spire:OrchidMalevolence","Question Card","WristBlade","OrangePellets","Dota2Spire:EtherealBlade","Smiling Mask","Potion Belt","Dota2Spire:AghanimScepter","Astrolabe","Dota2Spire:Vanguard","Unceasing Top","Mercury Hourglass","Sundial","Nunchaku","Bronze Scales","Orrery","Oddly Smooth Stone"],"acts_visited":["Exordium","TheCity","TheBeyond","TheEnding"],"potions_floor_usage":[10,13,23,28,39,43,45,46,51,51,51,51,51,53,55,58,59,64],"damage_taken":[{"damage":4,"enemies":"Jaw Worm","floor":1,"turns":8},{"damage":6,"enemies":"Cultist","floor":2,"turns":4},{"damage":0,"enemies":"2 Louse","floor":5,"turns":2},{"damage":4,"enemies":"2 Fungi Beasts","floor":7,"turns":5},{"damage":10,"enemies":"3 Louse","floor":8,"turns":5},{"damage":8,"enemies":"Gremlin Nob","floor":10,"turns":3},{"damage":0,"enemies":"Large Slime","floor":11,"turns":3},{"damage":0,"enemies":"Red Slaver","floor":12,"turns":3},{"damage":0,"enemies":"Exordium Thugs","floor":13,"turns":2},{"damage":0,"enemies":"Large Slime","floor":15,"turns":3},{"damage":14,"enemies":"Hexaghost","floor":18,"turns":6},{"damage":8,"enemies":"2 Thieves","floor":20,"turns":3},{"damage":0,"enemies":"3 Byrds","floor":21,"turns":2},{"damage":6,"enemies":"Sentry and Sphere","floor":23,"turns":4},{"damage":21,"enemies":"Shelled Parasite and Fungi","floor":24,"turns":3},{"damage":27,"enemies":"Book of Stabbing","floor":28,"turns":4},{"damage":0,"enemies":"Snake Plant","floor":34,"turns":3},{"damage":3,"enemies":"Gremlin Leader","floor":36,"turns":4},{"damage":0,"enemies":"Snecko","floor":37,"turns":5},{"damage":18,"enemies":"Collector","floor":39,"turns":6},{"damage":2,"enemies":"3 Shapes","floor":41,"turns":5},{"damage":0,"enemies":"Orb Walker","floor":42,"turns":2},{"damage":0,"enemies":"Sphere and 2 Shapes","floor":43,"turns":3},{"damage":12,"enemies":"Writhing Mass","floor":45,"turns":5},{"damage":10,"enemies":"Nemesis","floor":46,"turns":5},{"damage":0,"enemies":"Giant Head","floor":49,"turns":6},{"damage":7,"enemies":"Reptomancer","floor":51,"turns":4},{"damage":0,"enemies":"4 Shapes","floor":52,"turns":7},{"damage":0,"enemies":"3 Darklings","floor":53,"turns":2},{"damage":0,"enemies":"Spire Growth","floor":54,"turns":3},{"damage":2,"enemies":"Transient","floor":55,"turns":6},{"damage":0,"enemies":"Awakened One","floor":58,"turns":5},{"damage":4,"enemies":"Time Eater","floor":59,"turns":11},{"damage":0,"enemies":"Shield and Spear","floor":63,"turns":6},{"damage":1,"enemies":"The Heart","floor":64,"turns":8}],"seed_played":"5268328239861946063","potions_obtained":[{"floor":1,"key":"EssenceOfSteel"},{"floor":5,"key":"SkillPotion"},{"floor":7,"key":"Explosive Potion"},{"floor":8,"key":"GamblersBrew"},{"floor":10,"key":"AttackPotion"},{"floor":21,"key":"CunningPotion"},{"floor":24,"key":"AttackPotion"},{"floor":28,"key":"SteroidPotion"},{"floor":37,"key":"AttackPotion"},{"floor":42,"key":"BlessingOfTheForge"},{"floor":55,"key":"Ancient Potion"},{"floor":63,"key":"GamblersBrew"}],"is_trial":false,"path_per_floor":["M","M","?","$","M","R","M","M","T","E","M","M","M","R","M","?","R","B",null,"M","M","?","M","M","R","$","R","E","T","T","?","?","$","M","R","E","M","R","B",null,"M","M","M","?","M","E","?","R","E","T","E","M","M","M","M","T","R","B","B",null,"R","$","E","B",null],"character_chosen":"THE_SILENT","items_purchased":["OrangePellets","Calculated Gamble","Bronze Scales","Orrery"],"campfire_rested":4,"item_purchase_floors":[26,33,62,62],"current_hp_per_floor":[55,49,49,49,49,49,45,35,35,27,27,27,27,27,27,7,26,12,53,45,45,45,39,18,37,37,37,10,10,10,10,10,10,10,29,26,26,26,8,52,50,50,50,50,38,28,28,28,28,28,21,21,21,21,19,19,38,38,34,58,58,58,58,57],"gold":105,"neow_bonus":"ONE_RARE_RELIC","is_daily":false,"chose_seed":false,"campfire_upgraded":5,"win_rate":0.0,"timestamp":1611051325,"path_taken":["M","M","?","$","M","R","M","?","T","E","?","M","M","R","M","?","R","BOSS","M","M","?","M","M","R","$","R","E","T","T","?","?","$","M","R","E","M","R","BOSS","M","M","M","?","M","E","?","R","E","T","E","M","?","M","M","?","R","BOSS","BOSS","R","$","E","BOSS"],"items_purchased_type":["Relic","Card","Relic","Relic"],"build_version":"2020-12-22","purchased_purges":2,"victory":true,"max_hp_per_floor":[66,66,66,66,66,66,66,66,66,66,66,66,66,66,66,66,66,66,66,66,66,66,66,66,66,66,66,66,66,66,66,66,66,66,66,66,66,66,66,66,66,66,66,66,66,66,66,66,66,66,66,66,66,66,66,66,66,66,66,66,66,66,66,66],"card_choices":[{"not_picked":["Leg Sweep","Outmaneuver"],"picked":"Acrobatics","floor":1},{"not_picked":["PiercingWail","Underhanded Strike"],"picked":"Blade Dance","floor":2},{"not_picked":["Cloak And Dagger","Slice","Sucker Punch"],"picked":"SKIP","floor":5},{"not_picked":["Slice","Underhanded Strike","Blade Dance"],"picked":"SKIP","floor":7},{"not_picked":["Prepared","Outmaneuver"],"picked":"Eviscerate","floor":8},{"not_picked":["Escape Plan","PiercingWail"],"picked":"Calculated Gamble","floor":10},{"not_picked":["Distraction","Envenom","Poisoned Stab"],"picked":"Noxious Fumes","floor":11},{"not_picked":["Dagger Throw","Finisher","Quick Slash"],"picked":"Well Laid Plans","floor":12},{"not_picked":["Catalyst","Deadly Poison","Infinite Blades"],"picked":"Accuracy","floor":13},{"not_picked":["Endless Agony","Caltrops","All Out Attack","Acrobatics"],"picked":"SKIP","floor":15},{"not_picked":["Burst","Night Terror","Malaise"],"picked":"After Image","floor":18},{"not_picked":["Bouncing Flask","Quick Slash","Skewer"],"picked":"Concentrate","floor":20},{"not_picked":["Setup","Deadly Poison","Cloak And Dagger"],"picked":"PiercingWail","floor":21},{"not_picked":["Underhanded Strike","Backflip","Cloak And Dagger","Crippling Poison"],"picked":"SKIP","floor":23},{"not_picked":["Terror","Heel Hook","Dash","Predator"],"picked":"SKIP","floor":24},{"not_picked":["Blade Dance","Corpse Explosion","Acrobatics","Outmaneuver"],"picked":"SKIP","floor":28},{"not_picked":["Sucker Punch","Outmaneuver+1","Expertise"],"picked":"Concentrate","floor":34},{"not_picked":["Concentrate","Underhanded Strike","Sucker Punch","Flying Knee+1"],"picked":"SKIP","floor":36},{"not_picked":["Distraction","Slice","Cloak And Dagger"],"picked":"Backflip+1","floor":37},{"not_picked":["Unload","Envenom","Corpse Explosion"],"picked":"After Image","floor":39},{"not_picked":["Flying Knee","Blade Dance","Dash"],"picked":"Reflex+1","floor":41},{"not_picked":["Backflip+1","All Out Attack","Caltrops","Poisoned Stab"],"picked":"SKIP","floor":42},{"not_picked":["Dodge and Roll","Dagger Throw","Flying Knee+1","Acrobatics"],"picked":"SKIP","floor":43},{"not_picked":["Bane+1","Dagger Throw+1","Sucker Punch+1"],"picked":"Reflex","floor":45},{"not_picked":["Bullet Time","Masterful Stab","Dash","Dagger Throw"],"picked":"SKIP","floor":46},{"not_picked":["Bouncing Flask","Backflip","Flying Knee"],"picked":"Tactician","floor":49},{"not_picked":["Infinite Blades+1","Flying Knee","Leg Sweep+1"],"picked":"Blur","floor":51},{"not_picked":["Cloak And Dagger+1","Flechettes+1","Heel Hook+1"],"picked":"Calculated Gamble","floor":52},{"not_picked":["Infinite Blades+1","Slice","Predator","Accuracy"],"picked":"SKIP","floor":53},{"not_picked":["Bane","Bouncing Flask","Dagger Spray","Outmaneuver"],"picked":"SKIP","floor":54},{"not_picked":["PiercingWail","Acrobatics+1","Backflip"],"picked":"Wraith Form v2","floor":55},{"not_picked":["Distraction+1","Deflect","Poisoned Stab","Terror"],"picked":"SKIP","floor":63}],"player_experience":2291770,"relics_obtained":[{"floor":9,"key":"Dota2Spire:OrchidMalevolence"},{"floor":10,"key":"Question Card"},{"floor":28,"key":"Dota2Spire:EtherealBlade"},{"floor":29,"key":"Smiling Mask"},{"floor":30,"key":"Potion Belt"},{"floor":36,"key":"Dota2Spire:AghanimScepter"},{"floor":46,"key":"Dota2Spire:Vanguard"},{"floor":49,"key":"Mercury Hourglass"},{"floor":51,"key":"Sundial"},{"floor":56,"key":"Nunchaku"},{"floor":63,"key":"Oddly Smooth Stone"}],"event_choices":[{"damage_healed":0,"gold_gain":0,"player_choice":"2 cards matched","damage_taken":0,"max_hp_gain":0,"max_hp_loss":0,"event_name":"Match and Keep!","floor":3,"gold_loss":0,"cards_obtained":["Wraith Form v2","Acrobatics"]},{"damage_healed":0,"gold_gain":0,"player_choice":"Entered Light","damage_taken":20,"max_hp_gain":0,"max_hp_loss":0,"event_name":"Shining Light","floor":16,"gold_loss":0,"cards_upgraded":["Acrobatics","Well Laid Plans"]},{"damage_healed":0,"gold_gain":0,"player_choice":"Simplicity","damage_taken":0,"max_hp_gain":0,"max_hp_loss":0,"event_name":"Back to Basics","floor":22,"gold_loss":0,"cards_upgraded":["Strike_G","Strike_G","Strike_G","Strike_G","Strike_G","Defend_G","Defend_G","Defend_G","Defend_G","Defend_G"]},{"damage_healed":0,"gold_gain":0,"player_choice":"Ignored","damage_taken":0,"max_hp_gain":0,"max_hp_loss":0,"event_name":"Ghosts","floor":31,"gold_loss":0},{"damage_healed":0,"gold_gain":0,"player_choice":"Ignored","damage_taken":0,"max_hp_gain":0,"max_hp_loss":0,"event_name":"Vampires","floor":32,"gold_loss":0},{"cards_removed":["Bane"],"damage_healed":0,"gold_gain":0,"player_choice":"Removed Attack","damage_taken":0,"max_hp_gain":0,"max_hp_loss":0,"event_name":"Falling","floor":44,"gold_loss":0},{"damage_healed":0,"gold_gain":0,"player_choice":"Gave Potion","damage_taken":0,"relics_obtained":["Unceasing Top"],"max_hp_gain":0,"max_hp_loss":0,"event_name":"WeMeetAgain","floor":47,"gold_loss":0}],"is_beta":false,"boss_relics":[{"not_picked":["Philosopher\u0027s Stone","Tiny House"],"picked":"WristBlade"},{"not_picked":["Runic Dome","Snecko Eye"],"picked":"Astrolabe"}],"items_purged_floors":[26,33],"is_endless":false,"potions_floor_spawned":[1,5,7,8,10,21,24,28,37,42,45,53,55,63],"ascension_level":20}}