{"host":"hw9lt6p3yhr90vz0","time":1611038543,"event":{"mods":["BaseMod","DeckTracker","Minty Spire (QoL Compilation)","Relic Stats"],"gold_per_floor":[116,131,147,161,178,178,195,228,251,282,282,457,457,469,469,469,469],"floor_reached":16,"language":"ENG","playtime":1239,"items_purged":[],"score":154,"play_id":"45904801-999d-403a-8cf1-c0ad84413b31","local_time":"20210119014223","is_ascension_mode":true,"campfire_choices":[{"floor":6,"key":"REST"},{"floor":11,"key":"REST"},{"floor":15,"key":"REST"}],"circlet_count":0,"master_deck":["Strike_G","Strike_G","Strike_G","Strike_G","Defend_G","Defend_G","Defend_G","Defend_G","Defend_G","Survivor","Neutralize","Adrenaline","Blade Dance","Outmaneuver","Skewer","PiercingWail","Escape Plan","Leg Sweep","Tactician","Adrenaline","Blur"],"relics":["Ring of the Snake","Blue Candle","Ninja Scroll"],"acts_visited":["Exordium"],"potions_floor_usage":[5,7,8,10,10],"damage_taken":[{"damage":0,"enemies":"Cultist","floor":1,"turns":4},{"damage":0,"enemies":"Small Slimes","floor":2,"turns":4},{"damage":0,"enemies":"2 Louse","floor":3,"turns":2},{"damage":18,"enemies":"Gremlin Gang","floor":4,"turns":5},{"damage":3,"enemies":"3 Louse","floor":5,"turns":3},{"damage":0,"enemies":"Red Slaver","floor":7,"turns":3},{"damage":12,"enemies":"Gremlin Nob","floor":8,"turns":3},{"damage":33,"enemies":"Lagavulin","floor":10,"turns":11},{"damage":2,"enemies":"Looter","floor":14,"turns":3},{"damage":66,"enemies":"The Guardian","floor":16,"turns":18}],"seed_played":"-392877635938692672","potions_obtained":[{"floor":1,"key":"SpeedPotion"},{"floor":2,"key":"Fire Potion"},{"floor":4,"key":"Explosive Potion"},{"floor":5,"key":"FearPotion"},{"floor":7,"key":"FearPotion"}],"is_trial":false,"path_per_floor":["M","M","M","M","M","R","M","E","T","E","R","?","?","M","R","B"],"character_chosen":"THE_SILENT","items_purchased":[],"campfire_rested":3,"item_purchase_floors":[],"current_hp_per_floor":[63,63,63,45,42,63,63,51,51,18,39,39,32,30,51,0,0],"gold":469,"neow_bonus":"TRANSFORM_CARD","is_daily":false,"chose_seed":false,"campfire_upgraded":0,"win_rate":0.0,"timestamp":1611038543,"path_taken":["M","M","M","M","M","R","M","E","T","E","R","?","?","M","R","BOSS"],"items_purchased_type":[],"build_version":"2020-12-22","purchased_purges":0,"victory":false,"max_hp_per_floor":[70,70,70,70,70,70,70,70,70,70,70,70,70,70,70,70,70],"relic_stats":{"counters":[10,56],"Blue Candle":[0],"obtain_stats":[{"Ninja Scroll":10,"Blue Candle":8,"Ring of the Snake":0},{"Ninja Scroll":8,"Blue Candle":7,"Ring of the Snake":0},{"Ninja Scroll":35,"Blue Candle":24,"Ring of the Snake":0}],"Ring of the Snake":[20]},"card_choices":[{"not_picked":["Underhanded Strike","Deadly Poison"],"picked":"Blade Dance","floor":1},{"not_picked":["Predator","Bane"],"picked":"Outmaneuver","floor":2},{"not_picked":["Underhanded Strike","Poisoned Stab"],"picked":"Skewer","floor":3},{"not_picked":["Bane","Dagger Throw"],"picked":"PiercingWail","floor":4},{"not_picked":["Underhanded Strike","Deadly Poison"],"picked":"Escape Plan","floor":5},{"not_picked":["Riddle With Holes","Skewer"],"picked":"Leg Sweep","floor":7},{"not_picked":["Deflect","Bane"],"picked":"Tactician","floor":8},{"not_picked":["Choke","Finisher"],"picked":"Adrenaline","floor":10},{"not_picked":["Dagger Spray","Quick Slash"],"picked":"Blur","floor":14}],"player_experience":1235873,"relics_obtained":[{"floor":8,"key":"Blue Candle"},{"floor":10,"key":"Ninja Scroll"}],"event_choices":[{"damage_healed":0,"gold_gain":175,"player_choice":"AGREE","damage_taken":0,"max_hp_gain":0,"max_hp_loss":0,"event_name":"Liars Game","floor":12,"gold_loss":0,"cards_obtained":["Doubt"]},{"cards_removed":["Doubt"],"damage_healed":0,"gold_gain":0,"player_choice":"Card Removal","damage_taken":7,"max_hp_gain":0,"max_hp_loss":0,"event_name":"Golden Wing","floor":13,"gold_loss":0}],"is_beta":false,"boss_relics":[],"items_purged_floors":[],"is_endless":false,"potions_floor_spawned":[1,2,4,5,7],"killed_by":"The Guardian","ascension_level":7}}