{"host":"gj3450u0c4def4mj","time":1611056563,"event":{"mods":["2.2 Compatiblity","BaseMod","Downfall","Minty Spire (QoL Compilation)","StSLib"],"gold_per_floor":[99,118,133,147,161,24,77,36,63,79,79,93,93,128,155,167,167],"floor_reached":16,"language":"ENG","playtime":1321,"items_purged":[],"score":139,"play_id":"1a9a2979-a749-4d74-84cc-2eedaedbcb68","local_time":"20210119064243","is_ascension_mode":false,"campfire_choices":[{"floor":13,"key":"REST"}],"circlet_count":0,"master_deck":["sneckomod:Strike","sneckomod:Strike","sneckomod:Strike","sneckomod:Defend","sneckomod:Defend","sneckomod:Defend","sneckomod:TailWhip","sneckomod:SnekBite","ReachHeaven","sneckomod:UnknownUncommonAttack","sneckomod:UnknownBlock","sneckomod:UnknownWeak","sneckomod:SoulDraw","sneckomod:UnendingSupply","sneckomod:SerpentIdol","sneckomod:SoulDraw","sneckomod:DiceBlock","sneckomod:Unknown1Cost","sneckomod:UnknownCommonAttack","sneckomod:MasterEye","Conclude","sneckomod:QuickMove","sneckomod:UnknownRarePower","sneckomod:CheapStock"],"relics":["sneckomod:SneckoSoul","Strawberry","Nunchaku","MawBank"],"acts_visited":["Exordium"],"potions_floor_usage":[15,16],"damage_taken":[{"damage":0,"enemies":"Cultist","floor":2,"turns":3},{"damage":3,"enemies":"Small Slimes","floor":3,"turns":3},{"damage":0,"enemies":"Jaw Worm","floor":4,"turns":3},{"damage":8,"enemies":"Large Slime","floor":5,"turns":5},{"damage":0,"enemies":"downfall:FleeingMerchant","floor":6,"turns":4},{"damage":2,"enemies":"downfall:FleeingMerchant","floor":8,"turns":4},{"damage":35,"enemies":"3 Sentries","floor":9,"turns":10},{"damage":17,"enemies":"Exordium Wildlife","floor":10,"turns":5},{"damage":8,"enemies":"Gremlin Gang","floor":12,"turns":4},{"damage":14,"enemies":"Lagavulin","floor":14,"turns":8},{"damage":15,"enemies":"Exordium Thugs","floor":15,"turns":4},{"damage":39,"enemies":"SI_SHIV_ARCHETYPE","floor":16,"turns":7}],"seed_played":"-8545880512358713263","potions_obtained":[{"floor":2,"key":"Strength Potion"},{"floor":3,"key":"sneckomod:OffclassReductionPotion"},{"floor":12,"key":"PowerPotion"},{"floor":14,"key":"CultistPotion"}],"is_trial":false,"path_per_floor":["R","M","M","M","M","$","T","$","E","M","R","M","R","E","M","B"],"character_chosen":"THE_SNECKO","items_purchased":["sneckomod:SerpentIdol","sneckomod:SoulDraw","sneckomod:Unknown1Cost"],"campfire_rested":1,"item_purchase_floors":[6,6,8],"current_hp_per_floor":[99,99,96,96,88,88,95,93,58,41,41,33,64,50,35,0,0],"gold":167,"neow_bonus":"TEN_PERCENT_HP_BONUS","is_daily":false,"chose_seed":false,"campfire_upgraded":0,"win_rate":0.0,"timestamp":1611056563,"path_taken":["R","M","M","?","M","$","T","?","E","M","R","M","R","E","M","BOSS"],"items_purchased_type":["Card","Card","Card"],"build_version":"2020-12-22","purchased_purges":0,"victory":false,"max_hp_per_floor":[99,99,99,99,99,99,106,106,106,106,106,106,106,106,106,106,106],"card_choices":[{"not_picked":["sneckomod:UnknownUncommonSkill","sneckomod:UnknownX"],"picked":"sneckomod:UnknownUncommonAttack","floor":2},{"not_picked":["sneckomod:ImprovisedGuard","sneckomod:ImprovisedAttack"],"picked":"sneckomod:UnknownBlock","floor":3},{"not_picked":["sneckomod:UnknownUncommonAttack","sneckomod:QuickMove"],"picked":"sneckomod:UnknownWeak","floor":4},{"not_picked":["sneckomod:UnknownX","sneckomod:RainOfDice"],"picked":"sneckomod:SoulDraw","floor":5},{"not_picked":["sneckomod:UnknownExhaust","sneckomod:UnknownCommonAttack"],"picked":"sneckomod:UnendingSupply","floor":6},{"not_picked":["sneckomod:QuickMove","sneckomod:DiceCrush"],"picked":"sneckomod:DiceBlock","floor":8},{"not_picked":["sneckomod:UnknownWeak","sneckomod:UnendingSupply"],"picked":"sneckomod:UnknownCommonAttack","floor":9},{"not_picked":["sneckomod:UnknownCommonAttack","sneckomod:SnakeSap"],"picked":"sneckomod:MasterEye","floor":10},{"not_picked":["sneckomod:WideSting","sneckomod:UnknownUncommonSkill"],"picked":"sneckomod:QuickMove","floor":12},{"not_picked":["sneckomod:IronFang","sneckomod:UnknownExhaust"],"picked":"sneckomod:UnknownRarePower","floor":14},{"not_picked":["sneckomod:UnknownVulnerable","sneckomod:UnknownCommonAttack"],"picked":"sneckomod:CheapStock","floor":15}],"player_experience":41045,"relics_obtained":[{"floor":7,"key":"Strawberry"},{"floor":9,"key":"Nunchaku"},{"floor":14,"key":"MawBank"}],"event_choices":[],"is_beta":false,"boss_relics":[],"items_purged_floors":[],"is_endless":false,"potions_floor_spawned":[2,3,10,12,14],"killed_by":"SI_SHIV_ARCHETYPE","ascension_level":0}}