{"host":"b3acx0fd85ri4t7i","time":1611021920,"event":{"mods":["BaseMod","Colored Powertips","Minty Spire (QoL Compilation)","Quick Restart","Relic Stats","StSLib","[功能]功能增强和修复MOD"],"gold_per_floor":[111,111,12,87,21,51,63,89,89,115,131,163,163,163,163,253,253,276,276,80,94,30,64,64,103,103,103,153,197,209,241,253,355,367,403,415,71,89,102,145,44,44,44,44,87,101,141,155,155,155,155,155],"floor_reached":51,"language":"ZHS","playtime":1835,"items_purged":["Bash","Strike_R","Defend_R","Defend_R","Defend_R","Strike_R","Sword Boomerang","Shame","Corruption","Metallicize","Bite"],"score":1780,"play_id":"3ac55bd2-a002-45a2-ab64-653d9ff7413c","local_time":"20210119100520","is_ascension_mode":true,"campfire_choices":[{"floor":15.0,"key":"RECALL"},{"floor":27.0,"key":"REST"},{"floor":30.0,"key":"REST"},{"floor":32.0,"key":"REST"},{"floor":49,"key":"REST"}],"circlet_count":0,"master_deck":["AscendersBane","Reaper+1","Exhume+1","Pummel+1","Armaments+1","Offering+1","Heavy Blade+1","Pummel","Barricade","Demon Form","Bite","Bite","Bite","Bite+1","Double Tap","Limit Break","Bloodletting+1","Limit Break","Reaper","Shrug It Off+1","Flex+1","Pummel","Inflame+1","Inflame","Madness+1","Madness+1","Madness+1","Entrench+1","Brutality"],"relics":["Astrolabe","HornCleat","Sundial","Toy Ornithopter","Strawberry","War Paint","Golden Idol","Fusion Hammer","Whetstone","Brimstone","Oddly Smooth Stone","Sling","Nunchaku","Ice Cream","Pen Nib","Mercury Hourglass","MawBank","Sozu","DollysMirror","Toxic Egg 2","Regal Pillow","Bag of Preparation","ClockworkSouvenir","Gremlin Horn","Eternal Feather","Lee\u0027s Waffle","Ancient Tea Set","Question Card"],"acts_visited":["Exordium","TheCity","TheBeyond"],"potions_floor_usage":[40],"damage_taken":[{"damage":14.0,"enemies":"Small Slimes","floor":1.0,"turns":3.0},{"damage":180.0,"enemies":"Gremlin Nob","floor":6.0,"turns":12.0},{"damage":7.0,"enemies":"2 Louse","floor":7.0,"turns":2.0},{"damage":17.0,"enemies":"3 Sentries","floor":8.0,"turns":3.0},{"damage":61.0,"enemies":"Lagavulin","floor":10.0,"turns":7.0},{"damage":6.0,"enemies":"Cultist","floor":11.0,"turns":3.0},{"damage":30.0,"enemies":"Gremlin Nob","floor":12.0,"turns":4.0},{"damage":12.0,"enemies":"Slime Boss","floor":16.0,"turns":5.0},{"damage":13.0,"enemies":"3 Byrds","floor":18.0,"turns":3.0},{"damage":22.0,"enemies":"Shell Parasite","floor":21.0,"turns":2.0},{"damage":18.0,"enemies":"Book of Stabbing","floor":23.0,"turns":3.0},{"damage":72.0,"enemies":"Gremlin Leader","floor":25.0,"turns":5.0},{"damage":23.0,"enemies":"Slavers","floor":29.0,"turns":3.0},{"damage":0.0,"enemies":"Snake Plant","floor":31.0,"turns":2.0},{"damage":29,"enemies":"Champ","floor":33,"turns":5},{"damage":6,"enemies":"3 Shapes","floor":35,"turns":1},{"damage":12,"enemies":"Orb Walker","floor":38,"turns":3},{"damage":45,"enemies":"Spire Growth","floor":39,"turns":4},{"damage":26,"enemies":"Giant Head","floor":40,"turns":3},{"damage":30,"enemies":"Nemesis","floor":45,"turns":3},{"damage":20,"enemies":"Giant Head","floor":47,"turns":4},{"damage":33,"enemies":"Jaw Worm Horde","floor":48,"turns":3},{"damage":45,"enemies":"Time Eater","floor":50,"turns":4},{"damage":27,"enemies":"Awakened One","floor":51,"turns":1}],"seed_played":"-6792722027084388125","potions_obtained":[{"floor":6.0,"key":"ColorlessPotion"},{"floor":7.0,"key":"Fire Potion"},{"floor":10.0,"key":"GamblersBrew"},{"floor":11.0,"key":"BloodPotion"},{"floor":12.0,"key":"PowerPotion"},{"floor":16.0,"key":"Weak Potion"},{"floor":23.0,"key":"BlessingOfTheForge"},{"floor":29.0,"key":"GamblersBrew"},{"floor":31.0,"key":"Weak Potion"}],"is_trial":false,"path_per_floor":["M","?","$","?","?","E","M","E","T","E","M","E","?","?","R","B",null,"M","?","$","M","$","E","?","E","T","R","?","E","R","M","R","B",null,"M","?","$","M","M","E","$","?","T","?","E","$","E","M","R","B","B"],"character_chosen":"IRONCLAD","items_purchased":["Offering","Whetstone","Brimstone","Oddly Smooth Stone","Sling","DollysMirror","Toxic Egg 2","Regal Pillow","Reaper","Shrug It Off+1","Metallicize","ClockworkSouvenir","Inflame","Lee\u0027s Waffle","Entrench+1","Ancient Tea Set"],"campfire_rested":4,"item_purchase_floors":[3,20,20,20,22,37,37,37,37,37,37,41,41,46,46,46],"current_hp_per_floor":[54,54,54,43,43,67,75,75,75,26,30,31,58,30,30,34,70,82,57,57,37,37,44,44,22,22,39,39,57,57,57,57,57,57,57,57,57,53,51,51,51,41,41,41,18,64,64,57,64,24,0,0],"gold":155,"neow_bonus":"BOSS_RELIC","is_daily":false,"chose_seed":false,"campfire_upgraded":0,"win_rate":0.0,"timestamp":1611021920,"path_taken":["M","?","$","?","?","E","M","E","T","E","?","E","?","?","R","BOSS","M","?","$","M","$","E","?","E","T","R","?","E","R","?","R","BOSS","M","?","$","?","?","E","$","?","T","?","E","$","E","?","R","BOSS","BOSS"],"items_purchased_type":["Card","Relic","Relic","Relic","Relic","Relic","Relic","Relic","Card","Card","Card","Relic","Card","Relic","Card","Relic"],"build_version":"2020-12-22","purchased_purges":11,"victory":false,"max_hp_per_floor":[75,75,75,75,75,75,75,75,75,82,82,82,82,82,82,82,82,82,57,57,57,57,57,57,57,57,57,57,57,57,57,57,57,57,57,57,57,57,57,57,57,57,57,57,57,64,64,64,64,64,64,64],"relic_stats":{"Regal Pillow":0,"Lee\u0027s Waffle":46,"Gremlin Horn":[2,2],"counters":[24,88],"Golden Idol":131,"Astrolabe":["Reaper","Exhume","Pummel"],"Eternal Feather":7,"Pen Nib":[8],"Bag of Preparation":[10],"Whetstone":["Heavy Blade","Bite"],"War Paint":["Offering"],"MawBank":96,"Question Card":1,"Mercury Hourglass":[100],"Sozu":3,"Nunchaku":[9],"Sundial":[26],"obtain_stats":[{"Ice Cream":24,"Regal Pillow":37,"Gremlin Horn":43,"Bag of Preparation":40,"Whetstone":20,"Sling":22,"Ancient Tea Set":46,"Burning Blood":0,"ClockworkSouvenir":41,"Sozu":34,"Nunchaku":23,"HornCleat":5,"Sundial":6,"DollysMirror":37,"Strawberry":10,"Fusion Hammer":17,"Toxic Egg 2":37,"Lee\u0027s Waffle":46,"Golden Idol":14,"Astrolabe":0,"Oddly Smooth Stone":20,"Eternal Feather":45,"Pen Nib":25,"War Paint":12,"MawBank":29,"Question Card":47,"Mercury Hourglass":26,"Brimstone":20,"Toy Ornithopter":8},{"Ice Cream":11,"Regal Pillow":16,"Gremlin Horn":19,"Bag of Preparation":19,"Whetstone":9,"Sling":10,"Ancient Tea Set":20,"Burning Blood":0,"ClockworkSouvenir":19,"Sozu":15,"Nunchaku":11,"HornCleat":1,"Sundial":2,"DollysMirror":16,"Strawberry":5,"Fusion Hammer":8,"Toxic Egg 2":16,"Lee\u0027s Waffle":20,"Golden Idol":7,"Astrolabe":0,"Oddly Smooth Stone":9,"Eternal Feather":20,"Pen Nib":12,"War Paint":7,"MawBank":13,"Question Card":21,"Mercury Hourglass":12,"Brimstone":9,"Toy Ornithopter":4},{"Ice Cream":47,"Regal Pillow":63,"Gremlin Horn":73,"Bag of Preparation":73,"Whetstone":42,"Sling":44,"Ancient Tea Set":76,"Burning Blood":0,"ClockworkSouvenir":73,"Sozu":62,"Nunchaku":47,"HornCleat":3,"Sundial":15,"DollysMirror":63,"Strawberry":27,"Fusion Hammer":39,"Toxic Egg 2":63,"Lee\u0027s Waffle":76,"Golden Idol":34,"Astrolabe":0,"Oddly Smooth Stone":42,"Eternal Feather":76,"Pen Nib":52,"War Paint":34,"MawBank":55,"Question Card":80,"Mercury Hourglass":52,"Brimstone":42,"Toy Ornithopter":20}],"Toy Ornithopter":20},"card_choices":[{"not_picked":["Anger","Uppercut"],"picked":"Armaments","floor":1.0},{"not_picked":["Fiend Fire","Shrug It Off"],"picked":"Heavy Blade","floor":6.0},{"not_picked":["Heavy Blade","Armaments","Fire Breathing"],"picked":"SKIP","floor":7.0},{"not_picked":["Iron Wave","True Grit","Corruption"],"picked":"SKIP","floor":8.0},{"not_picked":["Rage","Battle Trance"],"picked":"Pummel","floor":10.0},{"not_picked":["Intimidate","Second Wind"],"picked":"Sword Boomerang","floor":11.0},{"not_picked":["Sever Soul","Anger"],"picked":"Barricade","floor":12.0},{"not_picked":["Impervious","Double Tap"],"picked":"Demon Form","floor":16.0},{"not_picked":["Shrug It Off","Body Slam","Clothesline"],"picked":"SKIP","floor":18.0},{"not_picked":["Heavy Blade+1","Warcry","Cleave"],"picked":"SKIP","floor":21.0},{"not_picked":["Body Slam","Ghostly Armor"],"picked":"Corruption","floor":23.0},{"not_picked":["Reckless Charge","Warcry","Bloodletting"],"picked":"SKIP","floor":25.0},{"not_picked":["Fire Breathing","Rupture"],"picked":"Double Tap","floor":29.0},{"not_picked":["Evolve","Twin Strike","Thunderclap"],"picked":"SKIP","floor":31.0},{"not_picked":["Juggernaut","Berserk"],"picked":"Limit Break","floor":33},{"not_picked":["Clash","Cleave"],"picked":"Bloodletting+1","floor":35},{"not_picked":["Thunderclap+1","Twin Strike"],"picked":"Flex+1","floor":38},{"not_picked":["Clothesline","Ghostly Armor+1"],"picked":"Pummel","floor":39},{"not_picked":["Carnage+1","Sword Boomerang+1"],"picked":"Inflame+1","floor":40},{"not_picked":["Jack Of All Trades+1","Secret Weapon+1"],"picked":"Madness+1","floor":44},{"not_picked":["Headbutt+1","Sever Soul","Blood for Blood"],"picked":"SKIP","floor":45},{"not_picked":["Anger+1","Perfected Strike"],"picked":"Brutality","floor":47},{"not_picked":["Headbutt","Blood for Blood","Reckless Charge","Body Slam+1"],"picked":"SKIP","floor":48}],"player_experience":312753,"relics_obtained":[{"floor":6.0,"key":"Sundial"},{"floor":8.0,"key":"Toy Ornithopter"},{"floor":10.0,"key":"Strawberry"},{"floor":12.0,"key":"War Paint"},{"floor":23.0,"key":"Nunchaku"},{"floor":25.0,"key":"Pen Nib"},{"floor":26.0,"key":"Mercury Hourglass"},{"floor":29.0,"key":"MawBank"},{"floor":40,"key":"Bag of Preparation"},{"floor":43,"key":"Gremlin Horn"},{"floor":45,"key":"Eternal Feather"},{"floor":47,"key":"Question Card"}],"event_choices":[{"damage_healed":0.0,"max_hp_gain":0.0,"max_hp_loss":0.0,"gold_gain":0.0,"event_name":"Living Wall","player_choice":"Grow","floor":2.0,"gold_loss":0.0,"damage_taken":0.0,"cards_upgraded":["Armaments"]},{"damage_healed":0.0,"max_hp_gain":0.0,"max_hp_loss":0.0,"gold_gain":75.0,"event_name":"World of Goop","player_choice":"Gather Gold","floor":4.0,"gold_loss":0.0,"damage_taken":11.0},{"damage_healed":0.0,"max_hp_gain":0.0,"max_hp_loss":0.0,"gold_gain":0.0,"event_name":"WeMeetAgain","player_choice":"Paid Gold","floor":5.0,"gold_loss":66.0,"damage_taken":0.0,"relics_obtained":["HornCleat"]},{"damage_healed":27.0,"max_hp_gain":0.0,"max_hp_loss":0.0,"gold_gain":0.0,"event_name":"Big Fish","player_choice":"Banana","floor":13.0,"gold_loss":0.0,"damage_taken":0.0},{"damage_healed":0.0,"max_hp_gain":0.0,"max_hp_loss":0.0,"gold_gain":0.0,"event_name":"Golden Idol","player_choice":"Take Damage","floor":14.0,"gold_loss":0.0,"damage_taken":28.0,"relics_obtained":["Golden Idol"]},{"damage_healed":0.0,"max_hp_gain":0.0,"max_hp_loss":25.0,"gold_gain":0.0,"event_name":"Vampires","player_choice":"Became a vampire","floor":19.0,"gold_loss":0.0,"damage_taken":0.0,"cards_obtained":["Bite","Bite","Bite","Bite","Bite"]},{"damage_healed":0.0,"max_hp_gain":0.0,"max_hp_loss":0.0,"gold_gain":0.0,"event_name":"Addict","player_choice":"Stole Relic","floor":24.0,"gold_loss":0.0,"damage_taken":0.0,"relics_obtained":["Ice Cream"],"cards_obtained":["Shame"]},{"damage_healed":0.0,"max_hp_gain":0.0,"max_hp_loss":0.0,"gold_gain":50.0,"event_name":"Golden Shrine","player_choice":"Pray","floor":28.0,"gold_loss":0.0,"damage_taken":0.0},{"damage_healed":0,"gold_gain":0,"player_choice":"Got Potions","damage_taken":0,"max_hp_gain":0,"max_hp_loss":0,"event_name":"Lab","floor":36,"gold_loss":0},{"damage_healed":0,"gold_gain":0,"player_choice":"Embrace Madness","damage_taken":10,"max_hp_gain":0,"max_hp_loss":0,"event_name":"Winding Halls","floor":42,"gold_loss":0,"cards_obtained":["Madness","Madness"]},{"damage_healed":0,"gold_gain":0,"player_choice":"Memory 1","damage_taken":0,"max_hp_gain":0,"max_hp_loss":0,"event_name":"SensoryStone","floor":44,"gold_loss":0}],"is_beta":false,"boss_relics":[{"not_picked":["Empty Cage","EctoplasmExtend"],"picked":"Fusion Hammer"},{"not_picked":["Busted Crown","SlaversCollar"],"picked":"Sozu"}],"items_purged_floors":[3,3,3,3,3,3,20,37,37,41,46],"is_endless":false,"potions_floor_spawned":[6,7,10,11,11,12,16,18,21,23,29,31,33,35,38,39,39,45,45],"killed_by":"Awakened One","ascension_level":20}}