{"host":"5ty8fyb0ngp9gspj","time":1611015140,"event":{"mods":["2.2 Compatiblity","AchievementEnabler","Act Like it!","BaseMod","Colored Map","Downfall","Minty Spire (QoL Compilation)","Rare Cards Sparkle","Relic Stats","StSLib","The Jungle","slay the spire mod where everything is the same but ironclad has a cowboy hat"],"gold_per_floor":[99,113,133,152,164,164,164,164,164,198,198,213,213,248,259,364,364,364,379,579,598,411,421,421,421,421,421],"floor_reached":26,"language":"ENG","playtime":1086,"items_purged":[],"score":255,"play_id":"51bd9399-bcbe-41de-a40d-3a9028fb1585","local_time":"20210119111220","is_ascension_mode":true,"campfire_choices":[{"data":"bronze:RecursiveStrike","floor":1,"key":"SMITH"},{"data":"bronze:MaxOutput","floor":6,"key":"SMITH"},{"data":"bronze:Terminator","floor":9,"key":"SMITH"},{"data":"bronze:HardenedForm","floor":18,"key":"SMITH"},{"floor":25,"key":"REST"}],"circlet_count":0,"master_deck":["bronze:Replicate","bronze:Goto","bronze:Safeguard","bronze:Invalidate","bronze:Frontload","bronze:RecursiveStrike+1","bronze:Turbo","bronze:BuggyMess","bronze:Allocate","bronze:Optimize","bronze:ShipIt","bronze:Shield","bronze:MaxOutput+1","bronze:Spike","bronze:DazingPulse","bronze:Terminator+1","bronze:Shell","bronze:BuggyMess","bronze:WildBeam","bronze:InfiniteLoop","bronze:Branch","bronze:HardenedForm+1","bronze:Flail+1","bronze:DelayedSlice+1","bronze:ItsAFeature+1","Apotheosis","bronze:Repair"],"relics":["Pandora\u0027s Box","Shuriken","Pantograph","Centennial Puzzle","Runic Dome","Potion Belt"],"acts_visited":["Exordium","TheCity"],"potions_floor_usage":[12,14],"damage_taken":[{"damage":6,"enemies":"Cultist","floor":2,"turns":3},{"damage":0,"enemies":"Small Slimes","floor":3,"turns":2},{"damage":6,"enemies":"Jaw Worm","floor":4,"turns":2},{"damage":0,"enemies":"Blue Slaver","floor":5,"turns":2},{"damage":17,"enemies":"Blue Slaver","floor":8,"turns":4},{"damage":18,"enemies":"3 Sentries","floor":10,"turns":8},{"damage":11,"enemies":"Red Slaver","floor":12,"turns":3},{"damage":0,"enemies":"Gremlin Nob","floor":14,"turns":2},{"damage":9,"enemies":"Gremlin Gang","floor":15,"turns":5},{"damage":21,"enemies":"IC_STATUS_ARCHETYPE","floor":16,"turns":8},{"damage":6,"enemies":"3 Byrds","floor":19,"turns":3},{"damage":0,"enemies":"Shell Parasite","floor":21,"turns":2},{"damage":0,"enemies":"downfall:FleeingMerchant","floor":22,"turns":4},{"damage":22,"enemies":"Centurion and Healer","floor":23,"turns":3},{"damage":64,"enemies":"Slavers","floor":26,"turns":2}],"seed_played":"-7208215405516706523","potions_obtained":[{"floor":2,"key":"PowerPotion"},{"floor":5,"key":"Dexterity Potion"},{"floor":8,"key":"FearPotion"},{"floor":14,"key":"Strength Potion"},{"floor":23,"key":"Dexterity Potion"}],"is_trial":false,"path_per_floor":["R","M","M","M","M","R","T","?","R","E","?","M","?","E","M","B",null,"R","M","?","M","$","M","T","R","E"],"character_chosen":"THE_AUTOMATON","items_purchased":["Apotheosis"],"campfire_rested":1,"item_purchase_floors":[22],"current_hp_per_floor":[70,64,64,58,58,58,58,41,41,23,23,12,12,12,3,7,70,70,64,64,64,64,42,42,63,0,0],"gold":421,"neow_bonus":"BOSS_RELIC","is_daily":false,"chose_seed":false,"campfire_upgraded":4,"win_rate":0.0,"timestamp":1611015140,"path_taken":["R","M","M","M","M","R","T","?","R","E","?","?","?","E","M","BOSS","R","M","?","M","$","?","T","R","E"],"items_purchased_type":["Card"],"build_version":"2020-12-22","purchased_purges":0,"victory":false,"max_hp_per_floor":[70,70,70,70,70,70,70,70,70,70,70,70,70,70,70,70,70,70,70,70,70,70,70,70,70,70,70],"relic_stats":{"Centennial Puzzle":[15],"counters":[15,53],"Shuriken":[18],"Pantograph":25,"Pandora\u0027s Box":["bronze:Backtrace","bronze:Safeguard","bronze:Invalidate","bronze:Frontload","bronze:RecursiveStrike","bronze:Turbo","bronze:BuggyMess","bronze:Allocate"],"obtain_stats":[{"Potion Belt":24,"Runic Dome":17,"Centennial Puzzle":14,"bronze:BronzeCore":0,"Shuriken":7,"Pantograph":10,"Pandora\u0027s Box":0},{"Potion Belt":14,"Runic Dome":10,"Centennial Puzzle":8,"bronze:BronzeCore":0,"Shuriken":4,"Pantograph":6,"Pandora\u0027s Box":0},{"Potion Belt":51,"Runic Dome":39,"Centennial Puzzle":26,"bronze:BronzeCore":0,"Shuriken":9,"Pantograph":21,"Pandora\u0027s Box":0}]},"card_choices":[{"not_picked":["bronze:BugBarrage","bronze:CutThrough"],"picked":"bronze:Optimize","floor":2},{"not_picked":["bronze:Overheat","bronze:OilSpill"],"picked":"bronze:ShipIt","floor":3},{"not_picked":["bronze:Frontload","bronze:ItsAFeature"],"picked":"bronze:Shield","floor":4},{"not_picked":["bronze:Iterate","bronze:Deprecate"],"picked":"bronze:MaxOutput","floor":5},{"not_picked":[],"picked":"bronze:Spike","floor":8},{"not_picked":[],"picked":"bronze:DazingPulse","floor":8},{"not_picked":["bronze:NullPointer","bronze:Turbo"],"picked":"bronze:Terminator","floor":8},{"not_picked":["bronze:BronzeOrb","bronze:FineTuning"],"picked":"bronze:Shell","floor":10},{"not_picked":["bronze:WhirlingStrike","bronze:NullPointer"],"picked":"bronze:WildBeam","floor":12},{"not_picked":["bronze:NullPointer","bronze:BuggyMess"],"picked":"bronze:InfiniteLoop","floor":14},{"not_picked":["bronze:Fortify","bronze:Allocate"],"picked":"bronze:Branch","floor":15},{"not_picked":["bronze:Virus","bronze:RecursiveStrike"],"picked":"bronze:HardenedForm","floor":16},{"not_picked":["bronze:ChildClass","bronze:Shield"],"picked":"bronze:Flail+1","floor":19},{"not_picked":["bronze:Invalidate","bronze:Turbo+1"],"picked":"bronze:DelayedSlice+1","floor":21},{"not_picked":["bronze:DelayedSlice","bronze:Overload+1"],"picked":"bronze:ItsAFeature+1","floor":22},{"not_picked":["bronze:DelayedGuard+1","bronze:Fortify"],"picked":"bronze:Repair","floor":23}],"player_experience":403158,"relics_obtained":[{"floor":7,"key":"Shuriken"},{"floor":10,"key":"Pantograph"},{"floor":14,"key":"Centennial Puzzle"},{"floor":24,"key":"Potion Belt"}],"event_choices":[],"is_beta":false,"boss_relics":[{"not_picked":["Velvet Choker","sneckomod:SneckoTalon"],"picked":"Runic Dome"}],"items_purged_floors":[],"is_endless":false,"potions_floor_spawned":[2,5,8,14,23],"killed_by":"Slavers","ascension_level":1}}