{"host":"skr63qsdfgeey3it","time":1611088217,"event":{"mods":["BaseMod","Colored Map","Hubris","Minty Spire (QoL Compilation)","Replay The Spire","Spicy Shops","StSLib"],"gold_per_floor":[118,118,136,136,155,155,188,203,203,203,24,43,63,51,51,125,125,140,157,43,43,61,61,88,106,130,144,210,210,210,230,230,304,354,370,383,395,395,7,342,342,372,445,462,479,499,499,499,499,499,499],"floor_reached":50,"language":"ENG","playtime":1700,"items_purged":[],"score":1338,"play_id":"2de79c7d-475f-4cec-b59a-662de6c268ae","local_time":"20210119143017","is_ascension_mode":true,"campfire_choices":[{"data":"Eclipse","floor":6,"key":"SMITH"},{"data":"Shockwave","floor":10,"key":"SMITH"},{"floor":15,"key":"DIG"},{"floor":23,"key":"REST"},{"floor":30,"key":"REST"},{"data":"Whirlwind","floor":32,"key":"SMITH"},{"data":"hubris:StunningStrike","floor":41,"key":"SMITH"},{"floor":49,"key":"REST"}],"circlet_count":0,"master_deck":["AscendersBane","Strike_R","Strike_R","Strike_R","Defend_R","Defend_R","Bash","Disarm","Eclipse+1","ReplayTheSpireMod:Limb From Limb","CommonCold","hubris:CleavingFinish","Immolate","Shockwave+1","ReplayTheSpireMod:Strike From Hell","Fire Breathing","Demon Form+1","Immolate","Whirlwind+1","Thunderclap+1","ReplayTheSpireMod:Stacked","Flex+1","Bludgeon","Immolate","Metallicize","Shockwave+1","Feel No Pain","Sentinel","Heavy Blade","hubris:StunningStrike+1","Inflame+1","ReplayTheSpireMod:LeadingStrike+1"],"relics":["Burning Blood","Ring of Searing","Ring of Panic","ReplayTheSpireMod:Spearhead","The Courier","hubris:OldNail","Dream Catcher","Philosopher\u0027s Stone","Dead Branch","Oddly Smooth Stone","Tiny House","Replay:Wax Seal","Ornamental Fan","Old Coin","Omamori","Snack Pack"],"acts_visited":["Exordium","TheCity","TheBeyond"],"potions_floor_usage":[7,16,22,25,29,33,33,35,36,50,50],"damage_taken":[{"damage":9,"enemies":"Jaw Worm","floor":1,"turns":3},{"damage":10,"enemies":"Small Slimes","floor":3,"turns":3},{"damage":7,"enemies":"2 Louse","floor":5,"turns":2},{"damage":0,"enemies":"Gremlin Nob","floor":7,"turns":1},{"damage":10,"enemies":"Looter","floor":8,"turns":2},{"damage":22,"enemies":"Gremlin Gang","floor":12,"turns":3},{"damage":0,"enemies":"Large Slime","floor":13,"turns":2},{"damage":37,"enemies":"Slime Boss","floor":16,"turns":6},{"damage":24,"enemies":"2 Thieves","floor":18,"turns":2},{"damage":9,"enemies":"Chosen","floor":19,"turns":2},{"damage":23,"enemies":"Sentry and Sphere","floor":22,"turns":4},{"damage":33,"enemies":"Gremlin Leader","floor":24,"turns":3},{"damage":2,"enemies":"Centurion and Healer","floor":25,"turns":2},{"damage":14,"enemies":"Chosen and Byrds","floor":27,"turns":2},{"damage":0,"enemies":"Slavers","floor":29,"turns":1},{"damage":0,"enemies":"Snecko","floor":31,"turns":1},{"damage":19,"enemies":"Pondfish","floor":33,"turns":8},{"damage":0,"enemies":"3 Darklings","floor":35,"turns":1},{"damage":8,"enemies":"3 Shapes","floor":36,"turns":1},{"damage":8,"enemies":"Sphere and 2 Shapes","floor":37,"turns":1},{"damage":5,"enemies":"Reptomancer","floor":40,"turns":2},{"damage":13,"enemies":"Giant Head","floor":42,"turns":4},{"damage":5,"enemies":"Spire Growth","floor":44,"turns":2},{"damage":15,"enemies":"Transient","floor":45,"turns":5},{"damage":16,"enemies":"Sphere and 2 Shapes","floor":46,"turns":1},{"damage":89,"enemies":"Replay:Hell Engine","floor":50,"turns":5}],"seed_played":"-7780655150531807161","potions_obtained":[{"floor":5,"key":"AttackPotion"},{"floor":8,"key":"FearPotion"},{"floor":13,"key":"SpeedPotion"},{"floor":22,"key":"FearPotion"},{"floor":27,"key":"Strength Potion"},{"floor":28,"key":"SmokeBomb"},{"floor":28,"key":"Block Potion"},{"floor":31,"key":"Strength Potion"},{"floor":33,"key":"Adrenaline Potion"},{"floor":34,"key":"Swift Potion"},{"floor":35,"key":"Swift Potion"},{"floor":37,"key":"LiquidBronze"}],"is_trial":false,"path_per_floor":["M","?","M","?","M","R","E","M","T","R","$","M","M","$","R_BF","B",null,"M","M","$","?","M","R","E","M","T","M","?","E","R","M","R","B",null,"M","M","M","?","$","E","R","E","T","M","M","M","?","?","R","B"],"character_chosen":"IRONCLAD","items_purchased":["hubris:OldNail","Fire Breathing","Demon Form","Whirlwind","Replay:Wax Seal","Ornamental Fan","Sentinel","Heavy Blade"],"campfire_rested":3,"item_purchase_floors":[11,11,14,20,39,39,39,39],"current_hp_per_floor":[69,69,65,65,64,64,70,66,66,66,66,50,56,56,56,25,60,42,39,39,39,22,43,16,20,20,12,12,18,39,45,45,32,67,73,71,69,69,69,70,70,63,63,64,63,53,53,53,76,0,0],"gold":499,"neow_bonus":"TRANSFORM_TWO_CARDS","is_daily":false,"chose_seed":false,"campfire_upgraded":4,"win_rate":0.0,"timestamp":1611088217,"path_taken":["M","?","M","?","M","R","E","M","T","R","$","M","M","?","R_BF","BOSS","M","M","$","?","?","R","E","M","T","M","?","E","R","M","R","BOSS","M","M","M","?","$","E","R","E","T","M","M","?","?","?","R","BOSS"],"items_purchased_type":["Relic","Card","Card","Card","Relic","Relic","Card","Card"],"build_version":"2020-12-22","purchased_purges":0,"victory":false,"max_hp_per_floor":[72,72,72,72,72,72,72,72,72,72,72,72,72,72,72,72,72,72,72,72,72,72,72,72,72,72,72,72,72,72,72,72,72,77,77,77,77,77,77,77,77,77,77,77,77,77,77,77,77,77,77],"card_choices":[{"not_picked":["Heavy Blade","hubris:ReadiedAction"],"picked":"ReplayTheSpireMod:Limb From Limb","floor":1},{"not_picked":["Thunderclap","Wild Strike"],"picked":"hubris:CleavingFinish","floor":3},{"not_picked":["Battle Trance","Uppercut"],"picked":"Immolate","floor":5},{"not_picked":["Limit Break","Cleave"],"picked":"Shockwave","floor":7},{"not_picked":["Shrug It Off","Twin Strike"],"picked":"ReplayTheSpireMod:Strike From Hell","floor":8},{"not_picked":["Pummel","Heavy Blade","Flame Barrier"],"picked":"SKIP","floor":12},{"not_picked":["Twin Strike","Anger","Replay:Undeath\u0027s Touch"],"picked":"SKIP","floor":13},{"not_picked":["Demonic Infusion","Eclipse"],"picked":"Immolate","floor":16},{"not_picked":["Sever Soul","Heavy Blade","Infernal Blade"],"picked":"SKIP","floor":18},{"not_picked":["Intimidate","Cleave","Perfected Strike+1"],"picked":"SKIP","floor":19},{"not_picked":["Entrench","Twin Strike","Run Through"],"picked":"SKIP","floor":22},{"not_picked":["Rupture","Clash"],"picked":"ReplayTheSpireMod:Stacked","floor":24},{"not_picked":["Rupture","Perfected Strike","Uppercut"],"picked":"SKIP","floor":25},{"not_picked":["Searing Blow","Twin Strike"],"picked":"Flex+1","floor":27},{"not_picked":["Pommel Strike","Spot Weakness"],"picked":"Bludgeon","floor":28},{"not_picked":["Perfected Strike","Pommel Strike","Replay:Undeath\u0027s Touch"],"picked":"SKIP","floor":31},{"not_picked":["Exhume","Barricade"],"picked":"Immolate","floor":33},{"not_picked":["Reckless Charge","Body Slam"],"picked":"Metallicize","floor":34},{"not_picked":["ReplayTheSpireMod:Strike From Hell","Pommel Strike","Iron Wave"],"picked":"SKIP","floor":35},{"not_picked":["Cleave","Battle Trance"],"picked":"Shockwave+1","floor":36},{"not_picked":["ReplayTheSpireMod:Muscle Training+1","Sword Boomerang+1"],"picked":"Feel No Pain","floor":37},{"not_picked":["Carnage","Cleave"],"picked":"hubris:StunningStrike","floor":40},{"not_picked":["Blood for Blood","Twin Strike","Iron Wave+1"],"picked":"SKIP","floor":42},{"not_picked":["Clothesline","Anger"],"picked":"Inflame+1","floor":44},{"not_picked":["Shrug It Off","Flex","Disarm+1"],"picked":"SKIP","floor":45},{"not_picked":["Sword Boomerang","Pummel"],"picked":"ReplayTheSpireMod:LeadingStrike+1","floor":46}],"player_experience":754948,"relics_obtained":[{"floor":2,"key":"Ring of Searing"},{"floor":2,"key":"Ring of Panic"},{"floor":7,"key":"ReplayTheSpireMod:Spearhead"},{"floor":9,"key":"The Courier"},{"floor":15,"key":"Dream Catcher"},{"floor":24,"key":"Dead Branch"},{"floor":26,"key":"Oddly Smooth Stone"},{"floor":40,"key":"Old Coin"},{"floor":42,"key":"Omamori"},{"floor":43,"key":"Snack Pack"}],"event_choices":[{"damage_healed":0,"gold_gain":0,"cards_transformed":["Strike_R"],"player_choice":"Transformed","damage_taken":0,"max_hp_gain":0,"max_hp_loss":0,"event_name":"Transmorgrifier","floor":21,"gold_loss":0,"cards_obtained":["Thunderclap"]},{"cards_removed":["ReplayTheSpireMod:Splinters"],"damage_healed":0,"gold_gain":0,"player_choice":"Purged","damage_taken":0,"max_hp_gain":0,"max_hp_loss":0,"event_name":"Purifier","floor":38,"gold_loss":0},{"damage_healed":0,"gold_gain":0,"player_choice":"Memory 1","damage_taken":0,"max_hp_gain":0,"max_hp_loss":0,"event_name":"SensoryStone","floor":48,"gold_loss":0}],"is_beta":false,"boss_relics":[{"not_picked":["Runic Dome","Busted Crown"],"picked":"Philosopher\u0027s Stone"},{"not_picked":["hubris:HollowSoul","hubris:Stopwatch"],"picked":"Tiny House"}],"items_purged_floors":[],"is_endless":false,"potions_floor_spawned":[5,8,13,22,27,31,33,35,37,46],"killed_by":"Replay:Hell Engine","ascension_level":13}}