{"host":"evok2ztcuz289k61","time":1611060405,"event":{"mods":["BaseMod","Colored Map","Downfall","Minty Spire (QoL Compilation)","StSLib"],"gold_per_floor":[99,109,129,129,145,45,45,69,100,12,50,72,100,146,168,180,180],"floor_reached":16,"language":"ENG","playtime":763,"items_purged":[],"score":141,"play_id":"d188f2d8-281e-4dee-be11-b08a0d395494","local_time":"20210119074645","is_ascension_mode":false,"campfire_choices":[{"data":"bronze:Goto","floor":1,"key":"SMITH"},{"floor":6,"key":"RECALL"},{"data":"bronze:Flail","floor":10,"key":"SMITH"}],"circlet_count":0,"master_deck":["bronze:Strike","bronze:Strike","bronze:Strike","bronze:Strike","bronze:Defend+1","bronze:Defend+1","bronze:Defend","bronze:Defend","bronze:Replicate","bronze:Goto+1","bronze:CutThrough","bronze:Backtrace","bronze:ChosenStrike","bronze:Flail+1","bronze:ClassDefault","bronze:DelayedSlice","bronze:FineTuning"],"relics":["bronze:BronzeCore","downfall:HeartBlessingBlue","MawBank","downfall:HeartBlessingRed","War Paint","Gremlin Horn"],"acts_visited":["Exordium"],"potions_floor_usage":[14,16,16],"damage_taken":[{"damage":0,"enemies":"Cultist","floor":2,"turns":4},{"damage":6,"enemies":"2 Louse","floor":3,"turns":2},{"damage":1,"enemies":"Jaw Worm","floor":5,"turns":3},{"damage":0,"enemies":"Large Slime","floor":8,"turns":4},{"damage":17,"enemies":"Gremlin Gang","floor":9,"turns":4},{"damage":17,"enemies":"3 Sentries","floor":11,"turns":5},{"damage":7,"enemies":"Blue Slaver","floor":12,"turns":2},{"damage":1,"enemies":"2 Fungi Beasts","floor":13,"turns":2},{"damage":5,"enemies":"Lagavulin","floor":14,"turns":5},{"damage":0,"enemies":"3 Louse","floor":15,"turns":2},{"damage":51,"enemies":"WA_ARCHETYPE_RETAIN","floor":16,"turns":4}],"seed_played":"-8980671071777454693","potions_obtained":[{"floor":2,"key":"Swift Potion"},{"floor":8,"key":"bronze:CleanCodePotion"},{"floor":9,"key":"Weak Potion"},{"floor":11,"key":"Block Potion"},{"floor":14,"key":"ColorlessPotion"}],"is_trial":false,"path_per_floor":["R","M","M","T","M","R","T","M","M","R","E","M","M","E","M","B"],"character_chosen":"THE_AUTOMATON","items_purchased":[],"campfire_rested":0,"item_purchase_floors":[],"current_hp_per_floor":[77,77,71,71,70,80,80,80,63,63,46,39,38,33,33,0,0],"gold":180,"neow_bonus":"TEN_PERCENT_HP_BONUS","is_daily":false,"chose_seed":false,"campfire_upgraded":2,"win_rate":0.0,"timestamp":1611060405,"path_taken":["R","M","M","?","M","R","T","M","M","R","E","?","M","E","M","BOSS"],"items_purchased_type":[],"build_version":"2020-12-22","purchased_purges":0,"victory":false,"max_hp_per_floor":[77,77,77,77,77,87,87,87,87,87,87,87,87,87,87,87,87],"card_choices":[{"not_picked":["bronze:Repulsor","bronze:BuggyMess"],"picked":"bronze:CutThrough","floor":2},{"not_picked":["bronze:BugBarrage","bronze:Shell","bronze:Deprecate"],"picked":"SKIP","floor":3},{"not_picked":["bronze:Return","bronze:MaxOutput"],"picked":"bronze:Backtrace","floor":5},{"not_picked":["bronze:OilSpill","bronze:Optimize"],"picked":"bronze:ChosenStrike","floor":8},{"not_picked":["bronze:BugBarrage","bronze:BronzeArmor"],"picked":"bronze:Flail","floor":9},{"not_picked":["bronze:Frontload","bronze:CloningBeam"],"picked":"bronze:ClassDefault","floor":11},{"not_picked":["bronze:Flail","bronze:DelayedGuard","bronze:ThunderWave"],"picked":"SKIP","floor":12},{"not_picked":["bronze:Boost","bronze:DelayedGuard"],"picked":"bronze:DelayedSlice","floor":13},{"not_picked":["bronze:Turbo","bronze:Deprecate"],"picked":"bronze:FineTuning","floor":14},{"not_picked":["bronze:DelayedGuard","bronze:FineTuning","bronze:Philosophize"],"picked":"SKIP","floor":15}],"player_experience":345728,"relics_obtained":[{"floor":7,"key":"MawBank"},{"floor":11,"key":"War Paint"},{"floor":14,"key":"Gremlin Horn"}],"event_choices":[],"is_beta":false,"boss_relics":[],"items_purged_floors":[],"is_endless":false,"potions_floor_spawned":[2,8,9,11,13,14],"killed_by":"WA_ARCHETYPE_RETAIN","ascension_level":0}}