{"host":"7tqog9fnhs0gxmti","time":1611063716,"event":{"mods":["AchievementEnabler","Act Like it!","Astrologer","BaseMod","Beaked The Cultist","Colored Map","Colored Powertips","Hermit","Highlight Path","Minty Spire (QoL Compilation)","StSLib","The Construct","The Gatherer","The Hierophant","everything is the same but u backflip on backflip"],"gold_per_floor":[364,364,378,378,430,461,481,481,481,504,504,504],"floor_reached":11,"language":"ENG","playtime":247,"items_purged":[],"score":71,"play_id":"1a98bf17-2057-43ba-9294-67a07c343bcf","local_time":"20210119214156","is_ascension_mode":false,"campfire_choices":[],"circlet_count":0,"master_deck":["construct:Strike_Gold","construct:Strike_Gold","construct:Strike_Gold","construct:Strike_Gold","construct:Strike_Gold","construct:Defend_Gold","construct:Defend_Gold","construct:Defend_Gold","construct:Defend_Gold","construct:Defend_Gold","construct:AttackMode","construct:DefenseMode","construct:Enhance+1","construct:Zapper","construct:PanicFire","construct:ScopeCore"],"relics":["construct:ClockworkPhoenix","Akabeko","Darkstone Periapt","MealTicket","Letter Opener","Juzu Bracelet"],"acts_visited":["Exordium"],"potions_floor_usage":[6,11],"damage_taken":[{"damage":2,"enemies":"Jaw Worm","floor":1,"turns":4},{"damage":16,"enemies":"2 Louse","floor":3,"turns":4},{"damage":26,"enemies":"Lagavulin","floor":6,"turns":6},{"damage":7,"enemies":"Cultist","floor":7,"turns":6},{"damage":22,"enemies":"3 Sentries","floor":11,"turns":3}],"seed_played":"5202872536053398788","potions_obtained":[{"floor":3,"key":"AttackPotion"},{"floor":7,"key":"Strength Potion"}],"is_trial":false,"path_per_floor":["M","?","M","?","T","E","M","?","T","T","E"],"character_chosen":"THE_CONSTRUCT_MOD","items_purchased":[],"campfire_rested":0,"item_purchase_floors":[],"current_hp_per_floor":[83,83,67,60,60,34,27,20,20,20,0,0],"gold":504,"neow_bonus":"TWO_FIFTY_GOLD","is_daily":false,"chose_seed":false,"campfire_upgraded":0,"win_rate":0.0,"timestamp":1611063716,"path_taken":["M","?","M","?","?","E","M","?","T","?","E"],"items_purchased_type":[],"build_version":"2020-12-22","purchased_purges":0,"victory":false,"max_hp_per_floor":[85,85,85,85,85,85,85,85,85,85,85,85],"card_choices":[{"not_picked":["construct:CripplingShot","construct:SyphonStrike"],"picked":"construct:Enhance","floor":1},{"not_picked":["construct:Enhance","construct:Anticipate"],"picked":"construct:Zapper","floor":3},{"not_picked":["construct:SweepLaser","construct:ShiftGuard"],"picked":"construct:PanicFire","floor":6},{"not_picked":["construct:ScrapCannon","construct:FocusedBeam"],"picked":"construct:ScopeCore","floor":7}],"player_experience":810407,"relics_obtained":[{"floor":5,"key":"Akabeko"},{"floor":6,"key":"Darkstone Periapt"},{"floor":9,"key":"Letter Opener"},{"floor":10,"key":"Juzu Bracelet"}],"event_choices":[{"damage_healed":0,"gold_gain":0,"player_choice":"Grow","damage_taken":0,"max_hp_gain":0,"max_hp_loss":0,"event_name":"Living Wall","floor":2,"gold_loss":0,"cards_upgraded":["construct:Enhance"]},{"cards_removed":["Shame"],"damage_healed":0,"gold_gain":0,"player_choice":"Card Removal","damage_taken":7,"max_hp_gain":0,"max_hp_loss":0,"event_name":"Golden Wing","floor":4,"gold_loss":0},{"damage_healed":0,"gold_gain":0,"player_choice":"Success","damage_taken":7,"relics_obtained":["MealTicket"],"max_hp_gain":0,"max_hp_loss":0,"event_name":"Scrap Ooze","floor":8,"gold_loss":0}],"is_beta":false,"boss_relics":[],"items_purged_floors":[],"is_endless":false,"potions_floor_spawned":[3,7],"killed_by":"3 Sentries","ascension_level":0}}