{"host":"ecuvtzmejf7hhjpv","time":1611093980,"event":{"mods":["AchievementEnabler","Act Like it!","Aspiration","BaseMod","Better Altar","Better Match","Better Note","Better Sensory Stone","Better Skull","Better Third Choice","BetterRewards","Conspire","Custom Start","Gensokyo","GifTheSpireLib","Hallownest","Hermit","Hubris","Kratos Character Expansion","Luminous","Marisa????????","Minty Spire (QoL Compilation)","Prisma Mod","Remilia??????","Replay The Spire","Robot Space Explorer","Spicy Shops","StSLib","The Animator","The Blackbeard","The Bug Knight","The Construct","The Cursed","The Disciple","The Dragon Tamer","The Forsaken","The Hierophant","The Jungle","The Marked","The Necromancer","The Poker Player","The Wild Card","TheSwordswoman"],"gold_per_floor":[112,130,130,130,150,150,182,53,78,110,138,138,172,172,172,309,309,341,351,371,371,371,397,412,412,487,504,51,77,110,142,142,142,142],"floor_reached":33,"language":"ENG","playtime":1259,"items_purged":[],"score":315,"play_id":"dd1fed67-4635-4326-8d23-636bba5082a5","local_time":"20210119160620","is_ascension_mode":false,"campfire_choices":[{"data":"theMarked:Improvise","floor":6.0,"key":"SMITH"},{"floor":12.0,"key":"REST"},{"data":"Dramatic Entrance","floor":15.0,"key":"SMITH"},{"data":"theMarked:Static","floor":25,"key":"SMITH"},{"floor":32,"key":"REST"}],"circlet_count":0,"master_deck":["theMarked:Strike","theMarked:Strike","theMarked:Strike","theMarked:Defend","theMarked:Defend","theMarked:Defend","theMarked:Defend","theMarked:SoldierOfQuellstein+1","theMarked:MagicAdept+1","theMarked:BanishingStrike","theMarked:Improvise+1","theMarked:Abjuration","theMarked:WastefulDefense","HandOfGreed","Good Instincts","Dramatic Entrance+1","theMarked:Seal","theMarked:RepellingDischarge","theMarked:TwofoldDefense","theMarked:BindingBlade","theMarked:MaelstromOfLightning","theMarked:Static+1","theMarked:EmpowerWeapon","theMarked:EmpowerWeapon","theMarked:ElementalBlade","Bandage Up","theMarked:MysticalArsenal","theForsaken:WrathOfGod"],"relics":["theMarked:ArtifactOfAir","Quantum Egg","Sling","Toy Ornithopter","conspire:TreasureMap","Replay:Bottled Eggs","ReplayTheSpireMod:ShopPack","hubris:CrystalStatue","Nunchaku","Velvet Choker","Boot","conspire:BottledYoYo","hubris:EmptyBottle","hubris:DisguiseKit","WingedGreaves","Pet Ghost"],"acts_visited":["Exordium","TheCity"],"potions_floor_usage":[23,29,29,29,30,30,30,33,33],"damage_taken":[{"damage":0.0,"enemies":"2 Louse","floor":1.0,"turns":2.0},{"damage":0.0,"enemies":"conspire:RoseBush","floor":2.0,"turns":4.0},{"damage":1.0,"enemies":"Cultist","floor":5.0,"turns":3.0},{"damage":14.0,"enemies":"Gremlin Nob","floor":7.0,"turns":3.0},{"damage":7.0,"enemies":"Exordium Thugs","floor":10.0,"turns":3.0},{"damage":4.0,"enemies":"Replay:BlueRogue","floor":11.0,"turns":4.0},{"damage":1.0,"enemies":"conspire:2 RoseBushes","floor":13.0,"turns":3.0},{"damage":1.0,"enemies":"Slime Boss","floor":16.0,"turns":11.0},{"damage":0.0,"enemies":"3 Byrds","floor":18.0,"turns":8.0},{"damage":0.0,"enemies":"conspire:FuzzyDice","floor":19.0,"turns":4.0},{"damage":21.0,"enemies":"Sentry and Sphere","floor":20.0,"turns":6.0},{"damage":16,"enemies":"conspire:SneckoGhost","floor":23,"turns":5},{"damage":7,"enemies":"Snecko","floor":24,"turns":4},{"damage":7,"enemies":"conspire:HollyBat","floor":27,"turns":5},{"damage":17,"enemies":"HollowMod:Nosk","floor":29,"turns":4},{"damage":26,"enemies":"conspire:MimicChest","floor":30,"turns":5},{"damage":22,"enemies":"Book of Stabbing","floor":31,"turns":4},{"damage":34,"enemies":"Pondfish","floor":33,"turns":4}],"seed_played":"-6303967095830231829","potions_obtained":[{"floor":5.0,"key":"PowerPotion"},{"floor":7.0,"key":"Fire Potion"},{"floor":11.0,"key":"Elixir"},{"floor":19.0,"key":"DuplicationPotion"},{"floor":24,"key":"DistilledChaos"},{"floor":27,"key":"theMarked:ChargePotion"},{"floor":31,"key":"Fire Potion"}],"is_trial":false,"path_per_floor":["M","M","?","?","M","R","E","$","T","M","E","R","M","T","R","B",null,"M","M","M","?","?","E","M","R","T","M","$","E","?","E","R","B"],"character_chosen":"THE_DEFAULT","items_purchased":["Quantum Egg","theMarked:MagicAdept","Sling","Toy Ornithopter","conspire:TreasureMap","ReplayTheSpireMod:ShopPack","theMarked:EmpowerWeapon","theMarked:ElementalBlade","hubris:EmptyBottle","Bandage Up"],"campfire_rested":2,"item_purchase_floors":[0,0,0,0,0,8,28,28,28,28],"current_hp_per_floor":[38,38,35,35,34,34,20,20,20,13,14,35,34,34,34,33,70,70,70,49,49,49,38,31,31,31,24,24,26,19,1,22,0,0],"gold":142,"neow_bonus":"","is_daily":false,"chose_seed":false,"campfire_upgraded":3,"win_rate":0.0,"timestamp":1611093980,"path_taken":["M","M","?","?","?","R","E","$","T","M","E","R","M","?","R","BOSS","M","M","M","?","?","E","M","R","T","?","$","E","?","E","R","BOSS"],"items_purchased_type":["Relic","Card","Relic","Relic","Relic","Relic","Card","Card","Relic","Card"],"build_version":"2020-12-22","purchased_purges":0,"victory":false,"max_hp_per_floor":[70,70,70,70,70,70,70,70,70,70,70,70,70,70,70,70,70,70,70,70,70,70,70,70,70,70,70,70,70,70,70,70,70,70],"card_choices":[{"not_picked":["theMarked:GodGivenPower","theMarked:Overcharge"],"picked":"theMarked:BanishingStrike","floor":1.0},{"not_picked":["theMarked:ResourceFulStrike","theMarked:Aftermath"],"picked":"theMarked:Improvise","floor":2.0},{"not_picked":["theMarked:BanishingWave","theMarked:ChainLightning"],"picked":"theMarked:Abjuration","floor":5.0},{"not_picked":["theMarked:LightningStrikesTwice","theMarked:SelfDefenseTraining"],"picked":"theMarked:WastefulDefense","floor":7.0},{"not_picked":["Secret Technique","Chrysalis"],"picked":"HandOfGreed","floor":8.0},{"not_picked":["ReplayTheSpireMod:Trickstab","Purity"],"picked":"Good Instincts","floor":8.0},{"not_picked":["Bandage Up","Specialist"],"picked":"Dramatic Entrance","floor":8.0},{"not_picked":["theMarked:ResourceFulStrike","theMarked:Improvise"],"picked":"theMarked:Seal","floor":10.0},{"not_picked":["theMarked:Improvise","theMarked:SwordAndMagic"],"picked":"theMarked:RepellingDischarge","floor":11.0},{"not_picked":["theMarked:WastefulAttack","theMarked:KeepCalmAndFightOn"],"picked":"theMarked:TwofoldDefense","floor":13.0},{"not_picked":["theMarked:DispelDoubt","theMarked:ThrowWeapon"],"picked":"theMarked:BindingBlade","floor":16.0},{"not_picked":["theMarked:TwofoldDefense","theMarked:Overthink+1","theMarked:WastefulAttack"],"picked":"SKIP","floor":18.0},{"not_picked":["theMarked:Aftermath","theMarked:ComboAttacks"],"picked":"theMarked:MaelstromOfLightning","floor":19.0},{"not_picked":["theMarked:ElectricStrings+1","theMarked:Standoff+1","theMarked:Parkour"],"picked":"SKIP","floor":20},{"not_picked":["theMarked:ComboAttacks+1","theMarked:Overthink"],"picked":"theMarked:Static","floor":23},{"not_picked":["theMarked:ChainLightning","theMarked:Overthink"],"picked":"theMarked:EmpowerWeapon","floor":24},{"not_picked":["theMarked:WastefulAttack","theMarked:Aftermath","theMarked:ContemptForTheProud"],"picked":"SKIP","floor":27},{"not_picked":["theMarked:KeepCalmAndFightOn","theMarked:TakeCover"],"picked":"theMarked:MysticalArsenal","floor":29},{"not_picked":["theMarked:RepellingDischarge","theMarked:TwofoldDefense","theMarked:Static"],"picked":"theForsaken:WrathOfGod","floor":30},{"not_picked":["theMarked:Improvise","theMarked:WastefulDefense","theMarked:SummonStrength","theForsaken:BattleHymn"],"picked":"SKIP","floor":31}],"player_experience":965486,"relics_obtained":[{"floor":7.0,"key":"Replay:Bottled Eggs"},{"floor":11.0,"key":"hubris:CrystalStatue"},{"floor":14.0,"key":"Nunchaku"},{"floor":23,"key":"Boot"},{"floor":26,"key":"conspire:BottledYoYo"},{"floor":29,"key":"hubris:DisguiseKit"},{"floor":30,"key":"WingedGreaves"},{"floor":31,"key":"Pet Ghost"}],"event_choices":[{"cards_removed":["theMarked:Strike"],"damage_healed":0.0,"max_hp_gain":0.0,"max_hp_loss":0.0,"gold_gain":0.0,"event_name":"Bonfire Elementals","player_choice":"Offered Basic","floor":4.0,"gold_loss":0.0,"damage_taken":0.0},{"damage_healed":0,"gold_gain":0,"player_choice":"Ignored","damage_taken":0,"max_hp_gain":0,"max_hp_loss":0,"event_name":"betterNote:BetterNote","floor":21,"gold_loss":0,"cards_obtained":["Strike_G"]},{"damage_healed":0,"gold_gain":0,"player_choice":"Bought 0 Potions","damage_taken":0,"max_hp_gain":0,"max_hp_loss":0,"event_name":"The Woman in Blue","floor":22,"gold_loss":0}],"is_beta":false,"boss_relics":[{"not_picked":["SacredBark","hubris:ScarierMask"],"picked":"Velvet Choker"}],"items_purged_floors":[],"is_endless":false,"potions_floor_spawned":[5,7,11,19,24,27,31],"killed_by":"Pondfish","ascension_level":0}}