{"host":"e8rlfedn69rz2s07","time":1611092197,"event":{"mods":["Act Like it!","BaseMod","Conspire","Hubris","Infinite Spire","Minty Spire (QoL Compilation)","Permanent Neow","Relic Stats","Replay The Spire","Shop Mod","StSLib","The Jungle"],"gold_per_floor":[119,135,152,152,164,164,164],"floor_reached":6,"language":"ENG","playtime":267,"items_purged":[],"score":76,"play_id":"03fa6b5a-0395-4bfe-ad46-a652222fbbe9","local_time":"20210119233637","is_ascension_mode":true,"campfire_choices":[],"circlet_count":0,"master_deck":["AscendersBane","Strike_G","Strike_G","Strike_G","Strike_G","Defend_G","Defend_G","Defend_G","Defend_G","Defend_G","Survivor","Neutralize","Poisoned Stab","Dagger Spray","ReplayTheSpireMod:Speed Training","Sucker Punch"],"relics":["SacredBark"],"acts_visited":["Exordium"],"potions_floor_usage":[6],"damage_taken":[{"damage":6,"enemies":"2 Louse","floor":1,"turns":4},{"damage":13,"enemies":"Cultist","floor":2,"turns":6},{"damage":3,"enemies":"Small Slimes","floor":3,"turns":5},{"damage":14,"enemies":"Exordium Wildlife","floor":5,"turns":5},{"damage":47,"enemies":"Gremlin Nob","floor":6,"turns":4}],"seed_played":"4904927636443820076","potions_obtained":[{"floor":5,"key":"Adrenaline Potion"}],"is_trial":false,"path_per_floor":["M","M","M","?","M","E"],"character_chosen":"THE_SILENT","items_purchased":[],"campfire_rested":0,"item_purchase_floors":[],"current_hp_per_floor":[53,40,37,37,23,0,0],"gold":164,"neow_bonus":"BOSS_RELIC","is_daily":false,"chose_seed":false,"campfire_upgraded":0,"win_rate":0.0,"timestamp":1611092197,"path_taken":["M","M","M","?","M","E"],"items_purchased_type":[],"build_version":"2020-12-22","purchased_purges":0,"victory":false,"max_hp_per_floor":[66,66,66,66,66,66,66],"relic_stats":{"counters":[5,24],"obtain_stats":[{"SacredBark":0,"Ring of the Snake":0},{"SacredBark":0,"Ring of the Snake":0},{"SacredBark":0,"Ring of the Snake":0}]},"card_choices":[{"not_picked":["Underhanded Strike","Backflip"],"picked":"Poisoned Stab","floor":1},{"not_picked":["Underhanded Strike","Bane"],"picked":"Dagger Spray","floor":2},{"not_picked":["Toxin Wave","Reflex"],"picked":"ReplayTheSpireMod:Speed Training","floor":3},{"not_picked":["Outmaneuver","hubris:SlightOfHand"],"picked":"Sucker Punch","floor":5}],"player_experience":982214,"relics_obtained":[],"event_choices":[{"cards_removed":["Strike_G"],"damage_healed":0,"gold_gain":0,"player_choice":"Purged","damage_taken":0,"max_hp_gain":0,"max_hp_loss":0,"event_name":"Purifier","floor":4,"gold_loss":0}],"is_beta":false,"boss_relics":[],"items_purged_floors":[],"is_endless":false,"potions_floor_spawned":[5],"killed_by":"Gremlin Nob","ascension_level":20}}