{"host":"og6lam4kt3nibbw0","time":1611075484,"event":{"mods":["AchievementEnabler","BaseMod","Colored Map","DeckTracker","Highlight Path","Keyboard Shortcuts","Minty Spire (QoL Compilation)","Permanent Neow","Quick Restart","StSLib","SuperFastMode"],"gold_per_floor":[118,137,39,56,56,91,91,91,91,17,27,58,58,68,68,68,68],"floor_reached":16,"language":"KOR","playtime":392,"items_purged":[],"score":220,"play_id":"328934ac-844b-49d3-bbd9-407153ce6efc","local_time":"20210120015804","is_ascension_mode":true,"campfire_choices":[{"data":"Ball Lightning","floor":7.0,"key":"SMITH"},{"floor":13,"key":"REST"},{"floor":15,"key":"REST"}],"circlet_count":0,"master_deck":["AscendersBane","Strike_B","Strike_B","Strike_B","Strike_B","Defend_B","Defend_B","Defend_B","Defend_B","Zap","Dualcast","Skim","Hologram","Coolheaded","Loop","Chill","Ball Lightning+1","Defragment","Conserve Battery","Electrodynamics+1"],"relics":["Cracked Core","NeowsBlessing","Kunai","Lantern","Frozen Egg 2"],"acts_visited":["Exordium"],"potions_floor_usage":[16,16],"damage_taken":[{"damage":0.0,"enemies":"Cultist","floor":1.0,"turns":1.0},{"damage":0.0,"enemies":"Small Slimes","floor":2.0,"turns":1.0},{"damage":0.0,"enemies":"Jaw Worm","floor":4.0,"turns":1.0},{"damage":60.0,"enemies":"Gremlin Nob","floor":6.0,"turns":5.0},{"damage":1,"enemies":"2 Fungi Beasts","floor":11,"turns":3},{"damage":9,"enemies":"Lagavulin","floor":12,"turns":8},{"damage":1,"enemies":"Blue Slaver","floor":14,"turns":3},{"damage":52,"enemies":"Hexaghost","floor":16,"turns":11}],"seed_played":"420278929727551496","potions_obtained":[{"floor":1.0,"key":"Regen Potion"},{"floor":4.0,"key":"LiquidBronze"},{"floor":12,"key":"SpeedPotion"},{"floor":14,"key":"SpeedPotion"}],"is_trial":false,"path_per_floor":["M","M","$","M","?","E","R","?","T","$","M","E","R","M","R","B"],"character_chosen":"DEFECT","items_purchased":["Coolheaded","Loop","Defragment"],"campfire_rested":2,"item_purchase_floors":[3,3,10],"current_hp_per_floor":[64,64,64,64,64,16,16,16,16,16,15,6,27,26,47,0,0],"gold":68,"neow_bonus":"THREE_ENEMY_KILL","is_daily":false,"chose_seed":false,"campfire_upgraded":1,"win_rate":0.0,"timestamp":1611075484,"path_taken":["M","?","$","M","?","E","R","?","T","$","M","E","R","M","R","BOSS"],"items_purchased_type":["Card","Card","Card"],"build_version":"2020-12-22","purchased_purges":0,"victory":false,"max_hp_per_floor":[71,71,71,71,71,71,71,71,71,71,71,71,71,71,71,71,71],"card_choices":[{"not_picked":["Barrage","Chaos"],"picked":"Skim","floor":1.0},{"not_picked":["Barrage","Recycle"],"picked":"Hologram","floor":2.0},{"not_picked":["Reprogram","Coolheaded"],"picked":"Chill","floor":4.0},{"not_picked":["Undo","Reprogram"],"picked":"Ball Lightning","floor":6.0},{"not_picked":["Skim","Ball Lightning"],"picked":"Conserve Battery","floor":11},{"not_picked":["Go for the Eyes","Redo"],"picked":"Electrodynamics+1","floor":12},{"not_picked":["Cold Snap","Conserve Battery","Rebound"],"picked":"SKIP","floor":14}],"player_experience":925858,"relics_obtained":[{"floor":6.0,"key":"Kunai"},{"floor":9,"key":"Lantern"},{"floor":12,"key":"Frozen Egg 2"}],"event_choices":[{"damage_healed":0.0,"max_hp_gain":0.0,"max_hp_loss":0.0,"gold_gain":0.0,"event_name":"Liars Game","player_choice":"Ignored","floor":5.0,"gold_loss":0.0,"damage_taken":0.0},{"damage_healed":0,"gold_gain":0,"player_choice":"Searched \u00270\u0027 times","damage_taken":0,"max_hp_gain":0,"max_hp_loss":0,"event_name":"Dead Adventurer","floor":8,"gold_loss":0}],"is_beta":false,"boss_relics":[],"items_purged_floors":[],"is_endless":false,"potions_floor_spawned":[1,4,12,14],"killed_by":"Hexaghost","ascension_level":20}}