{"host":"KYO","time":1611055550,"event":{"mods":["ATMod(°¢èªMod)","BaseMod","Minty Spire (QoL Compilation)","Permanent Neow","Shop Mod","StSLib","SuperFastMode","TestMod","[IsaacMod]ÒÔÈö¼âËþ","¡¾ÒÅÎï¿¨ÅÆ¡¿REMEMod"],"gold_per_floor":[113,128,53,122,135,170,170,183,233,233,244,274,289,27,27,127,127,147,196,287,287,377,377,429,464,512,561,561,667,356,460,460,559,598,632,720,346,381,467,594,594,645,645,744,744,785,839,839,839,960,985,985,985,6884,6978,6431],"floor_reached":57,"language":"ZHS","playtime":3671,"items_purged":["Defend_G","Survivor","Strike_G","Strike_G"],"score":3491,"play_id":"ff5ec13e-08f0-4427-bee6-dbb3fcd53ebf","local_time":"20210119192550","is_ascension_mode":true,"campfire_choices":[{"data":"REME_Flogging","floor":7.0,"key":"SMITH"},{"data":"Neutralize","floor":10.0,"key":"SMITH"},{"data":"Cloak And Dagger","floor":15.0,"key":"SMITH"},{"data":"Tools of the Trade","floor":23.0,"key":"SMITH"},{"floor":32.0,"key":"RECALL"},{"data":"AT_KneejerkReflex","floor":41.0,"key":"SMITH"},{"data":"Prepared","floor":49,"key":"SMITH"},{"data":"Acrobatics","floor":53,"key":"SMITH"}],"circlet_count":0,"master_deck":["AscendersBane","Strike_G","Defend_G","Defend_G","Neutralize+1","AT_FamilyPortrait","REME_Flogging+1","Cloak And Dagger+1","Acrobatics+1","Tools of the Trade+1","Prepared+1","Crippling Poison","REME_GreenPollution","Escape Plan","AT_KneejerkReflex+1","Glass Knife","Prepared+1","Finesse","After Image","Flash of Steel"],"relics":["Ring of the Snake","HushsDoor","AT_ATBox","REME_ComplimentaryCards","testmod-TestBox","testmod-DeterminationOfClimber","Gremlin Horn","SalivaCoin","AT_SunfireAegis","MerchantsRug","testmod-Charity","AT_TrinityForce","SatanicBible","Bag of Marbles","Habit","testmod-Prudence","GuppysPaw","GuppysTail","Anchor","testmod-LifeArmor","testmod-OneHitWonder","Sundial","BloodDonationBag","Blood Vial","REME_OnlineShoppingPlatform","BookOfRevelations"],"acts_visited":["Exordium","TheCity","TheBeyond","TheEnding"],"potions_floor_usage":[50,56,56,56,56,56,56,56,56,56,56,56,56,56,56,56,56,56,56,56,56,56,56,56,56,56,56,56,56,56,56],"damage_taken":[{"damage":1.0,"enemies":"Small Slimes","floor":1.0,"turns":3.0},{"damage":0.0,"enemies":"Jaw Worm","floor":2.0,"turns":2.0},{"damage":0.0,"enemies":"Cultist","floor":5.0,"turns":2.0},{"damage":18.0,"enemies":"3 Sentries","floor":6.0,"turns":3.0},{"damage":0.0,"enemies":"Lots of Slimes","floor":8.0,"turns":1.0},{"damage":0.0,"enemies":"Large Slime","floor":11.0,"turns":2.0},{"damage":0.0,"enemies":"Gremlin Nob","floor":12.0,"turns":2.0},{"damage":0.0,"enemies":"Blue Slaver","floor":13.0,"turns":1.0},{"damage":16.0,"enemies":"Hexaghost","floor":16.0,"turns":4.0},{"damage":0.0,"enemies":"Shell Parasite","floor":18.0,"turns":1.0},{"damage":0.0,"enemies":"Hiden Room Battle","floor":19.0,"turns":1.0},{"damage":0.0,"enemies":"3 Byrds","floor":22.0,"turns":1.0},{"damage":0.0,"enemies":"Book of Stabbing","floor":24.0,"turns":2.0},{"damage":0.0,"enemies":"Snake Plant","floor":25.0,"turns":1.0},{"damage":0.0,"enemies":"REME_1_Revenger","floor":27.0,"turns":1.0},{"damage":0.0,"enemies":"Gremlin Leader","floor":29.0,"turns":1.0},{"damage":0.0,"enemies":"Slavers","floor":31.0,"turns":1.0},{"damage":0.0,"enemies":"Champ","floor":33.0,"turns":2.0},{"damage":0.0,"enemies":"Orb Walker","floor":35.0,"turns":1.0},{"damage":0.0,"enemies":"3 Shapes","floor":36.0,"turns":1.0},{"damage":0.0,"enemies":"Spire Growth","floor":38.0,"turns":1.0},{"damage":0.0,"enemies":"Sphere and 2 Shapes","floor":39.0,"turns":1.0},{"damage":0.0,"enemies":"Reptomancer","floor":40.0,"turns":1.0},{"damage":0.0,"enemies":"Giant Head","floor":42.0,"turns":1.0},{"damage":0.0,"enemies":"Reptomancer","floor":44.0,"turns":1.0},{"damage":0.0,"enemies":"Writhing Mass","floor":46.0,"turns":1.0},{"damage":0.0,"enemies":"Nemesis","floor":47.0,"turns":1.0},{"damage":0,"enemies":"Awakened One","floor":50,"turns":3},{"damage":0,"enemies":"Time Eater","floor":51,"turns":4},{"damage":0,"enemies":"Shield and Spear","floor":55,"turns":1},{"damage":0,"enemies":"Delirium","floor":56,"turns":3}],"seed_played":"5434119698369477046","potions_obtained":[{"floor":2.0,"key":"CunningPotion"},{"floor":6.0,"key":"testmod-SpacePotion"},{"floor":12.0,"key":"ColorlessPotion"},{"floor":13.0,"key":"Weak Potion"},{"floor":16.0,"key":"Explosive Potion"},{"floor":24.0,"key":"GamblersBrew"},{"floor":25.0,"key":"AttackPotion"},{"floor":31.0,"key":"Dexterity Potion"},{"floor":35.0,"key":"ColorlessPotion"},{"floor":39.0,"key":"REME_GoldPotion"},{"floor":40.0,"key":"SkillPotion"},{"floor":44.0,"key":"Strength Potion"}],"is_trial":false,"path_per_floor":["M","M","?","T","M","E","R","M","T","R","M","E","M","$","R","B",null,"M","?","?","?","M","R","E","M","T","E","?","E","$","E","R","B",null,"M","M","$","M","M","E","R","E","T","E","?","M","E","T","R","B","B",null,"R","$","E","B",null],"character_chosen":"THE_SILENT","items_purchased":["MerchantsRug","testmod-Charity","Bag of Marbles","Habit","GuppysPaw","GuppysTail","Anchor","Finesse","Sundial","Flash of Steel","Blood Vial","GamblersBrew","REME_OnlineShoppingPlatform"],"campfire_rested":0,"item_purchase_floors":[14,14,30,30,34,34,37,37,54,54,54,54,54],"current_hp_per_floor":[61,64,64,64,66,48,48,49,49,49,51,53,56,56,56,61,75,87,94,81,81,99,99,118,131,132,138,138,155,157,172,172,192,169,171,183,183,191,201,214,214,231,231,245,245,259,276,276,276,292,300,300,300,1000,1031,1207],"gold":6431,"neow_bonus":"RANDOM_COMMON_RELIC","is_daily":false,"chose_seed":false,"campfire_upgraded":7,"win_rate":0.0,"timestamp":1611055550,"path_taken":["M","M","?","?","M","E","R","M","T","R","?","E","?","?","R","BOSS","M","?","?","?","?","R","E","M","T","E","?","E","$","E","R","BOSS","M","?","$","M","M","E","R","E","T","E","?","M","E","?","R","BOSS","BOSS","R","$","E","BOSS"],"items_purchased_type":["Relic","Relic","Relic","Relic","Relic","Relic","Relic","Card","Relic","Card","Relic","Potion","Relic"],"build_version":"2020-12-18","purchased_purges":4,"victory":true,"max_hp_per_floor":[66,66,66,66,66,66,66,66,66,66,66,66,66,66,66,79,79,87,94,96,96,107,107,118,131,132,138,138,155,157,172,172,192,169,171,183,183,191,201,214,214,231,231,245,245,259,276,276,276,292,300,300,300,1687,1711,1805],"card_choices":[{"not_picked":["Noxious Fumes","Distraction","Bouncing Flask"],"picked":"SKIP","floor":1.0},{"not_picked":["AT_WindRun","A Thousand Cuts","REME_ShadowStrike"],"picked":"SKIP","floor":2.0},{"not_picked":["All Out Attack","Noxious Fumes"],"picked":"Bomb","floor":5.0},{"not_picked":["Slice","Storm of Steel","Night Terror"],"picked":"SKIP","floor":6.0},{"not_picked":["Bane","PiercingWail","Poisoned Stab"],"picked":"SKIP","floor":8.0},{"not_picked":["Slice","Deadly Poison"],"picked":"Cloak And Dagger","floor":11.0},{"not_picked":["Infinite Blades","Well Laid Plans"],"picked":"Acrobatics","floor":12.0},{"not_picked":["AT_WindFlip","Cloak And Dagger"],"picked":"Bomb","floor":13.0},{"not_picked":["Grand Finale","A Thousand Cuts"],"picked":"Tools of the Trade","floor":16.0},{"not_picked":["Blur","Infinite Blades"],"picked":"Prepared","floor":18.0},{"not_picked":["Deadly Poison","Quick Slash"],"picked":"REME_GreenPollution","floor":22.0},{"not_picked":["Leg Sweep","Poisoned Stab+1"],"picked":"Escape Plan","floor":24.0},{"not_picked":["Prepared","AT_KneejerkReflex","AT_WindFlip+1"],"picked":"SKIP","floor":25.0},{"not_picked":["AT_Desolate","Skewer","Predator"],"picked":"SKIP","floor":27.0},{"not_picked":["PiercingWail","Concentrate+1","Dagger Spray"],"picked":"Prepared+1","floor":29.0},{"not_picked":["Noxious Fumes","A Thousand Cuts","PiercingWail"],"picked":"SKIP","floor":31.0},{"not_picked":["REME_GreenPollution","Acrobatics","AT_WindRun"],"picked":"SKIP","floor":35.0},{"not_picked":["Eviscerate+1","All Out Attack","Deflect"],"picked":"SKIP","floor":36.0},{"not_picked":["Acrobatics","Slice","Endless Agony"],"picked":"SKIP","floor":38.0},{"not_picked":["Escape Plan+1","Outmaneuver","Bane+1"],"picked":"SKIP","floor":39.0},{"not_picked":["Blade Dance","Dagger Throw"],"picked":"After Image","floor":40.0},{"not_picked":["Blade Dance","Prepared","PiercingWail+1"],"picked":"SKIP","floor":42.0},{"not_picked":["Dagger Throw","Bane","Expertise"],"picked":"SKIP","floor":44.0},{"not_picked":["Calculated Gamble","Quick Slash","Dash"],"picked":"SKIP","floor":46.0},{"not_picked":["Deflect","AT_WindRun+1","Dagger Throw"],"picked":"SKIP","floor":47.0},{"not_picked":["PiercingWail","AT_FocusSwordFire","Acrobatics"],"picked":"SKIP","floor":55}],"player_experience":631710,"relics_obtained":[{"floor":6.0,"key":"Gremlin Horn"},{"floor":9.0,"key":"SalivaCoin"},{"floor":12.0,"key":"AT_SunfireAegis"},{"floor":19.0,"key":"PillsDrop"},{"floor":19.0,"key":"AT_MibuBalloonWealth"},{"floor":24.0,"key":"Art of War"},{"floor":26.0,"key":"AT_SpeedBoots"},{"floor":27.0,"key":"Lantern"},{"floor":29.0,"key":"SatanicBible"},{"floor":31.0,"key":"BloodDonationMachine"},{"floor":40.0,"key":"testmod-LifeArmor"},{"floor":42.0,"key":"Smiling Mask"},{"floor":43.0,"key":"Bottled Flame"},{"floor":44.0,"key":"Pen Nib"},{"floor":47.0,"key":"testmod-OneHitWonder"},{"floor":48.0,"key":"AT_TimeSand"},{"floor":55,"key":"BookOfRevelations"}],"event_choices":[{"cards_removed":["Strike_G"],"damage_healed":0.0,"max_hp_gain":0.0,"max_hp_loss":0.0,"gold_gain":0.0,"event_name":"The Cleric","player_choice":"Card Removal","floor":3.0,"gold_loss":75.0,"damage_taken":0.0},{"damage_healed":0.0,"max_hp_gain":0.0,"max_hp_loss":0.0,"gold_gain":0.0,"event_name":"HidenRoomEvent","player_choice":"Fight","floor":19.0,"gold_loss":0.0,"damage_taken":0.0},{"damage_healed":0.0,"max_hp_gain":0.0,"max_hp_loss":0.0,"gold_gain":0.0,"cards_transformed":["Defend_G"],"event_name":"Transmorgrifier","player_choice":"Transformed","floor":21.0,"gold_loss":0.0,"damage_taken":0.0,"cards_obtained":["Crippling Poison"]},{"damage_healed":0.0,"max_hp_gain":0.0,"max_hp_loss":0.0,"gold_gain":0.0,"cards_transformed":["Strike_G","Defend_G"],"event_name":"Drug Dealer","player_choice":"Became Test Subject","floor":28.0,"gold_loss":0.0,"damage_taken":0.0,"cards_obtained":["AT_KneejerkReflex","Glass Knife"]},{"damage_healed":0.0,"max_hp_gain":0.0,"max_hp_loss":0.0,"gold_gain":0.0,"event_name":"Tomb of Lord Red Mask","player_choice":"Ignored","floor":45.0,"gold_loss":0.0,"damage_taken":0.0}],"is_beta":true,"boss_relics":[{"not_picked":["Snecko Eye","Ectoplasm"],"picked":"AT_TrinityForce"},{"not_picked":[]},{"not_picked":["Ring of the Serpent","Velvet Choker"],"picked":"testmod-Prudence"},{"not_picked":[]}],"items_purged_floors":[30,34,37,54],"is_endless":false,"potions_floor_spawned":[2,6,12,13,16,24,25,31,35,39,40,44,46,55],"ascension_level":20}}