{"host":"3l94tha3a4jgu0q4","time":1611042160,"event":{"mods":["2.2 Compatiblity","AchievementEnabler","BaseMod","Colored Map","Colored Powertips","Highlight Path","Minty Spire (QoL Compilation)","Permanent Neow","StSLib","SuperFastMode","The IronCluck","slay the spire mod where everything is the same but ironclad has a cowboy hat"],"gold_per_floor":[113,113,130,147,147,181,181,210,262,296,61,3,35,50,50,121,121,134,134,161,161,161,161,189,208,231,231,243,253,95,122,122,193,193,206,206,219,219,231,249,13,27,101,101,128,128,350,384,384,384,384,384,7,32,32],"floor_reached":56,"language":"ENG","playtime":2090,"items_purged":["Strike_P","Strike_P","Strike_P+1","Defend_P"],"score":2403,"play_id":"946e62a6-6bf8-4aa1-b9df-ae4d21af1ec5","local_time":"20210118234240","is_ascension_mode":true,"campfire_choices":[{"data":"Eruption","floor":7.0,"key":"SMITH"},{"data":"Wallop","floor":15.0,"key":"SMITH"},{"data":"Vault","floor":23.0,"key":"SMITH"},{"data":"LessonLearned","floor":27.0,"key":"SMITH"},{"data":"TalkToTheHand","floor":32.0,"key":"SMITH"},{"floor":44.0,"key":"RECALL"},{"data":"Study","floor":46.0,"key":"SMITH"},{"data":"Metamorphosis","floor":49.0,"key":"SMITH"},{"data":"TalkToTheHand","floor":52.0,"key":"SMITH"}],"circlet_count":0,"master_deck":["AscendersBane","Defend_P+1","Defend_P+1","Defend_P+1","Eruption+1","Vigilance+1","Wallop+1","TalkToTheHand+1","Conclude+1","Prostrate+1","Worship+1","FearNoEvil","Indignation+1","EmptyBody","CutThroughFate","Vault+1","Prostrate+1","LessonLearned+1","FlurryOfBlows","Writhe","TalkToTheHand+1","Halt+1","TalkToTheHand+1","Evaluate+1","EmptyFist","Prostrate+1","FlurryOfBlows+1","Brilliance+1","Prostrate","Metamorphosis+1","WaveOfTheHand","FlurryOfBlows+1","Pray+1","Pray","WheelKick+1","Prostrate","Study+1","Wallop+1","Wallop+1","EmptyMind"],"relics":["SlaversCollar","Question Card","MealTicket","Whetstone","FossilizedHelix","TeardropLocket","Juzu Bracelet","Runic Pyramid","Red Mask","Gremlin Horn","Eternal Feather","Smiling Mask","Molten Egg 2","Sozu","Bag of Marbles","Oddly Smooth Stone","Torii","Bag of Preparation"],"acts_visited":["Exordium","TheCity","TheBeyond","TheEnding"],"potions_floor_usage":[],"damage_taken":[{"damage":1.0,"enemies":"Small Slimes","floor":1.0,"turns":5.0},{"damage":1.0,"enemies":"Cultist","floor":3.0,"turns":4.0},{"damage":1.0,"enemies":"2 Louse","floor":4.0,"turns":3.0},{"damage":0.0,"enemies":"Lagavulin","floor":6.0,"turns":7.0},{"damage":7.0,"enemies":"3 Sentries","floor":8.0,"turns":3.0},{"damage":20.0,"enemies":"Lagavulin","floor":10.0,"turns":5.0},{"damage":0.0,"enemies":"Gremlin Nob","floor":13.0,"turns":3.0},{"damage":0.0,"enemies":"Looter","floor":14.0,"turns":2.0},{"damage":1.0,"enemies":"The Guardian","floor":16.0,"turns":10.0},{"damage":11.0,"enemies":"2 Thieves","floor":18.0,"turns":5.0},{"damage":6.0,"enemies":"Masked Bandits","floor":20.0,"turns":5.0},{"damage":7.0,"enemies":"Slavers","floor":24.0,"turns":5.0},{"damage":0.0,"enemies":"Shell Parasite","floor":25.0,"turns":6.0},{"damage":17.0,"enemies":"Snake Plant","floor":28.0,"turns":5.0},{"damage":0.0,"enemies":"Cultist and Chosen","floor":29.0,"turns":7.0},{"damage":0.0,"enemies":"Book of Stabbing","floor":31.0,"turns":6.0},{"damage":24.0,"enemies":"Collector","floor":33.0,"turns":11.0},{"damage":0.0,"enemies":"3 Shapes","floor":35.0,"turns":7.0},{"damage":28.0,"enemies":"3 Darklings","floor":37.0,"turns":4.0},{"damage":36.0,"enemies":"Writhing Mass","floor":39.0,"turns":6.0},{"damage":0.0,"enemies":"Jaw Worm Horde","floor":40.0,"turns":5.0},{"damage":0.0,"enemies":"3 Darklings","floor":42.0,"turns":6.0},{"damage":0.0,"enemies":"Giant Head","floor":45.0,"turns":7.0},{"damage":6.0,"enemies":"Reptomancer","floor":48.0,"turns":7.0},{"damage":17.0,"enemies":"Donu and Deca","floor":50.0,"turns":7.0},{"damage":49,"enemies":"Shield and Spear","floor":54,"turns":6},{"damage":69,"enemies":"The Heart","floor":55,"turns":9}],"seed_played":"3649390799155940521","potions_obtained":[{"floor":4.0,"key":"ColorlessPotion"},{"floor":8.0,"key":"CultistPotion"},{"floor":16.0,"key":"FairyPotion"},{"floor":20.0,"key":"ColorlessPotion"},{"floor":25.0,"key":"Strength Potion"},{"floor":29.0,"key":"SpeedPotion"},{"floor":31.0,"key":"Explosive Potion"}],"is_trial":false,"path_per_floor":["M","?","M","M","?","E","R","E","T","E","$","?","E","M","R","B",null,"M","?","?","?","?","R","E","M","T","R","M","M","$","E","R","B",null,"M","?","M","?","M","M","$","M","T","R","E","R","?","E","R","B",null,"R","$","E","B",null],"character_chosen":"WATCHER","items_purchased":["FearNoEvil","Indignation","EmptyFist","Prostrate","WheelKick+1","Prostrate","Study","Torii"],"campfire_rested":0,"item_purchase_floors":[11,11,30,30,41,41,41,53],"current_hp_per_floor":[60,65,64,63,68,68,68,61,61,41,56,56,56,56,56,55,69,58,58,52,52,52,52,45,45,45,60,43,43,58,58,73,49,67,67,67,39,39,3,3,18,18,18,39,39,63,63,57,73,56,69,73,73,24,13],"gold":32,"neow_bonus":"BOSS_RELIC","is_daily":false,"chose_seed":false,"campfire_upgraded":8,"win_rate":0.0,"timestamp":1611042160,"path_taken":["M","?","?","M","?","E","R","E","T","E","$","?","E","M","R","BOSS","M","?","?","?","?","R","E","M","T","R","M","M","$","E","R","BOSS","M","?","M","?","M","M","$","M","T","R","E","R","?","E","R","BOSS","R","$","E","BOSS"],"items_purchased_type":["Card","Card","Card","Card","Card","Card","Card","Relic"],"build_version":"2020-12-22","purchased_purges":4,"victory":true,"max_hp_per_floor":[68,68,68,68,73,73,73,73,73,73,73,73,73,73,73,73,73,73,73,73,73,73,73,73,73,73,73,73,73,73,73,73,73,73,73,73,73,73,73,73,73,73,73,73,73,73,73,73,73,73,73,73,73,73,73],"card_choices":[{"not_picked":["Fasting2","Halt"],"picked":"Evaluate","floor":1.0},{"not_picked":["CrushJoints","BowlingBash"],"picked":"Wallop","floor":3.0},{"not_picked":["Study","ThirdEye"],"picked":"TalkToTheHand","floor":4.0},{"not_picked":["ThirdEye","ClearTheMind"],"picked":"Conclude","floor":6.0},{"not_picked":["EmptyFist","PathToVictory","Conclude"],"picked":"Prostrate","floor":8.0},{"not_picked":["PathToVictory","Vengeance","Conclude"],"picked":"Worship","floor":10.0},{"not_picked":["CutThroughFate","Scrawl","Adaptation"],"picked":"EmptyBody","floor":13.0},{"not_picked":["EmptyFist","CrushJoints","SashWhip"],"picked":"CutThroughFate","floor":14.0},{"not_picked":["Ragnarok","ConjureBlade","DeusExMachina"],"picked":"Vault","floor":16.0},{"not_picked":["JustLucky","Protect","Consecrate"],"picked":"Prostrate","floor":18.0},{"not_picked":["SashWhip","Pray","Study"],"picked":"FlurryOfBlows","floor":20.0},{"not_picked":["CarveReality","JustLucky+1","Judgement"],"picked":"TalkToTheHand","floor":24.0},{"not_picked":["Evaluate","Collect","Consecrate"],"picked":"Halt","floor":25.0},{"not_picked":["CutThroughFate","Crescendo","FlyingSleeves"],"picked":"TalkToTheHand","floor":28.0},{"not_picked":["JustLucky","Fasting2","CutThroughFate"],"picked":"Evaluate+1","floor":29.0},{"not_picked":["TalkToTheHand+1","SashWhip+1","Ragnarok+1"],"picked":"FlurryOfBlows+1","floor":31.0},{"not_picked":["MasterReality","Blasphemy","Omniscience"],"picked":"Brilliance+1","floor":33.0},{"not_picked":["BowlingBash+1","WindmillStrike+1","CarveReality+1"],"picked":"Prostrate","floor":35.0},{"not_picked":["Panacea","Sadistic Nature","Swift Strike+1"],"picked":"Metamorphosis","floor":36.0},{"not_picked":["PathToVictory","ThirdEye","Prostrate"],"picked":"WaveOfTheHand","floor":37.0},{"not_picked":["ThirdEye","CutThroughFate+1","Meditate"],"picked":"Pray","floor":39.0},{"not_picked":["LikeWater","ThirdEye","BattleHymn"],"picked":"Pray","floor":40.0},{"not_picked":["Evaluate","BowlingBash+1","SashWhip+1"],"picked":"Wallop+1","floor":42.0},{"not_picked":["Study","SashWhip+1","CrushJoints+1"],"picked":"Wallop+1","floor":45.0},{"not_picked":["SashWhip+1","Swivel","BowlingBash+1","Scrawl"],"picked":"SKIP","floor":48.0},{"not_picked":["DeceiveReality+1","FollowUp+1","CrushJoints+1"],"picked":"EmptyMind","floor":54}],"player_experience":1950390,"relics_obtained":[{"floor":6.0,"key":"Question Card"},{"floor":8.0,"key":"MealTicket"},{"floor":9.0,"key":"Whetstone"},{"floor":10.0,"key":"FossilizedHelix"},{"floor":13.0,"key":"Juzu Bracelet"},{"floor":20.0,"key":"Red Mask"},{"floor":24.0,"key":"Eternal Feather"},{"floor":26.0,"key":"Smiling Mask"},{"floor":31.0,"key":"Molten Egg 2"},{"floor":45.0,"key":"Bag of Marbles"},{"floor":48.0,"key":"Oddly Smooth Stone"},{"floor":54,"key":"Bag of Preparation"}],"event_choices":[{"cards_removed":["Evaluate"],"damage_healed":5.0,"max_hp_gain":0.0,"max_hp_loss":0.0,"gold_gain":0.0,"event_name":"Bonfire Elementals","player_choice":"Offered Common","floor":2.0,"gold_loss":0.0,"damage_taken":0.0},{"cards_removed":["Evaluate"],"damage_healed":5.0,"max_hp_gain":0.0,"max_hp_loss":0.0,"gold_gain":0.0,"event_name":"Bonfire Elementals","player_choice":"Offered Special","floor":2.0,"gold_loss":0.0,"damage_taken":0.0},{"damage_healed":0.0,"max_hp_gain":5.0,"max_hp_loss":0.0,"gold_gain":0.0,"event_name":"Big Fish","player_choice":"Donut","floor":5.0,"gold_loss":0.0,"damage_taken":0.0},{"damage_healed":0.0,"max_hp_gain":0.0,"max_hp_loss":0.0,"gold_gain":0.0,"event_name":"WeMeetAgain","player_choice":"Paid Gold","floor":12.0,"gold_loss":58.0,"damage_taken":0.0,"relics_obtained":["TeardropLocket"]},{"damage_healed":0.0,"max_hp_gain":0.0,"max_hp_loss":0.0,"gold_gain":0.0,"event_name":"Match and Keep!","player_choice":"1 cards matched","floor":19.0,"gold_loss":0.0,"damage_taken":0.0,"cards_obtained":["LessonLearned"]},{"damage_healed":0.0,"max_hp_gain":0.0,"max_hp_loss":0.0,"gold_gain":0.0,"event_name":"Masked Bandits","player_choice":"Fought Bandits","floor":20.0,"gold_loss":0.0,"damage_taken":0.0},{"damage_healed":0.0,"max_hp_gain":0.0,"max_hp_loss":0.0,"gold_gain":0.0,"event_name":"The Mausoleum","player_choice":"Opened","floor":21.0,"gold_loss":0.0,"damage_taken":0.0,"relics_obtained":["Gremlin Horn"],"cards_obtained":["Writhe"]},{"damage_healed":0.0,"max_hp_gain":0.0,"max_hp_loss":0.0,"gold_gain":0.0,"event_name":"Ghosts","player_choice":"Ignored","floor":22.0,"gold_loss":0.0,"damage_taken":0.0},{"damage_healed":0.0,"max_hp_gain":0.0,"max_hp_loss":0.0,"gold_gain":0.0,"event_name":"SensoryStone","player_choice":"Memory 1","floor":36.0,"gold_loss":0.0,"damage_taken":0.0},{"damage_healed":0.0,"max_hp_gain":0.0,"max_hp_loss":0.0,"gold_gain":0.0,"cards_transformed":["Strike_P"],"event_name":"Transmorgrifier","player_choice":"Transformed","floor":38.0,"gold_loss":0.0,"damage_taken":0.0,"cards_obtained":["FlurryOfBlows"]},{"damage_healed":0.0,"max_hp_gain":0.0,"max_hp_loss":0.0,"gold_gain":222.0,"event_name":"Tomb of Lord Red Mask","player_choice":"Wore Mask","floor":47.0,"gold_loss":0.0,"damage_taken":0.0}],"is_beta":false,"boss_relics":[{"not_picked":["Cursed Key","Snecko Eye"],"picked":"Runic Pyramid"},{"not_picked":["Fusion Hammer","Tiny House"],"picked":"Sozu"}],"items_purged_floors":[11,30,41,53],"is_endless":false,"potions_floor_spawned":[4,8,16,20,25,29,31,37,40,42,48,54],"ascension_level":17}}