{"host":"6z37w3v1wo6fteqs","time":1611038582,"event":{"mods":["AchievementEnabler","BaseMod","Minty Spire (QoL Compilation)","Relic Stats"],"gold_per_floor":[109,126,136,311,33,58,58,85,85,85,115,131,131,131,131,234,234,246,57,72,89,89,119,119,152,175,202,202,219,254,274,274,369,369,381,398,298,313,313,313,344,344,344,71,87,112,112,147,147,147,147,147,99,128,128],"floor_reached":56,"language":"ENG","playtime":5213,"items_purged":["Doubt","Strike_R","Strike_R"],"score":1593,"play_id":"8e670a19-fe5a-44e9-bc00-078d616fad4e","local_time":"20210118224302","is_ascension_mode":true,"campfire_choices":[{"data":"Armaments","floor":7,"key":"SMITH"},{"data":"Perfected Strike","floor":10,"key":"SMITH"},{"data":"Perfected Strike","floor":13,"key":"SMITH"},{"data":"Bash","floor":15,"key":"SMITH"},{"data":"Warcry","floor":24,"key":"SMITH"},{"data":"Demon Form","floor":28,"key":"SMITH"},{"data":"Ghostly","floor":32,"key":"SMITH"},{"data":"Feel No Pain","floor":40,"key":"SMITH"},{"data":"Feel No Pain","floor":42,"key":"SMITH"},{"floor":47,"key":"RECALL"},{"data":"Ghostly","floor":49,"key":"SMITH"},{"data":"Ghostly","floor":52,"key":"SMITH"}],"circlet_count":0,"master_deck":["Strike_R","Strike_R","Strike_R","Defend_R","Defend_R","Defend_R","Defend_R","Bash+1","The Bomb","Perfected Strike+1","Armaments+1","Headbutt","Perfected Strike+1","Pommel Strike","Twin Strike","Ghostly Armor","Dropkick","Demon Form+1","Armaments+1","Thunderclap","Clothesline","Ghostly+1","Ghostly+1","Ghostly+1","Ghostly","Ghostly","Warcry+1","Limit Break+1","Feel No Pain+1","Seeing Red+1","Feel No Pain+1","Uppercut+1","Heavy Blade+1","Shockwave+1","Shrug It Off","Feel No Pain+1"],"relics":["Burning Blood","Happy Flower","Mummified Hand","Bottled Lightning","Potion Belt","Sozu","Centennial Puzzle","Pen Nib","Bronze Scales","Bag of Preparation","Oddly Smooth Stone","Eternal Feather","Runic Pyramid","Lantern","Paper Frog","Bag of Marbles","Incense Burner","Ancient Tea Set","Anchor"],"acts_visited":["Exordium","TheCity","TheBeyond","TheEnding"],"potions_floor_usage":[8],"damage_taken":[{"damage":2,"enemies":"2 Louse","floor":1,"turns":3},{"damage":0,"enemies":"Cultist","floor":2,"turns":2},{"damage":12,"enemies":"Small Slimes","floor":3,"turns":3},{"damage":18,"enemies":"Lagavulin","floor":6,"turns":7},{"damage":0,"enemies":"Gremlin Nob","floor":8,"turns":2},{"damage":13,"enemies":"3 Sentries","floor":11,"turns":5},{"damage":4,"enemies":"Gremlin Gang","floor":12,"turns":6},{"damage":19,"enemies":"The Guardian","floor":16,"turns":10},{"damage":15,"enemies":"Shell Parasite","floor":18,"turns":4},{"damage":10,"enemies":"2 Thieves","floor":20,"turns":4},{"damage":12,"enemies":"Snake Plant","floor":21,"turns":3},{"damage":10,"enemies":"Slavers","floor":23,"turns":8},{"damage":7,"enemies":"Gremlin Leader","floor":25,"turns":8},{"damage":0,"enemies":"Slavers","floor":27,"turns":3},{"damage":0,"enemies":"Cultist and Chosen","floor":29,"turns":3},{"damage":6,"enemies":"Book of Stabbing","floor":30,"turns":3},{"damage":1,"enemies":"Snecko","floor":31,"turns":4},{"damage":11,"enemies":"Champ","floor":33,"turns":8},{"damage":2,"enemies":"3 Darklings","floor":35,"turns":4},{"damage":0,"enemies":"3 Shapes","floor":36,"turns":5},{"damage":2,"enemies":"3 Darklings","floor":38,"turns":6},{"damage":0,"enemies":"Reptomancer","floor":41,"turns":6},{"damage":12,"enemies":"Sphere and 2 Shapes","floor":45,"turns":5},{"damage":0,"enemies":"Nemesis","floor":46,"turns":7},{"damage":0,"enemies":"Giant Head","floor":48,"turns":5},{"damage":0,"enemies":"Donu and Deca","floor":50,"turns":11},{"damage":0,"enemies":"Shield and Spear","floor":54,"turns":12},{"damage":4,"enemies":"The Heart","floor":55,"turns":11}],"seed_played":"-2317120670841509958","potions_obtained":[{"floor":3,"key":"Block Potion"},{"floor":6,"key":"BlessingOfTheForge"},{"floor":8,"key":"SkillPotion"}],"is_trial":false,"path_per_floor":["M","M","M","?","$","E","R","E","T","R","E","M","R","?","R","B",null,"M","$","M","M","?","E","R","E","T","E","R","M","E","M","R","B",null,"M","M","$","M","?","R","E","R","T","$","M","E","R","E","R","B",null,"R","$","E","B",null],"character_chosen":"IRONCLAD","items_purchased":["Happy Flower","Energy Potion","Centennial Puzzle","Thunderclap","Bag of Marbles","Shrug It Off"],"campfire_rested":0,"item_purchase_floors":[5,5,19,19,44,53],"current_hp_per_floor":[72,72,66,66,66,54,54,60,60,60,53,55,55,55,55,42,72,63,63,59,53,36,32,32,31,31,36,36,36,36,36,36,31,36,36,36,36,36,36,36,36,36,36,36,30,36,36,36,36,36,36,36,36,36,36],"gold":128,"neow_bonus":"RANDOM_COLORLESS_2","is_daily":false,"chose_seed":false,"campfire_upgraded":11,"win_rate":0.0,"timestamp":1611038582,"path_taken":["M","M","M","?","$","E","R","E","T","R","E","M","R","?","R","BOSS","M","$","M","M","?","E","R","E","T","E","R","M","E","M","R","BOSS","M","M","$","M","?","R","E","R","T","$","?","E","R","E","R","BOSS","R","$","E","BOSS"],"items_purchased_type":["Relic","Potion","Relic","Card","Relic","Card"],"build_version":"2020-12-22","purchased_purges":3,"victory":true,"max_hp_per_floor":[72,72,72,72,72,72,72,72,72,72,72,72,72,72,72,72,72,72,72,72,72,36,36,36,36,36,36,36,36,36,36,36,36,36,36,36,36,36,36,36,36,36,36,36,36,36,36,36,36,36,36,36,36,36,36],"relic_stats":{"Sozu":8,"Centennial Puzzle":[33],"Happy Flower":[50],"counters":[28,158],"Mummified Hand":[38],"Bronze Scales":[356],"Eternal Feather":0,"Pen Nib":[14],"Bag of Preparation":[30],"obtain_stats":[{"Potion Belt":11,"Lantern":41,"Happy Flower":5,"Oddly Smooth Stone":27,"Eternal Feather":30,"Pen Nib":23,"Bag of Preparation":26,"Incense Burner":46,"Ancient Tea Set":48,"Burning Blood":0,"Sozu":17,"Centennial Puzzle":19,"Anchor":54,"Mummified Hand":6,"Bronze Scales":25,"Bag of Marbles":44,"Bottled Lightning":8,"Runic Pyramid":34,"Paper Frog":43},{"Potion Belt":6,"Lantern":22,"Happy Flower":3,"Oddly Smooth Stone":14,"Eternal Feather":16,"Pen Nib":12,"Bag of Preparation":13,"Incense Burner":24,"Ancient Tea Set":25,"Burning Blood":0,"Sozu":8,"Centennial Puzzle":9,"Anchor":27,"Mummified Hand":4,"Bronze Scales":13,"Bag of Marbles":22,"Bottled Lightning":5,"Runic Pyramid":18,"Paper Frog":22},{"Potion Belt":22,"Lantern":107,"Happy Flower":8,"Oddly Smooth Stone":68,"Eternal Feather":74,"Pen Nib":57,"Bag of Preparation":65,"Incense Burner":119,"Ancient Tea Set":124,"Burning Blood":0,"Sozu":38,"Centennial Puzzle":42,"Anchor":147,"Mummified Hand":15,"Bronze Scales":65,"Bag of Marbles":107,"Bottled Lightning":17,"Runic Pyramid":86,"Paper Frog":107}],"Burning Blood":106},"card_choices":[{"not_picked":["Transmutation","Secret Weapon"],"picked":"The Bomb","floor":0},{"not_picked":["Battle Trance","Intimidate"],"picked":"Perfected Strike","floor":1},{"not_picked":["Uppercut","Entrench"],"picked":"Armaments","floor":2},{"not_picked":["Clash","Armaments"],"picked":"Headbutt","floor":3},{"not_picked":["Brutality","Dual Wield"],"picked":"Perfected Strike","floor":6},{"not_picked":["Fire Breathing","Infernal Blade"],"picked":"Pommel Strike","floor":8},{"not_picked":["Heavy Blade","Headbutt"],"picked":"Twin Strike","floor":11},{"not_picked":["Armaments","Combust"],"picked":"Ghostly Armor","floor":12},{"not_picked":["Feed","Double Tap"],"picked":"Demon Form","floor":16},{"not_picked":["Cleave+1","Whirlwind"],"picked":"Armaments+1","floor":18},{"not_picked":["Blood for Blood","Heavy Blade"],"picked":"Clothesline","floor":20},{"not_picked":["Blood for Blood","Iron Wave","Flex"],"picked":"SKIP","floor":21},{"not_picked":["Burning Pact","Berserk"],"picked":"Warcry","floor":23},{"not_picked":["Twin Strike","Anger","Iron Wave"],"picked":"SKIP","floor":25},{"not_picked":["Reckless Charge","Pummel","Anger+1"],"picked":"SKIP","floor":27},{"not_picked":["Clothesline","Perfected Strike","Thunderclap"],"picked":"SKIP","floor":29},{"not_picked":["Headbutt","Double Tap","Infernal Blade"],"picked":"SKIP","floor":30},{"not_picked":["Thunderclap","Headbutt","Clothesline"],"picked":"SKIP","floor":31},{"not_picked":["Demon Form","Juggernaut"],"picked":"Limit Break","floor":33},{"not_picked":["Iron Wave+1","Intimidate"],"picked":"Feel No Pain","floor":35},{"not_picked":["Battle Trance+1","Shrug It Off+1"],"picked":"Seeing Red+1","floor":36},{"not_picked":["Dual Wield+1","Intimidate+1"],"picked":"Feel No Pain","floor":38},{"not_picked":["Perfected Strike+1","Headbutt"],"picked":"Uppercut+1","floor":41},{"not_picked":["Warcry","Dark Embrace"],"picked":"Heavy Blade+1","floor":45},{"not_picked":["Double Tap","Thunderclap"],"picked":"Shockwave+1","floor":46},{"not_picked":["Intimidate","Sword Boomerang","Blood for Blood"],"picked":"SKIP","floor":48},{"not_picked":["Perfected Strike","Whirlwind+1"],"picked":"Feel No Pain+1","floor":54}],"player_experience":18545,"relics_obtained":[{"floor":6,"key":"Mummified Hand"},{"floor":8,"key":"Bottled Lightning"},{"floor":11,"key":"Potion Belt"},{"floor":23,"key":"Pen Nib"},{"floor":25,"key":"Bronze Scales"},{"floor":26,"key":"Bag of Preparation"},{"floor":27,"key":"Oddly Smooth Stone"},{"floor":30,"key":"Eternal Feather"},{"floor":41,"key":"Lantern"},{"floor":43,"key":"Paper Frog"},{"floor":46,"key":"Incense Burner"},{"floor":48,"key":"Ancient Tea Set"},{"floor":54,"key":"Anchor"}],"event_choices":[{"damage_healed":0,"gold_gain":175,"player_choice":"AGREE","damage_taken":0,"max_hp_gain":0,"max_hp_loss":0,"event_name":"Liars Game","floor":4,"gold_loss":0,"cards_obtained":["Doubt"]},{"damage_healed":0,"gold_gain":0,"player_choice":"1 cards matched","damage_taken":0,"max_hp_gain":0,"max_hp_loss":0,"event_name":"Match and Keep!","floor":14,"gold_loss":0,"cards_obtained":["Dropkick"]},{"damage_healed":0,"gold_gain":0,"player_choice":"Became a Ghost","damage_taken":0,"max_hp_gain":0,"max_hp_loss":36,"event_name":"Ghosts","floor":22,"gold_loss":0,"cards_obtained":["Ghostly","Ghostly","Ghostly","Ghostly","Ghostly"]},{"damage_healed":0,"gold_gain":0,"player_choice":"Forge","damage_taken":0,"max_hp_gain":0,"max_hp_loss":0,"event_name":"Accursed Blacksmith","floor":39,"gold_loss":0,"cards_upgraded":["Limit Break"]}],"is_beta":false,"boss_relics":[{"not_picked":["Runic Cube","SacredBark"],"picked":"Sozu"},{"not_picked":["Fusion Hammer","Busted Crown"],"picked":"Runic Pyramid"}],"items_purged_floors":[5,37,44],"is_endless":false,"potions_floor_spawned":[3,6,8,23,27,30,33,36,38,41,48],"ascension_level":1}}