{"host":"tyeg9214rgutn7tb","time":1611075318,"event":{"mods":["BaseMod","Colored Map","Custom Start","Downfall","Minty Spire (QoL Compilation)","StSLib"],"gold_per_floor":[99,119,138,138,152,183,183,183,211,229,256,156,156,171,181,276,276,276,294,204,274,14,110,110,120,170,70,97,97,165,215,230,331,331,331,381,393,443,463,538,538,588,658,695,695,722,622,672,685,685,685,720,17,17,17,17,17,17],"floor_reached":56,"language":"ENG","playtime":3143,"items_purged":["bronze:Strike","bronze:Strike"],"score":1034,"play_id":"7152abe8-f901-4b43-b529-1d1e553e2dd5","local_time":"20210119175518","is_ascension_mode":true,"campfire_choices":[{"data":"bronze:Replicate","floor":1,"key":"SMITH"},{"data":"bronze:Strike","floor":12,"key":"PURGE"},{"data":"bronze:ShipIt","floor":18,"key":"SMITH"},{"floor":27,"key":"REST"},{"data":"bronze:Deprecate","floor":29,"key":"SMITH"},{"data":"bronze:Mutator","floor":35,"key":"SMITH"},{"floor":45,"key":"RECALL"},{"floor":47,"key":"REST"},{"floor":54,"key":"REST"}],"circlet_count":0,"master_deck":["bronze:Defend","bronze:Defend","bronze:Replicate+1","bronze:Goto+1","bronze:Deprecate+1","bronze:Branch","bronze:BronzeArmor","bronze:ItsAFeature","bronze:Iterate","bronze:Philosophize","bronze:ShipIt+1","bronze:Terminator+1","bronze:BugBarrage+1","bronze:FunctionCard","bronze:Return+1","Necronomicurse","bronze:Mutator+1","bronze:BuggyMess","bronze:Constructor+1","bronze:ItsAFeature","bronze:HardenedForm"],"relics":["bronze:BronzeCore","Guardian:GemstoneGun","TungstenRod","Meat on the Bone","Peace Pipe","Mango","downfall:HeartBlessingGreen","SsserpentHead","bronze:MakeshiftBattery","Orrery","champ:DuelingGlove","downfall:HeartBlessingBlue","The Courier","Necronomicon","sneckomod:SneckoTalon","Happy Flower","CeramicFish","Question Card","Bottled Flame","downfall:HeartBlessingRed","Guardian:BottledAnomaly","Turnip","Anchor"],"acts_visited":["Exordium","TheCity","TheBeyond","TheEnding"],"potions_floor_usage":[6,19,28,33,56,56,56],"damage_taken":[{"damage":0,"enemies":"Jaw Worm","floor":2,"turns":3},{"damage":0,"enemies":"Small Slimes","floor":3,"turns":2},{"damage":0,"enemies":"2 Louse","floor":5,"turns":2},{"damage":4,"enemies":"Lagavulin","floor":6,"turns":5},{"damage":13,"enemies":"3 Sentries","floor":9,"turns":7},{"damage":5,"enemies":"Gremlin Gang","floor":10,"turns":4},{"damage":19,"enemies":"Lagavulin","floor":11,"turns":8},{"damage":0,"enemies":"Lots of Slimes","floor":14,"turns":4},{"damage":3,"enemies":"Large Slime","floor":15,"turns":5},{"damage":21,"enemies":"WA_ARCHETYPE_RETAIN","floor":16,"turns":7},{"damage":8,"enemies":"Shell Parasite","floor":19,"turns":5},{"damage":0,"enemies":"downfall:FleeingMerchant","floor":20,"turns":4},{"damage":0,"enemies":"3 Byrds","floor":21,"turns":4},{"damage":4,"enemies":"downfall:FleeingMerchant","floor":22,"turns":4},{"damage":23,"enemies":"Centurion and Healer","floor":25,"turns":7},{"damage":4,"enemies":"Gremlin Leader","floor":28,"turns":5},{"damage":1,"enemies":"Shelled Parasite and Fungi","floor":30,"turns":3},{"damage":0,"enemies":"Chosen and Byrds","floor":32,"turns":1},{"damage":21,"enemies":"DF_ARCHETYPE_CLAW","floor":33,"turns":6},{"damage":1,"enemies":"3 Shapes","floor":37,"turns":4},{"damage":23,"enemies":"Orb Walker","floor":39,"turns":3},{"damage":13,"enemies":"4 Shapes","floor":43,"turns":5},{"damage":1,"enemies":"Giant Head","floor":44,"turns":5},{"damage":0,"enemies":"Nemesis","floor":46,"turns":3},{"damage":10,"enemies":"Spire Growth","floor":49,"turns":4},{"damage":0,"enemies":"SI_POISON_ARCHETYPE","floor":50,"turns":7},{"damage":70,"enemies":"downfall:CharBossMerchant","floor":52,"turns":6},{"damage":13,"enemies":"downfall:NeowBoss","floor":55,"turns":9},{"damage":71,"enemies":"downfall:NeowBossFinal","floor":56,"turns":8}],"seed_played":"2262734312944177520","potions_obtained":[{"floor":3,"key":"hexamod:SoulburnPotion"},{"floor":11,"key":"Block Potion"},{"floor":14,"key":"hexamod:SoulburnPotion"},{"floor":19,"key":"Fruit Juice"},{"floor":25,"key":"DistilledChaos"},{"floor":28,"key":"Energy Potion"},{"floor":33,"key":"Fire Potion"}],"is_trial":false,"path_per_floor":["R","M","M","?","M","E","T","?","E","M","E","R","?","M","M","B",null,"R","M","$","M","$","T","T","M","?","R","E","R","M","?","M","B",null,"R","?","M","?","M","T","T","?","M","E","R","E","R","?","M","B",null,"E","$","R","B","B"],"character_chosen":"THE_AUTOMATON","items_purchased":["Orrery","bronze:HardenedForm","Guardian:BottledAnomaly","Turnip","Anchor","Ancient Potion","Dexterity Potion"],"campfire_rested":3,"item_purchase_floors":[22,53,53,53,53,53,53],"current_hp_per_floor":[70,70,70,67,67,63,63,63,50,45,52,52,52,52,49,40,84,84,76,76,76,72,72,72,49,49,87,83,83,82,67,67,63,99,99,99,98,98,75,75,75,75,62,61,61,61,90,90,80,80,99,41,41,70,57,0,0,0],"gold":17,"neow_bonus":"UPGRADE_CARD","is_daily":false,"chose_seed":false,"campfire_upgraded":4,"win_rate":0.0,"timestamp":1611075318,"path_taken":["R","M","M","?","M","E","T","?","E","M","E","R","?","M","M","BOSS","R","M","$","?","$","?","T","M","?","R","E","R","?","?","M","BOSS","R","?","M","?","M","?","T","?","?","E","R","E","R","?","M","BOSS","E","$","R","BOSS","BOSS"],"items_purchased_type":["Relic","Card","Relic","Relic","Relic","Potion","Potion"],"build_version":"2020-12-22","purchased_purges":2,"victory":false,"max_hp_per_floor":[70,70,70,70,70,70,70,70,70,70,84,84,84,84,84,84,84,84,84,84,84,84,84,84,84,84,94,94,94,94,94,94,99,99,99,99,99,99,99,99,99,99,99,99,99,99,99,99,99,99,99,99,99,99,99,99,99,99],"card_choices":[{"not_picked":["bronze:Branch","bronze:CutThrough"],"picked":"bronze:Deprecate","floor":2},{"not_picked":["bronze:Shield","bronze:BuggyMess"],"picked":"bronze:Branch","floor":3},{"not_picked":["bronze:Fortify","bronze:ClassDefault"],"picked":"bronze:BronzeArmor","floor":5},{"not_picked":["bronze:BugBarrage","bronze:Overheat"],"picked":"bronze:ItsAFeature","floor":6},{"not_picked":["bronze:BugBarrage","bronze:Separator"],"picked":"bronze:Iterate","floor":9},{"not_picked":["bronze:BuggyMess","bronze:Turbo","bronze:ChildClass"],"picked":"SKIP","floor":10},{"not_picked":["bronze:Shield","bronze:DelayedGuard","bronze:HardenedForm"],"picked":"SKIP","floor":11},{"not_picked":["bronze:BuggyMess","bronze:Frontload","bronze:Deprecate"],"picked":"SKIP","floor":14},{"not_picked":["bronze:BitShift","bronze:DelayedSlice"],"picked":"bronze:Philosophize","floor":15},{"not_picked":["bronze:FindAndReplace","bronze:TinkerersToolbox"],"picked":"bronze:ShipIt","floor":16},{"not_picked":["bronze:FineTuning","bronze:OilSpill","bronze:CutThrough"],"picked":"SKIP","floor":19},{"not_picked":["bronze:BitShift","bronze:Philosophize"],"picked":"bronze:Terminator+1","floor":20},{"not_picked":["bronze:CutThrough","bronze:WhirlingStrike","bronze:Shield"],"picked":"SKIP","floor":21},{"not_picked":["bronze:WildBeam","bronze:CutThrough","bronze:Safeguard"],"picked":"SKIP","floor":22},{"not_picked":["bronze:Separator+1","bronze:Virus"],"picked":"bronze:BugBarrage+1","floor":22},{"not_picked":["bronze:BuggyMess","bronze:BugBarrage"],"picked":"bronze:Hardcode","floor":22},{"not_picked":["bronze:Overload","bronze:CutThrough","bronze:BronzeOrb"],"picked":"SKIP","floor":25},{"not_picked":["bronze:CutThrough","bronze:TinkerersToolbox"],"picked":"bronze:Return+1","floor":28},{"not_picked":["bronze:Overheat","bronze:GetLatest+1","bronze:Deprecate+1"],"picked":"SKIP","floor":30},{"not_picked":["bronze:OilSpill","bronze:Return","bronze:ChildClass"],"picked":"SKIP","floor":32},{"not_picked":["bronze:Virus","bronze:InfiniteLoop"],"picked":"bronze:Mutator","floor":33},{"not_picked":["bronze:Overheat+1","bronze:WhirlingStrike+1","bronze:Invalidate+1"],"picked":"SKIP","floor":37},{"not_picked":["bronze:BugBarrage+1","bronze:Turbo+1","bronze:OilSpill+1"],"picked":"SKIP","floor":39},{"not_picked":["bronze:BugBarrage+1","bronze:BitShift+1","bronze:OilSpill+1"],"picked":"SKIP","floor":43},{"not_picked":["bronze:CutThrough+1","bronze:GetLatest"],"picked":"bronze:Constructor+1","floor":44},{"not_picked":["bronze:Repulsor","bronze:Shield","bronze:Break","bronze:WhirlingStrike+1"],"picked":"SKIP","floor":46},{"not_picked":["bronze:CutThrough+1","bronze:Turbo+1","bronze:DelayedGuard","bronze:DarkDash"],"picked":"SKIP","floor":49},{"not_picked":["bronze:ShipIt","bronze:DelayedGuard+1","bronze:Flail+1"],"picked":"bronze:ItsAFeature","floor":52}],"player_experience":693936,"relics_obtained":[{"floor":6,"key":"TungstenRod"},{"floor":7,"key":"Meat on the Bone"},{"floor":9,"key":"Peace Pipe"},{"floor":11,"key":"Mango"},{"floor":24,"key":"champ:DuelingGlove"},{"floor":28,"key":"The Courier"},{"floor":31,"key":"Necronomicon"},{"floor":40,"key":"Happy Flower"},{"floor":41,"key":"CeramicFish"},{"floor":44,"key":"Question Card"},{"floor":46,"key":"Bottled Flame"}],"event_choices":[{"damage_healed":0,"gold_gain":0,"player_choice":"Success","damage_taken":3,"relics_obtained":["Guardian:GemstoneGun"],"max_hp_gain":0,"max_hp_loss":0,"event_name":"Scrap Ooze","floor":4,"gold_loss":0},{"damage_healed":0,"gold_gain":0,"player_choice":"Trade","damage_taken":0,"relics_obtained":["SsserpentHead"],"max_hp_gain":0,"max_hp_loss":0,"event_name":"FaceTrader","floor":13,"gold_loss":0},{"cards_removed":["bronze:Strike"],"damage_healed":0,"gold_gain":0,"player_choice":"Offered Basic","damage_taken":0,"max_hp_gain":0,"max_hp_loss":0,"event_name":"Bonfire Elementals","floor":26,"gold_loss":0},{"cards_removed":["bronze:Defend"],"damage_healed":0,"gold_gain":0,"player_choice":"Removed Skill","damage_taken":0,"max_hp_gain":0,"max_hp_loss":0,"event_name":"Falling","floor":36,"gold_loss":0}],"is_beta":false,"boss_relics":[{"not_picked":["Velvet Choker","bronze:PlatinumCore"],"picked":"bronze:MakeshiftBattery"},{"not_picked":["Empty Cage","Runic Dome"],"picked":"sneckomod:SneckoTalon"}],"items_purged_floors":[20,22],"is_endless":false,"potions_floor_spawned":[3,11,14,19,25,28,33,43,44],"killed_by":"downfall:NeowBossFinal","ascension_level":4}}