{"host":"Arid","time":1611075407,"event":{"mods":["2.2 Compatiblity","AchievementEnabler","Act Like it!","BaseMod","Downfall","Hermit","Jorbs\u0027s Wanderer Trilogy","Minty Spire (QoL Compilation)","StSLib","The Runesmith"],"gold_per_floor":[99,114,125,225,135,151,151,184,84,69,69,82,182,195,210,314,314,214,228,248,264,28,38,61,46,75,90,119,131,160,190,219,331,343,355,387,419,431,36,82,82,114,14,48,202,213,213,231,250,250,250,250,250,250],"floor_reached":52,"language":"ENG","playtime":4632,"items_purged":["champ:Strike","champ:Strike"],"score":925,"play_id":"ea442328-5d30-4550-aed3-6d6610532099","local_time":"20210119115647","is_ascension_mode":true,"campfire_choices":[{"floor":1.0,"key":"RECALL"},{"data":"champ:Taunt","floor":9.0,"key":"SMITH"},{"data":"champ:SkillfulDodge","floor":11.0,"key":"SMITH"},{"data":"champ:DefensiveStyle","floor":18.0,"key":"SMITH"},{"data":"1","floor":29.0,"key":"LIFT"},{"data":"2","floor":35.0,"key":"LIFT"},{"data":"3","floor":43.0,"key":"LIFT"}],"circlet_count":0,"master_deck":["champ:Defend","champ:Defend","champ:Defend","champ:Execute","champ:Taunt+1","champ:PerfectedStrike","champ:SkillfulDodge+1","champ:StanceDance","champ:DefensiveStyle+1","champ:RageSigil","champ:ShieldSigil","champ:UltimateStance","champ:TornadoPunch","champ:HoldFirm","Apotheosis","champ:Circumvent","champ:FlashCut+1","champ:PreciseThrust+1","champ:TripleStrike","champ:Haymaker+1","champ:FalseCounter","champ:HoldFirm","champ:GladiatorForm"],"relics":["champ:ChampionCrown","StoneCalendar","Ice Cream","downfall:HeartBlessingRed","Toy Ornithopter","Coffee Dripper","downfall:HeartBlessingGreen","champ:DefensiveTrainingManual","Girya","MawBank","Empty Cage","CaptainsWheel","WingedGreaves","Anchor","downfall:HeartBlessingBlue","Regal Pillow","DollysMirror"],"acts_visited":["Exordium","TheCity","TheBeyond","TheEnding"],"potions_floor_usage":[44,44],"damage_taken":[{"damage":10.0,"enemies":"2 Louse","floor":2.0,"turns":4.0},{"damage":0.0,"enemies":"Small Slimes","floor":3.0,"turns":2.0},{"damage":10.0,"enemies":"downfall:FleeingMerchant","floor":5.0,"turns":4.0},{"damage":0.0,"enemies":"Cultist","floor":6.0,"turns":3.0},{"damage":48.0,"enemies":"Gremlin Nob","floor":8.0,"turns":5.0},{"damage":5.0,"enemies":"downfall:FleeingMerchant","floor":10.0,"turns":4.0},{"damage":10.0,"enemies":"Lots of Slimes","floor":12.0,"turns":3.0},{"damage":20.0,"enemies":"downfall:LadyInBlue","floor":13.0,"turns":7.0},{"damage":10.0,"enemies":"3 Louse","floor":14.0,"turns":3.0},{"damage":10.0,"enemies":"Exordium Thugs","floor":15.0,"turns":2.0},{"damage":44.0,"enemies":"DF_ARCHETYPE_STREAMLINE","floor":16.0,"turns":8.0},{"damage":26.0,"enemies":"Chosen","floor":19.0,"turns":4.0},{"damage":10.0,"enemies":"Spheric Guardian","floor":20.0,"turns":3.0},{"damage":12.0,"enemies":"3 Cultists","floor":21.0,"turns":4.0},{"damage":10.0,"enemies":"downfall:FleeingMerchant","floor":22.0,"turns":4.0},{"damage":20.0,"enemies":"Snake Plant","floor":23.0,"turns":3.0},{"damage":15.0,"enemies":"downfall:FleeingMerchant","floor":25.0,"turns":4.0},{"damage":73.0,"enemies":"Gremlin Leader","floor":26.0,"turns":7.0},{"damage":40.0,"enemies":"Centurion and Healer","floor":27.0,"turns":5.0},{"damage":0.0,"enemies":"Book of Stabbing","floor":28.0,"turns":3.0},{"damage":10.0,"enemies":"Cultist and Chosen","floor":30.0,"turns":4.0},{"damage":11.0,"enemies":"Shelled Parasite and Fungi","floor":31.0,"turns":4.0},{"damage":0.0,"enemies":"Snake Plant","floor":32.0,"turns":3.0},{"damage":28.0,"enemies":"IC_MUSHROOM_ARCHETYPE","floor":33.0,"turns":7.0},{"damage":10.0,"enemies":"3 Darklings","floor":36.0,"turns":4.0},{"damage":10.0,"enemies":"3 Shapes","floor":37.0,"turns":6.0},{"damage":30.0,"enemies":"downfall:FleeingMerchant","floor":39.0,"turns":4.0},{"damage":19.0,"enemies":"2 Orb Walkers","floor":40.0,"turns":5.0},{"damage":42.0,"enemies":"Reptomancer","floor":42.0,"turns":6.0},{"damage":33,"enemies":"Giant Head","floor":44,"turns":8},{"damage":0,"enemies":"downfall:FleeingMerchant","floor":45,"turns":1},{"damage":10,"enemies":"Sphere and 2 Shapes","floor":46,"turns":5},{"damage":0,"enemies":"Maw","floor":48,"turns":7},{"damage":0,"enemies":"Spire Growth","floor":49,"turns":4},{"damage":104,"enemies":"SI_POISON_ARCHETYPE","floor":50,"turns":16},{"damage":138,"enemies":"downfall:CharBossMerchant","floor":52,"turns":8}],"seed_played":"7103399245055349442","potions_obtained":[{"floor":0.0,"key":"PowerPotion"},{"floor":0.0,"key":"Swift Potion"},{"floor":0.0,"key":"champ:TechniquePotion"},{"floor":8.0,"key":"Regen Potion"},{"floor":13.0,"key":"champ:CounterPotion"},{"floor":13.0,"key":"EntropicBrew"},{"floor":16.0,"key":"SteroidPotion"},{"floor":19.0,"key":"Regen Potion"},{"floor":21.0,"key":"LiquidBronze"},{"floor":27.0,"key":"SteroidPotion"},{"floor":31.0,"key":"BlessingOfTheForge"},{"floor":40.0,"key":"DuplicationPotion"},{"floor":46,"key":"SpeedPotion"},{"floor":48,"key":"LiquidMemories"},{"floor":49,"key":"Ancient Potion"}],"is_trial":false,"path_per_floor":["R","M","M","?","$","M","T","E","R","$","R","M","?","M","M","B",null,"R","M","M","M","$","M","T","$","E","M","E","R","M","M","M","B",null,"R","M","M","?","$","?","T","E","R","E","$","M","?","M","M","B",null,"E"],"character_chosen":"THE_CHAMP","items_purchased":["Apotheosis","champ:Circumvent","CaptainsWheel","DollysMirror","bronze:BurnAndBuffPotion"],"campfire_rested":0,"item_purchase_floors":[22,22,39,45,45],"current_hp_per_floor":[90,90,90,90,90,90,90,52,52,47,47,47,62,62,62,53,90,90,89,89,82,82,82,82,82,90,90,90,90,90,79,79,76,90,90,90,90,90,90,76,76,49,59,66,66,66,66,66,66,27,100,0,0,0],"gold":250,"neow_bonus":"THREE_SMALL_POTIONS","is_daily":false,"chose_seed":false,"campfire_upgraded":3,"win_rate":0.0,"timestamp":1611075407,"path_taken":["R","M","M","?","$","M","T","E","R","$","R","M","?","M","M","BOSS","R","M","M","M","$","M","T","?","E","M","E","R","M","?","M","BOSS","R","M","M","?","$","?","T","E","R","E","$","M","?","?","M","BOSS","E"],"items_purchased_type":["Card","Card","Relic","Relic","Potion"],"build_version":"2020-12-18","purchased_purges":2,"victory":false,"max_hp_per_floor":[90,90,90,90,90,90,90,90,90,90,90,90,90,90,90,90,90,90,90,90,90,90,90,90,90,90,90,90,90,90,90,90,90,90,90,90,90,90,90,90,90,90,100,100,100,100,100,100,100,100,100,100,100,100],"card_choices":[{"not_picked":["champ:BringItOn","champ:Circumvent"],"picked":"champ:PerfectedStrike","floor":2.0},{"not_picked":["champ:FocusedDefense","champ:Lariat"],"picked":"champ:SkillfulDodge","floor":3.0},{"not_picked":["champ:ShieldSigil","champ:MurderStrike"],"picked":"champ:StanceDance","floor":5.0},{"not_picked":["champ:Haymaker","champ:Backstep","champ:DeathBlow"],"picked":"SKIP","floor":6.0},{"not_picked":["champ:BringItOn","champ:Haymaker","champ:PreemptiveStrike"],"picked":"SKIP","floor":8.0},{"not_picked":["champ:SkillfulDodge","champ:PreciseThrust"],"picked":"champ:DefensiveStyle","floor":10.0},{"not_picked":["champ:BerserkerStyle","champ:PerfectedStrike"],"picked":"champ:RageSigil","floor":12.0},{"not_picked":["champ:CrownThrow","champ:PreemptiveStrike"],"picked":"champ:ShieldSigil","floor":13.0},{"not_picked":["champ:Shatter","champ:Parry","champ:BringItOn"],"picked":"SKIP","floor":14.0},{"not_picked":["champ:DefensiveStyle","champ:SetATrap","champ:HeavySlash"],"picked":"SKIP","floor":15.0},{"not_picked":["champ:MurderStrike","champ:CheapShot"],"picked":"champ:UltimateStance","floor":16.0},{"not_picked":["champ:FocusedBerserking","champ:PreciseThrust","champ:GutPunch"],"picked":"SKIP","floor":19.0},{"not_picked":["champ:Circumvent","champ:PreciseThrust"],"picked":"champ:TornadoPunch","floor":20.0},{"not_picked":["champ:TornadoPunch","champ:PreciseThrust"],"picked":"champ:HoldFirm","floor":21.0},{"not_picked":["champ:Backstep+1","champ:EnragedBash+1","champ:CrownThrow"],"picked":"SKIP","floor":22.0},{"not_picked":["champ:CrownThrow","champ:TornadoPunch"],"picked":"champ:FlashCut+1","floor":23.0},{"not_picked":["champ:FocusedDefense","champ:FancyFootwork","champ:StanceDance"],"picked":"SKIP","floor":25.0},{"not_picked":["champ:Encircle","champ:SetATrap"],"picked":"champ:PreciseThrust+1","floor":26.0},{"not_picked":["champ:ShieldSigil","champ:GutPunch+1","champ:FocusedDefense"],"picked":"SKIP","floor":27.0},{"not_picked":["champ:StanceDance","champ:Backstep","champ:UltimateStance"],"picked":"SKIP","floor":28.0},{"not_picked":["champ:StanceDance+1","champ:FanOfKnives","champ:BerserkersShout"],"picked":"SKIP","floor":30.0},{"not_picked":["champ:DefensiveShout","champ:HeartStrike","champ:RapidStrikes"],"picked":"SKIP","floor":31.0},{"not_picked":["champ:ArenaPreparation","champ:BringItOn+1","champ:GutPunch"],"picked":"SKIP","floor":32.0},{"not_picked":["champ:Devastate","champ:HoldFirm"],"picked":"champ:TripleStrike","floor":33.0},{"not_picked":["champ:ShieldSigil","champ:Backstep+1"],"picked":"champ:Haymaker+1","floor":36.0},{"not_picked":["champ:TornadoPunch","champ:RageSigil+1","champ:FaceSlap+1"],"picked":"SKIP","floor":37.0},{"not_picked":["champ:BerserkersShout+1","champ:GutPunch+1","champ:Shatter"],"picked":"SKIP","floor":39.0},{"not_picked":["champ:StrikeOfGenius","champ:BringItOn"],"picked":"champ:FalseCounter","floor":42.0},{"not_picked":["champ:SkillfulDodge+1","champ:CrownThrow","champ:DefensiveShout"],"picked":"SKIP","floor":44},{"not_picked":["champ:Backstep+1","champ:Lariat","champ:Parry+1"],"picked":"SKIP","floor":45},{"not_picked":["champ:HeartStrike+1","champ:BerserkersShout+1","champ:Encircle+1"],"picked":"SKIP","floor":46},{"not_picked":["champ:GutPunch+1","champ:Backstep+1","champ:TornadoPunch+1"],"picked":"SKIP","floor":48},{"not_picked":["champ:Haymaker+1","champ:AdrenalArmor"],"picked":"champ:GladiatorForm","floor":49}],"player_experience":341283,"relics_obtained":[{"floor":7.0,"key":"StoneCalendar"},{"floor":8.0,"key":"Ice Cream"},{"floor":13.0,"key":"Toy Ornithopter"},{"floor":24.0,"key":"champ:DefensiveTrainingManual"},{"floor":26.0,"key":"Girya"},{"floor":28.0,"key":"MawBank"},{"floor":40.0,"key":"WingedGreaves"},{"floor":42.0,"key":"Anchor"},{"floor":44,"key":"Regal Pillow"}],"event_choices":[{"damage_healed":0.0,"max_hp_gain":0.0,"max_hp_loss":0.0,"gold_gain":0.0,"event_name":"Mysterious Sphere","player_choice":"Fight","floor":40.0,"gold_loss":0.0,"damage_taken":0.0}],"is_beta":true,"boss_relics":[{"not_picked":["Runesmith:UraniumAnvil","Tiny House"],"picked":"Coffee Dripper"},{"not_picked":["Astrolabe","Philosopher\u0027s Stone"],"picked":"Empty Cage"}],"items_purged_floors":[5,39],"is_endless":false,"potions_floor_spawned":[8,13,14,15,16,19,20,21,23,27,31,40,46,48,49],"killed_by":"downfall:CharBossMerchant","ascension_level":3}}