{"host":"r3wf7np1ri0mrd3j","time":1611043799,"event":{"mods":["AchievementEnabler","BaseMod","Minty Spire (QoL Compilation)","everything is the same but u backflip on backflip","slay the spire mod where everything is the same but ironclad has a cowboy hat"],"gold_per_floor":[144,144,189,189,234,234,279,279,304,394,439,484,574,619,619,919,919,964,1009,11,56,101,101,191,191,216,216,326,371,371,461,461,761,761,806,851,890,428,473,563,608,698,723,768,768,858,101,101,101,101],"floor_reached":51,"language":"ENG","playtime":5275,"items_purged":["Writhe"],"score":959,"play_id":"f269f68f-9b80-43a0-a537-61d4c956f271","local_time":"20210119190959","daily_mods":["Allstar","Time Dilation","Midas"],"is_ascension_mode":false,"campfire_choices":[{"floor":6.0,"key":"REST"},{"floor":8.0,"key":"REST"},{"floor":15.0,"key":"REST"},{"floor":23.0,"key":"REST"},{"floor":25.0,"key":"REST"},{"floor":30.0,"key":"REST"},{"floor":32.0,"key":"REST"},{"floor":45,"key":"REST"},{"floor":49,"key":"REST"}],"circlet_count":0,"master_deck":["Strike_P","Strike_P","Strike_P","Strike_P","Defend_P","Defend_P","Defend_P","Defend_P","Eruption","Vigilance+1","Impatience","Transmutation","Mind Blast","Secret Technique","Bandage Up+1","Prostrate","DeusExMachina","ClearTheMind","Crescendo","BattleHymn","FearNoEvil","BowlingBash","FlurryOfBlows","Prostrate","Wish","FollowUp","Halt","Crescendo","LikeWater","EmptyBody","SashWhip","Trip","Adaptation","EmptyBody+1","FlyingSleeves+1","Wallop","CrushJoints+1","DeusExMachina","Brilliance","Perseverance+1","TalkToTheHand","ClearTheMind","Mayhem","Consecrate","Vengeance","EmptyMind","ClearTheMind+1","Swivel","FlyingSleeves+1","Swivel","Tantrum","EmptyFist","JustLucky","Brilliance","Violence","MentalFortress"],"relics":["HolyWater","Boot","Damaru","Lantern","Ornamental Fan","Black Star","Yang","Ice Cream","HandDrill","Dead Branch","Question Card","Orichalcum","Mercury Hourglass","TeardropLocket","Oddly Smooth Stone","War Paint","Dream Catcher","Ginger","Kunai","HornCleat","Bottled Flame","Bottled Lightning","Vajra","Incense Burner","Bag of Preparation","Ancient Tea Set","Pen Nib","Medical Kit"],"acts_visited":["Exordium","TheCity","TheBeyond"],"potions_floor_usage":[40,42],"damage_taken":[{"damage":1.0,"enemies":"Small Slimes","floor":1.0,"turns":2.0},{"damage":0.0,"enemies":"Jaw Worm","floor":3.0,"turns":3.0},{"damage":0.0,"enemies":"2 Louse","floor":5.0,"turns":2.0},{"damage":0.0,"enemies":"2 Fungi Beasts","floor":7.0,"turns":2.0},{"damage":31.0,"enemies":"3 Sentries","floor":10.0,"turns":8.0},{"damage":9.0,"enemies":"Blue Slaver","floor":11.0,"turns":4.0},{"damage":4.0,"enemies":"Red Slaver","floor":12.0,"turns":2.0},{"damage":14.0,"enemies":"Lagavulin","floor":13.0,"turns":4.0},{"damage":0.0,"enemies":"Looter","floor":14.0,"turns":2.0},{"damage":18.0,"enemies":"Hexaghost","floor":16.0,"turns":4.0},{"damage":16.0,"enemies":"Spheric Guardian","floor":18.0,"turns":4.0},{"damage":2.0,"enemies":"3 Byrds","floor":19.0,"turns":4.0},{"damage":24.0,"enemies":"Shelled Parasite and Fungi","floor":21.0,"turns":4.0},{"damage":14.0,"enemies":"Snake Plant","floor":22.0,"turns":3.0},{"damage":13.0,"enemies":"Gremlin Leader","floor":24.0,"turns":5.0},{"damage":19.0,"enemies":"Slavers","floor":28.0,"turns":3.0},{"damage":3.0,"enemies":"Sentry and Sphere","floor":29.0,"turns":3.0},{"damage":7.0,"enemies":"Book of Stabbing","floor":31.0,"turns":3.0},{"damage":1.0,"enemies":"Champ","floor":33.0,"turns":6.0},{"damage":2,"enemies":"3 Shapes","floor":35,"turns":2},{"damage":4,"enemies":"Orb Walker","floor":36,"turns":2},{"damage":15,"enemies":"2 Orb Walkers","floor":37,"turns":2},{"damage":0,"enemies":"Transient","floor":39,"turns":5},{"damage":6,"enemies":"Nemesis","floor":40,"turns":5},{"damage":21,"enemies":"Maw","floor":41,"turns":5},{"damage":4,"enemies":"Giant Head","floor":42,"turns":6},{"damage":11,"enemies":"Writhing Mass","floor":44,"turns":4},{"damage":0,"enemies":"Reptomancer","floor":46,"turns":3},{"damage":9,"enemies":"Donu and Deca","floor":50,"turns":6}],"seed_played":"3706737729498028133","potions_obtained":[{"floor":1.0,"key":"Strength Potion"},{"floor":3.0,"key":"FearPotion"},{"floor":11.0,"key":"AttackPotion"},{"floor":16.0,"key":"Explosive Potion"},{"floor":18.0,"key":"SpeedPotion"},{"floor":22.0,"key":"DistilledChaos"},{"floor":29.0,"key":"DuplicationPotion"},{"floor":33.0,"key":"Dexterity Potion"},{"floor":39,"key":"DistilledChaos"},{"floor":41,"key":"Energy Potion"},{"floor":42,"key":"FairyPotion"}],"is_trial":false,"path_per_floor":["M","?","M","?","M","R","M","R","T","E","M","M","E","M","R","B",null,"M","M","$","M","M","R","E","R","T","?","E","M","R","E","R","B",null,"M","M","?","$","M","E","M","E","T","M","R","E","$","?","R","B",null],"character_chosen":"WATCHER","items_purchased":["Yang","Ice Cream","HandDrill","Crescendo","LikeWater","EmptyBody","SashWhip","Trip","Mayhem","Consecrate","Vengeance","EmptyMind","Ancient Tea Set","Pen Nib","Medical Kit","Brilliance","Violence"],"campfire_rested":9,"item_purchase_floors":[20,20,20,20,20,20,20,20,38,38,38,38,47,47,47,47,47],"current_hp_per_floor":[72,72,72,72,72,72,72,72,72,45,40,36,26,30,51,37,72,56,58,58,38,24,45,36,57,57,57,38,35,56,49,70,69,72,70,66,51,51,57,51,30,32,32,21,42,48,48,48,69,60],"gold":101,"neow_bonus":"","is_daily":true,"chose_seed":false,"campfire_upgraded":0,"win_rate":0.0,"timestamp":1611043799,"path_taken":["M","?","M","?","M","R","M","R","T","E","M","M","E","M","R","BOSS","M","M","$","M","M","R","E","R","T","?","E","M","R","E","R","BOSS","M","M","?","$","M","E","M","E","T","M","R","E","$","?","R","BOSS"],"items_purchased_type":["Relic","Relic","Relic","Card","Card","Card","Card","Card","Card","Card","Card","Card","Relic","Relic","Relic","Card","Card"],"build_version":"2020-12-22","purchased_purges":1,"victory":true,"max_hp_per_floor":[72,72,72,72,72,72,72,72,72,72,72,72,72,72,72,72,72,72,72,72,72,72,72,72,72,72,72,72,72,72,72,72,72,72,72,72,72,72,72,72,72,72,72,72,72,72,72,72,72,72],"card_choices":[{"not_picked":["SandsOfTime","Evaluate"],"picked":"Prostrate","floor":1.0},{"not_picked":["PathToVictory","Weave"],"picked":"DeusExMachina","floor":3.0},{"not_picked":["Wireheading","Evaluate"],"picked":"ClearTheMind","floor":5.0},{"not_picked":["Evaluate","Weave"],"picked":"Crescendo","floor":7.0},{"not_picked":["Crescendo","ThirdEye"],"picked":"BattleHymn","floor":10.0},{"not_picked":["DevaForm","FlyingSleeves"],"picked":"FearNoEvil","floor":11.0},{"not_picked":["CutThroughFate","JustLucky"],"picked":"BowlingBash","floor":12.0},{"not_picked":["EmptyBody","Perseverance"],"picked":"FlurryOfBlows","floor":13.0},{"not_picked":["FollowUp","ClearTheMind"],"picked":"Prostrate","floor":14.0},{"not_picked":["Ragnarok","Scrawl"],"picked":"Wish","floor":16.0},{"not_picked":["Crescendo","CutThroughFate+1"],"picked":"FollowUp","floor":18.0},{"not_picked":["Prostrate","CutThroughFate"],"picked":"Halt","floor":19.0},{"not_picked":["FollowUp","ClearTheMind"],"picked":"Adaptation","floor":21.0},{"not_picked":["CutThroughFate","Halt"],"picked":"EmptyBody+1","floor":22.0},{"not_picked":["ThirdEye","Halt"],"picked":"Establishment","floor":24.0},{"not_picked":["SashWhip","JustLucky","EmptyFist"],"picked":"FlyingSleeves+1","floor":28.0},{"not_picked":["Evaluate","EmptyBody","Adaptation"],"picked":"Wallop","floor":29.0},{"not_picked":["Collect","CutThroughFate","Halt"],"picked":"CrushJoints+1","floor":31.0},{"not_picked":["WreathOfFlame","CarveReality","CrushJoints"],"picked":"DeusExMachina","floor":32.0},{"not_picked":["Alpha","Establishment","DevaForm"],"picked":"Brilliance","floor":33.0},{"not_picked":["JustLucky+1","CutThroughFate+1","Evaluate"],"picked":"Perseverance+1","floor":35},{"not_picked":["Evaluate","DeceiveReality","JustLucky+1"],"picked":"TalkToTheHand","floor":36},{"not_picked":["Evaluate","FearNoEvil+1","Crescendo+1"],"picked":"ClearTheMind","floor":37},{"not_picked":["CutThroughFate","FlyingSleeves","Collect"],"picked":"ClearTheMind+1","floor":39},{"not_picked":["ForeignInfluence+1","BowlingBash+1","Prostrate"],"picked":"Swivel","floor":40},{"not_picked":["ThirdEye","JustLucky","Establishment"],"picked":"FlyingSleeves+1","floor":41},{"not_picked":["FollowUp+1","CrushJoints","CarveReality"],"picked":"Swivel","floor":42},{"not_picked":["Halt+1","Adaptation","CarveReality"],"picked":"Tantrum","floor":44},{"not_picked":["CutThroughFate","Protect","Vengeance+1"],"picked":"EmptyFist","floor":45},{"not_picked":["Collect+1","Prostrate","Halt"],"picked":"JustLucky","floor":46},{"not_picked":["Vault","PathToVictory","Consecrate"],"picked":"MentalFortress","floor":49}],"player_experience":203754,"relics_obtained":[{"floor":9.0,"key":"Damaru"},{"floor":10.0,"key":"Lantern"},{"floor":13.0,"key":"Ornamental Fan"},{"floor":24.0,"key":"Dead Branch"},{"floor":24.0,"key":"Question Card"},{"floor":26.0,"key":"Orichalcum"},{"floor":28.0,"key":"TeardropLocket"},{"floor":28.0,"key":"Oddly Smooth Stone"},{"floor":31.0,"key":"War Paint"},{"floor":31.0,"key":"Dream Catcher"},{"floor":37,"key":"Ginger"},{"floor":40,"key":"Kunai"},{"floor":40,"key":"HornCleat"},{"floor":42,"key":"Bottled Flame"},{"floor":42,"key":"Bottled Lightning"},{"floor":43,"key":"Vajra"},{"floor":46,"key":"Incense Burner"},{"floor":46,"key":"Bag of Preparation"}],"event_choices":[{"damage_healed":0.0,"max_hp_gain":0.0,"max_hp_loss":0.0,"gold_gain":0.0,"event_name":"Big Fish","player_choice":"Box","floor":2.0,"gold_loss":0.0,"damage_taken":0.0,"relics_obtained":["Boot"],"cards_obtained":["Regret"]},{"cards_removed":["Regret"],"damage_healed":0.0,"max_hp_gain":0.0,"max_hp_loss":0.0,"gold_gain":0.0,"event_name":"Living Wall","player_choice":"Forget","floor":4.0,"gold_loss":0.0,"damage_taken":0.0},{"damage_healed":0.0,"max_hp_gain":0.0,"max_hp_loss":0.0,"gold_gain":0.0,"event_name":"The Mausoleum","player_choice":"Opened","floor":27.0,"gold_loss":0.0,"damage_taken":0.0,"relics_obtained":["Mercury Hourglass"],"cards_obtained":["Writhe"]},{"damage_healed":0,"gold_gain":0,"player_choice":"Fight","damage_taken":0,"max_hp_gain":0,"max_hp_loss":0,"event_name":"Mysterious Sphere","floor":37,"gold_loss":0},{"cards_removed":["Establishment"],"damage_healed":0,"gold_gain":0,"player_choice":"Removed Power","damage_taken":0,"max_hp_gain":0,"max_hp_loss":0,"event_name":"Falling","floor":48,"gold_loss":0}],"is_beta":false,"boss_relics":[{"not_picked":["Runic Pyramid","Velvet Choker"],"picked":"Black Star"},{"not_picked":["VioletLotus","Pandora\u0027s Box"],"picked":"HolyWater"}],"items_purged_floors":[38],"is_endless":false,"potions_floor_spawned":[1,3,11,16,18,22,29,33,39,41,42],"ascension_level":0}}