{"host":"avjwtc49fhlk6kym","time":1611019666,"event":{"mods":["AchievementEnabler","BaseMod","Better Match","Better Note","Better Third Choice","Colored Map","Colored Powertips","Displayed Cursed Tome","Highlight Path","Minty Spire (QoL Compilation)","Permanent Neow","Quick Restart","StSLib"],"gold_per_floor":[10,25,43,43,59,59,69,101,124,124,124,137,137,154,154,255,255,274,274,38,51,70,70,102,26,26,46,46,57,57,57,57,57,57],"floor_reached":33,"language":"ENG","playtime":1363,"items_purged":[],"score":269,"play_id":"8a67c58a-0ba6-45e2-97d2-2285c4f663f3","local_time":"20210118202746","is_ascension_mode":false,"campfire_choices":[{"data":"CrushJoints","floor":6.0,"key":"SMITH"},{"floor":10.0,"key":"REST"},{"floor":13.0,"key":"REST"},{"data":"ReachHeaven","floor":15.0,"key":"SMITH"},{"data":"Strike_P","floor":23,"key":"PURGE"},{"floor":30,"key":"REST"},{"floor":32,"key":"REST"}],"circlet_count":0,"master_deck":["Strike_P","Strike_P","Strike_P","Defend_P","Defend_P","Defend_P","Defend_P","Eruption","Vigilance","CrushJoints+1","Consecrate+1","PathToVictory","Establishment","PathToVictory","ReachHeaven+1","Wallop","WheelKick","DevaForm","CurseOfTheBell","BowlingBash","BattleHymn","Protect","ThirdEye","ReachHeaven","Wireheading+1","Swivel","PathToVictory","ThirdEye+1","RitualDagger"],"relics":["PureWater","TungstenRod","PreservedInsect","Damaru","Calling Bell","Oddly Smooth Stone","HornCleat","Peace Pipe","Blood Vial","Toy Ornithopter","Enchiridion"],"acts_visited":["Exordium","TheCity"],"potions_floor_usage":[18,21,27,29],"damage_taken":[{"damage":0.0,"enemies":"Jaw Worm","floor":1.0,"turns":3.0},{"damage":0.0,"enemies":"Small Slimes","floor":2.0,"turns":4.0},{"damage":0.0,"enemies":"Cultist","floor":3.0,"turns":3.0},{"damage":7.0,"enemies":"Gremlin Gang","floor":5.0,"turns":4.0},{"damage":1.0,"enemies":"2 Fungi Beasts","floor":7.0,"turns":4.0},{"damage":36.0,"enemies":"Lagavulin","floor":8.0,"turns":6.0},{"damage":7.0,"enemies":"Blue Slaver","floor":12.0,"turns":3.0},{"damage":4.0,"enemies":"3 Louse","floor":14.0,"turns":2.0},{"damage":15.0,"enemies":"The Guardian","floor":16.0,"turns":7.0},{"damage":9,"enemies":"Shell Parasite","floor":18,"turns":6},{"damage":6,"enemies":"Spheric Guardian","floor":21,"turns":5},{"damage":5,"enemies":"Snake Plant","floor":22,"turns":4},{"damage":22,"enemies":"Gremlin Leader","floor":24,"turns":5},{"damage":23,"enemies":"Cultist and Chosen","floor":27,"turns":7},{"damage":0,"enemies":"Snecko","floor":29,"turns":4},{"damage":75,"enemies":"Automaton","floor":33,"turns":6}],"seed_played":"430206343079358657","potions_obtained":[{"floor":3.0,"key":"BottledMiracle"},{"floor":5.0,"key":"ColorlessPotion"},{"floor":7.0,"key":"Ancient Potion"},{"floor":14.0,"key":"Ambrosia"},{"floor":16.0,"key":"Explosive Potion"},{"floor":24,"key":"BottledMiracle"},{"floor":27,"key":"Weak Potion"},{"floor":29,"key":"SmokeBomb"}],"is_trial":false,"path_per_floor":["M","M","M","?","M","R","M","E","T","R","?","M","R","M","R","B",null,"M","?","$","M","M","R","E","$","T","M","?","M","R","?","R","B"],"character_chosen":"WATCHER","items_purchased":["BattleHymn","Protect","Blood Vial","Swivel"],"campfire_rested":4,"item_purchase_floors":[20,20,20,25],"current_hp_per_floor":[72,72,72,77,70,70,69,33,33,56,56,49,72,68,68,53,77,68,68,68,64,61,61,41,41,41,25,13,20,43,38,61,0,0],"gold":57,"neow_bonus":"ONE_RARE_RELIC","is_daily":false,"chose_seed":false,"campfire_upgraded":2,"win_rate":0.0,"timestamp":1611019666,"path_taken":["M","M","M","?","M","R","M","E","T","R","?","M","R","M","R","BOSS","M","?","$","?","M","R","E","$","T","M","?","M","R","?","R","BOSS"],"items_purchased_type":["Card","Card","Relic","Card"],"build_version":"2020-12-22","purchased_purges":0,"victory":false,"max_hp_per_floor":[72,72,72,77,77,77,77,77,77,77,77,77,77,77,77,77,77,77,77,77,77,77,77,77,77,77,77,77,77,77,77,77,77,77],"card_choices":[{"not_picked":["Swivel","CutThroughFate"],"picked":"CrushJoints","floor":1.0},{"not_picked":["Prostrate","FlurryOfBlows"],"picked":"Consecrate","floor":2.0},{"not_picked":["ThirdEye","EmptyFist"],"picked":"PathToVictory","floor":3.0},{"not_picked":["Study","FlyingSleeves"],"picked":"Establishment","floor":5.0},{"not_picked":["JustLucky","Crescendo"],"picked":"PathToVictory","floor":7.0},{"not_picked":["FollowUp","MentalFortress"],"picked":"ReachHeaven","floor":8.0},{"not_picked":["PathToVictory","Consecrate"],"picked":"Wallop","floor":12.0},{"not_picked":["ClearTheMind","EmptyMind"],"picked":"WheelKick","floor":14.0},{"not_picked":["Alpha","Establishment"],"picked":"DevaForm","floor":16.0},{"not_picked":["Protect","ThirdEye+1"],"picked":"BowlingBash","floor":18},{"not_picked":["JustLucky+1","ClearTheMind+1"],"picked":"ThirdEye","floor":21},{"not_picked":["Consecrate","Evaluate"],"picked":"ReachHeaven","floor":22},{"not_picked":["Collect+1","FlyingSleeves"],"picked":"Wireheading+1","floor":24},{"not_picked":["EmptyBody","Halt+1"],"picked":"PathToVictory","floor":27},{"not_picked":["CarveReality","FlyingSleeves+1"],"picked":"ThirdEye+1","floor":29}],"player_experience":392579,"relics_obtained":[{"floor":8.0,"key":"PreservedInsect"},{"floor":9.0,"key":"Damaru"},{"floor":17,"key":"Oddly Smooth Stone"},{"floor":17,"key":"HornCleat"},{"floor":17,"key":"Peace Pipe"},{"floor":24,"key":"Toy Ornithopter"}],"event_choices":[{"damage_healed":0.0,"max_hp_gain":5.0,"max_hp_loss":0.0,"gold_gain":0.0,"event_name":"Big Fish","player_choice":"Donut","floor":4.0,"gold_loss":0.0,"damage_taken":0.0},{"damage_healed":0.0,"max_hp_gain":0.0,"max_hp_loss":0.0,"gold_gain":0.0,"event_name":"Living Wall","player_choice":"Grow","floor":11.0,"gold_loss":0.0,"damage_taken":0.0,"cards_upgraded":["Consecrate"]},{"cards_removed":["Strike_P"],"damage_healed":0,"gold_gain":0,"player_choice":"Give","damage_taken":0,"max_hp_gain":0,"max_hp_loss":0,"event_name":"betterNote:BetterNote","floor":19,"gold_loss":0,"cards_obtained":["Blasphemy"]},{"damage_healed":0,"gold_gain":0,"player_choice":"Obtained Book","damage_taken":16,"max_hp_gain":0,"max_hp_loss":0,"event_name":"Cursed Tome","floor":28,"gold_loss":0},{"damage_healed":0,"gold_gain":0,"player_choice":"Dagger","damage_taken":6,"max_hp_gain":0,"max_hp_loss":0,"event_name":"betterThird:BetterNest","floor":31,"gold_loss":0,"cards_obtained":["RitualDagger"]}],"is_beta":false,"boss_relics":[{"not_picked":["Velvet Choker","Sozu"],"picked":"Calling Bell"}],"items_purged_floors":[],"is_endless":false,"potions_floor_spawned":[3,5,7,14,16,24,27,29],"killed_by":"Automaton","ascension_level":0}}