{"host":"4iyx5awba3brsmhd","time":1611089453,"event":{"mods":["AchievementEnabler","Act Like it!","BaseMod","Better Match","Colored Powertips","Dark Map","Duelist Mod","Hallownest","Hero for Fun","Hubris","Infinite Spire","Magitek Elite","Marisa????????","Melee Mod","Minty Spire (QoL Compilation)","Quick Restart","Rare Cards Sparkle","Replay The Spire","Robot Space Explorer","Shade Mod","StSLib","SuperFastMode","The Blackbeard","The Blue Laboratory","The Bug Knight","The Cursed","The Necromancer","The Servant 0.9.4","TheWitcher"],"gold_per_floor":[118,118,8,8,20,49,49,68,138,153,163,174,174,189,189,293,293,304,204,214,214,226,226,226,240,265,265,282,297,297,317,317,436,436,475,475,475,18,18,18,39,39,39,58,74,74,74,89,89,89],"floor_reached":51,"language":"ENG","playtime":2102,"items_purged":["meleeMod_Jab","meleeMod_Jab","meleeMod_Shield","meleeMod_SuperMushroom"],"score":703,"play_id":"2476c746-66c7-4eca-aa16-92cc88fa1a1b","local_time":"20210119155053","is_ascension_mode":false,"campfire_choices":[{"data":"meleeMod_Grab","floor":7.0,"key":"SMITH"},{"floor":13.0,"key":"REST"},{"data":"meleeMod_RaptorBoost","floor":15.0,"key":"SMITH"},{"data":"meleeMod_BlueFalcon","floor":23.0,"key":"SMITH"},{"data":"meleeMod_WallJump","floor":27.0,"key":"SMITH"},{"data":"meleeMod_Shield","floor":40.0,"key":"SMITH"},{"data":"hubris:InfiniteBlow+29","floor":47.0,"key":"SMITH"},{"data":"meleeMod_Knee","floor":49.0,"key":"SMITH"}],"circlet_count":0,"master_deck":["meleeMod_Jab+1","meleeMod_Jab+1","meleeMod_Shield+1","meleeMod_Shield+1","meleeMod_Shield+1","meleeMod_NeutralAir+1","meleeMod_BackAir+1","meleeMod_Grab+1","meleeMod_WallJump+1","meleeMod_UpAir+1","meleeMod_BackAir+1","meleeMod_RaptorBoost+1","meleeMod_ForwardSmash+1","meleeMod_BlueFalcon+1","meleeMod_WaveDash+1","meleeMod_SoftKnee+1","meleeMod_NippleSpike+1","meleeMod_NoDI+1","hubris:InfiniteBlow+58","meleeMod_RaptorBoost+1","meleeMod_FalconKick+1","meleeMod_BabActivated+1","meleeMod_DownAir+1","meleeMod_Knee+1"],"relics":["meleeMod_TeamBeerMang0","NeowsBlessing","infinitespire:Golems Mask","Sundial","Coffee Dripper","MutagenicStrength","Bronze Scales","hubris:HollowSoul","infinitespire:EvilPickle","hubris:ScarierMask","hubris:Icosahedron","Pantograph","hubris:MobiusCoin","Mark of the Bloom"],"acts_visited":["Exordium","TheCity","TheBeyond"],"potions_floor_usage":[50],"damage_taken":[{"damage":0.0,"enemies":"2 Louse","floor":1.0,"turns":1.0},{"damage":0.0,"enemies":"Small Slimes","floor":5.0,"turns":1.0},{"damage":0.0,"enemies":"3 Sentries","floor":6.0,"turns":2.0},{"damage":0.0,"enemies":"Cultist","floor":8.0,"turns":3.0},{"damage":1.0,"enemies":"2 Fungi Beasts","floor":10.0,"turns":2.0},{"damage":4.0,"enemies":"Blue Slaver","floor":11.0,"turns":3.0},{"damage":7.0,"enemies":"Large Slime","floor":12.0,"turns":3.0},{"damage":0.0,"enemies":"Lots of Slimes","floor":14.0,"turns":3.0},{"damage":27.0,"enemies":"The Guardian","floor":16.0,"turns":7.0},{"damage":0.0,"enemies":"Spheric Guardian","floor":18.0,"turns":2.0},{"damage":0.0,"enemies":"Chosen","floor":20.0,"turns":1.0},{"damage":2.0,"enemies":"3 Cultists","floor":22.0,"turns":4.0},{"damage":10.0,"enemies":"Sentry and Sphere","floor":25.0,"turns":4.0},{"damage":14.0,"enemies":"Snake Plant","floor":28.0,"turns":3.0},{"damage":5.0,"enemies":"Centurion and Healer","floor":29.0,"turns":3.0},{"damage":0.0,"enemies":"3 Cultists","floor":31.0,"turns":3.0},{"damage":10.0,"enemies":"Pondfish","floor":33.0,"turns":2.0},{"damage":6.0,"enemies":"3 Shapes","floor":35.0,"turns":2.0},{"damage":1.0,"enemies":"Orb Walker","floor":41.0,"turns":2.0},{"damage":0.0,"enemies":"3 Darklings","floor":44.0,"turns":3.0},{"damage":0.0,"enemies":"Spire Growth","floor":45.0,"turns":2.0},{"damage":1.0,"enemies":"3 Darklings","floor":48.0,"turns":2.0},{"damage":24,"enemies":"hubris:GrandSnecko","floor":50,"turns":4}],"seed_played":"-4789390594028567328","potions_obtained":[{"floor":10.0,"key":"Adrenaline Potion"},{"floor":12.0,"key":"SkillPotion"},{"floor":14.0,"key":"blueLaboratory:FruitPunch"},{"floor":16.0,"key":"blueLaboratory:NullPotion"},{"floor":20.0,"key":"Regen Potion"}],"is_trial":false,"path_per_floor":["M","?","$","?","M","E","R","M","T","M","M","M","R","M","R","B",null,"M","$","M","?","M","R","?","M","T","R","M","M","AVR","M","R","B",null,"M","AVR","?","$","?","R","M","?","T","M","M","?","R","M","R","B",null],"character_chosen":"FALCON","items_purchased":["meleeMod_Grab","Pantograph","meleeMod_BabActivated"],"campfire_rested":1,"item_purchase_floors":[3,38,38],"current_hp_per_floor":[85,68,68,68,68,68,68,68,68,67,63,56,81,81,81,56,87,87,87,87,87,85,85,85,75,75,75,61,56,56,56,82,72,87,81,81,81,81,81,81,80,80,80,80,80,80,80,79,79,55],"gold":89,"neow_bonus":"THREE_ENEMY_KILL","is_daily":false,"chose_seed":false,"campfire_upgraded":7,"win_rate":0.0,"timestamp":1611089453,"path_taken":["M","?","$","?","M","E","R","M","T","M","M","M","R","?","R","BOSS","M","$","M","?","M","R","?","M","T","R","?","M","AVR","M","R","BOSS","M","AVR","?","$","?","R","M","?","T","M","M","?","R","M","R","BOSS"],"items_purchased_type":["Card","Relic","Card"],"build_version":"2020-12-22","purchased_purges":4,"victory":true,"max_hp_per_floor":[85,85,85,85,85,85,85,85,85,85,85,85,85,85,85,87,87,87,87,87,87,87,87,87,87,87,87,87,87,87,87,87,87,87,87,87,87,87,87,87,87,87,87,87,87,87,87,87,87,87],"card_choices":[{"not_picked":["meleeMod_BackAir","meleeMod_ForwardTilt"],"picked":"meleeMod_SuperMushroom","floor":1.0},{"not_picked":["meleeMod_NippleSpike","meleeMod_BackAir","meleeMod_ForwardSmash"],"picked":"SKIP","floor":5.0},{"not_picked":["meleeMod_DownAir","meleeMod_FalconPunch"],"picked":"meleeMod_WallJump","floor":6.0},{"not_picked":["meleeMod_DownTilt","meleeMod_NeutralAir"],"picked":"meleeMod_UpAir","floor":8.0},{"not_picked":["meleeMod_UpAir","meleeMod_RaptorBoost"],"picked":"meleeMod_BackAir","floor":10.0},{"not_picked":["meleeMod_CommandGrab","meleeMod_DashDance"],"picked":"meleeMod_RaptorBoost","floor":11.0},{"not_picked":["meleeMod_Fishing","meleeMod_NeutralAir","meleeMod_UnclePunch"],"picked":"SKIP","floor":12.0},{"not_picked":["meleeMod_BabActivated","meleeMod_UpSmash"],"picked":"meleeMod_ForwardSmash","floor":14.0},{"not_picked":["meleeMod_EdgeGuard","meleeMod_Roll"],"picked":"meleeMod_BlueFalcon","floor":16.0},{"not_picked":["meleeMod_ShieldPoke","meleeMod_DownAir"],"picked":"meleeMod_WaveDash+1","floor":18.0},{"not_picked":["meleeMod_NeutralAir","meleeMod_SuperMushroom"],"picked":"meleeMod_SoftKnee","floor":20.0},{"not_picked":["meleeMod_FalconPunch+1","meleeMod_UpTilt"],"picked":"meleeMod_NippleSpike+1","floor":22.0},{"not_picked":["meleeMod_BackAir","meleeMod_UpTilt+1","meleeMod_Taunt"],"picked":"SKIP","floor":25.0},{"not_picked":["meleeMod_FalconDive","meleeMod_Gentleman"],"picked":"meleeMod_NoDI","floor":28.0},{"not_picked":["meleeMod_WaveLand","meleeMod_UpTilt","meleeMod_WallJump"],"picked":"SKIP","floor":29.0},{"not_picked":["meleeMod_ForwardTilt+1","meleeMod_L_Cancel+1"],"picked":"meleeMod_RaptorBoost","floor":31.0},{"not_picked":["meleeMod_PhantomHit","meleeMod_HomieStock"],"picked":"meleeMod_EdgeGuard","floor":33.0},{"not_picked":["meleeMod_CommandGrab","meleeMod_UpTilt+1"],"picked":"meleeMod_FalconKick+1","floor":35.0},{"not_picked":["meleeMod_HaxDash+1","meleeMod_CommandGrab"],"picked":"meleeMod_DownAir","floor":41.0},{"not_picked":["meleeMod_ForwardSmash+1","meleeMod_ShieldPoke+1","meleeMod_CrouchCancel"],"picked":"SKIP","floor":44.0},{"not_picked":["meleeMod_FalconDive+1","meleeMod_RapidJabs+1","meleeMod_DownSmash"],"picked":"SKIP","floor":45.0},{"not_picked":["meleeMod_SweetSpot+1","meleeMod_NeutralAir+1"],"picked":"meleeMod_Knee","floor":48.0}],"player_experience":432928,"relics_obtained":[{"floor":6.0,"key":"infinitespire:Golems Mask"},{"floor":9.0,"key":"Sundial"},{"floor":26.0,"key":"Bronze Scales"},{"floor":43.0,"key":"hubris:MobiusCoin"}],"event_choices":[{"damage_healed":0.0,"max_hp_gain":0.0,"max_hp_loss":0.0,"gold_gain":0.0,"event_name":"Shining Light","player_choice":"Entered Light","floor":2.0,"gold_loss":0.0,"damage_taken":17.0,"cards_upgraded":["meleeMod_Jab","meleeMod_Jab"]},{"damage_healed":0.0,"max_hp_gain":0.0,"max_hp_loss":0.0,"gold_gain":0.0,"event_name":"NoteForYourself","player_choice":"Ignored","floor":4.0,"gold_loss":0.0,"damage_taken":0.0},{"damage_healed":0.0,"max_hp_gain":0.0,"max_hp_loss":0.0,"gold_gain":0.0,"event_name":"Drug Dealer","player_choice":"Inject Mutagens","floor":21.0,"gold_loss":0.0,"damage_taken":0.0,"relics_obtained":["MutagenicStrength"]},{"damage_healed":0.0,"max_hp_gain":0.0,"max_hp_loss":0.0,"gold_gain":0.0,"event_name":"The Mausoleum","player_choice":"Ignored","floor":24.0,"gold_loss":0.0,"damage_taken":0.0},{"cards_removed":["meleeMod_EdgeGuard"],"damage_healed":0.0,"max_hp_gain":0.0,"max_hp_loss":0.0,"gold_gain":0.0,"event_name":"Falling","player_choice":"Removed Skill","floor":42.0,"gold_loss":0.0,"damage_taken":0.0},{"damage_healed":0.0,"max_hp_gain":0.0,"max_hp_loss":0.0,"gold_gain":0.0,"event_name":"MindBloom","player_choice":"Upgrade","floor":46.0,"gold_loss":0.0,"damage_taken":0.0,"cards_upgraded":["meleeMod_Shield","meleeMod_Shield","meleeMod_NeutralAir","meleeMod_BackAir","meleeMod_UpAir","meleeMod_BackAir","meleeMod_ForwardSmash","hubris:InfiniteBlow","meleeMod_RaptorBoost","meleeMod_BabActivated","meleeMod_DownAir"],"relics_obtained":["Mark of the Bloom"]}],"is_beta":false,"boss_relics":[{"not_picked":["Painkiller Herb","Fusion Hammer"],"picked":"Coffee Dripper"},{"not_picked":["Astrolabe","Runic Pyramid"],"picked":"hubris:ScarierMask"}],"items_purged_floors":[3,19,36,38],"is_endless":false,"potions_floor_spawned":[10,12,14,16,20,25,28,33,35,44],"ascension_level":0}}