{"host":"2pmmafybkq7zb6na","time":1611041294,"event":{"mods":["AchievementEnabler","BaseMod","Colored Map","Highlight Path","Keyboard Shortcuts","Minty Spire (QoL Compilation)","Quick Restart","StSLib","SuperFastMode"],"gold_per_floor":[112,124,134,151,151,177,197,197,252,283,233,261,279,309,309,410,460,472,445,299,311,324,324,324,324],"floor_reached":24,"language":"KOR","playtime":1184,"items_purged":["Strike_R"],"score":242,"play_id":"c4806c35-04a7-4bbf-8b29-a760fb0b9c90","local_time":"20210119162814","is_ascension_mode":true,"campfire_choices":[{"data":"Barricade","floor":8.0,"key":"SMITH"},{"data":"Power Through","floor":15.0,"key":"SMITH"},{"data":"Body Slam","floor":23.0,"key":"SMITH"}],"circlet_count":0,"master_deck":["Strike_R","Strike_R","Strike_R","Defend_R","Defend_R","Defend_R","Defend_R","Bash","Pummel","Wild Strike","Barricade+1","Power Through+1","Thunderclap","Inflame","Impervious+1","Infernal Blade","Battle Trance","Iron Wave","Metallicize","Body Slam+1","Second Wind","Flame Barrier","Shrug It Off","Flex+1"],"relics":["Burning Blood","CultistMask","Toy Ornithopter","Sundial","Bag of Preparation","Happy Flower","Tiny House"],"acts_visited":["Exordium","TheCity"],"potions_floor_usage":[24,24,24],"damage_taken":[{"damage":5.0,"enemies":"Small Slimes","floor":1.0,"turns":4.0},{"damage":0.0,"enemies":"Cultist","floor":2.0,"turns":4.0},{"damage":1.0,"enemies":"Jaw Worm","floor":3.0,"turns":3.0},{"damage":12.0,"enemies":"Gremlin Gang","floor":4.0,"turns":5.0},{"damage":46.0,"enemies":"Gremlin Nob","floor":6.0,"turns":6.0},{"damage":0.0,"enemies":"Looter","floor":7.0,"turns":3.0},{"damage":22.0,"enemies":"3 Sentries","floor":10.0,"turns":6.0},{"damage":1.0,"enemies":"Lagavulin","floor":12.0,"turns":7.0},{"damage":9.0,"enemies":"2 Fungi Beasts","floor":13.0,"turns":2.0},{"damage":9.0,"enemies":"3 Sentries","floor":14.0,"turns":6.0},{"damage":36.0,"enemies":"The Guardian","floor":16.0,"turns":13.0},{"damage":14.0,"enemies":"Spheric Guardian","floor":18.0,"turns":8.0},{"damage":42.0,"enemies":"2 Thieves","floor":19.0,"turns":5.0},{"damage":5.0,"enemies":"Centurion and Healer","floor":21.0,"turns":7.0},{"damage":3.0,"enemies":"Cultist and Chosen","floor":22.0,"turns":10.0},{"damage":48,"enemies":"Gremlin Leader","floor":24,"turns":6}],"seed_played":"-859768579645683282","potions_obtained":[{"floor":1.0,"key":"EntropicBrew"},{"floor":3.0,"key":"Explosive Potion"},{"floor":7.0,"key":"FairyPotion"},{"floor":13.0,"key":"AttackPotion"},{"floor":16.0,"key":"Dexterity Potion"},{"floor":17.0,"key":"DistilledChaos"}],"is_trial":false,"path_per_floor":["M","M","M","M","?","E","M","R","T","E","?","E","M","E","R","B",null,"M","M","$","M","M","R","E"],"character_chosen":"IRONCLAD","items_purchased":["Flame Barrier"],"campfire_rested":0,"item_purchase_floors":[20],"current_hp_per_floor":[88,88,88,82,82,42,48,48,48,37,37,42,39,41,41,11,93,85,49,49,50,58,58,25,25],"gold":324,"neow_bonus":"TEN_PERCENT_HP_BONUS","is_daily":false,"chose_seed":false,"campfire_upgraded":3,"win_rate":0.0,"timestamp":1611041294,"path_taken":["M","M","M","M","?","E","?","R","T","E","?","E","M","E","R","BOSS","M","M","$","M","M","R","E"],"items_purchased_type":["Card"],"build_version":"2020-12-22","purchased_purges":1,"victory":false,"max_hp_per_floor":[88,88,88,88,88,88,88,88,88,88,88,88,88,88,88,88,93,93,93,93,93,93,93,93,93],"card_choices":[{"not_picked":["Spot Weakness","Bloodletting"],"picked":"Pummel","floor":1.0},{"not_picked":["Perfected Strike","Anger"],"picked":"Wild Strike","floor":2.0},{"not_picked":["Dropkick","Clothesline"],"picked":"Barricade","floor":3.0},{"not_picked":["Heavy Blade","Warcry"],"picked":"Power Through","floor":4.0},{"not_picked":["Demon Form","Pummel"],"picked":"Thunderclap","floor":6.0},{"not_picked":["Flame Barrier","Iron Wave"],"picked":"Inflame","floor":7.0},{"not_picked":["Havoc","Flex"],"picked":"Impervious","floor":10.0},{"not_picked":["Blood for Blood","Heavy Blade"],"picked":"Infernal Blade","floor":12.0},{"not_picked":["Shockwave","Blood for Blood"],"picked":"Battle Trance","floor":13.0},{"not_picked":["Clash","Flex"],"picked":"Iron Wave","floor":14.0},{"not_picked":["Rampage","Spot Weakness"],"picked":"Metallicize","floor":17.0},{"not_picked":["Warcry+1","Heavy Blade"],"picked":"Body Slam","floor":18.0},{"not_picked":["Pummel","Perfected Strike"],"picked":"Second Wind","floor":19.0},{"not_picked":["Carnage","Evolve+1"],"picked":"Shrug It Off","floor":21.0},{"not_picked":["Rampage","Perfected Strike"],"picked":"Flex+1","floor":22.0}],"player_experience":93537,"relics_obtained":[{"floor":6.0,"key":"Toy Ornithopter"},{"floor":10.0,"key":"Sundial"},{"floor":12.0,"key":"Bag of Preparation"},{"floor":14.0,"key":"Happy Flower"}],"event_choices":[{"damage_healed":0.0,"max_hp_gain":0.0,"max_hp_loss":0.0,"gold_gain":0.0,"event_name":"FaceTrader","player_choice":"Trade","floor":5.0,"gold_loss":0.0,"damage_taken":0.0,"relics_obtained":["CultistMask"]},{"cards_removed":["Strike_R"],"damage_healed":0.0,"max_hp_gain":0.0,"max_hp_loss":0.0,"gold_gain":0.0,"event_name":"The Cleric","player_choice":"Card Removal","floor":11.0,"gold_loss":50.0,"damage_taken":0.0}],"is_beta":false,"boss_relics":[{"not_picked":["Fusion Hammer","Mark of Pain"],"picked":"Tiny House"}],"items_purged_floors":[20],"is_endless":false,"potions_floor_spawned":[1,3,7,13,16,18,21],"killed_by":"Gremlin Leader","ascension_level":1}}