{"host":"h4qgcirtxz6qax9j","time":1611057397,"event":{"mods":["AchievementEnabler","BaseMod","Colored Powertips","Hermit","Minty Spire (QoL Compilation)","StSLib","SuperFastMode","The Servant 0.9.4"],"gold_per_floor":[113,113,124,13,13,46,46,71,97,97,97,97,109,122,122,122,122],"floor_reached":16,"language":"KOR","playtime":289,"items_purged":[],"score":153,"play_id":"31bd4486-f28d-428c-b3f8-a4918e25601d","local_time":"20210119205637","is_ascension_mode":true,"campfire_choices":[{"data":"KidneyShot","floor":7,"key":"SMITH"},{"floor":10,"key":"REST"},{"data":"Ricochet","floor":12,"key":"SMITH"},{"floor":15,"key":"REST"}],"circlet_count":0,"master_deck":["Strike_S","Strike_S","Strike_S","Strike_S","Defend_S","Defend_S","Defend_S","Defend_S","KidneyShot+1","Exchange","Orbit+1","Rewind","Advance","Comet","TimeWarp","Ricochet+1","FastForward","Ricochet"],"relics":["Uniform","NeowsBlessing","Omamori","PreservedInsect","Orichalcum"],"acts_visited":["Exordium"],"potions_floor_usage":[16,16],"damage_taken":[{"damage":0,"enemies":"Cultist","floor":1,"turns":1},{"damage":0,"enemies":"2 Louse","floor":3,"turns":1},{"damage":0,"enemies":"Gremlin Nob","floor":6,"turns":1},{"damage":28,"enemies":"3 Sentries","floor":8,"turns":8},{"damage":7,"enemies":"Jaw Worm","floor":13,"turns":2},{"damage":0,"enemies":"Exordium Wildlife","floor":14,"turns":3},{"damage":70,"enemies":"Slime Boss","floor":16,"turns":10}],"seed_played":"-5811293222429423116","potions_obtained":[{"floor":1,"key":"Ancient Potion"},{"floor":3,"key":"Explosive Potion"}],"is_trial":false,"path_per_floor":["M","?","M","$","?","E","R","E","T","R","?","R","M","M","R","B"],"character_chosen":"THE_SERVANT","items_purchased":["Advance","Comet"],"campfire_rested":2,"item_purchase_floors":[4,4],"current_hp_per_floor":[65,65,65,65,65,65,65,37,37,56,56,56,49,49,65,0,0],"gold":122,"neow_bonus":"THREE_ENEMY_KILL","is_daily":false,"chose_seed":false,"campfire_upgraded":2,"win_rate":0.0,"timestamp":1611057397,"path_taken":["M","?","M","$","?","E","R","E","T","R","?","R","M","M","R","BOSS"],"items_purchased_type":["Card","Card"],"build_version":"2020-12-22","purchased_purges":0,"victory":false,"max_hp_per_floor":[65,65,65,65,65,65,65,65,65,65,65,65,65,65,65,65,65],"card_choices":[{"not_picked":["Unruled","Shuttle"],"picked":"Orbit","floor":1},{"not_picked":["Spin","Potential"],"picked":"Rewind","floor":3},{"not_picked":["Defy","Reset"],"picked":"TimeWarp","floor":6},{"not_picked":["PendulumOfEternity","Revamp"],"picked":"Ricochet","floor":8},{"not_picked":["BottledTime","Unruled"],"picked":"FastForward","floor":13},{"not_picked":["Rewind","Desolation"],"picked":"Ricochet","floor":14}],"player_experience":69806,"relics_obtained":[{"floor":6,"key":"Omamori"},{"floor":8,"key":"PreservedInsect"},{"floor":9,"key":"Orichalcum"}],"event_choices":[{"damage_healed":0,"gold_gain":0,"player_choice":"Leave","damage_taken":0,"max_hp_gain":0,"max_hp_loss":0,"event_name":"The Cleric","floor":2,"gold_loss":0},{"damage_healed":0,"gold_gain":0,"player_choice":"Grow","damage_taken":0,"max_hp_gain":0,"max_hp_loss":0,"event_name":"Living Wall","floor":5,"gold_loss":0,"cards_upgraded":["Orbit"]},{"damage_healed":0,"gold_gain":0,"player_choice":"Ignored","damage_taken":0,"max_hp_gain":0,"max_hp_loss":0,"event_name":"Golden Wing","floor":11,"gold_loss":0}],"is_beta":false,"boss_relics":[],"items_purged_floors":[],"is_endless":false,"potions_floor_spawned":[1,3],"killed_by":"Slime Boss","ascension_level":3}}