{"host":"2pkirg8lp2j2yw4c","time":1611016425,"event":{"mods":["AchievementEnabler","BaseMod","BetterRewards","Colored Map","Colored Powertips","Googly Eyes","Hubris","Minty Spire (QoL Compilation)","Quick Restart","StSLib","slay the spire mod where everything is the same but ironclad has a cowboy hat"],"gold_per_floor":[114,124,138,148,148,174,97,97,120,151,151,165,179,196,196,295,295,314,331,331,331,342,342],"floor_reached":22,"language":"ENG","playtime":1503,"items_purged":[],"score":210,"play_id":"c891317f-aba9-4df8-99c4-2fb9da56113e","local_time":"20210118193345","is_ascension_mode":true,"campfire_choices":[{"floor":8,"key":"REST"},{"data":"WindmillStrike","floor":11,"key":"SMITH"},{"floor":15,"key":"REST"}],"circlet_count":0,"master_deck":["Eruption","Vigilance","Pray","Evaluate","PathToVictory","Prostrate+1","MentalFortress","WindmillStrike+1","Worship","DeusExMachina","Devotion","WreathOfFlame","Halt","CutThroughFate","Worship","FollowUp","FearNoEvil","MentalFortress","Study","LikeWater+1"],"relics":["PureWater","Bird Faced Urn","hubris:FunFungus","Nunchaku","Chemical X","Letter Opener","Oddly Smooth Stone","Pandora\u0027s Box","hubris:Icosahedron"],"acts_visited":["Exordium","TheCity"],"potions_floor_usage":[6,6,16,22],"damage_taken":[{"damage":2,"enemies":"Cultist","floor":1,"turns":3},{"damage":6,"enemies":"Jaw Worm","floor":2,"turns":4},{"damage":2,"enemies":"Small Slimes","floor":3,"turns":3},{"damage":0,"enemies":"2 Fungi Beasts","floor":4,"turns":4},{"damage":8,"enemies":"Gremlin Nob","floor":6,"turns":4},{"damage":20,"enemies":"3 Sentries","floor":10,"turns":8},{"damage":4,"enemies":"Exordium Wildlife","floor":12,"turns":5},{"damage":0,"enemies":"Looter","floor":13,"turns":3},{"damage":3,"enemies":"2 Fungi Beasts","floor":14,"turns":3},{"damage":15,"enemies":"The Guardian","floor":16,"turns":9},{"damage":10,"enemies":"Spheric Guardian","floor":18,"turns":3},{"damage":24,"enemies":"2 Thieves","floor":19,"turns":4},{"damage":28,"enemies":"3 Cultists","floor":22,"turns":6}],"seed_played":"-864154628469600109","potions_obtained":[{"floor":1,"key":"Ancient Potion"},{"floor":3,"key":"FearPotion"},{"floor":10,"key":"LiquidMemories"},{"floor":12,"key":"LiquidBronze"},{"floor":13,"key":"Weak Potion"},{"floor":16,"key":"Fruit Juice"}],"is_trial":false,"path_per_floor":["M","M","M","M","?","E","$","R","T","E","R","M","M","M","R","B",null,"M","M","?","?","M"],"character_chosen":"WATCHER","items_purchased":["Bird Faced Urn","Pray","Nunchaku","Chemical X","WindmillStrike"],"campfire_rested":2,"item_purchase_floors":[0,0,0,0,7],"current_hp_per_floor":[38,32,30,30,16,8,8,29,29,14,14,12,13,13,34,27,72,69,52,52,52,34,34],"gold":342,"neow_bonus":"","is_daily":false,"chose_seed":false,"campfire_upgraded":1,"win_rate":0.0,"timestamp":1611016425,"path_taken":["M","M","M","M","?","E","$","R","T","E","R","M","M","M","R","BOSS","M","M","?","?","M"],"items_purchased_type":["Relic","Card","Relic","Relic","Card"],"build_version":"2020-12-22","purchased_purges":0,"victory":false,"max_hp_per_floor":[72,72,72,72,72,72,72,72,72,72,72,72,72,72,72,72,72,72,72,72,72,72,72],"card_choices":[{"not_picked":["FlyingSleeves","DeceiveReality"],"picked":"Evaluate","floor":1},{"not_picked":["CrushJoints","Sanctity"],"picked":"PathToVictory","floor":2},{"not_picked":["Weave","ForeignInfluence","Protect"],"picked":"SKIP","floor":3},{"not_picked":["CrushJoints","FollowUp"],"picked":"Prostrate","floor":4},{"not_picked":["BowlingBash","ThirdEye"],"picked":"MentalFortress","floor":6},{"not_picked":["Protect","CutThroughFate"],"picked":"Worship","floor":10},{"not_picked":["Vengeance","ReachHeaven"],"picked":"DeusExMachina","floor":12},{"not_picked":["CutThroughFate","EmptyBody","JustLucky"],"picked":"SKIP","floor":13},{"not_picked":["EmptyMind","EmptyFist","JustLucky"],"picked":"SKIP","floor":14},{"not_picked":["Blasphemy","Brilliance"],"picked":"Devotion","floor":16},{"not_picked":["FlyingSleeves","WaveOfTheHand","JustLucky"],"picked":"SKIP","floor":18},{"not_picked":["CutThroughFate","Evaluate"],"picked":"LikeWater","floor":19},{"not_picked":["Meditate","BattleHymn","FlyingSleeves"],"picked":"SKIP","floor":22}],"player_experience":145678,"relics_obtained":[{"floor":6,"key":"Letter Opener"},{"floor":10,"key":"Oddly Smooth Stone"}],"event_choices":[{"damage_healed":0,"gold_gain":0,"player_choice":"Entered Light","damage_taken":14,"max_hp_gain":0,"max_hp_loss":0,"event_name":"Shining Light","floor":5,"gold_loss":0,"cards_upgraded":["Prostrate","Defend_P"]}],"is_beta":false,"boss_relics":[{"not_picked":["HolyWater","Fusion Hammer"],"picked":"Pandora\u0027s Box"}],"items_purged_floors":[],"is_endless":false,"potions_floor_spawned":[1,3,10,12,13,16,19],"killed_by":"3 Cultists","ascension_level":1}}