{"host":"8nqgve6y8ahjd8xo","time":1611039886,"event":{"mods":["ATMod(阿瑾Mod)","AchievementEnabler","BaseMod","Better Vampires","Colored Map","Conspire","Minty Spire (QoL Compilation)","MostiFishMod","Quick Restart","Red Circlet Mod","Replay The Spire","RumiaBox-露米娅的神秘盒子","Ryuuou龙王","Shop Mod","StSLib","TestMod","[IsaacMod]以撒尖塔","vexMod","【功能Mod】混沌之环修复补丁","【遗物Mod】死灵法师NEW","【遗物Mod】简单游戏","【遗物卡牌】REMEMod","没有小屋子和绿帽子啦","篝火指南"],"gold_per_floor":[116,41,58,71,86,86,134,146,158,203,227,290,302,406,418,518,530,553,565,593,617,679,691,722,781,870,900,926,948,960,700,700,788,788,900,915,934,271,246,354,354,33,33,60,10,35,35,60,60,140,140],"floor_reached":52,"language":"ZHS","playtime":1583,"items_purged":["Strike_G","Strike_G","Strike_G","Strike_G","Strike_G","Defend_G","Defend_G"],"score":2719,"play_id":"848c4e37-ab45-4404-9d04-b22b46e53116","local_time":"20210119150446","is_ascension_mode":true,"campfire_choices":[{"data":"Blade Dance","floor":6,"key":"SMITH"},{"data":"REME_WheelOfFate","floor":8,"key":"SMITH"},{"data":"AT_KingSlayer","floor":15,"key":"SMITH"},{"data":"MostiFishMod:ShivMaster","floor":23,"key":"SMITH"},{"data":"MostiFishMod:TheEndOfMoonlight","floor":30,"key":"SMITH"},{"data":"Acrobatics","floor":32,"key":"SMITH"},{"data":"Adrenaline","floor":41,"key":"SMITH"},{"data":"Calculated Gamble","floor":47,"key":"SMITH"},{"data":"BettingIsNotGood","floor":49,"key":"SMITH"}],"circlet_count":0,"master_deck":["AscendersBane","Defend_G+1","Defend_G+1","Defend_G","Survivor","Neutralize","AT_KingSlayer+1","BettingIsNotGood+1","REME_WheelOfFate+1","Blade Dance+1","Acrobatics+1","Malaise","MostiFishMod:ShivMaster+1","MostiFishMod:Neptune","MostiFishMod:TheEndOfMoonlight+1","MostiFishMod:SparklingWater","MostiFishMod:FantasySummer","MostiFishMod:NightSea","Well Laid Plans","Adrenaline+1","MostiFishMod:WinterMarkForm","Calculated Gamble+1"],"relics":["Ring of the Snake","EasyRelic","HushsDoor","testmod-TestBox","DaveBox","AT_ATBox","REME_ComplimentaryCards","GuppysTail","testmod-FatalChain","DianDianMeat","NeowsBlessing","SynthV:TestCard","MawBank","CombinedTypeHook","AT_RedTearstoneRing","MoonlightInvasionPlan","DeathBook","AT_BladeRuinedKing","Replay:Mystery Machine","conspire:DeflatedDodgeball","AT_BellDemon","Mercury Hourglass","Simple Rune","Lantern","REME_HandOfSuture","Pet Ghost","testmod-Recursion","GuppysHead","Quantum Egg","GnawedLeaf","BelialBook","Bottled Flame","MagicDraw1","SharpPlug","Smiling Mask","MagicDraw2","StrikeDummy","Ccalipers","ReplayTheSpireMod:Shallot","SumDragon","Mango","Blood Vial","REME_IWantAll","REME_PuzzleBoxRelic"],"acts_visited":["Exordium","TheCity","TheBeyond"],"potions_floor_usage":[18,24,29,33],"damage_taken":[{"damage":0,"enemies":"Cultist","floor":1,"turns":1},{"damage":0,"enemies":"Small Slimes","floor":3,"turns":1},{"damage":0,"enemies":"Jaw Worm","floor":4,"turns":1},{"damage":3,"enemies":"2 Fungi Beasts","floor":5,"turns":3},{"damage":27,"enemies":"Replay:BlueRogue","floor":7,"turns":3},{"damage":15,"enemies":"3 Sentries","floor":10,"turns":4},{"damage":4,"enemies":"Looter","floor":11,"turns":2},{"damage":25,"enemies":"Gremlin Gang","floor":14,"turns":2},{"damage":0,"enemies":"Slime Boss","floor":16,"turns":5},{"damage":0,"enemies":"conspire:FuzzyDice","floor":18,"turns":2},{"damage":0,"enemies":"Shell Parasite","floor":20,"turns":2},{"damage":5,"enemies":"Snake Plant","floor":21,"turns":2},{"damage":5,"enemies":"Hiden Room Battle","floor":22,"turns":2},{"damage":0,"enemies":"Snecko","floor":24,"turns":1},{"damage":10,"enemies":"Slavers","floor":25,"turns":2},{"damage":0,"enemies":"Shelled Parasite and Fungi","floor":27,"turns":1},{"damage":0,"enemies":"3 Cultists","floor":28,"turns":2},{"damage":10,"enemies":"Sentry and Sphere","floor":29,"turns":3},{"damage":11,"enemies":"Automaton","floor":33,"turns":4},{"damage":4,"enemies":"Orb Walker","floor":35,"turns":1},{"damage":0,"enemies":"3 Shapes","floor":36,"turns":1},{"damage":0,"enemies":"Jaw Worm Horde","floor":37,"turns":1},{"damage":0,"enemies":"Nemesis","floor":40,"turns":2},{"damage":0,"enemies":"R_Hoarder","floor":44,"turns":3},{"damage":0,"enemies":"Nemesis","floor":46,"turns":1},{"damage":0,"enemies":"Mind Bloom Boss Battle","floor":48,"turns":2},{"damage":0,"enemies":"Donu and Deca","floor":50,"turns":3},{"damage":0,"enemies":"Time Eater","floor":51,"turns":4}],"seed_played":"-2019560144149938499","potions_obtained":[{"floor":5,"key":"Doom Potion"},{"floor":7,"key":"Venom Potion"},{"floor":18,"key":"REME_GoldPotion"},{"floor":21,"key":"LifebloodPotion"},{"floor":24,"key":"testmod-SpacePotion"},{"floor":25,"key":"Block Potion"},{"floor":33,"key":"REME_GoldPotion"},{"floor":44,"key":"DistilledChaos"},{"floor":46,"key":"Block Potion"}],"is_trial":false,"path_per_floor":["M","$","M","M","M","R","E","R","T","E","M","?","$","M","R","B",null,"M","?","M","M","?","R","M","E","T","M","M","M","R","$","R","B",null,"M","M","M","$","?","E","R","$","T","E","$","E","R","?","R","B","B",null],"character_chosen":"THE_SILENT","items_purchased":["DeathBook","REME_HandOfSuture","GuppysHead","Bottled Flame","MagicDraw1","MagicDraw2"],"campfire_rested":0,"item_purchase_floors":[17,31,34,38,38,42],"current_hp_per_floor":[69,69,74,80,84,84,57,57,57,42,46,31,31,6,6,15,136,141,141,156,151,131,131,131,141,141,141,156,146,146,146,146,151,165,162,179,179,179,179,179,179,179,179,187,187,219,219,219,219,219,219],"gold":140,"neow_bonus":"THREE_ENEMY_KILL","is_daily":false,"chose_seed":false,"campfire_upgraded":9,"win_rate":0.0,"timestamp":1611039886,"path_taken":["M","?","M","M","M","R","E","R","T","E","M","?","$","M","R","BOSS","M","?","M","M","?","R","M","E","T","?","M","M","R","$","R","BOSS","M","M","M","$","?","E","R","$","T","E","$","E","R","?","R","BOSS","BOSS"],"items_purchased_type":["Relic","Relic","Relic","Relic","Relic","Relic"],"build_version":"2020-12-22","purchased_purges":7,"victory":true,"max_hp_per_floor":[76,76,81,87,94,94,94,94,94,94,102,102,102,102,102,111,156,156,156,156,156,156,156,156,156,156,156,171,171,171,171,171,187,170,170,187,187,187,187,187,187,187,187,187,187,219,219,219,219,219,219],"card_choices":[{"not_picked":[],"picked":"BettingIsNotGood","floor":0},{"not_picked":["Escape Plan","Backstab"],"picked":"Blade Dance","floor":1},{"not_picked":["Quick Slash","AT_ThistleTea","Deadly Poison","AT_WomanClash"],"picked":"Acrobatics","floor":3},{"not_picked":["Predator","ReplayTheSpireMod:Shiv Toss","Distraction","Outmaneuver"],"picked":"Bomb","floor":4},{"not_picked":["Deadly Poison","Sucker Punch","Blur","Masterful Stab"],"picked":"Malaise","floor":5},{"not_picked":["Sucker Punch","Cloak And Dagger","Fluid Movement","AT_ThistleTea","Prepared"],"picked":"SKIP","floor":7},{"not_picked":["Deadly Poison","Blade Dance","Outmaneuver","Dodge and Roll","AT_ShadowStep"],"picked":"SKIP","floor":10},{"not_picked":["Deadly Poison","Dagger Spray","ReplayTheSpireMod:Exploit Weakness","AT_WindFlip"],"picked":"Bomb","floor":11},{"not_picked":["Skewer","Glass Knife","Endless Agony","ReplayTheSpireMod:Shiv Toss","Blur"],"picked":"SKIP","floor":14},{"not_picked":["Venomology","MostiFishMod:WinterMarkForm","MostiFishMod:Confrontation","Unload"],"picked":"MostiFishMod:ShivMaster","floor":16},{"not_picked":["Sucker Punch","Deflect","MostiFishMod:PoisonShield","ReplayTheSpireMod:Speed Training","Cloak And Dagger+1"],"picked":"SKIP","floor":18},{"not_picked":["Blade Dance","AT_WindFlip+1","Endless Agony","Slice","Outmaneuver"],"picked":"SKIP","floor":20},{"not_picked":["Bane","Toxin Wave","Dagger Spray","MostiFishMod:PreservedThorns","AT_KneejerkReflex"],"picked":"SKIP","floor":21},{"not_picked":["Quick Slash","Dagger Throw+1","MostiFishMod:ThornCasing","Outmaneuver","Poisoned Stab"],"picked":"SKIP","floor":24},{"not_picked":["REME_GreenPollution","MostiFishMod:ShivMaster","Prepared","AT_WindRun","Crippling Poison+1"],"picked":"SKIP","floor":25},{"not_picked":["Hidden Blade","MostiFishMod:PerfectParry","Caltrops","Noxious Fumes","Draining Mist"],"picked":"SKIP","floor":27},{"not_picked":["Flechettes","MostiFishMod:PerfectParry","Acrobatics","AT_ShadowStep"],"picked":"Well Laid Plans","floor":28},{"not_picked":["Choke","Draining Mist","PiercingWail","Poisoned Stab","Flying Knee"],"picked":"SKIP","floor":29},{"not_picked":["AT_KingSlayer","AT_EssenceShift","MostiFishMod:Opportunism","MostiFishMod:LethalBlade"],"picked":"Adrenaline","floor":33},{"not_picked":["Outmaneuver+1","Underhanded Strike","ReplayTheSpireMod:Tripwire","Deadly Poison","Well Laid Plans"],"picked":"SKIP","floor":35},{"not_picked":["Leg Sweep","Quick Slash","MostiFishMod:PerfectParry+1","Sucker Punch+1"],"picked":"MostiFishMod:WinterMarkForm","floor":36},{"not_picked":["Blade Dance","Deflect","AT_WindFlip+1","Slice+1","All Out Attack"],"picked":"SKIP","floor":37},{"not_picked":["Accuracy","Replay:Poison Smokescreen","Hidden Blade","MostiFishMod:ThornCasing","ReplayTheSpireMod:Speed Training"],"picked":"SKIP","floor":40},{"not_picked":["Slice","AT_WindFlip","Hidden Blade","AT_ShadowStep+1","Escape Plan"],"picked":"SKIP","floor":44},{"not_picked":["Toxin Wave","AT_WomanClash","Eviscerate","AT_TwilightShroud+1"],"picked":"Calculated Gamble","floor":46}],"player_experience":1330665,"relics_obtained":[{"floor":1,"key":"SynthV:TestCard"},{"floor":7,"key":"MawBank"},{"floor":9,"key":"CombinedTypeHook"},{"floor":10,"key":"AT_RedTearstoneRing"},{"floor":19,"key":"AT_BladeRuinedKing"},{"floor":22,"key":"Replay:Mystery Machine"},{"floor":22,"key":"conspire:DeflatedDodgeball"},{"floor":25,"key":"AT_BellDemon"},{"floor":26,"key":"Mercury Hourglass"},{"floor":28,"key":"Simple Rune"},{"floor":29,"key":"Lantern"},{"floor":33,"key":"Pet Ghost"},{"floor":35,"key":"Quantum Egg"},{"floor":36,"key":"GnawedLeaf"},{"floor":37,"key":"BelialBook"},{"floor":40,"key":"SharpPlug"},{"floor":40,"key":"Smiling Mask"},{"floor":43,"key":"StrikeDummy"},{"floor":44,"key":"Ccalipers"},{"floor":44,"key":"ReplayTheSpireMod:Shallot"},{"floor":46,"key":"SumDragon"},{"floor":46,"key":"Mango"},{"floor":48,"key":"REME_IWantAll"},{"floor":48,"key":"REME_PuzzleBoxRelic"}],"event_choices":[{"damage_healed":0,"gold_gain":0,"player_choice":"Relic","damage_taken":0,"max_hp_gain":0,"max_hp_loss":0,"event_name":"Wheel of Change","floor":19,"gold_loss":0},{"damage_healed":0,"gold_gain":0,"player_choice":"Fight","damage_taken":0,"max_hp_gain":0,"max_hp_loss":0,"event_name":"HidenRoomEvent","floor":22,"gold_loss":0},{"damage_healed":0,"gold_gain":0,"player_choice":"Fight","damage_taken":0,"max_hp_gain":0,"max_hp_loss":0,"event_name":"MindBloom","floor":48,"gold_loss":0}],"is_beta":false,"boss_relics":[{"not_picked":["Snecko Scales","Runic Dome"],"picked":"MoonlightInvasionPlan"},{"not_picked":[]},{"not_picked":["OneHitWonderSystem","Velvet Choker"],"picked":"testmod-Recursion"},{"not_picked":[]}],"items_purged_floors":[2,17,31,34,38,42,45],"is_endless":false,"potions_floor_spawned":[5,7,11,16,18,21,24,25,33,44,46,48],"ascension_level":20}}