{"host":"6p0attdrtjqaih7v","time":1611081905,"event":{"mods":["2.2 Compatiblity","AchievementEnabler","Bard","BaseMod","Better Skull","Better Third Choice","Colored Powertips","Hermit","Highlight Path","Jorbs\u0027s Wanderer Trilogy","Key Reminder","Minty Spire (QoL Compilation)","Permanent Neow","Quick Restart","Random Character Button","Relic Stats","Replay The Spire","Robot Space Explorer","StSLib"],"gold_per_floor":[116,38,38,51,126,126,138,138,163,163,190,190,2,34,34,112,112,125,145,31,49,49,49,84,84,84,104,104,104,41,71,71,71,71],"floor_reached":33,"language":"ENG","playtime":1211,"items_purged":["hermit:Strike_Hermit"],"score":628,"play_id":"84f42641-2eaa-44ad-a92f-c55f2e23ee39","local_time":"20210119134505","is_ascension_mode":true,"campfire_choices":[{"data":"hermit:Snapshot","floor":6,"key":"SMITH"},{"data":"hermit:CalledShot","floor":8,"key":"SMITH"},{"data":"hermit:Brawl","floor":12,"key":"SMITH"},{"data":"hermit:NoHoldsBarred","floor":15,"key":"SMITH"},{"data":"Ghostly","floor":23,"key":"SMITH"},{"data":"Ghostly","floor":25,"key":"SMITH"},{"data":"Ghostly","floor":29,"key":"SMITH"},{"data":"hermit:Manifest","floor":32,"key":"SMITH"}],"circlet_count":0,"master_deck":["AscendersBane","hermit:Strike_Hermit","hermit:Strike_Hermit","hermit:Defend_Hermit","hermit:Defend_Hermit","hermit:Defend_Hermit","hermit:Defend_Hermit","hermit:Snapshot+1","hermit:Covet","hermit:Determination","hermit:CalledShot+1","hermit:Brawl+1","hermit:NoHoldsBarred+1","hermit:PistolWhip","hermit:Magnum","hermit:Manifest+1","Ghostly+1","Ghostly+1","Ghostly+1","hermit:Coalescence","hermit:Manifest+1"],"relics":["Busted Crown","Ancient Tea Set","ReplayTheSpireMod:Shallot","Membership Card","Mirror","hermit:BartenderGlass","Happy Flower","Molten Egg 2","Replay:Ringing Soul","Art of War"],"acts_visited":["Exordium","TheCity"],"potions_floor_usage":[14,18,19,19,19,24,31,33,33,33,33],"damage_taken":[{"damage":0,"enemies":"Cultist","floor":1,"turns":3},{"damage":3,"enemies":"2 Louse","floor":4,"turns":3},{"damage":2,"enemies":"Jaw Worm","floor":7,"turns":3},{"damage":8,"enemies":"Replay:BlueRogue","floor":11,"turns":6},{"damage":6,"enemies":"Gremlin Nob","floor":14,"turns":3},{"damage":16,"enemies":"The Guardian","floor":16,"turns":12},{"damage":1,"enemies":"3 Byrds","floor":18,"turns":2},{"damage":4,"enemies":"Shell Parasite","floor":19,"turns":3},{"damage":18,"enemies":"Snecko","floor":21,"turns":5},{"damage":7,"enemies":"Gremlin Leader","floor":24,"turns":5},{"damage":0,"enemies":"Centurion and Healer","floor":27,"turns":5},{"damage":0,"enemies":"Replay:Snechameleon","floor":31,"turns":6},{"damage":33,"enemies":"Automaton","floor":33,"turns":10}],"seed_played":"-7017433553737253698","potions_obtained":[{"floor":7,"key":"Adrenaline Potion"},{"floor":16,"key":"LiquidMemories"},{"floor":21,"key":"FearPotion"},{"floor":31,"key":"Block Potion"}],"is_trial":false,"path_per_floor":["M","$","?","M","?","R","M","R","T","?","E","R","$","E","R","B",null,"M","M","$","M","?","R","E","R","T","M","?","R","$","E","R","B"],"character_chosen":"HERMIT","items_purchased":["hermit:Determination","Membership Card","hermit:NoHoldsBarred","Happy Flower","hermit:Tonic","hermit:Coalescence"],"campfire_rested":0,"item_purchase_floors":[2,13,13,20,20,30],"current_hp_per_floor":[64,64,64,61,50,50,48,48,48,48,40,40,40,34,34,18,58,57,53,53,35,35,35,28,28,28,28,21,21,24,27,27,0,0],"gold":71,"neow_bonus":"BOSS_RELIC","is_daily":false,"chose_seed":false,"campfire_upgraded":8,"win_rate":0.0,"timestamp":1611081905,"path_taken":["M","$","?","M","?","R","?","R","T","?","E","R","$","E","R","BOSS","M","M","$","M","?","R","E","R","T","M","?","R","$","E","R","BOSS"],"items_purchased_type":["Card","Relic","Card","Relic","Potion","Card"],"build_version":"2020-12-22","purchased_purges":1,"victory":false,"max_hp_per_floor":[71,71,71,71,71,71,71,71,71,71,71,71,71,71,71,71,71,71,71,71,71,35,35,35,35,35,35,40,40,43,46,46,46,46],"relic_stats":{"Busted Crown":24,"Happy Flower":[10],"counters":[13,66],"Art of War":[1],"obtain_stats":[{"Replay:Ringing Soul":26,"Busted Crown":0,"ReplayTheSpireMod:Shallot":11,"Happy Flower":20,"hermit:BartenderGlass":17,"Molten Egg 2":24,"Art of War":31,"Membership Card":13,"Ancient Tea Set":9,"Mirror":14,"hermit:Momento":0},{"Replay:Ringing Soul":10,"Busted Crown":0,"ReplayTheSpireMod:Shallot":4,"Happy Flower":8,"hermit:BartenderGlass":6,"Molten Egg 2":10,"Art of War":12,"Membership Card":4,"Ancient Tea Set":3,"Mirror":5,"hermit:Momento":0},{"Replay:Ringing Soul":45,"Busted Crown":0,"ReplayTheSpireMod:Shallot":15,"Happy Flower":35,"hermit:BartenderGlass":30,"Molten Egg 2":45,"Art of War":56,"Membership Card":15,"Ancient Tea Set":9,"Mirror":18,"hermit:Momento":0}]},"card_choices":[{"not_picked":["hermit:HoleUp"],"picked":"SKIP","floor":1},{"not_picked":["hermit:BodyArmor"],"picked":"SKIP","floor":4},{"not_picked":["hermit:BodyArmor"],"picked":"SKIP","floor":4},{"not_picked":[],"picked":"hermit:CalledShot","floor":7},{"not_picked":[],"picked":"hermit:Brawl","floor":11},{"not_picked":[],"picked":"hermit:PistolWhip","floor":14},{"not_picked":[],"picked":"hermit:Magnum","floor":16},{"not_picked":["hermit:Feint"],"picked":"SKIP","floor":18},{"not_picked":[],"picked":"hermit:Manifest+1","floor":19},{"not_picked":["hermit:WideOpen"],"picked":"SKIP","floor":21},{"not_picked":["hermit:Showdown+1"],"picked":"SKIP","floor":24},{"not_picked":["hermit:DeadMansHand"],"picked":"SKIP","floor":27},{"not_picked":["hermit:DeadMansHand"],"picked":"SKIP","floor":27},{"not_picked":[],"picked":"hermit:Manifest","floor":31}],"player_experience":879075,"relics_obtained":[{"floor":9,"key":"Ancient Tea Set"},{"floor":11,"key":"ReplayTheSpireMod:Shallot"},{"floor":14,"key":"Mirror"},{"floor":24,"key":"Molten Egg 2"},{"floor":26,"key":"Replay:Ringing Soul"},{"floor":31,"key":"Art of War"}],"event_choices":[{"damage_healed":0,"gold_gain":75,"player_choice":"Gather Gold","damage_taken":11,"max_hp_gain":0,"max_hp_loss":0,"event_name":"World of Goop","floor":5,"gold_loss":0},{"cards_removed":["hermit:Strike_Hermit"],"damage_healed":0,"gold_gain":0,"player_choice":"Offered Basic","damage_taken":0,"max_hp_gain":0,"max_hp_loss":0,"event_name":"Bonfire Elementals","floor":10,"gold_loss":0},{"damage_healed":0,"gold_gain":0,"player_choice":"Became a Ghost","damage_taken":0,"max_hp_gain":0,"max_hp_loss":36,"event_name":"Ghosts","floor":22,"gold_loss":0,"cards_obtained":["Ghostly","Ghostly","Ghostly"]},{"damage_healed":0,"gold_gain":0,"player_choice":"Shed Blood","damage_taken":12,"max_hp_gain":5,"max_hp_loss":0,"event_name":"Forgotten Altar","floor":28,"gold_loss":0}],"is_beta":false,"boss_relics":[{"not_picked":["Runic Dome","Pandora\u0027s Box"],"picked":"hermit:BartenderGlass"}],"items_purged_floors":[30],"is_endless":false,"potions_floor_spawned":[7,16,21,31],"killed_by":"Automaton","ascension_level":20}}