{"host":"2q4p6kdcvpgo6z81","time":1611015513,"event":{"mods":["BaseMod","Colored Map","Downfall","Minty Spire (QoL Compilation)","StSLib"],"gold_per_floor":[99,115,215,229,229,240,240,240,298,298,33,60,60,45,64,162,162,162,172,172,187,199,214,214,249,249,268,34,45,45,45,58,155,155,155,230,241,55,75,86,136,154,167,167,185,216,216,243,261,261],"floor_reached":51,"language":"ENG","playtime":5440,"items_purged":["Regret","Slimebound:Strike_Slimebound"],"score":806,"play_id":"f774b322-6067-4bb4-b3d4-bef27c7c59a5","local_time":"20210118191833","is_ascension_mode":false,"campfire_choices":[{"data":"Slimebound:Split","floor":1.0,"key":"SMITH"},{"data":"Slimebound:Prepare","floor":8.0,"key":"SMITH"},{"floor":10.0,"key":"REST"},{"data":"expansioncontent:DashGenerateEvil","floor":13.0,"key":"SMITH"},{"data":"Slimebound:MassFeed","floor":18.0,"key":"SMITH"},{"floor":30.0,"key":"REST"},{"floor":35.0,"key":"RECALL"},{"floor":44,"key":"REST"},{"floor":47,"key":"REST"}],"circlet_count":0,"master_deck":["Slimebound:Strike_Slimebound+1","Slimebound:Strike_Slimebound","Slimebound:Tackle","Slimebound:Defend_Slimebound","Slimebound:Defend_Slimebound+1","Slimebound:Defend_Slimebound","Slimebound:Defend_Slimebound","Slimebound:Split+1","Slimebound:CorrosiveSpit+1","Slimebound:SplitAcid","Slimebound:GoopTackle","downfall:Malfunctioning","Slimebound:Prepare+1","Slimebound:Prepare","Slimebound:GrowthPunch","Slimebound:RainOfGoop","expansioncontent:DashGenerateEvil+1","Slimebound:RollThrough","Slimebound:SplitAcid","Slimebound:AcidTongue","Slimebound:MassFeed+1","Slimebound:GrowthPunch","Slimebound:RainOfGoop+1","Slimebound:SlimeTap","Slimebound:Prepare","Slimebound:Schlurp+1","Slimebound:MinionMaster","Slimebound:SplitMire+1","Slimebound:LeechingTouch","CurseOfTheBell","Slimebound:Gluttony","Slimebound:Repurpose+1","Slimebound:SplitLeeching+1","downfall:Aged","Slimebound:MassFeed","Slimebound:SlimeBrawl+1","Slimebound:Replication","Slimebound:LeechEnergy+1","Slimebound:Recollect","Slimebound:TongueLash+1","Slimebound:SamplingLick+1"],"relics":["Black Star","StrikeDummy","Art of War","Slimebound:MaxSlimesRelic","Cursed Key","Du-Vu Doll","CaptainsWheel","Pear","downfall:RedIOU","Calling Bell","Dream Catcher","The Courier","StoneCalendar","Strawberry","Pocketwatch","Vajra","Thread and Needle","Molten Egg 2","Prayer Wheel","Toxic Egg 2"],"acts_visited":["Exordium","TheCity","TheBeyond"],"potions_floor_usage":[39,50,50],"damage_taken":[{"damage":1.0,"enemies":"2 Louse","floor":2.0,"turns":4.0},{"damage":0.0,"enemies":"Cultist","floor":4.0,"turns":3.0},{"damage":11.0,"enemies":"Small Slimes","floor":6.0,"turns":2.0},{"damage":23.0,"enemies":"Lagavulin Event","floor":9.0,"turns":4.0},{"damage":0.0,"enemies":"downfall:FleeingMerchant","floor":11.0,"turns":4.0},{"damage":4.0,"enemies":"3 Sentries","floor":12.0,"turns":5.0},{"damage":0.0,"enemies":"downfall:FleeingMerchant","floor":14.0,"turns":4.0},{"damage":0.0,"enemies":"2 Fungi Beasts","floor":15.0,"turns":3.0},{"damage":32.0,"enemies":"IC_STATUS_ARCHETYPE","floor":16.0,"turns":7.0},{"damage":0.0,"enemies":"Shell Parasite","floor":19.0,"turns":4.0},{"damage":0.0,"enemies":"Spheric Guardian","floor":21.0,"turns":4.0},{"damage":11.0,"enemies":"3 Cultists","floor":22.0,"turns":5.0},{"damage":10.0,"enemies":"Cultist and Chosen","floor":23.0,"turns":4.0},{"damage":29.0,"enemies":"Book of Stabbing","floor":25.0,"turns":6.0},{"damage":2.0,"enemies":"Chosen and Byrds","floor":27.0,"turns":4.0},{"damage":19.0,"enemies":"downfall:FleeingMerchant","floor":28.0,"turns":4.0},{"damage":4.0,"enemies":"Centurion and Healer","floor":29.0,"turns":7.0},{"damage":0.0,"enemies":"Sentry and Sphere","floor":32.0,"turns":5.0},{"damage":30.0,"enemies":"SI_MIRROR_ARCHETYPE","floor":33.0,"turns":10.0},{"damage":8.0,"enemies":"Orb Walker","floor":37.0,"turns":4.0},{"damage":3.0,"enemies":"downfall:FleeingMerchant","floor":38.0,"turns":3.0},{"damage":30,"enemies":"3 Darklings","floor":39,"turns":7},{"damage":32,"enemies":"Transient","floor":40,"turns":5},{"damage":14,"enemies":"Maw","floor":42,"turns":6},{"damage":40,"enemies":"Jaw Worm Horde","floor":43,"turns":5},{"damage":0,"enemies":"Spire Growth","floor":45,"turns":4},{"damage":21,"enemies":"Reptomancer","floor":46,"turns":7},{"damage":5,"enemies":"Giant Head","floor":48,"turns":5},{"damage":0,"enemies":"Writhing Mass","floor":49,"turns":7},{"damage":11,"enemies":"WA_ARCHETYPE_DIVINITY","floor":50,"turns":7}],"seed_played":"7321608407664850517","potions_obtained":[{"floor":12.0,"key":"Ancient Potion"},{"floor":15.0,"key":"SneckoOil"},{"floor":16.0,"key":"Slimebound:SlimedPotion"},{"floor":23.0,"key":"Strength Potion"},{"floor":25.0,"key":"Slimebound:SpawnSlimePotion"},{"floor":29.0,"key":"Weak Potion"},{"floor":33.0,"key":"LiquidBronze"},{"floor":45,"key":"champ:CounterPotion"},{"floor":46,"key":"sneckomod:MuddlingPotion"}],"is_trial":false,"path_per_floor":["R","M","?","M","?","M","T","R","?","R","$","E","R","$","M","B",null,"R","M","?","M","M","M","T","E","?","M","$","M","R","?","M","B",null,"R","?","M","$","M","M","T","M","M","R","M","E","R","E","M","B",null],"character_chosen":"SLIMEBOUND","items_purchased":["Slimebound:GrowthPunch","Slimebound:RainOfGoop","expansioncontent:DashGenerateEvil","Slimebound:MinionMaster","Slimebound:Gluttony","Strawberry","Pocketwatch","PowerPotion"],"campfire_rested":4,"item_purchase_floors":[11,11,11,28,38,38,38,38],"current_hp_per_floor":[65,64,64,64,64,53,53,53,30,49,49,45,45,45,45,13,65,65,69,69,73,62,56,56,37,37,39,20,24,53,53,57,27,103,103,103,95,99,69,37,37,23,36,72,72,55,92,87,90,82],"gold":261,"neow_bonus":"BOSS_RELIC","is_daily":false,"chose_seed":false,"campfire_upgraded":4,"win_rate":0.0,"timestamp":1611015513,"path_taken":["R","M","?","M","?","M","T","R","?","R","?","E","R","$","M","BOSS","R","?","?","M","M","M","T","E","?","M","$","M","R","?","M","BOSS","R","?","M","$","M","M","T","M","M","R","M","E","R","E","M","BOSS"],"items_purchased_type":["Card","Card","Card","Card","Card","Relic","Relic","Potion"],"build_version":"2020-12-22","purchased_purges":2,"victory":true,"max_hp_per_floor":[65,65,65,65,65,65,65,65,65,65,65,65,65,65,65,65,65,65,69,69,73,73,77,77,87,87,91,91,99,99,99,103,103,103,103,103,103,110,110,110,110,110,120,120,120,124,124,124,127,130],"card_choices":[{"not_picked":["Slimebound:LivingWall","Slimebound:ComboTackle"],"picked":"Slimebound:SplitAcid","floor":2.0},{"not_picked":["Slimebound:Schlurp","Slimebound:FinishingTackle"],"picked":"Slimebound:GoopTackle","floor":4.0},{"not_picked":["Slimebound:Chomp","Slimebound:FirmFortitude"],"picked":"Slimebound:Prepare","floor":6.0},{"not_picked":["Slimebound:ProtectTheBoss","Slimebound:MegaLick"],"picked":"Slimebound:Prepare","floor":9.0},{"not_picked":["Slimebound:LeechingTouch","Slimebound:Chomp","Slimebound:ForwardTackle"],"picked":"SKIP","floor":11.0},{"not_picked":["Slimebound:GoopTackle","Slimebound:GoopSpray"],"picked":"Slimebound:RollThrough","floor":12.0},{"not_picked":["Slimebound:FinishingTackle","Slimebound:LeechingTouch"],"picked":"Slimebound:SplitAcid","floor":14.0},{"not_picked":["Slimebound:OneTwoCombo","Slimebound:ComboTackle"],"picked":"Slimebound:AcidTongue","floor":15.0},{"not_picked":["Slimebound:FirmFortitude","Slimebound:OneTwoCombo"],"picked":"Slimebound:MassFeed","floor":16.0},{"not_picked":["Slimebound:Recollect","Slimebound:Equalize+1"],"picked":"Slimebound:GrowthPunch","floor":19.0},{"not_picked":["Slimebound:ComboTackle","Slimebound:FinishingTackle+1"],"picked":"Slimebound:RainOfGoop+1","floor":21.0},{"not_picked":["Slimebound:FinishingTackle","Slimebound:Schlurp"],"picked":"Slimebound:SlimeTap","floor":22.0},{"not_picked":["Slimebound:SplitAcid","Slimebound:Prepare","Slimebound:HungryTackle"],"picked":"SKIP","floor":23.0},{"not_picked":["Slimebound:DisruptingSlam","Slimebound:Recollect","Slimebound:GoopTackle+1"],"picked":"SKIP","floor":25.0},{"not_picked":["Slimebound:SplitMire","Slimebound:Chomp"],"picked":"Slimebound:Prepare","floor":27.0},{"not_picked":["Slimebound:Prepare","Slimebound:HauntingLick"],"picked":"Slimebound:Schlurp+1","floor":28.0},{"not_picked":["Slimebound:GoopTackle","Slimebound:Schlurp"],"picked":"Slimebound:SplitMire+1","floor":29.0},{"not_picked":["Slimebound:ItLooksTasty","Slimebound:HauntingLick+1"],"picked":"Slimebound:LeechingTouch","floor":32.0},{"not_picked":["Slimebound:PressTheAttack","Slimebound:RainOfGoop+1","Slimebound:GoopTackle+1"],"picked":"SKIP","floor":37.0},{"not_picked":["Slimebound:SplitMire","Slimebound:SlimeSpikes"],"picked":"Slimebound:Repurpose+1","floor":39},{"not_picked":["Slimebound:GrowthPunch+1","Slimebound:PressTheAttack+1"],"picked":"Slimebound:SplitLeeching+1","floor":40},{"not_picked":["Slimebound:SplitBruiser","Slimebound:SamplingLick+1"],"picked":"Slimebound:MassFeed","floor":42},{"not_picked":["Slimebound:RainOfGoop+1","Slimebound:SplitBruiser+1","Slimebound:ItLooksTasty+1"],"picked":"SKIP","floor":43},{"not_picked":["Slimebound:SlimeTap+1","Slimebound:SplitBruiser"],"picked":"Slimebound:SlimeBrawl+1","floor":44},{"not_picked":["Slimebound:RejuvenatingLick","Slimebound:Dissolve"],"picked":"Slimebound:Replication","floor":45},{"not_picked":["Slimebound:GrowthPunch+1","Slimebound:SplitMire"],"picked":"Slimebound:LeechEnergy+1","floor":46},{"not_picked":["Slimebound:HungryTackle+1","Slimebound:SlimeSpikes"],"picked":"Slimebound:Recollect","floor":47},{"not_picked":["Slimebound:SlimeSpikes+1","Slimebound:MassRepurpose+1"],"picked":"Slimebound:TongueLash+1","floor":48},{"not_picked":["Slimebound:AcidTongue+1","Slimebound:SlimeSpikes+1"],"picked":"Slimebound:SamplingLick+1","floor":49},{"not_picked":["Slimebound:LivingWall+1","Slimebound:LeadByExample","Slimebound:LeechingTouch+1"],"picked":"SKIP","floor":49}],"player_experience":1519967,"relics_obtained":[{"floor":7.0,"key":"StrikeDummy"},{"floor":9.0,"key":"Smiling Mask"},{"floor":12.0,"key":"Art of War"},{"floor":12.0,"key":"Slimebound:MaxSlimesRelic"},{"floor":24.0,"key":"Du-Vu Doll"},{"floor":25.0,"key":"CaptainsWheel"},{"floor":25.0,"key":"Pear"},{"floor":34.0,"key":"Dream Catcher"},{"floor":34.0,"key":"The Courier"},{"floor":34.0,"key":"StoneCalendar"},{"floor":41,"key":"Vajra"},{"floor":46,"key":"Thread and Needle"},{"floor":46,"key":"Molten Egg 2"},{"floor":48,"key":"Prayer Wheel"},{"floor":48,"key":"Toxic Egg 2"}],"event_choices":[{"damage_healed":0.0,"max_hp_gain":0.0,"max_hp_loss":0.0,"gold_gain":0.0,"event_name":"Vampires","player_choice":"Ignored","floor":31.0,"gold_loss":0.0,"damage_taken":0.0}],"is_beta":false,"boss_relics":[{"not_picked":["SacredBark","Tiny House"],"picked":"Cursed Key"},{"not_picked":["Runic Dome","Sozu"],"picked":"Calling Bell"}],"items_purged_floors":[28,38],"is_endless":false,"potions_floor_spawned":[12,15,16,23,25,29,33,45,46,49],"ascension_level":0}}