{"host":"hszimsrtxxc2k25w","time":1611042677,"event":{"mods":["AchievementEnabler","BaseMod","Colored Map","DeckTracker","Minty Spire (QoL Compilation)","Rare Cards Sparkle","SuperFastMode"],"gold_per_floor":[119,129,129,129,143,143,167,167,167,167,167],"floor_reached":10,"language":"KOR","playtime":271,"items_purged":[],"score":110,"play_id":"99676c4f-4ee9-4dc7-81b1-3ee162accdc8","local_time":"20210119165117","is_ascension_mode":true,"campfire_choices":[{"data":"Prepared","floor":6,"key":"SMITH"},{"floor":8,"key":"REST"}],"circlet_count":0,"master_deck":["AscendersBane","Strike_G","Strike_G","Strike_G","Defend_G","Defend_G","Defend_G","Defend_G","Defend_G","Survivor","Neutralize","Bouncing Flask","Skewer","Acrobatics","Heel Hook","Prepared+1","Calculated Gamble"],"relics":["Ring of the Snake","Golden Idol","Ice Cream","Bottled Flame"],"acts_visited":["Exordium"],"potions_floor_usage":[],"damage_taken":[{"damage":1,"enemies":"2 Louse","floor":1,"turns":4},{"damage":4,"enemies":"Jaw Worm","floor":2,"turns":3},{"damage":0,"enemies":"Cultist","floor":5,"turns":3},{"damage":28,"enemies":"Large Slime","floor":7,"turns":5},{"damage":44,"enemies":"3 Sentries","floor":10,"turns":7}],"seed_played":"-1487964859489599875","potions_obtained":[],"is_trial":false,"path_per_floor":["M","M","?","T","M","R","M","R","T","E"],"character_chosen":"THE_SILENT","items_purchased":[],"campfire_rested":1,"item_purchase_floors":[],"current_hp_per_floor":[58,54,54,54,54,54,26,42,42,0,0],"gold":167,"neow_bonus":"TRANSFORM_TWO_CARDS","is_daily":false,"chose_seed":false,"campfire_upgraded":1,"win_rate":0.0,"timestamp":1611042677,"path_taken":["M","M","?","?","M","R","?","R","T","E"],"items_purchased_type":[],"build_version":"2020-12-22","purchased_purges":0,"victory":false,"max_hp_per_floor":[60,60,54,54,54,54,54,54,54,54,54],"card_choices":[{"not_picked":["Backflip","Poisoned Stab"],"picked":"Acrobatics","floor":1},{"not_picked":["Caltrops","Cloak And Dagger"],"picked":"Heel Hook","floor":2},{"not_picked":["Deflect","Underhanded Strike"],"picked":"Prepared","floor":5},{"not_picked":["Blade Dance","Dagger Spray"],"picked":"Calculated Gamble","floor":7}],"player_experience":621377,"relics_obtained":[{"floor":4,"key":"Ice Cream"},{"floor":9,"key":"Bottled Flame"}],"event_choices":[{"damage_healed":0,"gold_gain":0,"player_choice":"Lose Max HP","damage_taken":0,"relics_obtained":["Golden Idol"],"max_hp_gain":0,"max_hp_loss":6,"event_name":"Golden Idol","floor":3,"gold_loss":0}],"is_beta":false,"boss_relics":[],"items_purged_floors":[],"is_endless":false,"potions_floor_spawned":[],"killed_by":"3 Sentries","ascension_level":18}}