{"host":"viepjj0bn20d0lzc","time":1611075075,"event":{"mods":["AchievementEnabler","BaseMod","Better Altar","Better Match","Better Note","Better Sensory Stone","Better Skull","Better Third Choice","Better Vampires","Block Reminder","Colored Map","Colored Powertips","Disable Question Mark Monsters","Downfall","Hermit","Highlight Path","Hubris","Mimic Mod","Minty Spire (QoL Compilation)","Permanent Neow","Practice Mode","Quick Restart","Random Character Button","Rare Cards Sparkle","Relic Sorter","StSLib","The Blue Laboratory","The Cursed","The Jungle","The Runesmith","Wandering Minibosses"],"gold_per_floor":[115,115,115,132,82,109,109,136,136,136,136,156,156,156,156,261,261,278,278,278,278,298,332,348,348,348],"floor_reached":25,"language":"ENG","playtime":1261,"items_purged":[],"score":227,"play_id":"cd1eb687-b2db-405d-a2da-373df9879a15","local_time":"20210119105115","is_ascension_mode":false,"campfire_choices":[{"floor":7,"key":"REST"},{"data":"Infinite Blades","floor":10,"key":"SMITH"},{"floor":13,"key":"REST"},{"data":"PiercingWail","floor":15,"key":"SMITH"}],"circlet_count":0,"master_deck":["Strike_G","Strike_G","Strike_G","Strike_G","Strike_G","Defend_G","Defend_G","Defend_G","Defend_G","Defend_G","Survivor","Neutralize","Deadly Poison+1","Infinite Blades+1","Dash","PiercingWail+1","Backflip","Burst","hubris:StunningStrike+1","Terror","Poisoned Stab","Deadly Poison"],"relics":["Ring of the Snake","FossilizedHelix","Potion Belt","White Beast Statue","StoneCalendar","PreservedInsect","Anchor","hubris:Towel","Black Star","Vajra","Blood Vial"],"acts_visited":["Exordium","theJungle:Jungle"],"potions_floor_usage":[22,23,23],"damage_taken":[{"damage":5,"enemies":"Small Slimes","floor":1,"turns":4},{"damage":8,"enemies":"Jaw Worm","floor":4,"turns":3},{"damage":4,"enemies":"Gremlin Nob","floor":6,"turns":4},{"damage":13,"enemies":"3 Sentries","floor":8,"turns":9},{"damage":0,"enemies":"2 Louse","floor":12,"turns":3},{"damage":7,"enemies":"Slime Boss","floor":16,"turns":9},{"damage":27,"enemies":"theJungle:GiantWrat","floor":18,"turns":7},{"damage":11,"enemies":"theJungle:5_Spyders","floor":22,"turns":9},{"damage":28,"enemies":"theJungle:2_Phrogs","floor":23,"turns":7},{"damage":14,"enemies":"theJungle:Snecko_Cultist_And_Trap","floor":24,"turns":7},{"damage":10,"enemies":"theJungle:Cassacara","floor":25,"turns":3}],"seed_played":"8124993916956970513","potions_obtained":[{"floor":4,"key":"DistilledChaos"},{"floor":6,"key":"blueLaboratory:HeartbeatPotion"},{"floor":8,"key":"Slimebound:ThreeZeroPotion"},{"floor":12,"key":"SteroidPotion"},{"floor":16,"key":"Slimebound:ThreeZeroPotion"},{"floor":22,"key":"blueLaboratory:BottleOfVodka"},{"floor":24,"key":"champ:CounterPotion"}],"is_trial":false,"path_per_floor":["M","?","$","M","?","E","R","E","T","R","?","M","R","?","R","B",null,"M","?","?","?","M","E","M","E"],"character_chosen":"THE_SILENT","items_purchased":[],"campfire_rested":2,"item_purchase_floors":[],"current_hp_per_floor":[65,65,65,57,57,53,70,57,57,57,40,40,61,61,61,54,70,43,43,43,43,33,15,3,0,0],"gold":348,"neow_bonus":"ONE_RARE_RELIC","is_daily":false,"chose_seed":false,"campfire_upgraded":2,"win_rate":0.0,"timestamp":1611075075,"path_taken":["M","?","$","M","?","E","R","E","T","R","?","?","R","?","R","BOSS","M","?","?","?","M","E","?","E"],"items_purchased_type":[],"build_version":"2020-12-22","purchased_purges":0,"victory":false,"max_hp_per_floor":[70,70,70,70,70,70,70,70,70,70,70,70,70,70,70,70,70,70,70,70,70,70,70,70,70,70],"card_choices":[{"not_picked":["Poisoned Stab","Dagger Spray"],"picked":"Deadly Poison","floor":1},{"not_picked":["Masterful Stab","Footwork"],"picked":"Infinite Blades","floor":4},{"not_picked":["Phantasmal Killer","Dagger Throw"],"picked":"Dash","floor":6},{"not_picked":["Footwork","Deflect"],"picked":"PiercingWail","floor":8},{"not_picked":["hubris:Sniper","hubris:Counter"],"picked":"Backflip","floor":12},{"not_picked":["Venomology","Night Terror"],"picked":"Burst","floor":16},{"not_picked":["Escape Plan","Acrobatics","Dodge and Roll"],"picked":"SKIP","floor":18},{"not_picked":["Prepared","Calculated Gamble+1"],"picked":"Terror","floor":22},{"not_picked":["Acrobatics","Blade Dance"],"picked":"Poisoned Stab","floor":23},{"not_picked":["Leg Sweep+1","Dagger Spray"],"picked":"Deadly Poison","floor":24}],"player_experience":30082,"relics_obtained":[{"floor":6,"key":"Potion Belt"},{"floor":8,"key":"White Beast Statue"},{"floor":9,"key":"StoneCalendar"},{"floor":23,"key":"Vajra"},{"floor":23,"key":"Blood Vial"}],"event_choices":[{"cards_removed":["Pain"],"damage_healed":0,"gold_gain":0,"player_choice":"Card Removal","damage_taken":0,"max_hp_gain":0,"max_hp_loss":0,"event_name":"The Cleric","floor":5,"gold_loss":50},{"damage_healed":0,"gold_gain":1,"player_choice":"Relic Relic ","damage_taken":17,"max_hp_gain":0,"max_hp_loss":0,"event_name":"betterThird:BetterScrap","floor":11,"gold_loss":0,"cards_obtained":["Vengeance"]},{"cards_removed":["Burst"],"damage_healed":0,"gold_gain":0,"player_choice":"Take \u0026 Give","damage_taken":0,"max_hp_gain":0,"max_hp_loss":0,"event_name":"betterNote:BetterNote","floor":19,"gold_loss":0,"cards_obtained":["hubris:StunningStrike"]},{"damage_healed":0,"gold_gain":0,"player_choice":"Forge","damage_taken":0,"max_hp_gain":0,"max_hp_loss":0,"event_name":"Accursed Blacksmith","floor":21,"gold_loss":0,"cards_upgraded":["hubris:StunningStrike"]}],"is_beta":false,"boss_relics":[{"not_picked":["hubris:Backtick","Coffee Dripper"],"picked":"Black Star"}],"items_purged_floors":[],"is_endless":false,"potions_floor_spawned":[4,6,8,12,16,18,22,23,24],"killed_by":"theJungle:Cassacara","ascension_level":0}}