{"host":"4cz9gr89nglr7k8k","time":1611095442,"event":{"mods":["BaseMod","Minty Spire (QoL Compilation)","Relic Stats","Slay-I"],"gold_per_floor":[109,124,46,63,63,93,93,104,104,115,115,133,133,3,3,76,76,93,128,181,181,24,24,54,54,54,54,68,68,118,33,33,107,107,122,122,141,159,159,159,189,10,10,27,27,27,27,43,43,43,43],"floor_reached":50,"language":"DEU","playtime":1478,"items_purged":["Pain"],"score":1047,"play_id":"b96e4b58-72d5-49de-934e-01c424a4c48d","local_time":"20210119233042","is_ascension_mode":true,"campfire_choices":[{"data":"Feed","floor":7,"key":"SMITH"},{"floor":11,"key":"REST"},{"data":"Inflame","floor":13,"key":"SMITH"},{"data":"Inflame","floor":15,"key":"SMITH"},{"floor":23,"key":"REST"},{"floor":25,"key":"REST"},{"data":"Limit Break","floor":27,"key":"SMITH"},{"data":"Demon Form","floor":29,"key":"SMITH"},{"floor":32,"key":"REST"},{"floor":40,"key":"REST"},{"floor":47,"key":"REST"},{"floor":49,"key":"REST"}],"circlet_count":0,"master_deck":["AscendersBane","Strike_R","Strike_R","Strike_R","Strike_R","Strike_R","Defend_R","Defend_R","Defend_R","Defend_R","Bash","Anger","Inflame+1","Flex","Sword Boomerang","Feed+1","Inflame+1","Dropkick","Heavy Blade","Clash","Demon Form+1","Cleave","Wild Strike","Limit Break+1","Shrug It Off+1","Impervious","Metallicize","Iron Wave","Body Slam","Decay","Disarm+1","Impervious","Doubt","Sword Boomerang+1","Apotheosis","Body Slam+1"],"relics":["Burning Blood","NeowsBlessing","WarpedTongs","Bag of Preparation","MealTicket","SlaversCollar","Red Mask","Juzu Bracelet","Happy Flower","Letter Opener","Magic Flower","InkBottle","Cursed Key","Centennial Puzzle","Mercury Hourglass"],"acts_visited":["Exordium","TheCity","TheBeyond"],"potions_floor_usage":[17,18,19,35,41,48],"damage_taken":[{"damage":0,"enemies":"Cultist","floor":1,"turns":1},{"damage":0,"enemies":"Jaw Worm","floor":2,"turns":1},{"damage":0,"enemies":"2 Louse","floor":4,"turns":1},{"damage":12,"enemies":"Gremlin Nob","floor":6,"turns":3},{"damage":20,"enemies":"Large Slime","floor":8,"turns":3},{"damage":12,"enemies":"3 Louse","floor":10,"turns":3},{"damage":16,"enemies":"Red Slaver","floor":12,"turns":4},{"damage":33,"enemies":"The Guardian","floor":16,"turns":7},{"damage":26,"enemies":"3 Byrds","floor":18,"turns":6},{"damage":60,"enemies":"Masked Bandits","floor":19,"turns":5},{"damage":46,"enemies":"Slavers","floor":24,"turns":4},{"damage":0,"enemies":"Chosen","floor":28,"turns":2},{"damage":55,"enemies":"Champ","floor":33,"turns":6},{"damage":8,"enemies":"3 Shapes","floor":35,"turns":7},{"damage":42,"enemies":"Orb Walker","floor":37,"turns":4},{"damage":43,"enemies":"3 Darklings","floor":38,"turns":5},{"damage":49,"enemies":"Nemesis","floor":41,"turns":5},{"damage":6,"enemies":"Jaw Worm Horde","floor":44,"turns":5},{"damage":38,"enemies":"Transient","floor":48,"turns":6},{"damage":113,"enemies":"Awakened One","floor":50,"turns":6}],"seed_played":"-587139505275735836","potions_obtained":[{"floor":1,"key":"BlessingOfTheForge"},{"floor":4,"key":"Energy Potion"},{"floor":10,"key":"SteroidPotion"},{"floor":12,"key":"HeartOfIron"},{"floor":16,"key":"Fruit Juice"},{"floor":18,"key":"Fire Potion"},{"floor":33,"key":"PowerPotion"},{"floor":35,"key":"ColorlessPotion"},{"floor":37,"key":"Fire Potion"},{"floor":48,"key":"SmokeBomb"}],"is_trial":false,"path_per_floor":["M","M","$","M","?","E","R","M","T","M","R","M","R","$","R","B",null,"M","?","T","?","$","R","E","R","T","R","M","R","?","?","R","B",null,"M","?","M","M","?","R","E","$","T","M","?","$","R","M","R","B"],"character_chosen":"IRONCLAD","items_purchased":["Flex","Sword Boomerang","Clash","Happy Flower","Impervious"],"campfire_rested":7,"item_purchase_floors":[3,3,14,22,42],"current_hp_per_floor":[74,75,75,75,75,69,69,55,55,53,76,66,66,79,79,52,77,61,11,11,29,44,71,35,63,63,63,78,78,78,78,100,60,93,100,105,78,44,44,77,37,52,52,55,55,70,103,74,107,0,0],"gold":43,"neow_bonus":"THREE_ENEMY_KILL","is_daily":false,"chose_seed":false,"campfire_upgraded":5,"win_rate":0.0,"timestamp":1611095442,"path_taken":["M","?","?","M","?","E","R","M","T","?","R","M","R","$","R","BOSS","M","?","?","?","$","R","E","R","T","R","M","R","?","?","R","BOSS","M","?","M","M","?","R","E","$","T","M","?","$","R","M","R","BOSS"],"items_purchased_type":["Card","Card","Card","Relic","Card"],"build_version":"2020-12-22","purchased_purges":1,"victory":false,"max_hp_per_floor":[75,75,75,75,75,75,75,75,75,79,79,79,79,79,79,79,84,88,92,92,92,92,92,96,96,96,96,100,100,100,100,100,104,104,108,108,112,112,112,112,112,112,112,112,112,112,112,112,112,116,116],"relic_stats":{"Happy Flower":[16],"counters":[20,84],"Magic Flower":[34],"Bag of Preparation":[32],"Juzu Bracelet":2,"Letter Opener":[15],"Cursed Key":1,"Burning Blood":127,"WarpedTongs":[80],"Mercury Hourglass":[51],"Centennial Puzzle":[9],"MealTicket":58,"obtain_stats":[{"NeowsBlessing":0,"Happy Flower":22,"Magic Flower":26,"Bag of Preparation":6,"Juzu Bracelet":20,"Letter Opener":24,"Cursed Key":34,"Burning Blood":0,"WarpedTongs":5,"Mercury Hourglass":43,"SlaversCollar":17,"Centennial Puzzle":41,"MealTicket":9,"Red Mask":19,"InkBottle":31},{"NeowsBlessing":0,"Happy Flower":10,"Magic Flower":11,"Bag of Preparation":4,"Juzu Bracelet":10,"Letter Opener":11,"Cursed Key":13,"Burning Blood":0,"WarpedTongs":3,"Mercury Hourglass":17,"SlaversCollar":8,"Centennial Puzzle":17,"MealTicket":5,"Red Mask":10,"InkBottle":12},{"NeowsBlessing":0,"Happy Flower":34,"Magic Flower":38,"Bag of Preparation":6,"Juzu Bracelet":34,"Letter Opener":38,"Cursed Key":46,"Burning Blood":0,"WarpedTongs":3,"Mercury Hourglass":67,"SlaversCollar":23,"Centennial Puzzle":67,"MealTicket":9,"Red Mask":34,"InkBottle":40}],"InkBottle":[16]},"card_choices":[{"not_picked":["Feel No Pain","Intimidate"],"picked":"Anger","floor":1},{"not_picked":["Anger","True Grit"],"picked":"Inflame","floor":2},{"not_picked":["Twin Strike","Body Slam"],"picked":"Perfected Strike","floor":4},{"not_picked":["Rampage","Sword Boomerang"],"picked":"Feed","floor":6},{"not_picked":["Warcry","Headbutt"],"picked":"Inflame","floor":8},{"not_picked":["Pommel Strike","Armaments"],"picked":"Dropkick","floor":10},{"not_picked":["Headbutt","Sever Soul"],"picked":"Heavy Blade","floor":12},{"not_picked":["Reaper","Exhume"],"picked":"Demon Form","floor":16},{"not_picked":["Dark Embrace+1","Bloodletting"],"picked":"Cleave","floor":18},{"not_picked":["Body Slam","Perfected Strike"],"picked":"Wild Strike","floor":19},{"not_picked":["Wild Strike","Cleave"],"picked":"Limit Break","floor":24},{"not_picked":["Flex","Iron Wave"],"picked":"Shrug It Off+1","floor":28},{"not_picked":["Exhume","Bludgeon"],"picked":"Impervious","floor":33},{"not_picked":["Cleave+1","Armaments+1"],"picked":"Metallicize","floor":35},{"not_picked":["Battle Trance","Perfected Strike"],"picked":"Iron Wave","floor":37},{"not_picked":["Inflame","Perfected Strike"],"picked":"Body Slam","floor":38},{"not_picked":["Cleave","Sentinel"],"picked":"Disarm+1","floor":41},{"not_picked":["Barricade","Battle Trance"],"picked":"Sword Boomerang+1","floor":44},{"not_picked":["Madness","Jack Of All Trades"],"picked":"Apotheosis","floor":45},{"not_picked":["Clothesline+1","Clash"],"picked":"Body Slam+1","floor":48}],"player_experience":1510855,"relics_obtained":[{"floor":6,"key":"Bag of Preparation"},{"floor":9,"key":"MealTicket"},{"floor":19,"key":"Red Mask"},{"floor":20,"key":"Juzu Bracelet"},{"floor":24,"key":"Letter Opener"},{"floor":26,"key":"Magic Flower"},{"floor":41,"key":"Centennial Puzzle"},{"floor":43,"key":"Mercury Hourglass"}],"event_choices":[{"damage_healed":0,"gold_gain":0,"player_choice":"Rummage","damage_taken":0,"relics_obtained":["WarpedTongs"],"max_hp_gain":0,"max_hp_loss":0,"event_name":"Accursed Blacksmith","floor":5,"gold_loss":0,"cards_obtained":["Pain"]},{"damage_healed":0,"gold_gain":0,"player_choice":"Fought Bandits","damage_taken":0,"max_hp_gain":0,"max_hp_loss":0,"event_name":"Masked Bandits","floor":19,"gold_loss":0},{"damage_healed":18,"gold_gain":0,"player_choice":"Heal","damage_taken":0,"max_hp_gain":0,"max_hp_loss":0,"event_name":"The Library","floor":21,"gold_loss":0},{"damage_healed":0,"gold_gain":50,"player_choice":"Stole From Cult","damage_taken":0,"max_hp_gain":0,"max_hp_loss":0,"event_name":"Nest","floor":30,"gold_loss":0},{"damage_healed":0,"gold_gain":0,"player_choice":"Obtained Relic","damage_taken":0,"relics_obtained":["InkBottle"],"max_hp_gain":0,"max_hp_loss":0,"event_name":"Addict","floor":31,"gold_loss":85},{"cards_removed":["Perfected Strike"],"damage_healed":5,"gold_gain":0,"player_choice":"Offered Common","damage_taken":0,"max_hp_gain":0,"max_hp_loss":0,"event_name":"Bonfire Elementals","floor":36,"gold_loss":0},{"cards_removed":["Perfected Strike"],"damage_healed":5,"gold_gain":0,"player_choice":"Offered Special","damage_taken":0,"max_hp_gain":0,"max_hp_loss":0,"event_name":"Bonfire Elementals","floor":36,"gold_loss":0},{"damage_healed":0,"gold_gain":0,"player_choice":"Cursed","damage_taken":0,"max_hp_gain":0,"max_hp_loss":0,"event_name":"Wheel of Change","floor":39,"gold_loss":0,"cards_obtained":["Decay"]},{"damage_healed":0,"gold_gain":0,"player_choice":"Memory 1","damage_taken":0,"max_hp_gain":0,"max_hp_loss":0,"event_name":"SensoryStone","floor":45,"gold_loss":0}],"is_beta":false,"boss_relics":[{"not_picked":["Sozu","Runic Pyramid"],"picked":"SlaversCollar"},{"not_picked":["SacredBark","Pandora\u0027s Box"],"picked":"Cursed Key"}],"items_purged_floors":[14],"is_endless":false,"potions_floor_spawned":[1,4,10,12,16,18,33,35,37,48],"killed_by":"Awakened One","ascension_level":20}}