{"host":"kiah4uoohy01p0hv","time":1611043919,"event":{"mods":["AchievementEnabler","Aspiration","BaseMod","BetterRewards","CCEM","Colored Map","Colored Powertips","Conspire","Highlight Path","Hubris","Infinite Spire","Marked Mod","Minty Spire (QoL Compilation)","Permanent Neow","Replay The Spire","Spicy Shops","Spikes Relics","StS++","StSLib"],"gold_per_floor":[110,128,140,3,21,47,61,76,155,8,8,338,338,354,354,457,457,477,477,490,500,510,535,535,561,561,575,575,607,618,618,618,618,618],"floor_reached":33,"language":"ENG","playtime":3445,"items_purged":[],"score":421,"play_id":"909aba76-2bfa-4e09-aaea-fb7348162312","local_time":"20210119181159","is_ascension_mode":false,"campfire_choices":[{"floor":11,"key":"REST"},{"floor":15,"key":"REST"},{"floor":28,"key":"REST"},{"floor":32,"key":"REST"}],"circlet_count":0,"master_deck":["Strike_G","Strike_G","Strike_G","Strike_G","Defend_G","Defend_G","Defend_G","Defend_G","Survivor","Neutralize","Bane","ReplayTheSpireMod:The Works","Distraction","Outmaneuver","Poisoned Stab","Bane","Dagger Spray","Dagger Spray","Flash of Steel","PiercingWail","StSpp:SwitchWeapon","StSpp:PoisonousPunch","Noxious Fumes","After Image","Footwork+1","Dash","ReplayTheSpireMod:The Works+1","StSpp:FiercePoison","Crippling Poison","hubris:DuctTapeCard","Burst","conspire:PoisonWeapons","StSpp:TimeParadox","Noxious Fumes"],"relics":["Ring of the Snake","TwistedFunnel","BicycleWheel","Blue Candle","Replay:Rubber Ducky","Old Coin","infinitespire:Cupcake","hubris:DuctTape","Bag of Marbles","Snack Pack","StSpp:SailingBoat"],"acts_visited":["Exordium","TheCity"],"potions_floor_usage":[12,12,16,25,25,33],"damage_taken":[{"damage":0,"enemies":"Cultist","floor":1,"turns":3},{"damage":0,"enemies":"Small Slimes","floor":2,"turns":3},{"damage":0,"enemies":"conspire:RoseBush","floor":3,"turns":2},{"damage":2,"enemies":"Large Slime","floor":5,"turns":5},{"damage":18,"enemies":"3 Sentries","floor":6,"turns":5},{"damage":0,"enemies":"Blue Slaver","floor":7,"turns":2},{"damage":18,"enemies":"Exordium Wildlife","floor":8,"turns":3},{"damage":2,"enemies":"Gremlin Nob","floor":12,"turns":3},{"damage":0,"enemies":"2 Fungi Beasts","floor":14,"turns":2},{"damage":23,"enemies":"Fading Forest","floor":16,"turns":11},{"damage":0,"enemies":"Shell Parasite","floor":18,"turns":5},{"damage":0,"enemies":"Chosen","floor":20,"turns":4},{"damage":17,"enemies":"Shelled Parasite and Fungi","floor":21,"turns":4},{"damage":2,"enemies":"conspire:HollyBat","floor":22,"turns":8},{"damage":4,"enemies":"conspire:Head Lice","floor":23,"turns":4},{"damage":10,"enemies":"Gremlin Leader","floor":25,"turns":3},{"damage":2,"enemies":"Snecko","floor":27,"turns":4},{"damage":15,"enemies":"Replay:Snechameleon","floor":29,"turns":2},{"damage":20,"enemies":"Shelled Parasite and Fungi","floor":30,"turns":4},{"damage":48,"enemies":"hubris:MusketHawk","floor":33,"turns":6}],"seed_played":"-205466458399905060","potions_obtained":[{"floor":6,"key":"Strength Potion"},{"floor":7,"key":"SkillPotion"},{"floor":8,"key":"SteroidPotion"},{"floor":16,"key":"Venom Potion"},{"floor":18,"key":"AttackPotion"},{"floor":22,"key":"Adrenaline Potion"},{"floor":30,"key":"AttackPotion"}],"is_trial":false,"path_per_floor":["M","M","M","$","M","E","M","M","T","$","R","E","?","M","R","B",null,"M","?","M","M","M","E","?","E","T","M","R","E","M","?","R","B"],"character_chosen":"THE_SILENT","items_purchased":["TwistedFunnel","Bane","Outmaneuver","Dagger Spray","Flash of Steel","Replay:Rubber Ducky"],"campfire_rested":4,"item_purchase_floors":[0,0,0,4,4,10],"current_hp_per_floor":[70,70,70,70,68,50,50,32,32,32,53,51,51,51,70,70,70,70,70,70,53,51,47,47,37,37,35,56,41,23,23,44,0,0],"gold":618,"neow_bonus":"","is_daily":false,"chose_seed":false,"campfire_upgraded":0,"win_rate":0.0,"timestamp":1611043919,"path_taken":["M","M","?","?","M","E","M","M","T","$","R","E","?","?","R","BOSS","M","?","M","M","?","E","?","E","T","M","R","E","M","?","R","BOSS"],"items_purchased_type":["Relic","Card","Card","Card","Card","Relic"],"build_version":"2020-12-22","purchased_purges":0,"victory":false,"max_hp_per_floor":[70,70,70,70,70,70,70,70,70,70,70,70,70,70,70,70,70,70,70,70,70,70,70,70,70,70,70,70,70,70,70,70,70,70],"card_choices":[{"not_picked":["StSpp:Throw","Blade Dance"],"picked":"Poisoned Stab","floor":1},{"not_picked":["Blade Dance","StSpp:Dive"],"picked":"Bane","floor":2},{"not_picked":["Choke","Sucker Punch","Underhanded Strike"],"picked":"SKIP","floor":3},{"not_picked":["Escape Plan","StSpp:CorrosivePoison"],"picked":"PiercingWail","floor":5},{"not_picked":["StSpp:Dive","hubris:SlightOfHand"],"picked":"StSpp:SwitchWeapon","floor":6},{"not_picked":["hubris:Sniper","Backflip"],"picked":"StSpp:PoisonousPunch","floor":7},{"not_picked":["Sneak Up","Draining Mist"],"picked":"Noxious Fumes","floor":8},{"not_picked":["Outmaneuver","Deadly Poison"],"picked":"After Image","floor":12},{"not_picked":["StSpp:Dive","Flying Knee"],"picked":"Catalyst","floor":14},{"not_picked":["StSpp:Landslide","Atom Bomb"],"picked":"infinitespire:Neurotoxin","floor":16},{"not_picked":["ShadowRift+1","Pace"],"picked":"Footwork+1","floor":18},{"not_picked":["Quick Slash","Dodge and Roll"],"picked":"ReplayTheSpireMod:The Works+1","floor":20},{"not_picked":["ShadowRift","StSpp:PoisonousPunch+1"],"picked":"StSpp:FiercePoison","floor":21},{"not_picked":["Replay:Bag of Tricks","Underhanded Strike"],"picked":"Crippling Poison","floor":22},{"not_picked":["Dodge and Roll","Wraith Form v2"],"picked":"Burst","floor":23},{"not_picked":["StSpp:Anticipation","Unload"],"picked":"conspire:PoisonWeapons","floor":25},{"not_picked":["Concentrate","Atom Bomb"],"picked":"StSpp:TimeParadox","floor":27},{"not_picked":["Accuracy","Expertise","StSpp:TimeParadox+1"],"picked":"SKIP","floor":29},{"not_picked":["Replay:Poison Smokescreen","StSpp:CorrosivePoison"],"picked":"Noxious Fumes","floor":30}],"player_experience":279998,"relics_obtained":[{"floor":6,"key":"BicycleWheel"},{"floor":9,"key":"Blue Candle"},{"floor":12,"key":"Old Coin"},{"floor":23,"key":"hubris:DuctTape"},{"floor":25,"key":"Bag of Marbles"},{"floor":26,"key":"Snack Pack"},{"floor":29,"key":"StSpp:SailingBoat"}],"event_choices":[{"damage_healed":0,"gold_gain":0,"player_choice":"Ignored","damage_taken":0,"max_hp_gain":0,"max_hp_loss":0,"event_name":"NoteForYourself","floor":13,"gold_loss":0},{"damage_healed":0,"gold_gain":0,"cards_transformed":["Strike_G"],"player_choice":"Transformed","damage_taken":0,"max_hp_gain":0,"max_hp_loss":0,"event_name":"Transmorgrifier","floor":19,"gold_loss":0,"cards_obtained":["Dash"]},{"damage_healed":0,"gold_gain":0,"player_choice":"Ignored","damage_taken":0,"max_hp_gain":0,"max_hp_loss":0,"event_name":"Ghosts","floor":31,"gold_loss":0}],"is_beta":false,"boss_relics":[{"not_picked":["hubris:TerracottaHorce","hubris:HollowSoul"],"picked":"infinitespire:Cupcake"}],"items_purged_floors":[],"is_endless":false,"potions_floor_spawned":[6,7,8,16,18,22,30],"killed_by":"hubris:MusketHawk","ascension_level":0}}