{"host":"g0kvl32a5uvdvg3r","time":1611016017,"event":{"mods":["BaseMod","Hermit","Minty Spire (QoL Compilation)","Replay The Spire","Shop Mod","StSLib"],"gold_per_floor":[144,144,144,189,39,39,39,17,42,42,42,132,197,197,197,197,197],"floor_reached":16,"language":"ENG","playtime":687,"items_purged":[],"score":96,"play_id":"84c8156b-24c8-412a-9167-361682f1b136","local_time":"20210119002657","daily_mods":["Allstar","Blue Cards","Midas"],"is_ascension_mode":false,"campfire_choices":[{"floor":6,"key":"REST"},{"floor":15,"key":"REST"}],"circlet_count":0,"master_deck":["Strike_R","Strike_R","Strike_R+1","Strike_R","Strike_R","Defend_R","Defend_R","Defend_R","Defend_R","Bash","Replay:Sssssssssshield","Secret Weapon+1","Mind Blast","Thinking Ahead+1","Replay:Parry","Gash","Havoc","Body Slam","CommonCold"],"relics":["Burning Blood","Pen Nib","Guide Book","ReplayFunnel","Toy Ornithopter","ReplayTheSpireMod:Ring of Collecting"],"acts_visited":["Exordium"],"potions_floor_usage":[13,16],"damage_taken":[{"damage":3,"enemies":"Small Slimes","floor":1,"turns":3},{"damage":13,"enemies":"Jaw Worm","floor":4,"turns":4},{"damage":18,"enemies":"3 Sentries","floor":12,"turns":7},{"damage":0,"enemies":"2 Louse","floor":13,"turns":2},{"damage":102,"enemies":"The Guardian","floor":16,"turns":19}],"seed_played":"3706737729498028133","potions_obtained":[{"floor":1,"key":"BloodPotion"},{"floor":4,"key":"ColorlessPotion"}],"is_trial":false,"path_per_floor":["M","?","?","M","$","R","$","$","T","?","?","E","M","?","R","B"],"character_chosen":"IRONCLAD","items_purchased":["Guide Book","Havoc"],"campfire_rested":2,"item_purchase_floors":[5,8],"current_hp_per_floor":[80,80,80,73,73,80,80,80,80,73,73,61,72,72,80,0,0],"gold":197,"neow_bonus":"","is_daily":true,"chose_seed":false,"campfire_upgraded":0,"win_rate":0.0,"timestamp":1611016017,"path_taken":["M","?","?","M","$","R","?","$","T","?","?","E","M","?","R","BOSS"],"items_purchased_type":["Relic","Card"],"build_version":"2020-12-22","purchased_purges":0,"victory":false,"max_hp_per_floor":[80,80,80,80,80,80,80,80,80,80,80,80,80,80,80,80,80],"card_choices":[{"not_picked":["Beam Cell","ReplayGash"],"picked":"Gash","floor":1},{"not_picked":["Cold Snap","Meteor Strike","Consume"],"picked":"SKIP","floor":4},{"not_picked":["Fire Breathing","Wild Strike"],"picked":"Body Slam","floor":12},{"not_picked":["Replay:Undeath\u0027s Touch","Body Slam","True Grit"],"picked":"SKIP","floor":13}],"player_experience":1148791,"relics_obtained":[{"floor":9,"key":"ReplayFunnel"},{"floor":12,"key":"Toy Ornithopter"},{"floor":14,"key":"ReplayTheSpireMod:Ring of Collecting"}],"event_choices":[{"damage_healed":0,"gold_gain":0,"player_choice":"Box","damage_taken":0,"relics_obtained":["Pen Nib"],"max_hp_gain":0,"max_hp_loss":0,"event_name":"Big Fish","floor":2,"gold_loss":0,"cards_obtained":["Regret"]},{"cards_removed":["Regret"],"damage_healed":0,"gold_gain":0,"player_choice":"Card Removal","damage_taken":7,"max_hp_gain":0,"max_hp_loss":0,"event_name":"Golden Wing","floor":10,"gold_loss":0},{"damage_healed":0,"gold_gain":0,"player_choice":"Leave","damage_taken":0,"max_hp_gain":0,"max_hp_loss":0,"event_name":"The Cleric","floor":11,"gold_loss":0}],"is_beta":false,"boss_relics":[],"items_purged_floors":[],"is_endless":false,"potions_floor_spawned":[1,4],"killed_by":"The Guardian","ascension_level":0}}