{"host":"8a3jzv7qxg3y7b6t","time":1611042639,"event":{"mods":["BaseMod","Better Third Choice","Downfall","Hermit","Minty Spire (QoL Compilation)","Relic Stats","StSLib","The Bug Knight","The Cursed"],"gold_per_floor":[111,40,51,63,63,96,96,96,96,96,114,114,114],"floor_reached":12,"language":"ENG","playtime":378,"items_purged":[],"score":86,"play_id":"1f763ea3-c0b9-4107-a031-0b80280e4c36","local_time":"20210118235039","is_ascension_mode":true,"campfire_choices":[{"floor":7,"key":"RECALL"}],"circlet_count":0,"master_deck":["Strike_B","Strike_B","Strike_B","Strike_B","Defend_B","Defend_B","Defend_B","Defend_B","Zap+1","Dualcast","Capacitor","Loop","Go for the Eyes","Skewer","Consume","Rebound","Stack"],"relics":["Cracked Core","MealTicket","Blood Vial"],"acts_visited":["Exordium"],"potions_floor_usage":[6,11],"damage_taken":[{"damage":3,"enemies":"Small Slimes","floor":1,"turns":3},{"damage":8,"enemies":"Jaw Worm","floor":3,"turns":4},{"damage":6,"enemies":"Cultist","floor":4,"turns":3},{"damage":32,"enemies":"Gremlin Nob","floor":6,"turns":4},{"damage":19,"enemies":"Exordium Thugs","floor":11,"turns":4},{"damage":28,"enemies":"3 Sentries","floor":12,"turns":2}],"seed_played":"1148892093292177664","potions_obtained":[{"floor":3,"key":"PowerPotion"},{"floor":6,"key":"SkillPotion"}],"is_trial":false,"path_per_floor":["M","$","M","M","?","E","R","?","T","?","M","E"],"character_chosen":"DEFECT","items_purchased":["Capacitor"],"campfire_rested":0,"item_purchase_floors":[2],"current_hp_per_floor":[72,72,64,58,50,18,18,43,43,43,26,0,0],"gold":114,"neow_bonus":"UPGRADE_CARD","is_daily":false,"chose_seed":false,"campfire_upgraded":0,"win_rate":0.0,"timestamp":1611042639,"path_taken":["M","$","M","M","?","E","R","?","T","?","M","E"],"items_purchased_type":["Card"],"build_version":"2020-12-22","purchased_purges":0,"victory":false,"max_hp_per_floor":[75,75,75,75,75,75,75,75,75,75,75,75,75],"relic_stats":{"Blood Vial":4,"counters":[6,20],"MealTicket":0,"obtain_stats":[{"Blood Vial":6,"MealTicket":5,"Cracked Core":0},{"Blood Vial":4,"MealTicket":3,"Cracked Core":0},{"Blood Vial":14,"MealTicket":10,"Cracked Core":0}]},"card_choices":[{"not_picked":["Go for the Eyes","Turbo"],"picked":"Steam","floor":1},{"not_picked":["Barrage","Gash"],"picked":"Loop","floor":3},{"not_picked":["Steam","Steam Power"],"picked":"Go for the Eyes","floor":4},{"not_picked":["Darkness","Ball Lightning"],"picked":"Consume","floor":6},{"not_picked":["Streamline","Compile Driver"],"picked":"Stack","floor":11}],"player_experience":616182,"relics_obtained":[{"floor":6,"key":"Blood Vial"}],"event_choices":[{"damage_healed":25,"gold_gain":0,"player_choice":"Banana","damage_taken":0,"max_hp_gain":0,"max_hp_loss":0,"event_name":"Big Fish","floor":8,"gold_loss":0},{"damage_healed":0,"gold_gain":0,"cards_transformed":["Steam"],"player_choice":"Transformed","damage_taken":0,"max_hp_gain":0,"max_hp_loss":0,"event_name":"Transmorgrifier","floor":10,"gold_loss":0,"cards_obtained":["Rebound"]}],"is_beta":false,"boss_relics":[],"items_purged_floors":[],"is_endless":false,"potions_floor_spawned":[3,6],"killed_by":"3 Sentries","ascension_level":2}}