{"host":"f5n4tidiz2n5sooh","time":1611031416,"event":{"mods":["BaseMod","Colored Map","Minty Spire (QoL Compilation)","Relic Stats","Slay the Relics Exporter","StSLib"],"gold_per_floor":[112,127,143,60,74,74,102,102,102,131,131,131,157,157,157,157,157],"floor_reached":16,"language":"ENG","playtime":990,"items_purged":[],"score":236,"play_id":"03c9e9b7-8dad-4ff8-8782-9635e0170b51","local_time":"20210118224336","is_ascension_mode":true,"campfire_choices":[{"data":"Masterful Stab","floor":6,"key":"SMITH"},{"data":"Glass Knife","floor":8,"key":"SMITH"},{"floor":12,"key":"REST"},{"data":"Footwork","floor":15,"key":"SMITH"}],"circlet_count":0,"master_deck":["AscendersBane","Strike_G","Strike_G","Strike_G","Strike_G","Strike_G","Defend_G","Defend_G","Defend_G","Defend_G","Defend_G","Survivor","Neutralize","CurseOfTheBell","Masterful Stab+1","Poisoned Stab","Footwork+1","Dagger Spray","Glass Knife+1"],"relics":["Calling Bell","Potion Belt","Gremlin Horn","Shovel","Pantograph","White Beast Statue","Matryoshka","Smiling Mask"],"acts_visited":["Exordium"],"potions_floor_usage":[7,13,16],"damage_taken":[{"damage":5.0,"enemies":"Small Slimes","floor":1.0,"turns":3.0},{"damage":4.0,"enemies":"2 Louse","floor":2.0,"turns":2.0},{"damage":8.0,"enemies":"Cultist","floor":3.0,"turns":4.0},{"damage":9.0,"enemies":"Blue Slaver","floor":5.0,"turns":5.0},{"damage":6,"enemies":"3 Sentries","floor":7,"turns":3},{"damage":21,"enemies":"Lagavulin","floor":10,"turns":7},{"damage":8,"enemies":"Gremlin Nob","floor":13,"turns":3},{"damage":74,"enemies":"The Guardian","floor":16,"turns":14}],"seed_played":"3003165594001602685","potions_obtained":[{"floor":5.0,"key":"ColorlessPotion"},{"floor":10,"key":"Explosive Potion"},{"floor":13,"key":"Block Potion"}],"is_trial":false,"path_per_floor":["M","M","M","$","M","R","E","R","T","E","?","R","E","?","R","B"],"character_chosen":"THE_SILENT","items_purchased":["Footwork"],"campfire_rested":1,"item_purchase_floors":[4],"current_hp_per_floor":[54,50,42,42,33,33,27,27,27,6,6,25,17,17,17,0,0],"gold":157,"neow_bonus":"BOSS_RELIC","is_daily":false,"chose_seed":false,"campfire_upgraded":3,"win_rate":0.0,"timestamp":1611031416,"path_taken":["M","M","M","$","M","R","E","R","T","E","?","R","E","?","R","BOSS"],"items_purchased_type":["Card"],"build_version":"2020-12-22","purchased_purges":0,"victory":false,"max_hp_per_floor":[66,66,66,66,66,66,66,66,66,66,66,66,66,66,66,66,66],"relic_stats":{"Shovel":0,"Gremlin Horn":[2,2],"counters":[8,41],"Pantograph":25,"Smiling Mask":0,"obtain_stats":[{"Calling Bell":0,"Potion Belt":0,"Shovel":0,"Matryoshka":10,"Gremlin Horn":0,"Pantograph":7,"Smiling Mask":13,"White Beast Statue":9,"Ring of the Snake":0},{"Calling Bell":0,"Potion Belt":0,"Shovel":0,"Matryoshka":6,"Gremlin Horn":0,"Pantograph":5,"Smiling Mask":7,"White Beast Statue":5,"Ring of the Snake":0},{"Calling Bell":0,"Potion Belt":0,"Shovel":0,"Matryoshka":24,"Gremlin Horn":0,"Pantograph":17,"Smiling Mask":27,"White Beast Statue":17,"Ring of the Snake":0}]},"card_choices":[{"not_picked":["Flechettes","Calculated Gamble"],"picked":"Masterful Stab","floor":1.0},{"not_picked":["Catalyst","Underhanded Strike","Caltrops"],"picked":"SKIP","floor":2.0},{"not_picked":["Flying Knee","Backflip"],"picked":"Poisoned Stab","floor":3.0},{"not_picked":["Riddle With Holes","Escape Plan"],"picked":"Dagger Spray","floor":5.0},{"not_picked":["Caltrops","Bane"],"picked":"Glass Knife","floor":7},{"not_picked":["Reflex","Deflect","Prepared"],"picked":"SKIP","floor":10},{"not_picked":["Finisher","Skewer","Catalyst"],"picked":"SKIP","floor":13}],"player_experience":2015799,"relics_obtained":[{"floor":0.0,"key":"Potion Belt"},{"floor":0.0,"key":"Gremlin Horn"},{"floor":0.0,"key":"Shovel"},{"floor":7,"key":"Pantograph"},{"floor":9,"key":"White Beast Statue"},{"floor":10,"key":"Matryoshka"},{"floor":13,"key":"Smiling Mask"}],"event_choices":[{"damage_healed":0,"gold_gain":0,"player_choice":"Ignored","damage_taken":0,"max_hp_gain":0,"max_hp_loss":0,"event_name":"Liars Game","floor":11,"gold_loss":0},{"damage_healed":0,"gold_gain":0,"player_choice":"Ignored","damage_taken":0,"max_hp_gain":0,"max_hp_loss":0,"event_name":"Shining Light","floor":14,"gold_loss":0}],"is_beta":false,"boss_relics":[],"items_purged_floors":[],"is_endless":false,"potions_floor_spawned":[5,10,13],"killed_by":"The Guardian","ascension_level":20}}