{"host":"w7o06k3e8uel8euj","time":1611062927,"event":{"mods":["AchievementEnabler","BaseMod","Colored Powertips","Custom Start","DeckTracker","Keyboard Shortcuts","Minty Spire (QoL Compilation)","Quick Restart","Relic Stats","StSLib","SuperFastMode","everything is the same but u backflip on backflip"],"gold_per_floor":[109,34,52,52,52,86,86,100,100,0,17,17,27,58,58,129,129,141,155,155,155,75,102,102,129,203,203,214,214,231,231,231,305,305,321,196,221,221,233,265,265,295,295,295,324,353,188,201,201,201,201,201,61,86,86],"floor_reached":56,"language":"KOR","playtime":1970,"items_purged":["Strike_G","Strike_G","Strike_G","Strike_G","Defend_G+1"],"score":2480,"play_id":"a7124fe8-b9e6-461e-92c3-0776dcd68494","local_time":"20210119222847","is_ascension_mode":true,"campfire_choices":[{"data":"Tactician","floor":7.0,"key":"SMITH"},{"data":"Bouncing Flask","floor":15.0,"key":"SMITH"},{"data":"Well Laid Plans","floor":24.0,"key":"SMITH"},{"data":"Neutralize","floor":27.0,"key":"SMITH"},{"data":"Acrobatics","floor":29.0,"key":"SMITH"},{"data":"Heel Hook","floor":32,"key":"SMITH"},{"data":"Prepared","floor":41,"key":"SMITH"},{"floor":49,"key":"RECALL"},{"data":"Predator","floor":52,"key":"PURGE"}],"circlet_count":0,"master_deck":["AscendersBane","Defend_G+1","Survivor","Neutralize+1","Acrobatics+1","Heel Hook+1","Tactician+1","Bouncing Flask+1","Backflip","Reflex+1","Heel Hook+1","Well Laid Plans+1","Adrenaline","Escape Plan+1","Prepared+1","Blur"],"relics":["Ring of the Snake","NeowsBlessing","Ornamental Fan","TheAbacus","Matryoshka","InkBottle","Strawberry","Happy Flower","Empty Cage","Letter Opener","Akabeko","Toy Ornithopter","Shuriken","Black Star","The Specimen","Bird Faced Urn","The Courier","Peace Pipe","Vajra","Eternal Feather","MawBank","Mercury Hourglass","Whetstone"],"acts_visited":["Exordium","TheCity","TheBeyond","TheEnding"],"potions_floor_usage":[55],"damage_taken":[{"damage":0.0,"enemies":"Jaw Worm","floor":1.0,"turns":1.0},{"damage":0.0,"enemies":"Small Slimes","floor":3.0,"turns":1.0},{"damage":0.0,"enemies":"Lagavulin","floor":6.0,"turns":1.0},{"damage":0.0,"enemies":"Cultist","floor":8.0,"turns":3.0},{"damage":6.0,"enemies":"Gremlin Gang","floor":11.0,"turns":5.0},{"damage":3.0,"enemies":"3 Louse","floor":13.0,"turns":2.0},{"damage":9.0,"enemies":"Gremlin Nob","floor":14.0,"turns":5.0},{"damage":25.0,"enemies":"Hexaghost","floor":16.0,"turns":8.0},{"damage":0.0,"enemies":"Spheric Guardian","floor":18.0,"turns":3.0},{"damage":1.0,"enemies":"3 Byrds","floor":19.0,"turns":5.0},{"damage":18.0,"enemies":"Slavers","floor":23.0,"turns":7.0},{"damage":0.0,"enemies":"Book of Stabbing","floor":25.0,"turns":3.0},{"damage":0.0,"enemies":"Centurion and Healer","floor":28.0,"turns":4.0},{"damage":0.0,"enemies":"Snecko","floor":30.0,"turns":3.0},{"damage":0,"enemies":"Automaton","floor":33,"turns":4},{"damage":0,"enemies":"3 Shapes","floor":35,"turns":2},{"damage":0,"enemies":"Mind Bloom Boss Battle","floor":37,"turns":2},{"damage":0,"enemies":"Orb Walker","floor":39,"turns":1},{"damage":8,"enemies":"Giant Head","floor":40,"turns":2},{"damage":0,"enemies":"Reptomancer","floor":42,"turns":4},{"damage":0,"enemies":"Giant Head","floor":45,"turns":2},{"damage":0,"enemies":"Maw","floor":46,"turns":3},{"damage":0,"enemies":"Spire Growth","floor":48,"turns":1},{"damage":0,"enemies":"Awakened One","floor":50,"turns":2},{"damage":0,"enemies":"Shield and Spear","floor":54,"turns":1},{"damage":0,"enemies":"The Heart","floor":55,"turns":4}],"seed_played":"131672421687398143","potions_obtained":[{"floor":1.0,"key":"Swift Potion"},{"floor":6.0,"key":"Poison Potion"},{"floor":13.0,"key":"ColorlessPotion"},{"floor":14.0,"key":"DistilledChaos"},{"floor":25.0,"key":"Poison Potion"},{"floor":28.0,"key":"DuplicationPotion"}],"is_trial":false,"path_per_floor":["M","$","M","$","?","E","R","M","T","$","M","?","M","E","R","B",null,"M","M","?","?","$","E","R","E","T","R","M","R","M","?","R","B",null,"M","$","?","?","M","E","R","E","T","?","E","M","$","M","R","B",null,"R","$","E","B",null],"character_chosen":"THE_SILENT","items_purchased":["Ornamental Fan","TheAbacus","Heel Hook","Blur"],"campfire_rested":0,"item_purchase_floors":[2,2,22,47],"current_hp_per_floor":[63,63,63,63,63,63,63,63,70,70,64,49,46,37,37,12,61,61,60,60,60,60,42,42,42,42,42,42,42,42,42,42,42,68,68,68,68,68,68,60,60,62,62,62,64,66,66,68,73,73,73,73,73,73,73],"gold":86,"neow_bonus":"THREE_ENEMY_KILL","is_daily":false,"chose_seed":false,"campfire_upgraded":7,"win_rate":0.0,"timestamp":1611062927,"path_taken":["M","$","M","$","?","E","R","M","T","$","M","?","M","E","R","BOSS","M","M","?","?","$","E","R","E","T","R","?","R","?","?","R","BOSS","M","$","?","?","M","E","R","E","T","?","E","?","$","M","R","BOSS","R","$","E","BOSS"],"items_purchased_type":["Relic","Relic","Card","Card"],"build_version":"2020-12-22","purchased_purges":5,"victory":true,"max_hp_per_floor":[70,70,70,70,70,70,70,70,77,77,77,77,77,77,77,77,77,77,77,77,77,77,77,77,77,77,77,77,77,77,77,77,77,77,77,77,77,77,77,77,77,77,77,73,73,73,73,73,73,73,73,73,73,73,73],"relic_stats":{"Happy Flower":[20],"counters":[26,79],"Eternal Feather":5,"Letter Opener":[843],"Whetstone":["Heel Hook"],"MawBank":24,"Mercury Hourglass":[12],"Peace Pipe":1,"TheAbacus":[1158],"Ornamental Fan":[464],"Shuriken":[91],"Bird Faced Urn":[8],"Black Star":4,"obtain_stats":[{"NeowsBlessing":0,"Happy Flower":14,"The Specimen":37,"Vajra":42,"Eternal Feather":45,"The Courier":40,"Letter Opener":23,"Whetstone":54,"Empty Cage":17,"MawBank":45,"Akabeko":25,"Mercury Hourglass":54,"Peace Pipe":42,"TheAbacus":2,"Matryoshka":6,"Ornamental Fan":2,"Shuriken":26,"Strawberry":9,"Bird Faced Urn":40,"Black Star":34,"InkBottle":9,"Toy Ornithopter":26,"Ring of the Snake":0},{"NeowsBlessing":0,"Happy Flower":7,"The Specimen":17,"Vajra":20,"Eternal Feather":21,"The Courier":19,"Letter Opener":11,"Whetstone":25,"Empty Cage":8,"MawBank":21,"Akabeko":12,"Mercury Hourglass":25,"Peace Pipe":20,"TheAbacus":1,"Matryoshka":3,"Ornamental Fan":1,"Shuriken":12,"Strawberry":4,"Bird Faced Urn":19,"Black Star":15,"InkBottle":4,"Toy Ornithopter":12,"Ring of the Snake":0},{"NeowsBlessing":0,"Happy Flower":18,"The Specimen":59,"Vajra":66,"Eternal Feather":68,"The Courier":62,"Letter Opener":41,"Whetstone":75,"Empty Cage":26,"MawBank":68,"Akabeko":44,"Mercury Hourglass":75,"Peace Pipe":66,"TheAbacus":1,"Matryoshka":3,"Ornamental Fan":1,"Shuriken":44,"Strawberry":6,"Bird Faced Urn":62,"Black Star":55,"InkBottle":6,"Toy Ornithopter":44,"Ring of the Snake":0}],"InkBottle":[76],"Toy Ornithopter":0,"Ring of the Snake":[52]},"card_choices":[{"not_picked":["Infinite Blades","Flechettes"],"picked":"Predator","floor":1.0},{"not_picked":["Bane","Concentrate"],"picked":"Acrobatics","floor":3.0},{"not_picked":["Endless Agony","Flying Knee"],"picked":"Tactician","floor":6.0},{"not_picked":["Quick Slash","Dodge and Roll","Deflect"],"picked":"SKIP","floor":8.0},{"not_picked":["PiercingWail","Tactician","Dodge and Roll"],"picked":"SKIP","floor":11.0},{"not_picked":["Accuracy","Flying Knee"],"picked":"Bouncing Flask","floor":13.0},{"not_picked":["Underhanded Strike","Quick Slash"],"picked":"Backflip","floor":14.0},{"not_picked":["Bouncing Flask","Backstab+1","Underhanded Strike"],"picked":"SKIP","floor":18.0},{"not_picked":["Dagger Spray","Backflip"],"picked":"Reflex","floor":19.0},{"not_picked":["Underhanded Strike","Blade Dance"],"picked":"Well Laid Plans","floor":23.0},{"not_picked":["Predator","Dagger Spray+1","Bouncing Flask"],"picked":"SKIP","floor":25.0},{"not_picked":["Bouncing Flask","Blade Dance","Poisoned Stab+1"],"picked":"SKIP","floor":28.0},{"not_picked":["Sucker Punch","Deflect","Flying Knee"],"picked":"SKIP","floor":30.0},{"not_picked":["Malaise","After Image"],"picked":"Adrenaline","floor":33},{"not_picked":["Expertise","Deadly Poison+1"],"picked":"Escape Plan+1","floor":35},{"not_picked":["Escape Plan","Setup"],"picked":"Prepared","floor":37},{"not_picked":["Deadly Poison+1","Footwork+1","Blade Dance+1"],"picked":"SKIP","floor":39},{"not_picked":["Underhanded Strike","Die Die Die","Distraction"],"picked":"SKIP","floor":40},{"not_picked":["Underhanded Strike","Die Die Die","Distraction"],"picked":"SKIP","floor":40},{"not_picked":["Acrobatics","Doppelganger","Quick Slash"],"picked":"SKIP","floor":42},{"not_picked":["Cloak And Dagger","Skewer","Quick Slash"],"picked":"SKIP","floor":45},{"not_picked":["Masterful Stab","Skewer","PiercingWail"],"picked":"SKIP","floor":46},{"not_picked":["Deadly Poison+1","Cloak And Dagger","Flying Knee"],"picked":"SKIP","floor":48},{"not_picked":["Bouncing Flask","Dodge and Roll+1","Wraith Form v2"],"picked":"SKIP","floor":54}],"player_experience":584945,"relics_obtained":[{"floor":6.0,"key":"Matryoshka"},{"floor":9.0,"key":"InkBottle"},{"floor":9.0,"key":"Strawberry"},{"floor":14.0,"key":"Happy Flower"},{"floor":23.0,"key":"Letter Opener"},{"floor":25.0,"key":"Akabeko"},{"floor":26.0,"key":"Toy Ornithopter"},{"floor":26.0,"key":"Shuriken"},{"floor":37,"key":"The Specimen"},{"floor":40,"key":"Bird Faced Urn"},{"floor":40,"key":"The Courier"},{"floor":42,"key":"Peace Pipe"},{"floor":42,"key":"Vajra"},{"floor":45,"key":"Eternal Feather"},{"floor":45,"key":"MawBank"},{"floor":54,"key":"Mercury Hourglass"},{"floor":54,"key":"Whetstone"}],"event_choices":[{"damage_healed":0.0,"max_hp_gain":0.0,"max_hp_loss":0.0,"gold_gain":0.0,"cards_transformed":["Strike_G"],"event_name":"Living Wall","player_choice":"Change","floor":5.0,"gold_loss":0.0,"damage_taken":0.0,"cards_obtained":["Heel Hook"]},{"damage_healed":0.0,"max_hp_gain":0.0,"max_hp_loss":0.0,"gold_gain":0.0,"event_name":"Shining Light","player_choice":"Entered Light","floor":12.0,"gold_loss":0.0,"damage_taken":15.0,"cards_upgraded":["Defend_G","Defend_G"]},{"cards_removed":["Defend_G"],"damage_healed":0.0,"max_hp_gain":0.0,"max_hp_loss":0.0,"gold_gain":0.0,"event_name":"Back to Basics","player_choice":"Elegance","floor":20.0,"gold_loss":0.0,"damage_taken":0.0},{"damage_healed":0.0,"max_hp_gain":0.0,"max_hp_loss":0.0,"gold_gain":0.0,"event_name":"Upgrade Shrine","player_choice":"Upgraded","floor":21.0,"gold_loss":0.0,"damage_taken":0.0,"cards_upgraded":["Reflex"]},{"damage_healed":0,"gold_gain":0,"player_choice":"Ignored","damage_taken":0,"max_hp_gain":0,"max_hp_loss":0,"event_name":"The Mausoleum","floor":31,"gold_loss":0},{"damage_healed":0,"gold_gain":0,"player_choice":"Fight","damage_taken":0,"max_hp_gain":0,"max_hp_loss":0,"event_name":"MindBloom","floor":37,"gold_loss":0},{"damage_healed":0,"gold_gain":0,"player_choice":"Ignored","damage_taken":0,"max_hp_gain":0,"max_hp_loss":0,"event_name":"Tomb of Lord Red Mask","floor":38,"gold_loss":0},{"damage_healed":0,"gold_gain":0,"player_choice":"Max HP","damage_taken":0,"max_hp_gain":0,"max_hp_loss":4,"event_name":"Winding Halls","floor":44,"gold_loss":0}],"is_beta":false,"boss_relics":[{"not_picked":["Busted Crown","Philosopher\u0027s Stone"],"picked":"Empty Cage"},{"not_picked":["Cursed Key","HoveringKite"],"picked":"Black Star"}],"items_purged_floors":[2,10,36,47,53],"is_endless":false,"potions_floor_spawned":[1,6,13,14,25,28,30,33,37,39,42,48,54],"ascension_level":13}}