{"host":"7kj0ynzap1jglrpi","time":1611032761,"event":{"mods":["Act Like it!","BaseMod","Hallownest","Minty Spire (QoL Compilation)","StSLib","The Bug Knight"],"gold_per_floor":[109,109,120,3,30,42,84,96,181,225,255,292,304,328,340,352,352],"floor_reached":16,"language":"ZHS","playtime":625,"items_purged":[],"score":154,"play_id":"8b18b987-d4de-4227-af7a-972e78175387","local_time":"20210119130601","is_ascension_mode":true,"campfire_choices":[{"data":"HollowMod:LuriensSpire","floor":6.0,"key":"SMITH"},{"data":"HollowMod:QuirrelsAssistance","floor":8.0,"key":"SMITH"},{"data":"HollowMod:FastStrike","floor":15.0,"key":"SMITH"}],"circlet_count":0,"master_deck":["HollowMod:NailStrikeStart","HollowMod:NailStrikeStart","HollowMod:NailStrikeStart+1","HollowMod:QuickDashStart","HollowMod:QuickDashStart","HollowMod:QuickDashStart","HollowMod:FocusHealStart","HollowMod:PogoStrike","HollowMod:GreatSlash+1","HollowMod:CrystalDash","HollowMod:QuirrelsAssistance+1","HollowMod:LuriensSpire+1","HollowMod:NewLittleFool","HollowMod:InfectedCysts","HollowMod:SharpenedNail","HollowMod:PureVessel+1","HollowMod:FastStrike+1"],"relics":["HollowMod:VesselMask","NeowsBlessing","Hallownest:DreamNailRelic","MawBank","Whetstone","Frozen Egg 2","Calipers","Strawberry"],"acts_visited":["Hallownest:Greenpath"],"potions_floor_usage":[16,16],"damage_taken":[{"damage":0.0,"enemies":"Hallownest:monsterHuskWarrior","floor":1.0,"turns":1.0},{"damage":0.0,"enemies":"Hallownest:2_Baldur","floor":3.0,"turns":1.0},{"damage":0.0,"enemies":"Hallownest:eliteVengeflyKing","floor":7.0,"turns":1.0},{"damage":13.0,"enemies":"Hallownest:eliteMossKnight","floor":10.0,"turns":4.0},{"damage":0.0,"enemies":"Hallownest:monsterHuskGuard","floor":11.0,"turns":3.0},{"damage":4.0,"enemies":"Hallownest:eliteCrystalGuardian","floor":12.0,"turns":6.0},{"damage":25.0,"enemies":"Hallownest:Guard_and_Warrior","floor":14.0,"turns":5.0},{"damage":43,"enemies":"Hallownest:BossBrokenVessel","floor":16,"turns":7}],"seed_played":"8164474243277801877","potions_obtained":[{"floor":1.0,"key":"EssenceOfSteel"},{"floor":3.0,"key":"LiquidBronze"},{"floor":10.0,"key":"FearPotion"},{"floor":12.0,"key":"Explosive Potion"}],"is_trial":false,"path_per_floor":["M","?","M","$","T","R","E","R","T","E","M","E","?","M","R","B"],"character_chosen":"THE_BUGKNIGHT","items_purchased":["HollowMod:QuirrelsAssistance","HollowMod:LuriensSpire"],"campfire_rested":0,"item_purchase_floors":[4,4],"current_hp_per_floor":[75,75,75,75,75,75,75,75,75,62,62,65,65,40,40,0,0],"gold":352,"neow_bonus":"THREE_ENEMY_KILL","is_daily":false,"chose_seed":false,"campfire_upgraded":3,"win_rate":0.0,"timestamp":1611032761,"path_taken":["M","?","M","$","?","R","E","R","T","E","M","E","?","M","R","BOSS"],"items_purchased_type":["Card","Card"],"build_version":"2020-12-22","purchased_purges":0,"victory":false,"max_hp_per_floor":[75,75,75,75,75,75,75,75,75,75,75,82,75,75,75,75,75],"card_choices":[{"not_picked":["HollowMod:TaintedHusks","HollowMod:CoiledNail"],"picked":"HollowMod:GreatSlash","floor":1.0},{"not_picked":["HollowMod:SharpenedNail","HollowMod:LifebloodCocoon"],"picked":"HollowMod:CrystalDash","floor":3.0},{"not_picked":["HollowMod:WraithStrike","HollowMod:ElderbugsWisdom"],"picked":"HollowMod:NewLittleFool","floor":7.0},{"not_picked":["HollowMod:HowlingWraiths","HollowMod:TaintedHusks"],"picked":"HollowMod:InfectedCysts","floor":10.0},{"not_picked":["HollowMod:NewLittleFool","HollowMod:DashSlash"],"picked":"HollowMod:SharpenedNail","floor":11.0},{"not_picked":["HollowMod:MantisMark","HollowMod:RecoilStrike"],"picked":"HollowMod:PureVessel+1","floor":12.0},{"not_picked":["HollowMod:WraithStrike","HollowMod:TaintedHusks"],"picked":"HollowMod:FastStrike","floor":14.0}],"player_experience":128962,"relics_obtained":[{"floor":5.0,"key":"MawBank"},{"floor":7.0,"key":"Whetstone"},{"floor":9.0,"key":"Frozen Egg 2"},{"floor":10.0,"key":"Calipers"},{"floor":12.0,"key":"Strawberry"}],"event_choices":[],"is_beta":false,"boss_relics":[],"items_purged_floors":[],"is_endless":false,"potions_floor_spawned":[1,3,10,12,14],"killed_by":"Hallownest:BossBrokenVessel","ascension_level":2}}