{"host":"ydg0vn0pu4pubmdt","time":1611045105,"event":{"mods":["AchievementEnabler","BaseMod","Colored Map","Gold Saver","Minty Spire (QoL Compilation)","Quick Restart","SuperFastMode"],"gold_per_floor":[879,894,905,923,692,692,720,720,720,265,283,283,283,22,22,22,22],"floor_reached":16,"language":"KOR","playtime":757,"items_purged":["Strike_G","Defend_G"],"score":149,"play_id":"395a5752-b70c-431e-a80c-47c1f7dcc190","local_time":"20210119173145","is_ascension_mode":true,"campfire_choices":[{"data":"Concentrate","floor":6.0,"key":"SMITH"},{"floor":8,"key":"REST"},{"data":"Noxious Fumes","floor":15,"key":"SMITH"}],"circlet_count":0,"master_deck":["AscendersBane","Strike_G","Strike_G","Strike_G","Defend_G","Defend_G","Defend_G","Defend_G","Survivor","Neutralize","Concentrate+1","Masterful Stab","Quick Slash","Noxious Fumes+1","Blur","Acrobatics"],"relics":["Ring of the Snake","Happy Flower","Odd Mushroom","Paper Crane","Bag of Preparation","Toy Ornithopter","Golden Idol","White Beast Statue"],"acts_visited":["Exordium"],"potions_floor_usage":[],"damage_taken":[{"damage":5.0,"enemies":"Cultist","floor":1.0,"turns":6.0},{"damage":1.0,"enemies":"Jaw Worm","floor":2.0,"turns":4.0},{"damage":0.0,"enemies":"2 Louse","floor":3.0,"turns":2.0},{"damage":16.0,"enemies":"Large Slime","floor":4.0,"turns":8.0},{"damage":18,"enemies":"The Mushroom Lair","floor":7,"turns":6},{"damage":0,"enemies":"Blue Slaver","floor":11,"turns":4},{"damage":50,"enemies":"Hexaghost","floor":16,"turns":12}],"seed_played":"-656996041790388496","potions_obtained":[{"floor":1.0,"key":"AttackPotion"},{"floor":11,"key":"Fire Potion"}],"is_trial":false,"path_per_floor":["M","M","M","M","$","R","?","R","T","$","M","?","?","$","R","B"],"character_chosen":"THE_SILENT","items_purchased":["Happy Flower","Bag of Preparation","Acrobatics","Toy Ornithopter","White Beast Statue"],"campfire_rested":1,"item_purchase_floors":[5,10,10,10,14],"current_hp_per_floor":[58,57,57,41,41,41,23,44,44,44,44,49,49,49,49,0,0],"gold":22,"neow_bonus":"TRANSFORM_CARD","is_daily":false,"chose_seed":false,"campfire_upgraded":2,"win_rate":0.0,"timestamp":1611045105,"path_taken":["M","M","?","M","$","R","?","R","T","$","M","?","?","?","R","BOSS"],"items_purchased_type":["Relic","Relic","Card","Relic","Relic"],"build_version":"2020-12-22","purchased_purges":2,"victory":false,"max_hp_per_floor":[70,70,70,70,70,70,70,70,70,70,70,75,69,69,69,69,69],"card_choices":[{"not_picked":["Infinite Blades","Poisoned Stab"],"picked":"Masterful Stab","floor":1.0},{"not_picked":["Terror","Deflect"],"picked":"Quick Slash","floor":2.0},{"not_picked":["Expertise","Dodge and Roll"],"picked":"Noxious Fumes","floor":3.0},{"not_picked":["Flying Knee","Escape Plan"],"picked":"Blur","floor":4.0},{"not_picked":["Dodge and Roll","Blur","Sucker Punch"],"picked":"SKIP","floor":11}],"player_experience":485470,"relics_obtained":[{"floor":7,"key":"Odd Mushroom"},{"floor":9,"key":"Paper Crane"}],"event_choices":[{"damage_healed":0,"gold_gain":0,"player_choice":"Fought Mushrooms","damage_taken":0,"max_hp_gain":0,"max_hp_loss":0,"event_name":"Mushrooms","floor":7,"gold_loss":0},{"damage_healed":0,"gold_gain":0,"player_choice":"Donut","damage_taken":0,"max_hp_gain":5,"max_hp_loss":0,"event_name":"Big Fish","floor":12,"gold_loss":0},{"damage_healed":0,"gold_gain":0,"player_choice":"Lose Max HP","damage_taken":0,"relics_obtained":["Golden Idol"],"max_hp_gain":0,"max_hp_loss":6,"event_name":"Golden Idol","floor":13,"gold_loss":0}],"is_beta":false,"boss_relics":[],"items_purged_floors":[5,10],"is_endless":false,"potions_floor_spawned":[1,11],"killed_by":"Hexaghost","ascension_level":13}}