{"host":"l15sdf2mmi0nobpi","time":1611065611,"event":{"mods":["ATMod(°¢èªMod)","BaseMod","Highlight Path","Minty Spire (QoL Compilation)","Quick Restart","StSLib","¡¾¹¦ÄÜMod¡¿Neow½±Àø"],"gold_per_floor":[113,125,144,12,27,57,57,57,57,57,73,73,98,131,131,210,260,279,479,89,104,120,120,120],"floor_reached":23,"language":"ZHS","playtime":856,"items_purged":["Strike_B","Strike_B"],"score":472,"play_id":"9139d089-ebc2-4d80-bb13-a4b2daa6e717","local_time":"20210119221331","is_ascension_mode":true,"campfire_choices":[{"data":"AT_MachinaRedman","floor":7.0,"key":"SMITH"},{"data":"AT_StudyProgram","floor":10.0,"key":"SMITH"},{"data":"Hologram","floor":12.0,"key":"SMITH"},{"data":"Hologram","floor":15.0,"key":"SMITH"}],"circlet_count":0,"master_deck":["AscendersBane","Strike_B","Strike_B","Defend_B","Defend_B","Defend_B","Defend_B","Zap","Dualcast+1","AT_MachinaRedman+1","Ball Lightning","AT_StudyProgram+1","Hologram+1","Cold Snap","Glacier","Hologram+1","Skim","Creative AI","Defragment","AT_RightCognition"],"relics":["AT_ATBox","SlaversCollar","PreservedInsect","WingedGreaves","Bag of Marbles","Smiling Mask","Tiny House","Medical Kit"],"acts_visited":["Exordium","TheCity"],"potions_floor_usage":[23],"damage_taken":[{"damage":8.0,"enemies":"Small Slimes","floor":1.0,"turns":2.0},{"damage":0.0,"enemies":"Cultist","floor":2.0,"turns":2.0},{"damage":0.0,"enemies":"2 Louse","floor":3.0,"turns":2.0},{"damage":8.0,"enemies":"Red Slaver","floor":5.0,"turns":3.0},{"damage":3.0,"enemies":"3 Sentries","floor":6.0,"turns":3.0},{"damage":0.0,"enemies":"Looter","floor":11.0,"turns":3.0},{"damage":4.0,"enemies":"Lagavulin","floor":13.0,"turns":5.0},{"damage":2.0,"enemies":"3 Sentries","floor":14.0,"turns":3.0},{"damage":9.0,"enemies":"Hexaghost","floor":16.0,"turns":5.0},{"damage":0.0,"enemies":"Shell Parasite","floor":18.0,"turns":1.0},{"damage":14.0,"enemies":"3 Byrds","floor":21.0,"turns":6.0},{"damage":24.0,"enemies":"Shelled Parasite and Fungi","floor":22.0,"turns":4.0},{"damage":28,"enemies":"Book of Stabbing","floor":23,"turns":5}],"seed_played":"6077479769504418844","potions_obtained":[{"floor":5.0,"key":"Weak Potion"},{"floor":11.0,"key":"LiquidBronze"},{"floor":13.0,"key":"SkillPotion"},{"floor":14.0,"key":"Swift Potion"},{"floor":17.0,"key":"DuplicationPotion"},{"floor":22.0,"key":"Block Potion"}],"is_trial":false,"path_per_floor":["M","M","M","$","M","E","R","?","T","R","M","R","E","E","R","B",null,"M","?","$","M","M","E"],"character_chosen":"DEFECT","items_purchased":["Hologram","AT_RightCognition","Medical Kit"],"campfire_rested":0,"item_purchase_floors":[4,20,20],"current_hp_per_floor":[56,56,56,56,48,45,45,45,45,45,45,45,41,39,39,30,66,66,66,66,52,28,0,0],"gold":120,"neow_bonus":"BOSS_RELIC","is_daily":false,"chose_seed":false,"campfire_upgraded":4,"win_rate":0.0,"timestamp":1611065611,"path_taken":["M","M","M","$","M","E","R","?","T","R","?","R","E","E","R","BOSS","M","?","$","M","M","E"],"items_purchased_type":["Card","Card","Relic"],"build_version":"2020-12-22","purchased_purges":2,"victory":false,"max_hp_per_floor":[71,71,71,71,71,71,71,71,71,71,71,71,71,71,71,71,76,76,76,76,76,76,76,76],"card_choices":[{"not_picked":["BootSequence","Reprogram","Rebound"],"picked":"SKIP","floor":1.0},{"not_picked":["Lockon","AT_RobotInSpace"],"picked":"Ball Lightning","floor":2.0},{"not_picked":["Recycle","Sweeping Beam"],"picked":"AT_StudyProgram","floor":3.0},{"not_picked":["Stack","Hello World"],"picked":"Cold Snap","floor":5.0},{"not_picked":["Hologram","Meteor Strike"],"picked":"Glacier","floor":6.0},{"not_picked":["Gash","Steam"],"picked":"Hologram","floor":11.0},{"not_picked":["Rebound","Conserve Battery","AT_StudyProgram"],"picked":"SKIP","floor":13.0},{"not_picked":["AT_ThunderBolt","Leap"],"picked":"Skim","floor":14.0},{"not_picked":["Electrodynamics","Amplify"],"picked":"Creative AI","floor":16.0},{"not_picked":["Conserve Battery","Gash"],"picked":"Defragment","floor":17.0},{"not_picked":["Doom and Gloom","Steam","Gash"],"picked":"SKIP","floor":18.0},{"not_picked":["Loop","Static Discharge","Storm"],"picked":"SKIP","floor":21.0},{"not_picked":["Go for the Eyes","Fusion","Double Energy"],"picked":"SKIP","floor":22.0}],"player_experience":462107,"relics_obtained":[{"floor":6.0,"key":"PreservedInsect"},{"floor":8.0,"key":"WingedGreaves"},{"floor":13.0,"key":"Bag of Marbles"},{"floor":14.0,"key":"Smiling Mask"}],"event_choices":[{"damage_healed":0.0,"max_hp_gain":0.0,"max_hp_loss":0.0,"gold_gain":0.0,"event_name":"Wheel of Change","player_choice":"Relic","floor":8.0,"gold_loss":0.0,"damage_taken":0.0},{"damage_healed":0.0,"max_hp_gain":0.0,"max_hp_loss":0.0,"gold_gain":250.0,"event_name":"The Joust","player_choice":"Bet on Owner","floor":19.0,"gold_loss":50.0,"damage_taken":0.0}],"is_beta":false,"boss_relics":[{"not_picked":["SacredBark","Fusion Hammer"],"picked":"Tiny House"}],"items_purged_floors":[4,20],"is_endless":false,"potions_floor_spawned":[5,11,13,14,22],"killed_by":"Book of Stabbing","ascension_level":20}}