{"host":"6gnjg44wf0nz538o","time":1611053205,"event":{"mods":["AchievementEnabler","BaseMod","BetterRewards","Colored Map","Minty Spire (QoL Compilation)","Replay The Spire","Spicy Shops","StSLib","The Servant 0.9.4"],"gold_per_floor":[111,122,122,11,11,11,39,39,39,52,71,21,21,48,48,119,119,135,135,153,170,29,56,56,43,43,93,93,109,109,9,9,86,86,86,86],"floor_reached":35,"language":"ENG","playtime":2573,"items_purged":["Strike_R","Strike_R","Defend_R","Replay:Hysterical Blindness","Strike_R","Defend_R"],"score":973,"play_id":"4567bb5d-dc7b-420f-adc1-c832093e51f5","local_time":"20210119054645","is_ascension_mode":true,"campfire_choices":[{"data":"Bash","floor":6.0,"key":"SMITH"},{"floor":15.0,"key":"RECALL"},{"floor":24,"key":"REST"},{"floor":28,"key":"REST"},{"floor":30,"key":"REST"}],"circlet_count":0,"master_deck":["AscendersBane","Bash+1","Anger+1","CommonCold","Spreading Infection"],"relics":["Burning Blood","Membership Card","Brimstone","Garlic","Replay:Wax Seal","Letter Opener","PreservedInsect","Red Skull","TungstenRod","Replay:Bottled Steam","Vajra","Potion Belt","ReplayTheSpireMod:DimensionalGlitch","DollysMirror","King of Hearts","ReplayTheSpireMod:CursedCoin","Kintsugi"],"acts_visited":["Exordium","TheCity","TheBeyond"],"potions_floor_usage":[],"damage_taken":[{"damage":6.0,"enemies":"2 Louse","floor":1.0,"turns":2.0},{"damage":0.0,"enemies":"Cultist","floor":2.0,"turns":2.0},{"damage":5.0,"enemies":"3 Sentries","floor":7.0,"turns":5.0},{"damage":2.0,"enemies":"Small Slimes","floor":10.0,"turns":2.0},{"damage":0.0,"enemies":"Looter","floor":11.0,"turns":2.0},{"damage":0.0,"enemies":"Replay:BlueRogue","floor":14.0,"turns":3.0},{"damage":28.0,"enemies":"The Guardian","floor":16.0,"turns":7.0},{"damage":2.0,"enemies":"Chosen","floor":18.0,"turns":3.0},{"damage":0.0,"enemies":"3 Byrds","floor":20.0,"turns":4.0},{"damage":31.0,"enemies":"Snecko","floor":21.0,"turns":4.0},{"damage":26,"enemies":"Gremlin Leader","floor":23,"turns":3},{"damage":26,"enemies":"Snake Plant","floor":29,"turns":3},{"damage":23,"enemies":"Champ","floor":33,"turns":6}],"seed_played":"-7272528403706662907","potions_obtained":[{"floor":2.0,"key":"Fire Potion"},{"floor":7.0,"key":"GamblersBrew"},{"floor":10.0,"key":"FearPotion"},{"floor":16.0,"key":"Adrenaline Potion"},{"floor":21.0,"key":"Explosive Potion"},{"floor":32,"key":"BloodPotion"}],"is_trial":false,"path_per_floor":["M","M","?","$","?","R","E","T","T","M","M","$","T","E","R","B",null,"M","?","M","M","$","E","R","$","T","?","R","M","R","$","R_BF","B",null,"M"],"character_chosen":"IRONCLAD","items_purchased":["Membership Card","Brimstone","Garlic","Replay:Wax Seal","PreservedInsect","DollysMirror","ReplayTheSpireMod:CursedCoin"],"campfire_rested":3,"item_purchase_floors":[0,0,0,0,4,22,25],"current_hp_per_floor":[68,74,74,74,74,74,75,75,75,75,75,75,75,75,75,53,70,71,71,74,46,46,23,45,45,45,45,67,44,66,66,66,46,68,0,0],"gold":86,"neow_bonus":"","is_daily":false,"chose_seed":false,"campfire_upgraded":1,"win_rate":0.0,"timestamp":1611053205,"path_taken":["M","M","?","?","?","R","E","?","T","M","M","?","?","E","R","BOSS","M","?","M","M","$","E","R","$","T","?","R","M","R","?","R_BF","BOSS","M"],"items_purchased_type":["Relic","Relic","Relic","Relic","Relic","Relic","Relic"],"build_version":"2020-12-22","purchased_purges":6,"victory":false,"max_hp_per_floor":[75,75,75,75,75,75,75,75,75,75,75,75,75,75,75,75,75,75,75,75,75,75,75,75,75,75,75,75,75,75,75,75,75,75,75,75],"card_choices":[{"not_picked":["Replay:Undeath\u0027s Touch","Infernal Blade"],"picked":"Anger","floor":1.0},{"not_picked":["Warcry","Havoc","Dark Embrace"],"picked":"SKIP","floor":2.0},{"not_picked":["Shrug It Off","Searing Blow","True Grit"],"picked":"SKIP","floor":7.0},{"not_picked":["Massacre","Pommel Strike","Sword Boomerang"],"picked":"SKIP","floor":10.0},{"not_picked":["Fiend Fire","Thunderclap","Wild Strike"],"picked":"SKIP","floor":11.0},{"not_picked":["Run Through","Pummel","True Grit"],"picked":"SKIP","floor":14.0},{"not_picked":["Fire Breathing","Flex","Abandon"],"picked":"SKIP","floor":18.0},{"not_picked":["Defy Death","Pummel","True Grit"],"picked":"SKIP","floor":20.0},{"not_picked":["Seeing Red","Dark Embrace+1","Pummel"],"picked":"SKIP","floor":21.0},{"not_picked":["Run Through","Entrench+1","Spot Weakness"],"picked":"SKIP","floor":23},{"not_picked":["Shrug It Off","Havoc","Warcry"],"picked":"SKIP","floor":29}],"player_experience":546542,"relics_obtained":[{"floor":7.0,"key":"Red Skull"},{"floor":8.0,"key":"TungstenRod"},{"floor":9.0,"key":"Replay:Bottled Steam"},{"floor":13.0,"key":"Vajra"},{"floor":14.0,"key":"Potion Belt"},{"floor":23,"key":"King of Hearts"}],"event_choices":[{"damage_healed":0.0,"max_hp_gain":0.0,"max_hp_loss":0.0,"gold_gain":0.0,"event_name":"Accursed Blacksmith","player_choice":"Forge","floor":3.0,"gold_loss":0.0,"damage_taken":0.0,"cards_upgraded":["Anger"]},{"damage_healed":0.0,"max_hp_gain":0.0,"max_hp_loss":0.0,"gold_gain":0.0,"event_name":"Liars Game","player_choice":"Ignored","floor":5.0,"gold_loss":0.0,"damage_taken":0.0},{"damage_healed":0.0,"max_hp_gain":0.0,"max_hp_loss":0.0,"gold_gain":0.0,"event_name":"Ghosts","player_choice":"Ignored","floor":19.0,"gold_loss":0.0,"damage_taken":0.0},{"damage_healed":0,"gold_gain":50,"player_choice":"Stole From Cult","damage_taken":0,"max_hp_gain":0,"max_hp_loss":0,"event_name":"Nest","floor":27,"gold_loss":0}],"is_beta":false,"boss_relics":[{"not_picked":["Cursed Key","Runic Dome"],"picked":"ReplayTheSpireMod:DimensionalGlitch"},{"not_picked":["Velvet Choker","SacredBark"],"picked":"Kintsugi"}],"items_purged_floors":[4,12,22,25,25,31],"is_endless":false,"potions_floor_spawned":[2,7,10,16,21],"killed_by":"3 Shapes","ascension_level":15}}