{"host":"3twtdwjpiqhvvn5s","time":1611014557,"event":{"mods":["AchievementEnabler","Act Like it!","Aspiration","BaseMod","BetterRewards","Colored Map","Colored Powertips","Downfall","Duelist Mod","Friendly Minions","GifTheSpireLib","Hallownest","Hermit","Hubris","Infinite Spire","Jorbs\u0027s Wanderer Trilogy","Koishi","KomeijiMod","Marisa????????","Minty Spire (QoL Compilation)","Random Character Mod","Rare Cards Sparkle","Shop Mod","StSLib","Td1madao Mod","The Administrix","The Animator","The Bug Knight","The Caster","The Cursed","The Disciple","The Hierophant","The Necromancer","The Poker Player","The Runesmith","The Servant 0.9.4","TheFirefly"],"gold_per_floor":[119,194,194,144,160,173,176,194,217,217,231,264,264,275,275,371,371,382,396,396,410,422,422,431,466,535,535,547,574,634,613,613,653,653,670,670,734,754,783,816,835,862,862,895,903,915,915,932,932,932],"floor_reached":51,"language":"ENG","playtime":20570,"items_purged":[],"score":1003,"play_id":"2aec0d1f-7eec-4849-aa27-38becf7ff753","local_time":"20210118180237","daily_mods":["DeadlyEvents"],"is_ascension_mode":false,"campfire_choices":[{"data":"hierophant:Doomsaying","floor":10,"key":"SMITH"},{"floor":13,"key":"REST"},{"floor":15,"key":"REST"},{"floor":49,"key":"REST"}],"circlet_count":0,"master_deck":["hierophant:Strike_Hierophant","hierophant:Strike_Hierophant","hierophant:Punish","hierophant:Defend_Hierophant","hierophant:Defend_Hierophant","hierophant:Defend_Hierophant","hierophant:Defend_Hierophant","hierophant:ChurchCoffers","Koishi:BramblyRoseGarden","hierophant:Purify","hierophant:Doomsaying+1","Koishi:DanmakuParanoia","hierophant:Community","Koishi:PerfectMindControl","hierophant:Bribe","Crippling Poison+1","hubris:Counter","Wraith Form v2","A Thousand Cuts","infinitespire:DeathsTouch","hubris:Counter","Corpse Explosion","hierophant:MorningPrayer+1","hierophant:OrnateJavelin+1","hierophant:Purify"],"relics":["Snecko Eye","aspiration:HiddenCompartment","hubris:Spice","aspiration:SilentSkillbook","aspiration:ArtOfWarUpgrade","Omamori","hubris:Icosahedron","hubris:TerracottaHorce","Ice Cream","Ornamental Fan","Dream Catcher","Hallownest:BeastSealRelic"],"acts_visited":["Exordium","Hallownest:CityofTears","Hallownest:KingdomsEdge"],"potions_floor_usage":[5,8,12,14,19,28,29,29,31,33,37,38,38,40,45,48],"damage_taken":[{"damage":2,"enemies":"Small Slimes","floor":1,"turns":3},{"damage":0,"enemies":"2 Louse","floor":5,"turns":1},{"damage":1,"enemies":"Jaw Worm","floor":6,"turns":2},{"damage":0,"enemies":"Looter","floor":7,"turns":2},{"damage":0,"enemies":"3 Louse","floor":8,"turns":3},{"damage":9,"enemies":"Exordium Thugs","floor":11,"turns":3},{"damage":20,"enemies":"Gremlin Nob","floor":12,"turns":4},{"damage":11,"enemies":"Red Slaver","floor":14,"turns":2},{"damage":72,"enemies":"Hexaghost","floor":16,"turns":10},{"damage":0,"enemies":"Hallownest:Flukemon_and_Top","floor":18,"turns":3},{"damage":0,"enemies":"Hallownest:Guard_and_Sentry","floor":19,"turns":7},{"damage":1,"enemies":"Hallownest:Warrior_and_Youth","floor":21,"turns":4},{"damage":0,"enemies":"Hallownest:Nosk","floor":22,"turns":12},{"damage":0,"enemies":"Hallownest:2_Husk_Sentries","floor":24,"turns":5},{"damage":7,"enemies":"Hallownest:eliteSoulWarrior","floor":25,"turns":8},{"damage":0,"enemies":"Hallownest:monsterShrumalOgre","floor":28,"turns":5},{"damage":2,"enemies":"Hallownest:eliteWatcherKnight","floor":29,"turns":11},{"damage":0,"enemies":"Hallownest:Glutton_and_Coward","floor":30,"turns":4},{"damage":0,"enemies":"Hallownest:eliteSoulWarrior","floor":31,"turns":6},{"damage":40,"enemies":"Hallownest:BossSoulMaster","floor":33,"turns":12},{"damage":10,"enemies":"Hallownest:3_Siblings","floor":35,"turns":8},{"damage":0,"enemies":"Hallownest:2_Primals","floor":37,"turns":3},{"damage":0,"enemies":"Hallownest:2_Littles","floor":38,"turns":3},{"damage":12,"enemies":"Hallownest:eliteHiveKnight","floor":39,"turns":4},{"damage":0,"enemies":"Hallownest:StalkingDevout","floor":40,"turns":4},{"damage":17,"enemies":"Hallownest:2_Wing_and_1_Kings","floor":41,"turns":4},{"damage":0,"enemies":"Hallownest:eliteHiveKnight","floor":42,"turns":5},{"damage":0,"enemies":"Hallownest:StalkingDevout","floor":44,"turns":4},{"damage":0,"enemies":"Hallownest:2_Great","floor":45,"turns":3},{"damage":3,"enemies":"Hallownest:2_Soldiers_and_1_Guardian","floor":46,"turns":3},{"damage":17,"enemies":"Hallownest:monsterPrimalAspid","floor":48,"turns":2},{"damage":30,"enemies":"Hallownest:BossHollowKnight","floor":50,"turns":7}],"seed_played":"3753934887918915542","potions_obtained":[{"floor":1,"key":"Fire Potion"},{"floor":7,"key":"SkillPotion"},{"floor":11,"key":"Explosive Potion"},{"floor":12,"key":"SteroidPotion"},{"floor":18,"key":"EssenceOfSteel"},{"floor":22,"key":"CalmPotion"},{"floor":28,"key":"CalmPotion"},{"floor":29,"key":"LiquidBronze"},{"floor":31,"key":"hexamod:SoulburnPotion"},{"floor":35,"key":"BlessingOfTheForge"},{"floor":37,"key":"GamblersBrew"},{"floor":39,"key":"Fire Potion"},{"floor":44,"key":"Fire Potion"},{"floor":46,"key":"BlessingOfTheForge"}],"is_trial":true,"path_per_floor":["M","?","?","?","M","M","M","M","T","R","M","E","R","M","R","B",null,"M","M","?","M","E","R","M","E","T","?","M","E","M","E","R","B",null,"M","?","?","M","E","E","M","E","T","E","M","M","?","M","R","B",null],"character_chosen":"HIEROPHANT","items_purchased":[],"campfire_rested":3,"item_purchase_floors":[],"current_hp_per_floor":[73,62,62,62,62,61,61,61,61,61,52,40,64,53,77,5,83,83,83,83,82,83,83,83,76,84,84,84,82,82,75,75,35,65,75,57,57,57,55,59,42,42,42,52,52,49,49,32,49,39],"gold":932,"neow_bonus":"","is_daily":false,"chose_seed":false,"campfire_upgraded":1,"win_rate":0.0,"timestamp":1611014557,"path_taken":["M","?","?","?","M","M","M","M","T","R","M","?","R","?","R","BOSS","M","M","?","?","?","R","?","E","T","?","M","?","M","E","R","BOSS","M","?","?","M","?","E","M","E","T","E","M","?","?","M","R","BOSS"],"items_purchased_type":[],"build_version":"2020-12-22","purchased_purges":0,"victory":true,"max_hp_per_floor":[75,75,75,75,75,75,75,75,75,75,75,83,83,83,83,83,83,83,83,83,83,83,83,83,83,91,91,91,83,83,75,75,75,75,75,75,75,75,67,59,59,59,59,59,59,59,59,59,59,59],"card_choices":[{"not_picked":["hierophant:Prophecy","hierophant:MorningPrayer"],"picked":"Koishi:BramblyRoseGarden","floor":1},{"not_picked":["Koishi:TremblingHands","Koishi:Jaunt"],"picked":"hierophant:Purify","floor":5},{"not_picked":["Koishi:RacingHeart","Koishi:SubterraneanRose","hierophant:AuricShield"],"picked":"SKIP","floor":6},{"not_picked":["hierophant:Doubloon","Koishi:FleetingPhantom","hierophant:CursedGold"],"picked":"SKIP","floor":7},{"not_picked":["Koishi:PhantomBarrier","Koishi:LastRemote"],"picked":"hierophant:Doomsaying","floor":8},{"not_picked":["hierophant:HammerAndAnvil","hierophant:FieryStrike"],"picked":"Koishi:DanmakuParanoia","floor":11},{"not_picked":["Koishi:FleetingPhantom","hierophant:Endure","hierophant:Cornucopia"],"picked":"SKIP","floor":12},{"not_picked":["Koishi:UnseenTerror","hierophant:ThreeLashes"],"picked":"hierophant:Community","floor":14},{"not_picked":["Koishi:FormlessExistence","Koishi:GrowingPain"],"picked":"Koishi:PerfectMindControl","floor":16},{"not_picked":["hierophant:DisplayOfPower","Dodge and Roll+1","Slice","Deadly Poison"],"picked":"SKIP","floor":18},{"not_picked":["Catalyst","Predator","Quick Slash"],"picked":"hierophant:Bribe","floor":19},{"not_picked":["Dodge and Roll","hierophant:ArchangelShield","hierophant:Purify"],"picked":"Crippling Poison+1","floor":21},{"not_picked":["PiercingWail","hierophant:DeathKnell","hierophant:Shelter","Outmaneuver+1"],"picked":"SKIP","floor":22},{"not_picked":["Calculated Gamble","hierophant:Zeal+1","Deadly Poison","Distraction"],"picked":"SKIP","floor":24},{"not_picked":["hierophant:EyeForCoin+1","Deadly Poison","hierophant:OrnateBuckler+1","hierophant:Alms"],"picked":"SKIP","floor":25},{"not_picked":["Terror","Prepared","hubris:SpiceAddiction","hierophant:SealAway"],"picked":"SKIP","floor":28},{"not_picked":["Escape Plan+1","hierophant:Alms","hubris:SpiceAddiction"],"picked":"hubris:Counter","floor":29},{"not_picked":["hierophant:Chorus+1","hierophant:Encroach","Cloak And Dagger","hierophant:Repentance"],"picked":"SKIP","floor":30},{"not_picked":["Backflip+1","hierophant:MintersHammer","Sucker Punch"],"picked":"Wraith Form v2","floor":31},{"not_picked":["After Image","hubris:SpiceAddiction","hierophant:BulkyChest"],"picked":"A Thousand Cuts","floor":33},{"not_picked":["All Out Attack","hierophant:ConvertCurrency+1","hierophant:Encroach+1","hubris:SpiceAddiction"],"picked":"SKIP","floor":35},{"not_picked":["infinitespire:Oblivion","infinitespire:Fortify"],"picked":"infinitespire:DeathsTouch","floor":36},{"not_picked":["Quick Slash+1","hierophant:SealAway","hierophant:Martyrdom+1"],"picked":"hubris:Counter","floor":37},{"not_picked":["Deflect","hierophant:PassingBell+1","hierophant:AuricShield+1","hierophant:TollTheBells"],"picked":"SKIP","floor":38},{"not_picked":["hierophant:HammerAndAnvil","hierophant:Refuge+1","hubris:SpiceAddiction"],"picked":"Corpse Explosion","floor":39},{"not_picked":["hierophant:Flagellation","hierophant:Zeal+1","hierophant:Dazzle+1","hierophant:CursedGold+1"],"picked":"SKIP","floor":40},{"not_picked":["hierophant:HolyVerse","hierophant:HammerAndAnvil","Tactician","hierophant:CursedGold+1"],"picked":"SKIP","floor":41},{"not_picked":["hierophant:Prophecy+1","hierophant:AuricBeam","hierophant:SealAway"],"picked":"hierophant:MorningPrayer+1","floor":42},{"not_picked":["hierophant:ThreeLashes","Dagger Throw","hierophant:PristineSoul"],"picked":"hierophant:OrnateJavelin+1","floor":44},{"not_picked":["Calculated Gamble","hierophant:Sermon+1","Accuracy","Poisoned Stab"],"picked":"SKIP","floor":45},{"not_picked":["hubris:SpiceAddiction","hierophant:HammerAndAnvil","hierophant:Sermon","Poisoned Stab"],"picked":"SKIP","floor":46},{"not_picked":["hierophant:PassingBell","Terror+1","Outmaneuver+1"],"picked":"hierophant:Purify","floor":48}],"player_experience":1851653,"relics_obtained":[{"floor":9,"key":"aspiration:HiddenCompartment"},{"floor":12,"key":"hubris:Spice"},{"floor":22,"key":"Art of War"},{"floor":25,"key":"Omamori"},{"floor":26,"key":"hubris:Spice"},{"floor":29,"key":"hubris:Spice"},{"floor":31,"key":"hubris:Spice"},{"floor":37,"key":"Ice Cream"},{"floor":39,"key":"hubris:Spice"},{"floor":40,"key":"hubris:Spice"},{"floor":43,"key":"Ornamental Fan"},{"floor":44,"key":"Dream Catcher"}],"event_choices":[{"damage_healed":0,"gold_gain":75,"player_choice":"Gather Gold","damage_taken":11,"max_hp_gain":0,"max_hp_loss":0,"event_name":"World of Goop","floor":2,"gold_loss":0},{"cards_removed":["hierophant:Strike_Hierophant"],"damage_healed":0,"gold_gain":0,"player_choice":"Card Removal","damage_taken":0,"max_hp_gain":0,"max_hp_loss":0,"event_name":"The Cleric","floor":4,"gold_loss":50}],"is_beta":false,"boss_relics":[{"not_picked":["hubris:Spice","Velvet Choker"],"picked":"aspiration:SilentSkillbook"},{"not_picked":["hubris:Spice","hubris:Spice"],"picked":"hubris:TerracottaHorce"}],"items_purged_floors":[],"is_endless":false,"potions_floor_spawned":[1,7,11,12,18,22,28,29,31,35,37,39,44,46],"ascension_level":0}}