{"host":"1hzg86ju9fvxh562","time":1611093693,"event":{"mods":["AchievementEnabler","Act Like it!","AlwaysNeverKeys","BaseMod","Bestiary","Better Altar","Better Match","Better Note","Better Sensory Stone","Better Skull","Better Third Choice","Colored Map","Colored Powertips","Curses Come First","Displayed Cursed Tome","Filter the Spire","Highlight Path","Keyboard Shortcuts","Minty Spire (QoL Compilation)","Rare Cards Sparkle","Relic Sorter","Relic Stats","ShortenTheSpire","Spicy Shops","StSLib","everything is the same but u backflip on backflip","slay the spire mod where everything is the same but ironclad has a cowboy hat"],"gold_per_floor":[118,133,148,42,54,85,146,164,164,198,198,174,209,229,229,327,327,343,343,367,367,26,61,61,61,61,92,92,113,157,220,220,316,316,330,380,81,101,151,194,212,237,237,620,652,652,713,728,728,728,728,728,21,55,55,55],"floor_reached":55,"language":"ENG","playtime":6276,"items_purged":["Strike_B","Normality"],"score":1489,"play_id":"50ad5368-6418-4f3f-99e3-3860c4a4ffca","local_time":"20210119200133","is_ascension_mode":true,"campfire_choices":[{"floor":15.0,"key":"REST"},{"data":"Capacitor","floor":25.0,"key":"SMITH"},{"floor":32.0,"key":"REST"},{"floor":46.0,"key":"RECALL"},{"data":"Hologram","floor":49.0,"key":"SMITH"},{"data":"Hologram","floor":52.0,"key":"SMITH"}],"circlet_count":0,"master_deck":["AscendersBane","Defend_B","Defend_B","Defend_B","Defend_B","Zap","Dualcast","Static Discharge","Streamline","Ball Lightning","Sunder","Sweeping Beam","Compile Driver","Skim","Self Repair","Skim","Conserve Battery","Biased Cognition","Self Repair","RitualDagger","Echo Form","Doom and Gloom","Biased Cognition","Capacitor+1","Meteor Strike","Multi-Cast","BootSequence+1","Machine Learning+1","Streamline+1","Glacier","Hologram+1","Defragment+1","Hologram+1","Capacitor","Recycle","Compile Driver","Multi-Cast","Dark Shackles"],"relics":["Snecko Eye","Symbiotic Virus","Strawberry","Oddly Smooth Stone","Cables","Mercury Hourglass","Cursed Key","Lee\u0027s Waffle","Darkstone Periapt","Mango","SsserpentHead","Regal Pillow","Astrolabe","Matryoshka","Potion Belt","Bronze Scales","Frozen Eye","Blood Vial"],"acts_visited":["Exordium","TheCity","TheBeyond","TheEnding"],"potions_floor_usage":[55,55,55],"damage_taken":[{"damage":7.0,"enemies":"Jaw Worm","floor":1.0,"turns":3.0},{"damage":3.0,"enemies":"2 Louse","floor":2.0,"turns":3.0},{"damage":5.0,"enemies":"Small Slimes","floor":3.0,"turns":3.0},{"damage":0.0,"enemies":"Blue Slaver","floor":5.0,"turns":1.0},{"damage":10.0,"enemies":"Lagavulin","floor":6.0,"turns":4.0},{"damage":16.0,"enemies":"Gremlin Nob","floor":7.0,"turns":3.0},{"damage":0.0,"enemies":"3 Louse","floor":8.0,"turns":1.0},{"damage":0.0,"enemies":"Gremlin Nob","floor":10.0,"turns":2.0},{"damage":14.0,"enemies":"3 Sentries","floor":13.0,"turns":4.0},{"damage":12.0,"enemies":"Large Slime","floor":14.0,"turns":3.0},{"damage":0.0,"enemies":"Slime Boss","floor":16.0,"turns":4.0},{"damage":0.0,"enemies":"Spheric Guardian","floor":18.0,"turns":2.0},{"damage":18.0,"enemies":"2 Thieves","floor":20.0,"turns":3.0},{"damage":42.0,"enemies":"Gremlin Leader","floor":23.0,"turns":5.0},{"damage":39.0,"enemies":"Book of Stabbing","floor":27.0,"turns":4.0},{"damage":28.0,"enemies":"Snake Plant","floor":29.0,"turns":3.0},{"damage":30.0,"enemies":"Gremlin Leader","floor":30.0,"turns":6.0},{"damage":11.0,"enemies":"Centurion and Healer","floor":31.0,"turns":4.0},{"damage":67.0,"enemies":"Champ","floor":33.0,"turns":7.0},{"damage":10.0,"enemies":"3 Darklings","floor":35.0,"turns":4.0},{"damage":0.0,"enemies":"Orb Walker","floor":38.0,"turns":2.0},{"damage":64.0,"enemies":"Reptomancer","floor":40.0,"turns":7.0},{"damage":13.0,"enemies":"3 Darklings","floor":41.0,"turns":4.0},{"damage":11.0,"enemies":"Spire Growth","floor":42.0,"turns":5.0},{"damage":7.0,"enemies":"Nemesis","floor":45.0,"turns":3.0},{"damage":15.0,"enemies":"Maw","floor":47.0,"turns":7.0},{"damage":38.0,"enemies":"Sphere and 2 Shapes","floor":48.0,"turns":4.0},{"damage":46.0,"enemies":"Time Eater","floor":50.0,"turns":10.0},{"damage":51.0,"enemies":"Shield and Spear","floor":54.0,"turns":6.0},{"damage":53,"enemies":"The Heart","floor":55,"turns":8}],"seed_played":"1352443689825500809","potions_obtained":[{"floor":1.0,"key":"Strength Potion"},{"floor":5.0,"key":"EssenceOfSteel"},{"floor":7.0,"key":"ColorlessPotion"},{"floor":13.0,"key":"DuplicationPotion"},{"floor":20.0,"key":"Explosive Potion"},{"floor":27.0,"key":"SpeedPotion"},{"floor":33.0,"key":"BlessingOfTheForge"},{"floor":41.0,"key":"Ancient Potion"},{"floor":47.0,"key":"Weak Potion"}],"is_trial":false,"path_per_floor":["M","M","M","$","M","E","?","M","T","E","?","?","E","M","R","B",null,"M","?","M","?","$","E","?","R","T","E","?","M","E","M","R","B",null,"M","?","$","M","T","E","M","M","T","?","E","R","M","M","R","B",null,"R","$","E","B"],"character_chosen":"DEFECT","items_purchased":["Sunder","Lee\u0027s Waffle","Doom and Gloom","Biased Cognition","Glacier","Ancient Potion","Bronze Scales","Multi-Cast","Ancient Potion","DistilledChaos","Frozen Eye","Dark Shackles"],"campfire_rested":2,"item_purchase_floors":[4,22,22,22,37,37,53,53,53,53,53,53],"current_hp_per_floor":[57,54,49,49,49,39,30,30,30,30,30,30,23,18,39,46,66,66,60,49,35,79,65,65,65,65,47,47,40,31,34,76,30,77,88,88,88,88,94,57,65,82,82,82,75,75,88,64,64,32,79,79,79,49,0,0],"gold":55,"neow_bonus":"BOSS_RELIC","is_daily":false,"chose_seed":false,"campfire_upgraded":3,"win_rate":0.0,"timestamp":1611093693,"path_taken":["M","M","M","$","M","E","?","M","T","E","?","?","E","M","R","BOSS","M","?","M","?","$","E","?","R","T","E","?","M","E","?","R","BOSS","M","?","$","M","?","E","M","M","T","?","E","R","?","M","R","BOSS","R","$","E","BOSS"],"items_purchased_type":["Card","Relic","Card","Card","Card","Potion","Relic","Card","Potion","Potion","Relic","Card"],"build_version":"2020-12-22","purchased_purges":2,"victory":false,"max_hp_per_floor":[71,71,71,71,71,71,78,78,78,78,72,72,72,72,72,72,72,72,72,72,72,79,79,79,79,79,93,93,93,93,93,93,93,93,93,88,88,88,94,94,94,94,94,94,94,94,94,94,94,94,94,94,94,94,94,94],"relic_stats":{"Darkstone Periapt":6,"Lee\u0027s Waffle":44,"Regal Pillow":15,"counters":[30,125],"Astrolabe":["BootSequence","Machine Learning","Streamline"],"Cursed Key":1,"Cables":[107,14,10,56,27],"Mercury Hourglass":[372],"Blood Vial":2,"SsserpentHead":250,"Bronze Scales":[138],"Snecko Eye":[280,277,234,267],"obtain_stats":[{"Darkstone Periapt":23,"Potion Belt":45,"Lee\u0027s Waffle":22,"Regal Pillow":30,"Golden Idol":11,"Astrolabe":34,"Oddly Smooth Stone":9,"Mango":27,"Cursed Key":17,"Cables":10,"Mercury Hourglass":13,"Blood Vial":54,"SsserpentHead":28,"Frozen Eye":53,"Matryoshka":40,"Strawberry":7,"Bronze Scales":53,"Snecko Eye":0,"Cracked Core":0,"Symbiotic Virus":6},{"Darkstone Periapt":14,"Potion Belt":25,"Lee\u0027s Waffle":13,"Regal Pillow":17,"Golden Idol":8,"Astrolabe":19,"Oddly Smooth Stone":7,"Mango":15,"Cursed Key":11,"Cables":8,"Mercury Hourglass":9,"Blood Vial":29,"SsserpentHead":15,"Frozen Eye":28,"Matryoshka":22,"Strawberry":6,"Bronze Scales":28,"Snecko Eye":0,"Cracked Core":0,"Symbiotic Virus":5},{"Darkstone Periapt":41,"Potion Belt":90,"Lee\u0027s Waffle":36,"Regal Pillow":54,"Golden Idol":20,"Astrolabe":65,"Oddly Smooth Stone":18,"Mango":45,"Cursed Key":31,"Cables":20,"Mercury Hourglass":24,"Blood Vial":117,"SsserpentHead":45,"Frozen Eye":111,"Matryoshka":78,"Strawberry":17,"Bronze Scales":111,"Snecko Eye":0,"Cracked Core":0,"Symbiotic Virus":14}]},"card_choices":[{"not_picked":["Hologram","Leap"],"picked":"Static Discharge","floor":1.0},{"not_picked":["Steam","FTL"],"picked":"Streamline","floor":2.0},{"not_picked":["Cold Snap","Turbo"],"picked":"Ball Lightning","floor":3.0},{"not_picked":["Gash","Leap"],"picked":"Sweeping Beam","floor":5.0},{"not_picked":["Stack","Leap"],"picked":"Compile Driver","floor":6.0},{"not_picked":["Amplify","Turbo"],"picked":"Skim","floor":7.0},{"not_picked":["Stack","Barrage","Sweeping Beam"],"picked":"SKIP","floor":8.0},{"not_picked":["Machine Learning","Rebound"],"picked":"Self Repair","floor":10.0},{"not_picked":["Redo","Compile Driver"],"picked":"Skim","floor":13.0},{"not_picked":["Tempest","Cold Snap"],"picked":"Conserve Battery","floor":14.0},{"not_picked":["Multi-Cast","Core Surge"],"picked":"Biased Cognition","floor":16.0},{"not_picked":["Tempest","Hologram"],"picked":"Self Repair","floor":18.0},{"not_picked":["Go for the Eyes","FTL","Beam Cell"],"picked":"SKIP","floor":20.0},{"not_picked":["Streamline","Multi-Cast"],"picked":"Capacitor","floor":23.0},{"not_picked":["Cold Snap+1","Tempest","Steam Power"],"picked":"SKIP","floor":27.0},{"not_picked":["Chill","Conserve Battery","Reprogram"],"picked":"SKIP","floor":29.0},{"not_picked":["Storm","Undo"],"picked":"Meteor Strike","floor":30.0},{"not_picked":["Conserve Battery","Beam Cell","Lockon+1"],"picked":"SKIP","floor":31.0},{"not_picked":["Seek","Buffer"],"picked":"Multi-Cast","floor":33.0},{"not_picked":["Gash","Redo","Ball Lightning"],"picked":"SKIP","floor":35.0},{"not_picked":["Cold Snap","Ball Lightning"],"picked":"Hologram","floor":38.0},{"not_picked":["Machine Learning","Undo"],"picked":"Defragment+1","floor":40.0},{"not_picked":["Beam Cell","Self Repair"],"picked":"Hologram","floor":41.0},{"not_picked":["Steam","Cold Snap"],"picked":"Capacitor","floor":42.0},{"not_picked":["Sweeping Beam+1","Go for the Eyes","Redo"],"picked":"SKIP","floor":45.0},{"not_picked":["FTL","Rebound"],"picked":"Recycle","floor":47.0},{"not_picked":["Go for the Eyes","BootSequence"],"picked":"Compile Driver","floor":48.0},{"not_picked":["Stack","Leap+1","Melter"],"picked":"SKIP","floor":54.0}],"player_experience":483026,"relics_obtained":[{"floor":6.0,"key":"Symbiotic Virus"},{"floor":7.0,"key":"Strawberry"},{"floor":9.0,"key":"Oddly Smooth Stone"},{"floor":10.0,"key":"Cables"},{"floor":13.0,"key":"Mercury Hourglass"},{"floor":23.0,"key":"Darkstone Periapt"},{"floor":27.0,"key":"Mango"},{"floor":30.0,"key":"Regal Pillow"},{"floor":40.0,"key":"Matryoshka"},{"floor":45.0,"key":"Potion Belt"},{"floor":54.0,"key":"Blood Vial"}],"event_choices":[{"damage_healed":0.0,"max_hp_gain":0.0,"max_hp_loss":0.0,"gold_gain":0.0,"event_name":"Dead Adventurer","player_choice":"Searched \u00271\u0027 times","floor":7.0,"gold_loss":0.0,"damage_taken":0.0},{"damage_healed":0.0,"max_hp_gain":0.0,"max_hp_loss":6.0,"gold_gain":0.0,"event_name":"Golden Idol","player_choice":"Lose Max HP","floor":11.0,"gold_loss":0.0,"damage_taken":0.0,"relics_obtained":["Golden Idol"]},{"damage_healed":0.0,"max_hp_gain":0.0,"max_hp_loss":0.0,"gold_gain":0.0,"event_name":"betterThird:BetterGoop","player_choice":"Left","floor":12.0,"gold_loss":24.0,"damage_taken":0.0},{"damage_healed":0.0,"max_hp_gain":0.0,"max_hp_loss":0.0,"gold_gain":0.0,"event_name":"betterThird:BetterNest","player_choice":"Dagger","floor":19.0,"gold_loss":0.0,"damage_taken":6.0,"cards_obtained":["RitualDagger"]},{"damage_healed":0.0,"max_hp_gain":0.0,"max_hp_loss":14.0,"gold_gain":2.0,"event_name":"betterStone:BetterStone","player_choice":"2","floor":21.0,"gold_loss":0.0,"damage_taken":0.0},{"damage_healed":0.0,"max_hp_gain":0.0,"max_hp_loss":0.0,"gold_gain":0.0,"event_name":"Ghosts","player_choice":"Ignored","floor":24.0,"gold_loss":0.0,"damage_taken":0.0},{"damage_healed":0.0,"max_hp_gain":0.0,"max_hp_loss":0.0,"gold_gain":0.0,"event_name":"FaceTrader","player_choice":"Trade","floor":28.0,"gold_loss":0.0,"damage_taken":0.0,"relics_obtained":["SsserpentHead"]},{"damage_healed":0.0,"max_hp_gain":0.0,"max_hp_loss":5.0,"gold_gain":0.0,"event_name":"Winding Halls","player_choice":"Max HP","floor":36.0,"gold_loss":0.0,"damage_taken":0.0},{"damage_healed":0.0,"max_hp_gain":0.0,"max_hp_loss":0.0,"gold_gain":333.0,"event_name":"The Moai Head","player_choice":"Gave Idol","floor":44.0,"relics_lost":["Golden Idol"],"gold_loss":0.0,"damage_taken":0.0}],"is_beta":false,"boss_relics":[{"not_picked":["Empty Cage","Nuclear Battery"],"picked":"Cursed Key"},{"not_picked":["Sozu","Inserter"],"picked":"Astrolabe"}],"items_purged_floors":[37,53],"is_endless":false,"potions_floor_spawned":[1,5,7,13,20,27,33,41,47],"killed_by":"The Heart","ascension_level":14}}