{"host":"qhhcmep1unj6mpf7","time":1611050174,"event":{"mods":["2.2 Compatiblity","AchievementEnabler","BaseMod","Colored Map","DeckTracker","Highlight Path","Keyboard Shortcuts","Minty Spire (QoL Compilation)","Permanent Neow","Quick Restart","Random Character Button","StSLib","SuperFastMode","everything is the same but u backflip on backflip"],"gold_per_floor":[136,171,96,147,239,290,324,358,358,408,408,408,445,60,60,60,60],"floor_reached":16,"language":"KOR","playtime":585,"items_purged":["Writhe","Strike_B"],"score":114,"play_id":"78ea9a27-ac7f-4b84-8cb9-67ecdfc2e263","local_time":"20210119185614","is_ascension_mode":false,"campfire_choices":[{"floor":11.0,"key":"REST"},{"data":"Defragment","floor":15,"key":"SMITH"}],"circlet_count":0,"master_deck":["Strike_B","Strike_B","Strike_B","Defend_B","Defend_B","Defend_B","Defend_B","Zap","Dualcast","HandOfGreed","Rebound","Cold Snap","Reboot","Meteor Strike","Fusion","Blizzard+1","Undo","Defragment+1"],"relics":["Cracked Core","Blood Vial","Molten Egg 2","Ancient Tea Set","Bronze Scales"],"acts_visited":["Exordium"],"potions_floor_usage":[],"damage_taken":[{"damage":4.0,"enemies":"Cultist","floor":1.0,"turns":4.0},{"damage":3.0,"enemies":"Jaw Worm","floor":2.0,"turns":3.0},{"damage":5.0,"enemies":"Small Slimes","floor":4.0,"turns":4.0},{"damage":13.0,"enemies":"Gremlin Gang","floor":5.0,"turns":7.0},{"damage":20.0,"enemies":"Gremlin Nob","floor":6.0,"turns":4.0},{"damage":10.0,"enemies":"2 Fungi Beasts","floor":7.0,"turns":3.0},{"damage":17.0,"enemies":"Lagavulin","floor":8.0,"turns":7.0},{"damage":8.0,"enemies":"Large Slime","floor":10.0,"turns":7.0},{"damage":13,"enemies":"Red Slaver","floor":13,"turns":2},{"damage":35,"enemies":"Slime Boss","floor":16,"turns":3}],"seed_played":"5688799869668664483","potions_obtained":[{"floor":5.0,"key":"DuplicationPotion"},{"floor":7.0,"key":"Swift Potion"},{"floor":8.0,"key":"FearPotion"}],"is_trial":false,"path_per_floor":["M","M","$","M","M","E","M","E","T","M","R","?","M","$","R","B"],"character_chosen":"DEFECT","items_purchased":["Undo","Bronze Scales","Defragment"],"campfire_rested":1,"item_purchase_floors":[14,14,14],"current_hp_per_floor":[71,68,68,63,50,30,22,7,7,1,23,23,12,12,12,0,0],"gold":60,"neow_bonus":"RANDOM_COLORLESS_2","is_daily":false,"chose_seed":false,"campfire_upgraded":1,"win_rate":0.0,"timestamp":1611050174,"path_taken":["M","M","$","?","M","E","M","E","T","M","R","?","M","$","R","BOSS"],"items_purchased_type":["Card","Relic","Card"],"build_version":"2020-12-22","purchased_purges":2,"victory":false,"max_hp_per_floor":[75,75,75,75,75,75,75,75,75,75,75,75,75,75,75,75,75],"card_choices":[{"not_picked":["Magnetism","Secret Technique"],"picked":"HandOfGreed","floor":0.0},{"not_picked":["Redo","Go for the Eyes"],"picked":"Rebound","floor":1.0},{"not_picked":["Streamline","Compile Driver"],"picked":"Cold Snap","floor":2.0},{"not_picked":["Loop","FTL"],"picked":"Reboot","floor":4.0},{"not_picked":["Compile Driver","Lockon","Doom and Gloom"],"picked":"SKIP","floor":5.0},{"not_picked":["Melter","Go for the Eyes"],"picked":"Meteor Strike","floor":6.0},{"not_picked":["Streamline","FTL","Auto Shields"],"picked":"SKIP","floor":7.0},{"not_picked":["Storm","Machine Learning","Streamline+1"],"picked":"SKIP","floor":8.0},{"not_picked":["Stack","Beam Cell+1"],"picked":"Fusion","floor":10.0},{"not_picked":["Static Discharge","Cold Snap+1"],"picked":"Blizzard+1","floor":13}],"player_experience":316855,"relics_obtained":[{"floor":6.0,"key":"Blood Vial"},{"floor":8.0,"key":"Molten Egg 2"},{"floor":9.0,"key":"Ancient Tea Set"}],"event_choices":[{"damage_healed":0,"gold_gain":0,"player_choice":"Searched \u00271\u0027 times","damage_taken":0,"max_hp_gain":0,"max_hp_loss":0,"event_name":"Dead Adventurer","floor":12,"gold_loss":0}],"is_beta":false,"boss_relics":[],"items_purged_floors":[3,14],"is_endless":false,"potions_floor_spawned":[5,7,8,10,13],"killed_by":"Slime Boss","ascension_level":0}}