{"host":"sc0o2qwpf9j16a4i","time":1611076055,"event":{"mods":["AchievementEnabler","BaseMod","BetterRewards","Block Reminder","Colored Map","Colored Powertips","Custom Start","Highlight Path","Minty Spire (QoL Compilation)","Relic Stats"],"gold_per_floor":[118,118,131,146,146,146,181,191,238,249,199,229,229,247,247,325,325,341,341,27,41,56,56,83,33,33,51,86,86,116,116,128,218,230,252,264,293,351,375,387,424,454,466,478,523,535,575,639,651,663,675,687,699,0,28,28,28],"floor_reached":56,"language":"ENG","playtime":2235,"items_purged":["Strike_B","Strike_B","Strike_B"],"score":3031,"play_id":"bd35dfb9-ad01-4b07-be88-d853fa9a5551","local_time":"20210119190735","is_ascension_mode":true,"campfire_choices":[{"data":"Barrage","floor":6,"key":"SMITH"},{"data":"Defragment","floor":15,"key":"SMITH"},{"data":"Creative AI","floor":23,"key":"SMITH"},{"floor":32,"key":"REST"},{"floor":40,"key":"RECALL"},{"data":"Defragment","floor":44,"key":"SMITH"},{"data":"Go for the Eyes","floor":49,"key":"SMITH"},{"data":"Hologram","floor":53,"key":"SMITH"}],"circlet_count":0,"master_deck":["AscendersBane","Defend_B","Defend_B","Defend_B","Defend_B","Zap+1","Dualcast","Genetic Algorithm","Genetic Algorithm+1","Ball Lightning","Doom and Gloom+1","Electrodynamics","Barrage+1","Defragment+1","Defragment+1","Cold Snap","Heatsinks","Creative AI+1","Capacitor+1","Hologram+1","Go for the Eyes+1","Genetic Algorithm+1","Fission+1","Force Field","Stack","Darkness+1","Barrage","Defragment","Leap","Redo"],"relics":["Cracked Core","Anchor","Regal Pillow","DollysMirror","Bird Faced Urn","Runic Capacitor","Tiny Chest","Dream Catcher","Question Card","Calipers","Lee\u0027s Waffle","Juzu Bracelet","Matryoshka","Singing Bowl","Gremlin Horn","Lantern","Potion Belt","Smiling Mask","Art of War","Oddly Smooth Stone","Symbiotic Virus","Velvet Choker","Torii","MealTicket","White Beast Statue","Mango","HornCleat","MawBank","Busted Crown","Dead Branch","Du-Vu Doll","War Paint","Happy Flower","Pen Nib","Bronze Scales","Chemical X","Bag of Marbles","InkBottle"],"acts_visited":["Exordium","TheCity","TheBeyond","TheEnding"],"potions_floor_usage":[7,24,28,30,33,38,41,47,50,50,54,56,56,56,56],"damage_taken":[{"damage":5,"enemies":"Small Slimes","floor":1,"turns":3},{"damage":0,"enemies":"Jaw Worm","floor":3,"turns":2},{"damage":0,"enemies":"2 Louse","floor":4,"turns":3},{"damage":29,"enemies":"Gremlin Nob","floor":7,"turns":4},{"damage":0,"enemies":"Looter","floor":8,"turns":2},{"damage":0,"enemies":"Exordium Thugs","floor":10,"turns":4},{"damage":0,"enemies":"3 Sentries","floor":12,"turns":3},{"damage":1,"enemies":"Red Slaver","floor":14,"turns":4},{"damage":27,"enemies":"Slime Boss","floor":16,"turns":6},{"damage":12,"enemies":"2 Thieves","floor":18,"turns":3},{"damage":0,"enemies":"Chosen","floor":21,"turns":3},{"damage":7,"enemies":"Centurion and Healer","floor":22,"turns":5},{"damage":0,"enemies":"Gremlin Leader","floor":24,"turns":4},{"damage":9,"enemies":"Snecko","floor":27,"turns":4},{"damage":9,"enemies":"Slavers","floor":28,"turns":3},{"damage":41,"enemies":"Gremlin Leader","floor":30,"turns":4},{"damage":0,"enemies":"Champ","floor":33,"turns":14},{"damage":0,"enemies":"Orb Walker","floor":35,"turns":3},{"damage":0,"enemies":"3 Shapes","floor":37,"turns":4},{"damage":1,"enemies":"2 Orb Walkers","floor":38,"turns":4},{"damage":0,"enemies":"3 Darklings","floor":39,"turns":4},{"damage":21,"enemies":"Reptomancer","floor":41,"turns":5},{"damage":0,"enemies":"Maw","floor":42,"turns":6},{"damage":0,"enemies":"Giant Head","floor":45,"turns":9},{"damage":0,"enemies":"Nemesis","floor":47,"turns":7},{"damage":1,"enemies":"Donu and Deca","floor":50,"turns":6},{"damage":0,"enemies":"Time Eater","floor":51,"turns":13},{"damage":74,"enemies":"Shield and Spear","floor":55,"turns":9},{"damage":58,"enemies":"The Heart","floor":56,"turns":3}],"seed_played":"3417728043541909655","potions_obtained":[{"floor":3,"key":"PowerPotion"},{"floor":4,"key":"FocusPotion"},{"floor":21,"key":"FocusPotion"},{"floor":22,"key":"PowerPotion"},{"floor":27,"key":"Fire Potion"},{"floor":28,"key":"Weak Potion"},{"floor":30,"key":"AttackPotion"},{"floor":33,"key":"FocusPotion"},{"floor":35,"key":"SteroidPotion"},{"floor":37,"key":"AttackPotion"},{"floor":38,"key":"LiquidMemories"},{"floor":41,"key":"FocusPotion"},{"floor":47,"key":"Explosive Potion"},{"floor":55,"key":"SpeedPotion"}],"is_trial":false,"path_per_floor":["M","?","M","M","?","R","E","M","T","M","$","E","T","M","R","B",null,"M","?","$","M","M","R","E","$","T","M","E","?","E","T","R","B",null,"M","T","M","?","M","R","E","M","T","R","E","?","E","T","R","B","B",null,"R","$","E","B"],"character_chosen":"DEFECT","items_purchased":["Anchor","Regal Pillow","Genetic Algorithm","DollysMirror","Ball Lightning","Bird Faced Urn","Runic Capacitor","Doom and Gloom","Tiny Chest","Electrodynamics","Dream Catcher","Question Card","Calipers","Lee\u0027s Waffle","Juzu Bracelet","Matryoshka","Singing Bowl","Torii","Chemical X","Defragment","Bag of Marbles","Fruit Juice","Dexterity Potion","Leap","Redo"],"campfire_rested":1,"item_purchase_floors":[0,0,0,0,0,0,0,0,0,0,0,0,0,0,0,0,0,20,54,54,54,54,54,54,54],"current_hp_per_floor":[75,49,49,51,51,51,26,28,28,32,32,38,38,41,41,22,69,61,61,61,69,74,74,86,86,86,77,90,90,65,65,102,104,104,104,104,104,106,108,108,101,112,112,112,112,106,108,108,108,108,108,108,108,113,51,0,0],"gold":28,"neow_bonus":"","is_daily":false,"chose_seed":false,"campfire_upgraded":6,"win_rate":0.0,"timestamp":1611076055,"path_taken":["M","?","M","M","?","R","E","M","T","M","?","E","?","M","R","BOSS","M","?","$","M","M","R","E","?","T","M","E","?","E","?","R","BOSS","M","?","M","?","M","R","E","M","T","R","E","?","E","?","R","BOSS","BOSS","R","$","E","BOSS"],"items_purchased_type":["Relic","Relic","Card","Relic","Card","Relic","Relic","Card","Relic","Card","Relic","Relic","Relic","Relic","Relic","Relic","Relic","Relic","Relic","Card","Relic","Potion","Potion","Card","Card"],"build_version":"2020-12-22","purchased_purges":3,"victory":false,"max_hp_per_floor":[80,80,80,82,82,82,84,84,84,84,84,84,84,84,84,84,84,84,84,84,84,86,86,86,86,86,86,100,100,102,102,102,104,104,104,104,104,106,108,108,110,112,112,112,112,106,108,108,108,108,108,108,108,113,115,115,115],"relic_stats":{"Regal Pillow":7,"Lee\u0027s Waffle":56,"Singing Bowl":24,"Gremlin Horn":[24,24],"Torii":18,"Happy Flower":[12],"counters":[172,865],"Dead Branch":[55],"Pen Nib":[23],"Juzu Bracelet":0,"War Paint":["Genetic Algorithm","Zap"],"Question Card":27,"Smiling Mask":150,"MawBank":276,"Dream Catcher":1,"Busted Crown":18,"Bird Faced Urn":[121],"Bronze Scales":[233],"Tiny Chest":6,"MealTicket":0,"Art of War":[35],"Chemical X":[1],"obtain_stats":[{"Sling":0,"Boot":9,"Blood Vial":14,"MealTicket":0,"Fusion Hammer":34,"Kunai":34,"Pear":7,"Blue Candle":10,"Velvet Choker":17,"Eternal Feather":11,"Pen Nib":0,"Akabeko":13,"Cables":0,"SlaversCollar":17,"Bird Faced Urn":0,"Snecko Eye":17,"Pandora\u0027s Box":17,"StrikeDummy":13,"Lantern":12,"Regal Pillow":0,"Singing Bowl":0,"Torii":20,"StoneCalendar":46,"Bag of Preparation":24,"Smiling Mask":26,"Cursed Key":17,"Matryoshka":2,"Shovel":0,"WingedGreaves":34,"Chemical X":0,"InkBottle":55,"Potion Belt":9,"Lee\u0027s Waffle":0,"NeowsBlessing":0,"PreservedInsect":43,"Omamori":24,"Frozen Egg 2":30,"MawBank":31,"Nuclear Battery":34,"Busted Crown":34,"Ornamental Fan":24,"Orrery":0,"Turnip":55,"Art of War":12,"Bottled Lightning":20,"Toy Ornithopter":13,"Calipers":15,"Gremlin Horn":29,"Vajra":6,"Runic Capacitor":13,"Sozu":17,"Centennial Puzzle":0,"HornCleat":0,"DollysMirror":0,"Strawberry":11,"Prayer Wheel":7,"Toxic Egg 2":0,"Girya":41,"Happy Flower":7,"Dead Branch":26,"Astrolabe":34,"Oddly Smooth Stone":36,"Letter Opener":0,"War Paint":46,"Question Card":9,"Du-Vu Doll":38,"OrangePellets":27,"Shuriken":40,"Bronze Scales":27,"Molten Egg 2":0,"Symbiotic Virus":13,"Meat on the Bone":10,"Pocketwatch":9,"Mango":37,"Incense Burner":8,"Juzu Bracelet":0,"Frozen Eye":0,"Emotion Chip":6,"Nunchaku":9,"Dream Catcher":45,"Mummified Hand":48,"Pantograph":26,"Gambling Chip":39,"Tiny Chest":0,"Red Mask":19,"Cracked Core":0,"Orichalcum":0,"Medical Kit":0,"White Beast Statue":26,"Mercury Hourglass":24,"Peace Pipe":12,"Calling Bell":34,"DataDisk":13,"Anchor":31,"Bag of Marbles":42,"Membership Card":0,"FossilizedHelix":29,"TungstenRod":0},{"Sling":54,"Boot":58,"Blood Vial":7,"MealTicket":30,"Fusion Hammer":48,"Kunai":105,"Pear":70,"Blue Candle":92,"Velvet Choker":152,"Eternal Feather":118,"Pen Nib":66,"Akabeko":94,"Cables":30,"SlaversCollar":8,"Bird Faced Urn":143,"Snecko Eye":75,"Pandora\u0027s Box":95,"StrikeDummy":120,"Lantern":72,"Regal Pillow":88,"Singing Bowl":54,"Torii":153,"StoneCalendar":25,"Bag of Preparation":76,"Smiling Mask":12,"Cursed Key":62,"Matryoshka":1,"Shovel":54,"WingedGreaves":105,"Chemical X":30,"InkBottle":171,"Potion Belt":148,"Lee\u0027s Waffle":143,"NeowsBlessing":0,"PreservedInsect":84,"Omamori":100,"Frozen Egg 2":127,"MawBank":159,"Nuclear Battery":18,"Busted Crown":160,"Ornamental Fan":45,"Orrery":66,"Turnip":29,"Art of War":150,"Bottled Lightning":123,"Toy Ornithopter":73,"Calipers":61,"Gremlin Horn":15,"Vajra":57,"Runic Capacitor":39,"Sozu":41,"Centennial Puzzle":112,"HornCleat":30,"DollysMirror":143,"Strawberry":72,"Prayer Wheel":35,"Toxic Egg 2":30,"Girya":22,"Happy Flower":58,"Dead Branch":12,"Astrolabe":80,"Oddly Smooth Stone":19,"Letter Opener":30,"War Paint":109,"Question Card":3,"Du-Vu Doll":163,"OrangePellets":101,"Shuriken":134,"Bronze Scales":12,"Molten Egg 2":112,"Symbiotic Virus":150,"Meat on the Bone":4,"Pocketwatch":91,"Mango":132,"Incense Burner":117,"Juzu Bracelet":143,"Frozen Eye":112,"Emotion Chip":3,"Nunchaku":3,"Dream Catcher":24,"Mummified Hand":26,"Pantograph":46,"Gambling Chip":53,"Tiny Chest":112,"Red Mask":43,"Cracked Core":0,"Orichalcum":88,"Medical Kit":88,"White Beast Statue":156,"Mercury Hourglass":12,"Peace Pipe":59,"Calling Bell":105,"DataDisk":39,"Anchor":104,"Bag of Marbles":135,"Membership Card":30,"FossilizedHelix":15,"TungstenRod":30},{"Sling":259,"Boot":278,"Blood Vial":22,"MealTicket":167,"Fusion Hammer":238,"Kunai":506,"Pear":341,"Blue Candle":444,"Velvet Choker":753,"Eternal Feather":570,"Pen Nib":327,"Akabeko":454,"Cables":167,"SlaversCollar":30,"Bird Faced Urn":722,"Snecko Eye":370,"Pandora\u0027s Box":460,"StrikeDummy":576,"Lantern":351,"Regal Pillow":432,"Singing Bowl":259,"Torii":756,"StoneCalendar":116,"Bag of Preparation":373,"Smiling Mask":48,"Cursed Key":302,"Matryoshka":1,"Shovel":259,"WingedGreaves":506,"Chemical X":167,"InkBottle":862,"Potion Belt":736,"Lee\u0027s Waffle":722,"NeowsBlessing":0,"PreservedInsect":413,"Omamori":478,"Frozen Egg 2":603,"MawBank":779,"Nuclear Battery":76,"Busted Crown":793,"Ornamental Fan":219,"Orrery":327,"Turnip":158,"Art of War":743,"Bottled Lightning":587,"Toy Ornithopter":357,"Calipers":291,"Gremlin Horn":56,"Vajra":269,"Runic Capacitor":191,"Sozu":202,"Centennial Puzzle":549,"HornCleat":167,"DollysMirror":722,"Strawberry":351,"Prayer Wheel":179,"Toxic Egg 2":167,"Girya":99,"Happy Flower":278,"Dead Branch":48,"Astrolabe":400,"Oddly Smooth Stone":79,"Letter Opener":167,"War Paint":524,"Question Card":3,"Du-Vu Doll":804,"OrangePellets":482,"Shuriken":642,"Bronze Scales":48,"Molten Egg 2":549,"Symbiotic Virus":743,"Meat on the Bone":9,"Pocketwatch":441,"Mango":633,"Incense Burner":565,"Juzu Bracelet":722,"Frozen Eye":549,"Emotion Chip":3,"Nunchaku":3,"Dream Catcher":111,"Mummified Hand":126,"Pantograph":224,"Gambling Chip":257,"Tiny Chest":549,"Red Mask":210,"Cracked Core":0,"Orichalcum":432,"Medical Kit":432,"White Beast Statue":768,"Mercury Hourglass":48,"Peace Pipe":283,"Calling Bell":506,"DataDisk":191,"Anchor":495,"Bag of Marbles":650,"Membership Card":167,"FossilizedHelix":56,"TungstenRod":167}],"InkBottle":[0]},"card_choices":[{"not_picked":["Aggregate","Sweeping Beam","Beam Cell","Turbo"],"picked":"Singing Bowl","floor":1},{"not_picked":["Go for the Eyes","Rebound","Leap"],"picked":"Barrage","floor":3},{"not_picked":["White Noise","Blizzard","Beam Cell","Redo"],"picked":"Singing Bowl","floor":4},{"not_picked":["Redo","Gash","Force Field","Hello World"],"picked":"Singing Bowl","floor":7},{"not_picked":["Beam Cell","Chaos","Steam"],"picked":"Defragment","floor":8},{"not_picked":["Go for the Eyes","Hello World","Meteor Strike"],"picked":"Defragment","floor":10},{"not_picked":["Conserve Battery","Beam Cell","Go for the Eyes"],"picked":"Cold Snap","floor":12},{"not_picked":["Hologram","Tempest","Reinforced Body"],"picked":"Heatsinks","floor":14},{"not_picked":["Meteor Strike","Buffer","Machine Learning"],"picked":"Creative AI","floor":16},{"not_picked":["Tempest","Hologram","Recycle"],"picked":"Capacitor+1","floor":18},{"not_picked":["Leap","Sweeping Beam","Skim+1"],"picked":"Hologram","floor":21},{"not_picked":["Beam Cell+1","Scrape","Meteor Strike","Storm"],"picked":"Singing Bowl","floor":22},{"not_picked":["Force Field","Coolheaded","Recycle"],"picked":"Go for the Eyes","floor":24},{"not_picked":["Lockon","Rebound","Reprogram"],"picked":"Genetic Algorithm+1","floor":27},{"not_picked":["Compile Driver+1","Chill+1","Gash"],"picked":"Fission","floor":28},{"not_picked":["Amplify","Compile Driver+1","Undo","Darkness"],"picked":"Singing Bowl","floor":30},{"not_picked":["Storm","Sweeping Beam","Cold Snap"],"picked":"Force Field","floor":32},{"not_picked":["Reboot","Buffer","Multi-Cast","Thunder Strike"],"picked":"Singing Bowl","floor":33},{"not_picked":["Rebound"],"picked":"Stack","floor":35},{"not_picked":["Barrage"],"picked":"Darkness+1","floor":37},{"not_picked":["Double Energy","Sweeping Beam"],"picked":"Singing Bowl","floor":38},{"not_picked":["Undo","Reboot"],"picked":"Singing Bowl","floor":39},{"not_picked":["Rip and Tear","Rebound+1"],"picked":"Singing Bowl","floor":41},{"not_picked":["Doom and Gloom","Lockon"],"picked":"Singing Bowl","floor":42},{"not_picked":["Ball Lightning+1"],"picked":"Barrage","floor":45},{"not_picked":["FTL","Redo"],"picked":"Singing Bowl","floor":47},{"not_picked":["Ball Lightning+1","Chill"],"picked":"Singing Bowl","floor":55}],"player_experience":758027,"relics_obtained":[{"floor":7,"key":"Lantern"},{"floor":9,"key":"Potion Belt"},{"floor":9,"key":"Smiling Mask"},{"floor":12,"key":"Art of War"},{"floor":13,"key":"Oddly Smooth Stone"},{"floor":13,"key":"Symbiotic Virus"},{"floor":24,"key":"MealTicket"},{"floor":26,"key":"White Beast Statue"},{"floor":28,"key":"Mango"},{"floor":30,"key":"HornCleat"},{"floor":31,"key":"MawBank"},{"floor":36,"key":"Dead Branch"},{"floor":38,"key":"Du-Vu Doll"},{"floor":41,"key":"War Paint"},{"floor":45,"key":"Happy Flower"},{"floor":47,"key":"Pen Nib"},{"floor":48,"key":"Bronze Scales"},{"floor":55,"key":"InkBottle"}],"event_choices":[{"damage_healed":0,"gold_gain":0,"player_choice":"Success","damage_taken":26,"relics_obtained":["Gremlin Horn"],"max_hp_gain":0,"max_hp_loss":0,"event_name":"Scrap Ooze","floor":2,"gold_loss":0},{"damage_healed":0,"gold_gain":0,"player_choice":"Grow","damage_taken":0,"max_hp_gain":0,"max_hp_loss":0,"event_name":"Living Wall","floor":5,"gold_loss":0,"cards_upgraded":["Doom and Gloom"]},{"cards_removed":["Strike_B"],"damage_healed":0,"gold_gain":0,"player_choice":"Offered Basic","damage_taken":0,"max_hp_gain":0,"max_hp_loss":0,"event_name":"Bonfire Elementals","floor":19,"gold_loss":0},{"damage_healed":0,"gold_gain":0,"player_choice":"Upgraded","damage_taken":0,"max_hp_gain":0,"max_hp_loss":0,"event_name":"Upgrade Shrine","floor":29,"gold_loss":0,"cards_upgraded":["Fission"]},{"damage_healed":0,"gold_gain":0,"player_choice":"Fight","damage_taken":0,"max_hp_gain":0,"max_hp_loss":0,"event_name":"Mysterious Sphere","floor":38,"gold_loss":0},{"damage_healed":0,"gold_gain":0,"player_choice":"Max HP","damage_taken":0,"max_hp_gain":0,"max_hp_loss":6,"event_name":"Winding Halls","floor":46,"gold_loss":0}],"is_beta":false,"boss_relics":[{"not_picked":["Coffee Dripper","Black Star"],"picked":"Velvet Choker"},{"not_picked":["Runic Dome","FrozenCore"],"picked":"Busted Crown"}],"items_purged_floors":[11,25,54],"is_endless":false,"potions_floor_spawned":[3,4,21,22,27,28,30,33,35,37,38,39,41,42,45,47,55],"killed_by":"The Heart","ascension_level":20}}