{"host":"7fyy23rucerupe6i","time":1611060770,"event":{"mods":["AchievementEnabler","Act Like it!","BaseMod","BetterRewards","Colored Map","Colored Powertips","Conspire","Custom Start","Downfall","Marisa£®ÏF”Í°°ƒß¿Ì…≥£©","Minty Spire (QoL Compilation)","Quick Restart","Shop Mod","Spicy Shops","StSLib","SuperFastMode","The Factory","The Jungle","UnlockEverythingMod"],"gold_per_floor":[99,113,113,23,34,34,34,69,85,85,85,119,119,119,134,134,134],"floor_reached":16,"language":"ZHS","playtime":548,"items_purged":["bronze:Strike"],"score":108,"play_id":"5fbc56c2-c5bc-40fa-a02f-df93cd1094b5","local_time":"20210119205250","is_ascension_mode":false,"campfire_choices":[{"data":"bronze:Replicate","floor":1,"key":"SMITH"},{"data":"bronze:Terminator","floor":10,"key":"SMITH"}],"circlet_count":0,"master_deck":["bronze:Strike","bronze:Strike","bronze:Strike","bronze:Defend","bronze:Defend","bronze:Defend","bronze:Replicate+1","bronze:Goto","bronze:Iterate","bronze:CloningBeam+1","bronze:ChosenStrike","bronze:Terminator+1","bronze:Flail","bronze:ItsAFeature","bronze:GetLatest"],"relics":["bronze:ElectromagneticCoil","conspire:Flyswatter","conspire:Dentures","conspire:GlowingRock","downfall:BrokenWingStatue"],"acts_visited":["Exordium"],"potions_floor_usage":[4,8],"damage_taken":[{"damage":1,"enemies":"2 Louse","floor":2,"turns":3},{"damage":5,"enemies":"downfall:FleeingMerchant","floor":4,"turns":4},{"damage":6,"enemies":"Cultist","floor":5,"turns":3},{"damage":16,"enemies":"Gremlin Nob","floor":8,"turns":3},{"damage":3,"enemies":"Jaw Worm","floor":9,"turns":3},{"damage":22,"enemies":"3 Sentries","floor":12,"turns":4},{"damage":0,"enemies":"Large Slime","floor":15,"turns":4},{"damage":8,"enemies":"SI_SHIV_ARCHETYPE","floor":16,"turns":3}],"seed_played":"3534166458620744837","potions_obtained":[{"floor":3,"key":"SteroidPotion"},{"floor":3,"key":"Energy Potion"},{"floor":3,"key":"Fire Potion"},{"floor":5,"key":"SmokeBomb"},{"floor":9,"key":"LiquidMemories"}],"is_trial":false,"path_per_floor":["R","M","?","$","M","?","T","E","M","R","?","E","?","?","M","B"],"character_chosen":"THE_AUTOMATON","items_purchased":[],"campfire_rested":0,"item_purchase_floors":[],"current_hp_per_floor":[70,69,69,64,58,58,58,42,39,39,39,17,17,17,17,9,9],"gold":134,"neow_bonus":"BOSS_RELIC","is_daily":false,"chose_seed":false,"campfire_upgraded":2,"win_rate":0.0,"timestamp":1611060770,"path_taken":["R","M","?","?","?","?","T","E","M","R","?","E","?","?","M","BOSS"],"items_purchased_type":[],"build_version":"2020-12-22","purchased_purges":1,"victory":false,"max_hp_per_floor":[70,70,70,70,70,70,70,70,70,70,70,70,70,70,70,70,70],"card_choices":[{"not_picked":["bronze:BuggyMess","bronze:CutThrough"],"picked":"bronze:Iterate","floor":2},{"not_picked":["bronze:Deprecate","bronze:BugBarrage"],"picked":"bronze:CloningBeam","floor":4},{"not_picked":["bronze:Frontload","bronze:DelayedSlice"],"picked":"bronze:ChosenStrike","floor":5},{"not_picked":["bronze:ItsAFeature","bronze:ClassDefault"],"picked":"bronze:Flail","floor":8},{"not_picked":["bronze:BitShift","bronze:WildBeam","bronze:Iterate"],"picked":"SKIP","floor":9},{"not_picked":["bronze:Return","bronze:OilSpill"],"picked":"bronze:ItsAFeature","floor":12},{"not_picked":["bronze:Turbo","bronze:Shield"],"picked":"bronze:GetLatest","floor":15}],"player_experience":370286,"relics_obtained":[{"floor":7,"key":"conspire:Flyswatter"},{"floor":8,"key":"conspire:Dentures"},{"floor":12,"key":"conspire:GlowingRock"}],"event_choices":[{"damage_healed":0,"gold_gain":0,"player_choice":"Got Potions","damage_taken":0,"max_hp_gain":0,"max_hp_loss":0,"event_name":"Lab","floor":3,"gold_loss":0},{"damage_healed":0,"gold_gain":0,"player_choice":"Leave","damage_taken":0,"max_hp_gain":0,"max_hp_loss":0,"event_name":"conspire:Investor","floor":11,"gold_loss":0}],"is_beta":false,"boss_relics":[],"items_purged_floors":[4],"is_endless":false,"potions_floor_spawned":[5,9,15],"killed_by":"SI_SHIV_ARCHETYPE","ascension_level":0}}