{"host":"ydg0vn0pu4pubmdt","time":1611100126,"event":{"mods":["AchievementEnabler","BaseMod","Colored Map","Gold Saver","Minty Spire (QoL Compilation)","Quick Restart","SuperFastMode"],"gold_per_floor":[119,132,147,147,147,147,157,157,157,167,167,182,182,107,107,183,183,199,14,14,33,51,51,0,12,12,32,32,32],"floor_reached":28,"language":"KOR","playtime":587,"items_purged":["Strike_G","Strike_G"],"score":413,"play_id":"84ca147e-2231-4930-98d3-111a6806412d","local_time":"20210120084846","is_ascension_mode":true,"campfire_choices":[{"data":"Dagger Spray","floor":6.0,"key":"SMITH"},{"data":"Neutralize","floor":8.0,"key":"SMITH"},{"data":"Bouncing Flask","floor":15.0,"key":"SMITH"},{"floor":23,"key":"REST"}],"circlet_count":0,"master_deck":["AscendersBane","Strike_G","Strike_G","Defend_G","Defend_G","Defend_G","Defend_G","Survivor","Neutralize+1","Dagger Spray+1","Crippling Poison","Blur","Bouncing Flask+1","Glass Knife","Well Laid Plans","PiercingWail","Blade Dance+1"],"relics":["Ring of the Snake","NeowsBlessing","Darkstone Periapt","Mercury Hourglass","Black Star","Toxic Egg 2","Orichalcum"],"acts_visited":["Exordium","TheCity"],"potions_floor_usage":[21,22,25],"damage_taken":[{"damage":0.0,"enemies":"2 Louse","floor":1.0,"turns":1.0},{"damage":0.0,"enemies":"Small Slimes","floor":2.0,"turns":1.0},{"damage":0.0,"enemies":"Cultist","floor":3.0,"turns":1.0},{"damage":26.0,"enemies":"Exordium Thugs","floor":7.0,"turns":6.0},{"damage":8.0,"enemies":"Large Slime","floor":10.0,"turns":7.0},{"damage":5.0,"enemies":"Looter","floor":12.0,"turns":4.0},{"damage":12.0,"enemies":"Hexaghost","floor":16.0,"turns":8.0},{"damage":13.0,"enemies":"Spheric Guardian","floor":18.0,"turns":5.0},{"damage":0,"enemies":"3 Byrds","floor":21,"turns":2},{"damage":25,"enemies":"Snake Plant","floor":22,"turns":4},{"damage":0,"enemies":"Snecko","floor":25,"turns":3},{"damage":34,"enemies":"Shelled Parasite and Fungi","floor":27,"turns":7},{"damage":9,"enemies":"Snake Plant","floor":28,"turns":1}],"seed_played":"4846417107700669056","potions_obtained":[{"floor":2.0,"key":"GamblersBrew"},{"floor":10.0,"key":"Fruit Juice"},{"floor":16.0,"key":"LiquidBronze"},{"floor":18.0,"key":"SpeedPotion"},{"floor":22,"key":"LiquidMemories"},{"floor":27,"key":"Fire Potion"}],"is_trial":false,"path_per_floor":["M","M","M","?","?","R","M","R","T","M","T","M","?","$","R","B",null,"M","$","?","M","M","R","?","M","T","M","M"],"character_chosen":"THE_SILENT","items_purchased":["Well Laid Plans"],"campfire_rested":1,"item_purchase_floors":[19],"current_hp_per_floor":[59,59,59,59,59,59,33,33,33,30,30,25,25,25,25,13,57,44,44,44,44,19,40,40,40,40,6,0,0],"gold":32,"neow_bonus":"THREE_ENEMY_KILL","is_daily":false,"chose_seed":false,"campfire_upgraded":3,"win_rate":0.0,"timestamp":1611100126,"path_taken":["M","M","M","?","?","R","?","R","T","M","?","M","?","$","R","BOSS","M","$","?","M","M","R","?","M","T","M","?"],"items_purchased_type":["Card"],"build_version":"2020-12-22","purchased_purges":2,"victory":false,"max_hp_per_floor":[66,66,66,66,66,66,66,66,66,71,71,71,71,71,71,71,71,71,71,71,71,71,71,71,71,71,71,71,71],"card_choices":[{"not_picked":["Deadly Poison","Underhanded Strike","Dodge and Roll"],"picked":"SKIP","floor":1.0},{"not_picked":["Setup","Acrobatics"],"picked":"Dagger Spray","floor":2.0},{"not_picked":["Accuracy","Flying Knee"],"picked":"Crippling Poison","floor":3.0},{"not_picked":["Acrobatics","PiercingWail"],"picked":"Blur","floor":7.0},{"not_picked":["Tactician","Flechettes","Underhanded Strike"],"picked":"SKIP","floor":10.0},{"not_picked":["Wraith Form v2","Cloak And Dagger"],"picked":"Bouncing Flask","floor":12.0},{"not_picked":["Wraith Form v2","A Thousand Cuts"],"picked":"Glass Knife","floor":16.0},{"not_picked":["Dagger Spray","Deadly Poison","Slice"],"picked":"SKIP","floor":18.0},{"not_picked":["Endless Agony","Dagger Spray","Calculated Gamble"],"picked":"SKIP","floor":21},{"not_picked":["Leg Sweep","Quick Slash"],"picked":"PiercingWail","floor":22},{"not_picked":["Dagger Throw","Bane"],"picked":"Blade Dance+1","floor":25},{"not_picked":["Tactician+1","Well Laid Plans","Bane"],"picked":"SKIP","floor":27},{"not_picked":["Tactician+1","Well Laid Plans","Bane"],"picked":"SKIP","floor":27}],"player_experience":505278,"relics_obtained":[{"floor":9.0,"key":"Darkstone Periapt"},{"floor":11.0,"key":"Mercury Hourglass"},{"floor":26,"key":"Orichalcum"}],"event_choices":[{"cards_removed":["Strike_G"],"damage_healed":0.0,"max_hp_gain":0.0,"max_hp_loss":0.0,"gold_gain":0.0,"event_name":"Living Wall","player_choice":"Forget","floor":4.0,"gold_loss":0.0,"damage_taken":0.0},{"cards_removed":["Defend_G"],"damage_healed":0.0,"max_hp_gain":0.0,"max_hp_loss":0.0,"gold_gain":0.0,"event_name":"Bonfire Elementals","player_choice":"Offered Basic","floor":5.0,"gold_loss":0.0,"damage_taken":0.0},{"damage_healed":0.0,"max_hp_gain":0.0,"max_hp_loss":0.0,"gold_gain":0.0,"event_name":"Dead Adventurer","player_choice":"Searched \u00270\u0027 times","floor":13.0,"gold_loss":0.0,"damage_taken":0.0},{"damage_healed":0.0,"max_hp_gain":0.0,"max_hp_loss":0.0,"gold_gain":0.0,"event_name":"Cursed Tome","player_choice":"Ignored","floor":20.0,"gold_loss":0.0,"damage_taken":0.0},{"damage_healed":0,"gold_gain":0,"player_choice":"Paid Gold","damage_taken":0,"relics_obtained":["Toxic Egg 2"],"max_hp_gain":0,"max_hp_loss":0,"event_name":"WeMeetAgain","floor":24,"gold_loss":51}],"is_beta":false,"boss_relics":[{"not_picked":["SacredBark","Busted Crown"],"picked":"Black Star"}],"items_purged_floors":[14,19],"is_endless":false,"potions_floor_spawned":[2,10,16,18,22,27],"killed_by":"Snake Plant","ascension_level":19}}