{"host":"qc8gw3x1c8jlo9fx","time":1611038460,"event":{"mods":["AchievementEnabler","BaseMod","Better Note","BetterRewards","Conspire","Hubris","Infinite Spire","Jedi Mod","Jorbs\u0027s Wanderer Trilogy","Minty Spire (QoL Compilation)","Replay The Spire","StSLib","The IronCluck"],"gold_per_floor":[116,71,71,86,104,130,130,160,183,195,207,227,227,238,238,335,385,402,416,416,494,507,507,526,526,526],"floor_reached":25,"language":"ENG","playtime":1146,"items_purged":[],"score":317,"play_id":"483c4e23-074f-4384-bd59-e73a464012ec","local_time":"20210118234100","is_ascension_mode":false,"campfire_choices":[{"floor":7,"key":"REST"},{"floor":13,"key":"REST"},{"floor":15,"key":"REST"},{"floor":23,"key":"REST"}],"circlet_count":0,"master_deck":["Strike_R","Strike_R","Strike_R","Strike_R+1","Strike_R","Defend_R","Defend_R","Defend_R","Defend_R","Bash","hubris:CleavingFinish","Flex","Sword Boomerang","Cleave","Shrug It Off","Clothesline","Twin Strike","Pommel Strike","Feed","Thunderclap","Limit Break","Shrug It Off","ReplayTheSpireMod:Strike From Hell","hubris:ReadiedAction+1","Twin Strike","Twin Strike"],"relics":["Burning Blood","Bronze Scales","Potion Belt","infinitespire:PuzzleCube","Unceasing Top","ReplayTheSpireMod:TigerMarble","Tiny House","Toxic Egg 2"],"acts_visited":["Exordium","TheCity"],"potions_floor_usage":[16,16,22,25],"damage_taken":[{"damage":6,"enemies":"Cultist","floor":1,"turns":3},{"damage":21,"enemies":"2 Louse","floor":4,"turns":2},{"damage":11,"enemies":"Jaw Worm","floor":5,"turns":2},{"damage":35,"enemies":"Lagavulin","floor":6,"turns":5},{"damage":24,"enemies":"Replay:BlueRogue","floor":8,"turns":3},{"damage":6,"enemies":"Exordium Thugs","floor":10,"turns":3},{"damage":9,"enemies":"Gremlin Gang","floor":11,"turns":2},{"damage":0,"enemies":"2 Fungi Beasts","floor":12,"turns":2},{"damage":19,"enemies":"conspire:2 RoseBushes","floor":14,"turns":2},{"damage":52,"enemies":"Hexaghost","floor":16,"turns":10},{"damage":20,"enemies":"3 Byrds","floor":18,"turns":3},{"damage":38,"enemies":"conspire:FuzzyDice","floor":19,"turns":4},{"damage":49,"enemies":"Cultist and Chosen","floor":22,"turns":6},{"damage":38,"enemies":"Centurion and Healer","floor":24,"turns":9},{"damage":30,"enemies":"Snake Plant","floor":25,"turns":2}],"seed_played":"-2068317946574124233","potions_obtained":[{"floor":1,"key":"Elixir"},{"floor":11,"key":"FairyPotion"},{"floor":12,"key":"Toxic Potion"},{"floor":14,"key":"jedi:StrikingPotion"},{"floor":17,"key":"jedi:wingpotion"},{"floor":19,"key":"Swift Potion"},{"floor":22,"key":"SpeedPotion"},{"floor":24,"key":"FearPotion"}],"is_trial":false,"path_per_floor":["M","$","T","M","M","E","R","E","T","M","M","M","R","M","R","B",null,"M","M","?","T","M","R","M","M"],"character_chosen":"IRONCLAD","items_purchased":["Flex"],"campfire_rested":4,"item_purchase_floors":[2],"current_hp_per_floor":[80,80,80,65,60,31,55,37,37,37,37,43,67,57,82,36,91,77,45,45,45,33,60,28,0,0],"gold":526,"neow_bonus":"","is_daily":false,"chose_seed":false,"campfire_upgraded":0,"win_rate":0.0,"timestamp":1611038460,"path_taken":["M","?","?","M","M","E","R","E","T","M","M","M","R","?","R","BOSS","M","?","?","?","?","R","M","M"],"items_purchased_type":["Card"],"build_version":"2020-12-22","purchased_purges":0,"victory":false,"max_hp_per_floor":[80,80,80,80,80,80,80,80,80,80,83,83,83,86,86,86,91,91,91,91,91,91,91,91,91,91],"card_choices":[{"not_picked":["conspire:Charge","Warcry"],"picked":"hubris:CleavingFinish","floor":1},{"not_picked":["Body Slam","Spot Weakness"],"picked":"Sword Boomerang","floor":4},{"not_picked":["Armaments","Body Slam"],"picked":"Cleave","floor":5},{"not_picked":["Headbutt","Sever Soul"],"picked":"Shrug It Off","floor":6},{"not_picked":["jedi:harder","Whirlwind"],"picked":"Clothesline","floor":8},{"not_picked":["Rampage","hubris:ReadiedAction"],"picked":"Twin Strike","floor":10},{"not_picked":["Thunderclap","Evolve"],"picked":"Pommel Strike","floor":11},{"not_picked":["Replay:Undeath\u0027s Touch","Heavy Blade"],"picked":"Feed","floor":12},{"not_picked":["Armaments","Disarm"],"picked":"Thunderclap","floor":14},{"not_picked":["Barricade","Feed"],"picked":"Limit Break","floor":16},{"not_picked":["Rampage","ReplayTheSpireMod:Muscle Training"],"picked":"Shrug It Off","floor":17},{"not_picked":["jedi:fear","Reckless Charge"],"picked":"ReplayTheSpireMod:Strike From Hell","floor":18},{"not_picked":["Havoc","Replay:Undeath\u0027s Touch"],"picked":"hubris:ReadiedAction+1","floor":19},{"not_picked":["Headbutt+1","Clash"],"picked":"Twin Strike","floor":22},{"not_picked":["ReplayTheSpireMod:Corrosion Curse+1","conspire:Charge+1"],"picked":"Twin Strike","floor":24}],"player_experience":221082,"relics_obtained":[{"floor":3,"key":"Potion Belt"},{"floor":6,"key":"infinitespire:PuzzleCube"},{"floor":8,"key":"Unceasing Top"},{"floor":9,"key":"ReplayTheSpireMod:TigerMarble"},{"floor":21,"key":"Toxic Egg 2"}],"event_choices":[{"damage_healed":0,"gold_gain":0,"player_choice":"Ignored","damage_taken":0,"max_hp_gain":0,"max_hp_loss":0,"event_name":"betterNote:BetterNote","floor":20,"gold_loss":0,"cards_obtained":["conspire:Blindness"]}],"is_beta":false,"boss_relics":[{"not_picked":["hubris:BlackHole","Coffee Dripper"],"picked":"Tiny House"}],"items_purged_floors":[],"is_endless":false,"potions_floor_spawned":[1,11,12,14,19,22,24],"killed_by":"Snake Plant","ascension_level":0}}