{"host":"wonp23fsqqcu31ie","time":1611061305,"event":{"mods":["2.2 Compatiblity","AchievementEnabler","Aspiration","BaseMod","Bestiary","Better Altar","Better Match","Better Sensory Stone","Better Skull","Better Third Choice","BetterRewards","Block Reminder","Colored Map","Colored Powertips","Conspire","Curses Come First","DeckTracker","Displayed Cursed Tome","Downfall","Energized Spire","Evolution","Hermit","Highlight Path","Hubris","Infinite Spire","Marisa????????","Minty Spire (QoL Compilation)","Permanent Neow","Prisma Mod","Quick Restart","Rare Cards Sparkle","Relic Stats","Robot Space Explorer","Shade Mod","Shop Mod","StSLib","SuperFastMode","The Animator","The Bug Knight","The Construct","The Cursed","The Disciple","The Dragon Tamer","The Gatherer","The Hierophant","The Marked","The Necromancer","The Poker Player","The Runesmith","The Saiyan","The Servant 0.9.4","TheBandit"],"gold_per_floor":[94,40,40,40,40,40,66,76,156,156,167,167,20,38,38,136,136,146,146,95,95,95,95,95,123,195,211,226,40,52,75,75,178,178,196,212,212,229,249,283,295,308,308,319,319,319,339,355,355,355,355],"floor_reached":50,"language":"ENG","playtime":1620,"items_purged":[],"score":734,"play_id":"f0868826-3fa5-4168-9062-97527c0e3c02","local_time":"20210120000145","is_ascension_mode":false,"campfire_choices":[{"data":"Saiyan:GhostAttack","floor":6,"key":"SMITH"},{"floor":12,"key":"REST"},{"floor":15,"key":"REST"},{"data":"Saiyan:AugmentedBlast","floor":23,"key":"SMITH"},{"floor":32,"key":"REST"},{"floor":45,"key":"REST"},{"floor":49,"key":"REST"}],"circlet_count":0,"master_deck":["Saiyan:DragonFist","Saiyan:DragonFist","Saiyan:DragonFist","Saiyan:SAIYA_Strike+1","Saiyan:SAIYA_Defend+1","Saiyan:SAIYA_Defend+1","Saiyan:SAIYA_Defend+1","Saiyan:EnergyBlast","Saiyan:KaioKen+1","Saiyan:RuthlessBlow","Saiyan:Makankosappo","Saiyan:FingerParry","Saiyan:GhostAttack+1","Saiyan:SpiritSword","Saiyan:TurtleShell","Saiyan:BurningSoul","Saiyan:AugmentedBlast+1","Apotheosis+1","Saiyan:SuperSaiyanForm","Saiyan:TurtleShell","Saiyan:TheBomb","Saiyan:Scouter","Saiyan:BigBangAttack","Saiyan:KameHameHa","Saiyan:CCCapsule","Saiyan:KiExplosion","Saiyan:Flurry+1","Saiyan:MonkeyTail","Saiyan:BigBangAttack+1","Saiyan:Quickening","infinitespire:SevenWalls","Saiyan:FinalFlash+1","Saiyan:WarmUp+1","Saiyan:PowerUp+1","Saiyan:PlotArmor+1","Saiyan:BigBangAttack","hubris:Despair","animator:Curse_Nutcracker","animator:Curse_Nutcracker","hubris:Wrath","animator:Curse_Greed","Saiyan:TheBomb","Saiyan:Medicine","Saiyan:SuperSaiyanThree"],"relics":["SaiyanSoul","SaiyanHeart","EVO:Axolotl","infinitespire:CursedDice","Gremlin Horn","Odd Mushroom","aspiration:SecretTechniqueScroll","hubris:BottledRain","hubris:DeckOfHolding","Meat on the Bone","Boot","Dream Catcher","conspire:RoyalGoblet","Guardian:BottledAnomaly","Juzu Bracelet","Potion Belt","Cursed Key"],"acts_visited":["Exordium","TheCity","TheBeyond"],"potions_floor_usage":[16,16,25,30,33,33,38,38,41,50,50,50],"damage_taken":[{"damage":0,"enemies":"2 Louse","floor":1,"turns":2},{"damage":23,"enemies":"The Mushroom Lair","floor":7,"turns":4},{"damage":13,"enemies":"Jaw Worm","floor":8,"turns":2},{"damage":0,"enemies":"Small Slimes","floor":11,"turns":2},{"damage":0,"enemies":"Exordium Wildlife","floor":14,"turns":3},{"damage":22,"enemies":"Slime Boss","floor":16,"turns":4},{"damage":10,"enemies":"Shell Parasite","floor":18,"turns":3},{"damage":34,"enemies":"Slavers","floor":25,"turns":5},{"damage":0,"enemies":"3 Byrds","floor":27,"turns":4},{"damage":5,"enemies":"Snake Plant","floor":28,"turns":4},{"damage":36,"enemies":"3 Cultists","floor":30,"turns":6},{"damage":72,"enemies":"Collector","floor":33,"turns":8},{"damage":13,"enemies":"3 Shapes","floor":35,"turns":3},{"damage":5,"enemies":"Orb Walker","floor":36,"turns":5},{"damage":57,"enemies":"Transient","floor":38,"turns":5},{"damage":0,"enemies":"3 Darklings","floor":39,"turns":4},{"damage":21,"enemies":"Giant Head","floor":40,"turns":9},{"damage":60,"enemies":"Spire Growth","floor":41,"turns":6},{"damage":33,"enemies":"Jaw Worm Horde","floor":42,"turns":5},{"damage":16,"enemies":"Sphere and 2 Shapes","floor":44,"turns":6},{"damage":7,"enemies":"Spire Growth","floor":47,"turns":5},{"damage":44,"enemies":"Transient","floor":48,"turns":5},{"damage":83,"enemies":"conspire:OrnateMirror","floor":50,"turns":8}],"seed_played":"7113314888125074731","potions_obtained":[{"floor":7,"key":"FairyPotion"},{"floor":11,"key":"hexamod:SoulburnPotion"},{"floor":16,"key":"Ancient Potion"},{"floor":18,"key":"SteroidPotion"},{"floor":28,"key":"sneckomod:MuddlingPotion"},{"floor":30,"key":"champ:CounterPotion"},{"floor":33,"key":"PowerPotion"},{"floor":35,"key":"PowerPotion"},{"floor":38,"key":"conspire:TimeTravelPotion"},{"floor":41,"key":"Dexterity Potion"},{"floor":44,"key":"Dexterity Potion"},{"floor":48,"key":"Strength Potion"}],"is_trial":false,"path_per_floor":["M","$","?","?","T","R","?","M","T","?","M","R","$","M","R","B",null,"M","?","$","$","?","R","T","E","T","M","M","$","M","T","R","B",null,"M","M","AVR","M","M","E","M","M","T","M","R","?","M","M","R","B"],"character_chosen":"SAIYAJIN","items_purchased":["Saiyan:Makankosappo","Saiyan:TurtleShell","Saiyan:SuperSaiyanForm","Regen Potion","Saiyan:BigBangAttack","Boot","Saiyan:CCCapsule"],"campfire_rested":5,"item_purchase_floors":[0,2,13,13,20,29,29],"current_hp_per_floor":[47,47,47,47,47,47,25,13,13,13,14,33,33,36,56,49,70,61,68,68,68,68,68,68,35,35,49,49,49,28,28,52,36,82,70,66,66,23,36,30,44,24,24,21,48,48,54,26,54,0,0],"gold":355,"neow_bonus":"","is_daily":false,"chose_seed":false,"campfire_upgraded":2,"win_rate":0.0,"timestamp":1611061305,"path_taken":["M","$","?","?","?","R","?","?","T","?","M","R","$","M","R","BOSS","M","?","?","$","?","R","?","E","T","?","?","?","M","?","R","BOSS","M","M","AVR","M","M","E","M","M","T","M","R","?","M","M","R","BOSS"],"items_purchased_type":["Card","Card","Card","Potion","Card","Relic","Card"],"build_version":"2020-12-22","purchased_purges":0,"victory":false,"max_hp_per_floor":[61,61,61,61,61,61,62,63,63,63,64,64,64,67,67,70,70,71,71,71,71,71,71,71,72,72,74,79,79,82,82,82,82,82,83,84,84,86,87,90,91,92,92,93,93,93,94,95,95,95,95],"relic_stats":{"Dream Catcher":3,"Gremlin Horn":[24,24],"counters":[42,203],"Juzu Bracelet":0,"Boot":[57],"Cursed Key":1,"obtain_stats":[{"Gremlin Horn":5,"conspire:RoyalGoblet":34,"Juzu Bracelet":40,"EVO:Axolotl":0,"Sling":8,"Cursed Key":37,"Boot":29,"Dream Catcher":31,"Strawberry":5,"MealTicket":13,"Philosopher\u0027s Stone":34,"hubris:DeckOfHolding":25,"Guardian:BottledAnomaly":37,"Potion Belt":43,"MerchantsRug":39,"construct:RocketBooster":38,"NeowsBlessing":0,"infinitespire:CursedDice":0,"Pen Nib":10,"The Courier":37,"SaiyanHeart":0,"Letter Opener":27,"aspiration:SecretTechniqueScroll":17,"hubris:Towel":4,"Odd Mushroom":7,"Shuriken":26,"SaiyanSoul":0,"hexamod:BolsterEngine":7,"TungstenRod":9,"hubris:BottledRain":24,"Meat on the Bone":26},{"Gremlin Horn":20,"conspire:RoyalGoblet":31,"Juzu Bracelet":36,"EVO:Axolotl":0,"Sling":2,"Cursed Key":16,"Boot":29,"Dream Catcher":30,"Strawberry":2,"MealTicket":6,"Philosopher\u0027s Stone":14,"hubris:DeckOfHolding":27,"Guardian:BottledAnomaly":33,"Potion Belt":38,"MerchantsRug":17,"construct:RocketBooster":17,"NeowsBlessing":0,"infinitespire:CursedDice":19,"Pen Nib":3,"The Courier":16,"SaiyanHeart":0,"Letter Opener":11,"aspiration:SecretTechniqueScroll":25,"hubris:Towel":2,"Odd Mushroom":21,"Shuriken":11,"SaiyanSoul":0,"hexamod:BolsterEngine":2,"TungstenRod":2,"hubris:BottledRain":26,"Meat on the Bone":27},{"Gremlin Horn":97,"conspire:RoyalGoblet":142,"Juzu Bracelet":168,"EVO:Axolotl":0,"Sling":2,"Cursed Key":75,"Boot":128,"Dream Catcher":134,"Strawberry":2,"MealTicket":14,"Philosopher\u0027s Stone":66,"hubris:DeckOfHolding":120,"Guardian:BottledAnomaly":150,"Potion Belt":179,"MerchantsRug":82,"construct:RocketBooster":82,"NeowsBlessing":0,"infinitespire:CursedDice":95,"Pen Nib":3,"The Courier":75,"SaiyanHeart":0,"Letter Opener":42,"aspiration:SecretTechniqueScroll":112,"hubris:Towel":2,"Odd Mushroom":101,"Shuriken":42,"SaiyanSoul":0,"hexamod:BolsterEngine":2,"TungstenRod":2,"hubris:BottledRain":115,"Meat on the Bone":120}],"Meat on the Bone":132},"card_choices":[{"not_picked":["Saiyan:FingerParry","Saiyan:Honing"],"picked":"Saiyan:SpiritSword","floor":1},{"not_picked":["Saiyan:Overexert","Saiyan:Medicine"],"picked":"Saiyan:BurningSoul","floor":7},{"not_picked":["Saiyan:KameHameHa","Saiyan:UltraInstinct"],"picked":"Saiyan:AugmentedBlast","floor":8},{"not_picked":["Saiyan:DragonRadar","Saiyan:Afterimage","Saiyan:RemoveWeights"],"picked":"SKIP","floor":11},{"not_picked":["Saiyan:DoubleMasenko","Saiyan:Expend"],"picked":"Saiyan:TurtleShell","floor":14},{"not_picked":["Saiyan:MonkeyTail","Saiyan:Rekindle"],"picked":"Saiyan:TheBomb","floor":16},{"not_picked":["Saiyan:Planning","Saiyan:Honing"],"picked":"Saiyan:Scouter","floor":18},{"not_picked":["Saiyan:PowerUp","Saiyan:ExtremeSpeed","Saiyan:Scouter+1"],"picked":"SKIP","floor":25},{"not_picked":["Saiyan:ExpandingShockwave","Saiyan:DoubleMasenko+1","Saiyan:MajinSeal"],"picked":"SKIP","floor":27},{"not_picked":["Saiyan:SpiritSword","Saiyan:Scouter"],"picked":"Saiyan:KameHameHa","floor":28},{"not_picked":["Saiyan:BackAttack","Saiyan:FingerParry"],"picked":"Saiyan:KiExplosion","floor":30},{"not_picked":["Saiyan:Scouter","Saiyan:CCCapsule"],"picked":"Saiyan:Flurry+1","floor":32},{"not_picked":["Saiyan:MajinSeal","Saiyan:TheBomb"],"picked":"Saiyan:MonkeyTail","floor":33},{"not_picked":["Saiyan:TurtleShell","Saiyan:DragonFist"],"picked":"Saiyan:BigBangAttack+1","floor":35},{"not_picked":["Saiyan:Planning","Saiyan:SaiyanHubris+1"],"picked":"Saiyan:Quickening","floor":36},{"not_picked":["Saiyan:KiStrike+1","Saiyan:BackAttack"],"picked":"Saiyan:FinalFlash+1","floor":38},{"not_picked":["Saiyan:FingerParry","Saiyan:Quickening"],"picked":"Saiyan:WarmUp+1","floor":39},{"not_picked":["Saiyan:ExpandingShockwave+1","Saiyan:BackAttack","Saiyan:SenzuBean"],"picked":"SKIP","floor":40},{"not_picked":["Saiyan:Kienzan","Saiyan:KameHameHa"],"picked":"Saiyan:PowerUp+1","floor":41},{"not_picked":["Saiyan:Quickening+1","Saiyan:RemoveWeights"],"picked":"Saiyan:PlotArmor+1","floor":42},{"not_picked":["Saiyan:BackAttack+1","Saiyan:UltraInstinct"],"picked":"Saiyan:BigBangAttack","floor":44},{"not_picked":["Saiyan:TransfigurationBeam","Saiyan:Expend+1"],"picked":"Saiyan:Medicine","floor":47},{"not_picked":["Saiyan:Fly+1","Saiyan:BigBangAttack","Saiyan:CCCapsule+1"],"picked":"SKIP","floor":48},{"not_picked":["Saiyan:PlotArmor+1","Saiyan:TurtleShell"],"picked":"Saiyan:SuperSaiyanThree","floor":49}],"player_experience":556609,"relics_obtained":[{"floor":5,"key":"Gremlin Horn"},{"floor":7,"key":"Odd Mushroom"},{"floor":24,"key":"hubris:BottledRain"},{"floor":25,"key":"hubris:DeckOfHolding"},{"floor":26,"key":"Meat on the Bone"},{"floor":31,"key":"Dream Catcher"},{"floor":40,"key":"Juzu Bracelet"},{"floor":43,"key":"Potion Belt"}],"event_choices":[{"damage_healed":0,"gold_gain":0,"player_choice":"Disagree","damage_taken":0,"max_hp_gain":0,"max_hp_loss":0,"event_name":"conspire:LoneGhost","floor":3,"gold_loss":0},{"damage_healed":0,"gold_gain":0,"player_choice":"Fought Mushrooms","damage_taken":0,"max_hp_gain":0,"max_hp_loss":0,"event_name":"Mushrooms","floor":7,"gold_loss":0},{"damage_healed":13,"gold_gain":0,"player_choice":"Embrace","damage_taken":0,"max_hp_gain":0,"max_hp_loss":63,"event_name":"betterThird:BetterShining","floor":10,"gold_loss":0},{"damage_healed":0,"gold_gain":0,"player_choice":"Simplicity","damage_taken":0,"max_hp_gain":0,"max_hp_loss":4,"event_name":"betterThird:BetterWriting","floor":22,"gold_loss":0}],"is_beta":false,"boss_relics":[{"not_picked":["Empty Cage","energizedSpire:CursedPentagram"],"picked":"aspiration:SecretTechniqueScroll"},{"not_picked":["aspiration:RunicSpoon","Pandora\u0027s Box"],"picked":"conspire:RoyalGoblet"}],"items_purged_floors":[],"is_endless":false,"potions_floor_spawned":[7,11,14,16,18,28,30,33,35,38,41,44,48],"killed_by":"conspire:OrnateMirror","ascension_level":0}}