{"host":"kerxro2ytzukjey9","time":1611039340,"event":{"mods":["BaseMod","Colored Map","Downfall","Minty Spire (QoL Compilation)","Permanent Neow","StSLib"],"gold_per_floor":[99,119,119,137,155,166,219,244,259,259,259,23,23,48,64,160,160,60,75,93,113,113,13,13,13,39,39,54,71,81,66,82,82,82],"floor_reached":33,"language":"ENG","playtime":2675,"items_purged":[],"score":281,"play_id":"dfa2a510-c38b-4061-ba8b-5abbbb709386","local_time":"20210119015540","is_ascension_mode":false,"campfire_choices":[{"data":"bronze:Goto","floor":1,"key":"SMITH"},{"data":"bronze:FineTuning","floor":11,"key":"SMITH"},{"floor":13,"key":"RECALL"},{"data":"bronze:FineTuning","floor":18,"key":"SMITH"},{"floor":23,"key":"REST"},{"data":"bronze:RecursiveStrike","floor":25,"key":"SMITH"},{"data":"bronze:Turbo","floor":27,"key":"SMITH"}],"circlet_count":0,"master_deck":["bronze:Strike","bronze:Strike","bronze:Strike","bronze:Strike","bronze:Defend","bronze:Defend","bronze:Defend","bronze:Defend","bronze:Replicate","bronze:Goto+1","bronze:Turbo+1","Pain","bronze:Shield","bronze:Iterate","bronze:Iterate","bronze:FineTuning+1","bronze:FineTuning+1","bronze:RecursiveStrike+1","bronze:Repulsor","bronze:Verify","bronze:ChosenStrike","bronze:HardenedForm","CurseOfTheBell","bronze:FineTuning+1","bronze:Iterate","bronze:Deprecate+1","bronze:Virus","bronze:MaxOutput","bronze:MaxOutput+1","bronze:Repair"],"relics":["bronze:BronzeCore","Blood Vial","WarpedTongs","Nunchaku","sneckomod:BlankCard","downfall:ShatteredFragment","Lee\u0027s Waffle","Bag of Marbles","Calling Bell","hexamod:BolsterEngine","Question Card","Calipers","downfall:HeartBlessingRed","downfall:HeartBlessingGreen","Regal Pillow","Blue Candle"],"acts_visited":["Exordium","TheCity"],"potions_floor_usage":[14,19,20,29],"damage_taken":[{"damage":0,"enemies":"Small Slimes","floor":2,"turns":3},{"damage":2,"enemies":"Cultist","floor":4,"turns":4},{"damage":2,"enemies":"Jaw Worm","floor":5,"turns":4},{"damage":12,"enemies":"Gremlin Gang","floor":6,"turns":6},{"damage":24,"enemies":"Gremlin Nob","floor":8,"turns":5},{"damage":2,"enemies":"3 Louse","floor":9,"turns":3},{"damage":2,"enemies":"downfall:FleeingMerchant","floor":12,"turns":4},{"damage":11,"enemies":"3 Sentries","floor":14,"turns":5},{"damage":1,"enemies":"Blue Slaver","floor":15,"turns":2},{"damage":16,"enemies":"SI_SHIV_ARCHETYPE","floor":16,"turns":5},{"damage":16,"enemies":"3 Byrds","floor":19,"turns":4},{"damage":22,"enemies":"Chosen","floor":20,"turns":5},{"damage":39,"enemies":"Shelled Parasite and Fungi","floor":21,"turns":6},{"damage":24,"enemies":"Gremlin Leader","floor":26,"turns":5},{"damage":9,"enemies":"Cultist and Chosen","floor":28,"turns":5},{"damage":10,"enemies":"Snecko","floor":29,"turns":4},{"damage":5,"enemies":"Snake Plant","floor":30,"turns":4},{"damage":4,"enemies":"downfall:FleeingMerchant","floor":31,"turns":4},{"damage":1,"enemies":"Cultist and Chosen","floor":32,"turns":4},{"damage":20,"enemies":"IC_MUSHROOM_ARCHETYPE","floor":33,"turns":1}],"seed_played":"-1759771345513831194","potions_obtained":[{"floor":4,"key":"Ancient Potion"},{"floor":5,"key":"DistilledChaos"},{"floor":9,"key":"Swift Potion"},{"floor":15,"key":"EssenceOfSteel"},{"floor":19,"key":"FearPotion"},{"floor":28,"key":"SneckoOil"},{"floor":30,"key":"LiquidBronze"},{"floor":32,"key":"Strength Potion"}],"is_trial":false,"path_per_floor":["R","M","?","M","M","M","T","E","M","?","R","$","R","E","M","B",null,"R","M","M","M","?","R","T","R","E","R","M","M","M","$","M","B"],"character_chosen":"THE_AUTOMATON","items_purchased":["Lee\u0027s Waffle","bronze:Repulsor"],"campfire_rested":1,"item_purchase_floors":[12,12],"current_hp_per_floor":[70,70,70,68,68,58,58,36,36,15,15,77,77,66,67,53,77,77,61,41,4,29,52,52,52,30,30,23,15,12,10,11,0,0],"gold":82,"neow_bonus":"RANDOM_COMMON_RELIC","is_daily":false,"chose_seed":false,"campfire_upgraded":5,"win_rate":0.0,"timestamp":1611039340,"path_taken":["R","M","?","?","?","M","T","E","M","?","R","?","R","E","M","BOSS","R","M","?","M","?","R","T","R","E","R","M","M","M","$","M","BOSS"],"items_purchased_type":["Relic","Card"],"build_version":"2020-12-22","purchased_purges":0,"victory":false,"max_hp_per_floor":[70,70,70,70,70,70,70,70,70,70,70,77,77,77,77,77,77,77,77,77,77,77,77,77,77,77,77,77,77,77,77,77,77,77],"card_choices":[{"not_picked":["bronze:DelayedGuard","bronze:FineTuning"],"picked":"bronze:Turbo","floor":2},{"not_picked":["bronze:GetLatest","bronze:OilSpill"],"picked":"bronze:Shield","floor":4},{"not_picked":["bronze:Frontload","bronze:Shield"],"picked":"bronze:Iterate","floor":5},{"not_picked":["bronze:WildBeam","bronze:ClassDefault"],"picked":"bronze:Iterate","floor":6},{"not_picked":["bronze:Shield","bronze:ForceShield"],"picked":"bronze:FineTuning","floor":8},{"not_picked":["bronze:BitShift","bronze:WildBeam"],"picked":"bronze:FineTuning","floor":9},{"not_picked":["bronze:Shell","bronze:ChildClass"],"picked":"bronze:RecursiveStrike","floor":12},{"not_picked":["bronze:BitShift","bronze:BuggyMess"],"picked":"bronze:Verify","floor":14},{"not_picked":["bronze:BitShift","bronze:ForceShield"],"picked":"bronze:ChosenStrike","floor":15},{"not_picked":["bronze:ThunderWave","bronze:HyperBeam"],"picked":"bronze:HardenedForm","floor":16},{"not_picked":["bronze:Overheat","bronze:Shell","bronze:Invalidate","bronze:Shield"],"picked":"SKIP","floor":19},{"not_picked":["bronze:Iterate","bronze:Repair","bronze:FollowUp"],"picked":"bronze:FineTuning+1","floor":20},{"not_picked":["bronze:ChildClass","bronze:Overload+1","bronze:GetLatest"],"picked":"bronze:Iterate","floor":21},{"not_picked":["bronze:BugBarrage+1","bronze:FollowUp+1","bronze:Invalidate","bronze:Frontload"],"picked":"SKIP","floor":26},{"not_picked":["bronze:OilSpill","bronze:ChosenStrike","bronze:BuggyMess"],"picked":"bronze:Deprecate+1","floor":28},{"not_picked":["bronze:Frontload","bronze:DarkDash","bronze:OilSpill"],"picked":"bronze:Virus","floor":29},{"not_picked":["bronze:Philosophize","bronze:WhirlingStrike","bronze:Shell"],"picked":"bronze:MaxOutput","floor":30},{"not_picked":["bronze:OilSpill+1","bronze:Overheat","bronze:HardenedForm"],"picked":"bronze:MaxOutput+1","floor":31},{"not_picked":["bronze:BronzeOrb+1","bronze:BugBarrage","bronze:Iterate+1"],"picked":"bronze:Repair","floor":32}],"player_experience":760541,"relics_obtained":[{"floor":7,"key":"Nunchaku"},{"floor":8,"key":"sneckomod:BlankCard"},{"floor":14,"key":"Bag of Marbles"},{"floor":17,"key":"hexamod:BolsterEngine"},{"floor":17,"key":"Question Card"},{"floor":17,"key":"Calipers"},{"floor":24,"key":"Regal Pillow"},{"floor":26,"key":"Blue Candle"}],"event_choices":[{"damage_healed":25,"gold_gain":0,"player_choice":"Heal","damage_taken":0,"max_hp_gain":0,"max_hp_loss":0,"event_name":"The Library","floor":22,"gold_loss":0}],"is_beta":false,"boss_relics":[{"not_picked":["Black Star","Runic Dome"],"picked":"Calling Bell"}],"items_purged_floors":[],"is_endless":false,"potions_floor_spawned":[4,5,9,15,19,28,30,32],"killed_by":"IC_MUSHROOM_ARCHETYPE","ascension_level":0}}