{"host":"1tl36azeqm6yhdgj","time":1611082902,"event":{"mods":["AchievementEnabler","BaseMod","Minty Spire (QoL Compilation)","StSLib","The IronCluck","everything is the same but u backflip on backflip"],"gold_per_floor":[114,189,189,339,19,52,52,71,118,151,151,151,51,62,62,133,133,149,149,162,181,181,181,197,197,197],"floor_reached":25,"language":"ENG","playtime":692,"items_purged":["Regret","Doubt"],"score":456,"play_id":"fc8ccb81-b9a7-4b1b-9595-e1c4f27d10b5","local_time":"20210119140142","is_ascension_mode":true,"campfire_choices":[{"data":"Terror","floor":7.0,"key":"SMITH"},{"floor":11.0,"key":"REST"},{"floor":15.0,"key":"REST"},{"floor":23,"key":"REST"}],"circlet_count":0,"master_deck":["AscendersBane","Strike_R","Strike_R","Defend_R","Defend_R","Defend_R","Bash","Burning Pact","Fire Breathing","Terror+1","Coolheaded","Static Discharge","Sweeping Beam","DeusExMachina","Bludgeon+1","Inflame+1","True Grit+1","Barricade","Forethought+1","BowlingBash","Wallop"],"relics":["Burning Blood","NeowsBlessing","Anchor","PrismaticShard","Art of War","Ancient Tea Set","Kunai","Astrolabe","Bottled Flame"],"acts_visited":["Exordium","TheCity"],"potions_floor_usage":[21,24],"damage_taken":[{"damage":0.0,"enemies":"Small Slimes","floor":1.0,"turns":2.0},{"damage":0.0,"enemies":"Gremlin Nob","floor":6.0,"turns":1.0},{"damage":0.0,"enemies":"Jaw Worm","floor":8.0,"turns":1.0},{"damage":63.0,"enemies":"Lagavulin","floor":10.0,"turns":11.0},{"damage":7.0,"enemies":"2 Louse","floor":14.0,"turns":3.0},{"damage":28.0,"enemies":"Slime Boss","floor":16.0,"turns":7.0},{"damage":37.0,"enemies":"2 Thieves","floor":18.0,"turns":4.0},{"damage":17.0,"enemies":"Shell Parasite","floor":20.0,"turns":5.0},{"damage":10,"enemies":"Snecko","floor":21,"turns":5},{"damage":13,"enemies":"3 Cultists","floor":24,"turns":4},{"damage":34,"enemies":"Book of Stabbing","floor":25,"turns":4}],"seed_played":"-2587995809624338191","potions_obtained":[{"floor":1.0,"key":"Block Potion"},{"floor":14.0,"key":"BlessingOfTheForge"},{"floor":16.0,"key":"Ancient Potion"},{"floor":21,"key":"PowerPotion"}],"is_trial":false,"path_per_floor":["M","?","?","?","$","E","R","M","T","E","R","?","$","M","R","B",null,"M","?","M","M","T","R","M","E"],"character_chosen":"IRONCLAD","items_purchased":["PrismaticShard","Fire Breathing"],"campfire_rested":3,"item_purchase_floors":[5,5],"current_hp_per_floor":[74,63,63,63,63,69,69,75,75,18,40,29,29,28,50,28,63,32,32,21,17,17,39,32,0,0],"gold":197,"neow_bonus":"THREE_ENEMY_KILL","is_daily":false,"chose_seed":false,"campfire_upgraded":1,"win_rate":0.0,"timestamp":1611082902,"path_taken":["M","?","?","?","$","E","R","M","T","E","R","?","$","M","R","BOSS","M","?","M","?","?","R","M","E"],"items_purchased_type":["Relic","Card"],"build_version":"2020-12-22","purchased_purges":2,"victory":false,"max_hp_per_floor":[75,75,75,75,75,75,75,75,75,75,75,75,75,75,75,75,75,75,75,75,75,75,75,75,75,75],"card_choices":[{"not_picked":["Headbutt","Iron Wave"],"picked":"Burning Pact","floor":1.0},{"not_picked":["Armaments","Flying Knee"],"picked":"Terror","floor":6.0},{"not_picked":["Havoc","Lockon"],"picked":"Coolheaded","floor":8.0},{"not_picked":["Clash","Bandage Up"],"picked":"Static Discharge","floor":10.0},{"not_picked":["Heavy Blade","Dagger Throw"],"picked":"Sweeping Beam","floor":14.0},{"not_picked":["Chrysalis","Feed"],"picked":"DeusExMachina","floor":16.0},{"not_picked":["Ball Lightning","Armaments","Cloak And Dagger"],"picked":"SKIP","floor":18.0},{"not_picked":["Blizzard","JustLucky"],"picked":"Forethought+1","floor":20.0},{"not_picked":["Deflect+1","Forethought"],"picked":"BowlingBash","floor":21},{"not_picked":["Study","Clothesline"],"picked":"Wallop","floor":24}],"player_experience":1999651,"relics_obtained":[{"floor":6.0,"key":"Art of War"},{"floor":9.0,"key":"Ancient Tea Set"},{"floor":10.0,"key":"Kunai"},{"floor":22,"key":"Bottled Flame"}],"event_choices":[{"damage_healed":0.0,"max_hp_gain":0.0,"max_hp_loss":0.0,"gold_gain":75.0,"event_name":"World of Goop","player_choice":"Gather Gold","floor":2.0,"gold_loss":0.0,"damage_taken":11.0},{"damage_healed":0.0,"max_hp_gain":0.0,"max_hp_loss":0.0,"gold_gain":0.0,"event_name":"Big Fish","player_choice":"Box","floor":3.0,"gold_loss":0.0,"damage_taken":0.0,"relics_obtained":["Anchor"],"cards_obtained":["Regret"]},{"damage_healed":0.0,"max_hp_gain":0.0,"max_hp_loss":0.0,"gold_gain":150.0,"event_name":"Liars Game","player_choice":"AGREE","floor":4.0,"gold_loss":0.0,"damage_taken":0.0,"cards_obtained":["Doubt"]},{"damage_healed":0.0,"max_hp_gain":0.0,"max_hp_loss":0.0,"gold_gain":0.0,"event_name":"Wheel of Change","player_choice":"Damaged","floor":12.0,"gold_loss":0.0,"damage_taken":11.0},{"damage_healed":0.0,"max_hp_gain":0.0,"max_hp_loss":0.0,"gold_gain":0.0,"cards_transformed":["Defend_R"],"event_name":"Transmorgrifier","player_choice":"Transformed","floor":19.0,"gold_loss":0.0,"damage_taken":0.0,"cards_obtained":["Barricade"]}],"is_beta":false,"boss_relics":[{"not_picked":["Empty Cage","Black Blood"],"picked":"Astrolabe"}],"items_purged_floors":[5,13],"is_endless":false,"potions_floor_spawned":[1,14,16,21],"killed_by":"Book of Stabbing","ascension_level":19}}