{"host":"nbmmy2ys5j9alw05","time":1611049046,"event":{"mods":["AchievementEnabler","BaseMod","Bestiary","Better Vampires","Colored Map","Colored Powertips","Googly Eyes","Minty Spire (QoL Compilation)","Quick Restart","StSLib","The Hierophant","The IronCluck","everything is the same but u backflip on backflip"],"gold_per_floor":[117,192,192,192,192,210,223,223,223,239,112,135,35,35,35,5,5],"floor_reached":16,"language":"ENG","playtime":479,"items_purged":["hierophant:Strike_Hierophant","hierophant:Strike_Hierophant"],"score":129,"play_id":"f930d6c1-d45e-4514-9a3e-a83f710d93ad","local_time":"20210119013726","is_ascension_mode":true,"campfire_choices":[{"data":"hierophant:Community","floor":8,"key":"SMITH"},{"floor":15,"key":"REST"}],"circlet_count":0,"master_deck":["hierophant:Strike_Hierophant","hierophant:Strike_Hierophant","hierophant:Punish","hierophant:Defend_Hierophant","hierophant:Defend_Hierophant","hierophant:Defend_Hierophant","hierophant:Defend_Hierophant+1","hierophant:ChurchCoffers+1","hierophant:Community+1","hierophant:MorningPrayer","hierophant:Patience","hierophant:HolyVerse","hierophant:PassingBell"],"relics":["hierophant:PropheticMaskRelic","NeowsBlessing","Golden Idol","Art of War","Pocketwatch"],"acts_visited":["Exordium"],"potions_floor_usage":[12,16],"damage_taken":[{"damage":0,"enemies":"Small Slimes","floor":1,"turns":1},{"damage":0,"enemies":"3 Sentries","floor":6,"turns":1},{"damage":0,"enemies":"Jaw Worm","floor":7,"turns":1},{"damage":0,"enemies":"2 Louse","floor":10,"turns":2},{"damage":3,"enemies":"Large Slime","floor":12,"turns":3},{"damage":62,"enemies":"Hexaghost","floor":16,"turns":11}],"seed_played":"48225885680543346","potions_obtained":[{"floor":1,"key":"Energy Potion"},{"floor":10,"key":"AttackPotion"}],"is_trial":false,"path_per_floor":["M","?","?","$","?","E","M","R","T","M","$","M","$","?","R","B"],"character_chosen":"HIEROPHANT","items_purchased":["hierophant:HolyVerse"],"campfire_rested":1,"item_purchase_floors":[11],"current_hp_per_floor":[75,64,46,46,31,31,31,31,31,31,31,28,28,33,57,0,0],"gold":5,"neow_bonus":"THREE_ENEMY_KILL","is_daily":false,"chose_seed":false,"campfire_upgraded":1,"win_rate":0.0,"timestamp":1611049046,"path_taken":["M","?","?","$","?","E","M","R","T","M","$","M","?","?","R","BOSS"],"items_purchased_type":["Card"],"build_version":"2020-12-22","purchased_purges":2,"victory":false,"max_hp_per_floor":[75,75,75,75,75,75,75,75,75,75,75,75,75,80,80,80,80],"card_choices":[{"not_picked":["hierophant:RustyCrate","hierophant:Remorse"],"picked":"hierophant:Community","floor":1},{"not_picked":["hierophant:ConvertCurrency","hierophant:Sermon"],"picked":"hierophant:MorningPrayer","floor":6},{"not_picked":["hierophant:MorningPrayer","hierophant:Dazzle","hierophant:BulkyChest"],"picked":"SKIP","floor":7},{"not_picked":["hierophant:Chorus","hierophant:OrnateBuckler"],"picked":"hierophant:Patience","floor":10},{"not_picked":["hierophant:HolyVerse","hierophant:Purify"],"picked":"hierophant:PassingBell","floor":12}],"player_experience":467420,"relics_obtained":[{"floor":6,"key":"Art of War"},{"floor":9,"key":"Pocketwatch"}],"event_choices":[{"damage_healed":0,"gold_gain":75,"player_choice":"Gather Gold","damage_taken":11,"max_hp_gain":0,"max_hp_loss":0,"event_name":"World of Goop","floor":2,"gold_loss":0},{"damage_healed":0,"gold_gain":0,"player_choice":"Take Damage","damage_taken":18,"relics_obtained":["Golden Idol"],"max_hp_gain":0,"max_hp_loss":0,"event_name":"Golden Idol","floor":3,"gold_loss":0},{"damage_healed":0,"gold_gain":0,"player_choice":"Entered Light","damage_taken":15,"max_hp_gain":0,"max_hp_loss":0,"event_name":"Shining Light","floor":5,"gold_loss":0,"cards_upgraded":["hierophant:Defend_Hierophant","hierophant:ChurchCoffers"]},{"damage_healed":0,"gold_gain":0,"player_choice":"Donut","damage_taken":0,"max_hp_gain":5,"max_hp_loss":0,"event_name":"Big Fish","floor":14,"gold_loss":0}],"is_beta":false,"boss_relics":[],"items_purged_floors":[11,13],"is_endless":false,"potions_floor_spawned":[1,10],"killed_by":"Hexaghost","ascension_level":1}}