{"host":"0awa854l6bexpjrv","time":1611040835,"event":{"mods":["BaseMod","Block Reminder","Colored Map","Colored Powertips","Downfall","Highlight Path","Minty Spire (QoL Compilation)","Quick Restart","Rare Cards Sparkle","StSLib","SuperFastMode"],"gold_per_floor":[99,111,130,130,115,126,126,142,159,159,159,43,63,73,90,190,190,190,203,221,23,23,43,43,53,71,71,81,66,66,76,94,198,198,198,216,228,88,108,108,108,108,128,228,243,243,243],"floor_reached":46,"language":"ENG","playtime":4530,"items_purged":["bronze:Strike","bronze:Strike","bronze:Strike"],"score":422,"play_id":"c27a9b76-553d-48e7-9c57-1c6ecd2941be","local_time":"20210118232035","is_ascension_mode":false,"campfire_choices":[{"data":"bronze:Replicate","floor":1.0,"key":"SMITH"},{"data":"bronze:HyperBeam","floor":18,"key":"SMITH"},{"data":"Trip","floor":30,"key":"SMITH"},{"data":"bronze:Mutator","floor":35,"key":"SMITH"},{"floor":42,"key":"REST"}],"circlet_count":0,"master_deck":["bronze:Defend","bronze:Defend","bronze:Defend","bronze:Defend","bronze:Replicate+1","bronze:Goto","bronze:ItsAFeature","bronze:Branch","bronze:DelayedSlice","bronze:Repulsor","bronze:Mutator+1","bronze:MaxOutput","bronze:Spike","bronze:BronzeOrb","bronze:Boost","bronze:Repair","bronze:Overheat","bronze:Repair","bronze:Fortify","bronze:HyperBeam+1","bronze:ForceShield+1","bronze:Frontload","bronze:Shell","Trip+1","bronze:ForceShield+1","bronze:SpaghettiCode","bronze:Shell","bronze:ShipIt","Trip+1","bronze:Mutator+1","Shame"],"relics":["bronze:MakeshiftBattery","Du-Vu Doll","Snecko Eye","Ornamental Fan","Busted Crown","Dead Branch","downfall:GremlinWheel"],"acts_visited":["Exordium","TheCity","TheBeyond"],"potions_floor_usage":[9,10,14,16,16,33,36,43,44,44,44],"damage_taken":[{"damage":2.0,"enemies":"2 Louse","floor":2.0,"turns":3.0},{"damage":1.0,"enemies":"Cultist","floor":3.0,"turns":3.0},{"damage":2.0,"enemies":"downfall:FleeingMerchant","floor":5.0,"turns":4.0},{"damage":0,"enemies":"Small Slimes","floor":6,"turns":3},{"damage":11,"enemies":"Exordium Wildlife","floor":8,"turns":4},{"damage":4,"enemies":"Blue Slaver","floor":9,"turns":4},{"damage":7,"enemies":"Blue Slaver","floor":10,"turns":4},{"damage":2,"enemies":"downfall:FleeingMerchant","floor":12,"turns":4},{"damage":7,"enemies":"2 Fungi Beasts","floor":13,"turns":3},{"damage":0,"enemies":"Gremlin Gang","floor":14,"turns":4},{"damage":7,"enemies":"Exordium Thugs","floor":15,"turns":5},{"damage":10,"enemies":"IC_STATUS_ARCHETYPE","floor":16,"turns":9},{"damage":18,"enemies":"Spheric Guardian","floor":19,"turns":3},{"damage":0,"enemies":"Cultist and Chosen","floor":20,"turns":3},{"damage":4,"enemies":"downfall:FleeingMerchant","floor":21,"turns":4},{"damage":4,"enemies":"Sentry and Sphere","floor":23,"turns":1},{"damage":0,"enemies":"3 Cultists","floor":25,"turns":2},{"damage":10,"enemies":"Chosen and Byrds","floor":26,"turns":4},{"damage":0,"enemies":"Shelled Parasite and Fungi","floor":28,"turns":5},{"damage":0,"enemies":"downfall:FleeingMerchant","floor":29,"turns":4},{"damage":4,"enemies":"Centurion and Healer","floor":31,"turns":4},{"damage":8,"enemies":"3 Cultists","floor":32,"turns":3},{"damage":43,"enemies":"SI_MIRROR_ARCHETYPE","floor":33,"turns":11},{"damage":29,"enemies":"3 Darklings","floor":36,"turns":5},{"damage":0,"enemies":"Orb Walker","floor":37,"turns":3},{"damage":8,"enemies":"downfall:FleeingMerchant","floor":38,"turns":4},{"damage":26,"enemies":"Transient","floor":39,"turns":5},{"damage":33,"enemies":"Spire Growth","floor":43,"turns":6},{"damage":6,"enemies":"Spire Growth","floor":44,"turns":3},{"damage":24,"enemies":"Writhing Mass","floor":45,"turns":6},{"damage":26,"enemies":"Transient","floor":46,"turns":1}],"seed_played":"-3463814968265608978","potions_obtained":[{"floor":3.0,"key":"SpeedPotion"},{"floor":6,"key":"Guardian:BlockOnCardUsePotion"},{"floor":9,"key":"LiquidBronze"},{"floor":10,"key":"SkillPotion"},{"floor":14,"key":"Ancient Potion"},{"floor":15,"key":"DistilledChaos"},{"floor":19,"key":"FearPotion"},{"floor":23,"key":"Explosive Potion"},{"floor":33,"key":"LiquidBronze"},{"floor":39,"key":"Weak Potion"},{"floor":43,"key":"Strength Potion"}],"is_trial":false,"path_per_floor":["R","M","M","?","$","M","T","M","M","?","?","$","M","M","M","B",null,"R","M","M","$","?","M","T","M","M","?","M","$","R","M","M","B",null,"R","M","M","$","M","?","T","R","M","?","M","M"],"character_chosen":"THE_AUTOMATON","items_purchased":["bronze:Overheat","Trip"],"campfire_rested":1,"item_purchase_floors":[12,21],"current_hp_per_floor":[70,68,67,67,65,65,65,54,50,43,43,41,41,48,55,59,70,70,52,59,69,69,65,65,65,55,55,62,70,70,70,69,37,70,70,42,49,55,36,36,36,57,37,31,21,0,0],"gold":243,"neow_bonus":"BOSS_RELIC","is_daily":false,"chose_seed":false,"campfire_upgraded":4,"win_rate":0.0,"timestamp":1611040835,"path_taken":["R","M","M","?","$","M","T","?","M","?","?","?","?","M","M","BOSS","R","M","M","$","?","M","T","M","M","?","?","$","R","M","M","BOSS","R","M","M","$","M","?","T","R","?","?","M","?"],"items_purchased_type":["Card","Card"],"build_version":"2020-12-22","purchased_purges":3,"victory":false,"max_hp_per_floor":[70,70,70,70,70,70,70,70,70,70,70,70,70,70,70,70,70,70,70,70,70,70,70,70,70,70,70,70,70,70,70,70,70,70,70,70,70,70,70,70,70,70,70,70,70,70,70],"card_choices":[{"not_picked":["bronze:Deprecate","bronze:Overheat"],"picked":"bronze:ItsAFeature","floor":2.0},{"not_picked":["bronze:ForLoop","bronze:Allocate"],"picked":"bronze:Branch","floor":3.0},{"not_picked":["bronze:Branch","bronze:BuggyMess"],"picked":"bronze:DelayedSlice","floor":5},{"not_picked":["bronze:DelayedGuard","bronze:BitShift"],"picked":"bronze:Repulsor","floor":6},{"not_picked":["bronze:ForLoop","bronze:CloningBeam"],"picked":"bronze:Mutator","floor":8},{"not_picked":["bronze:OilSpill","bronze:FineTuning"],"picked":"bronze:MaxOutput","floor":9},{"not_picked":[],"picked":"bronze:Spike","floor":10},{"not_picked":["bronze:ForceShield","bronze:Overheat"],"picked":"bronze:BronzeOrb","floor":10},{"not_picked":["bronze:CloningBeam","bronze:BronzeOrb"],"picked":"bronze:Repair","floor":12},{"not_picked":["bronze:FollowUp","bronze:BuggyMess","bronze:FineTuning"],"picked":"SKIP","floor":13},{"not_picked":["bronze:WildBeam","bronze:Safeguard"],"picked":"bronze:Repair","floor":14},{"not_picked":["bronze:WhirlingStrike","bronze:Overheat"],"picked":"bronze:Fortify","floor":15},{"not_picked":["bronze:RecursiveStrike","bronze:SpaghettiCode"],"picked":"bronze:HyperBeam","floor":16},{"not_picked":["bronze:Invalidate","bronze:WildBeam"],"picked":"bronze:ForceShield+1","floor":19},{"not_picked":["bronze:BugBarrage","bronze:Iterate"],"picked":"bronze:Frontload","floor":20},{"not_picked":["bronze:Backtrace","bronze:GetLatest"],"picked":"bronze:Shell","floor":21},{"not_picked":["bronze:Philosophize+1","bronze:BuggyMess+1"],"picked":"bronze:ForceShield+1","floor":23},{"not_picked":["bronze:OilSpill","bronze:BugBarrage","bronze:FollowUp+1"],"picked":"SKIP","floor":25},{"not_picked":["bronze:Deprecate","bronze:Turbo"],"picked":"bronze:SpaghettiCode","floor":26},{"not_picked":["bronze:WhirlingStrike","bronze:OilSpill","bronze:Iterate"],"picked":"SKIP","floor":28},{"not_picked":["bronze:Boost","bronze:GetLatest","bronze:Backtrace"],"picked":"SKIP","floor":29},{"not_picked":["bronze:Invalidate+1","bronze:Boost"],"picked":"bronze:Shell","floor":31},{"not_picked":["bronze:ItsAFeature","bronze:Safeguard","bronze:DarkDash"],"picked":"SKIP","floor":32},{"not_picked":["bronze:Format","bronze:RecursiveStrike"],"picked":"bronze:ShipIt","floor":33},{"not_picked":["bronze:Deprecate+1"],"picked":"SKIP","floor":36},{"not_picked":["bronze:Shield"],"picked":"SKIP","floor":37},{"not_picked":["bronze:Deprecate+1"],"picked":"SKIP","floor":38},{"not_picked":["bronze:Deprecate"],"picked":"SKIP","floor":39},{"not_picked":["bronze:Shield"],"picked":"SKIP","floor":43},{"not_picked":["bronze:WhirlingStrike+1"],"picked":"SKIP","floor":45}],"player_experience":567375,"relics_obtained":[{"floor":7,"key":"Du-Vu Doll"},{"floor":24,"key":"Ornamental Fan"},{"floor":41,"key":"Dead Branch"},{"floor":44,"key":"downfall:GremlinWheel"}],"event_choices":[{"damage_healed":0.0,"max_hp_gain":0.0,"max_hp_loss":0.0,"gold_gain":0.0,"event_name":"NoteForYourself","player_choice":"Ignored","floor":4.0,"gold_loss":0.0,"damage_taken":0.0},{"damage_healed":0,"gold_gain":0,"player_choice":"Ignored","damage_taken":0,"max_hp_gain":0,"max_hp_loss":0,"event_name":"Ghosts","floor":22,"gold_loss":0}],"is_beta":false,"boss_relics":[{"not_picked":["Cursed Key","Sozu"],"picked":"Snecko Eye"},{"not_picked":["Pandora\u0027s Box","Runic Pyramid"],"picked":"Busted Crown"}],"items_purged_floors":[12,21,38],"is_endless":false,"potions_floor_spawned":[3,6,9,10,14,15,19,23,31,33,39,43],"killed_by":"Transient","ascension_level":0}}