{"host":"1tl36azeqm6yhdgj","time":1611086616,"event":{"mods":["AchievementEnabler","BaseMod","Minty Spire (QoL Compilation)","StSLib","The IronCluck","everything is the same but u backflip on backflip"],"gold_per_floor":[17,36,54,67,85,115,115,115,115],"floor_reached":8,"language":"ENG","playtime":342,"items_purged":[],"score":117,"play_id":"142e3c40-3702-45dd-97bc-3b2b8945660e","local_time":"20210119150336","is_ascension_mode":true,"campfire_choices":[{"data":"Barricade","floor":7,"key":"SMITH"}],"circlet_count":0,"master_deck":["AscendersBane","Strike_R","Strike_R","Strike_R","Defend_R","Defend_R","Defend_R","Defend_R","Bash","Cleave","Flame Barrier","Clash","Disarm","Reaper","Barricade+1"],"relics":["Burning Blood","Strawberry"],"acts_visited":["Exordium"],"potions_floor_usage":[6],"damage_taken":[{"damage":10.0,"enemies":"Small Slimes","floor":1.0,"turns":5.0},{"damage":2.0,"enemies":"Jaw Worm","floor":2.0,"turns":3.0},{"damage":1.0,"enemies":"Cultist","floor":3.0,"turns":3.0},{"damage":12.0,"enemies":"Exordium Wildlife","floor":4.0,"turns":5.0},{"damage":30.0,"enemies":"Large Slime","floor":5.0,"turns":10.0},{"damage":35,"enemies":"3 Sentries","floor":6,"turns":12},{"damage":55,"enemies":"Gremlin Nob","floor":8,"turns":4}],"seed_played":"679081098708539030","potions_obtained":[{"floor":1.0,"key":"Strength Potion"},{"floor":2.0,"key":"LiquidBronze"},{"floor":5.0,"key":"DistilledChaos"}],"is_trial":false,"path_per_floor":["M","M","M","M","M","E","R","E"],"character_chosen":"IRONCLAD","items_purchased":[],"campfire_rested":0,"item_purchase_floors":[],"current_hp_per_floor":[64,68,73,67,43,29,29,0,0],"gold":115,"neow_bonus":"REMOVE_TWO","is_daily":false,"chose_seed":false,"campfire_upgraded":1,"win_rate":0.0,"timestamp":1611086616,"path_taken":["M","M","M","M","M","E","R","E"],"items_purchased_type":[],"build_version":"2020-12-22","purchased_purges":0,"victory":false,"max_hp_per_floor":[75,75,75,75,75,82,82,82,82],"card_choices":[{"not_picked":["Carnage","Inflame"],"picked":"Cleave","floor":1.0},{"not_picked":["Power Through","True Grit"],"picked":"Flame Barrier","floor":2.0},{"not_picked":["Perfected Strike","Shrug It Off"],"picked":"Clash","floor":3.0},{"not_picked":["Iron Wave","Pommel Strike"],"picked":"Disarm","floor":4.0},{"not_picked":["Disarm","Metallicize"],"picked":"Reaper","floor":5.0},{"not_picked":["Twin Strike","Flex"],"picked":"Barricade","floor":6}],"player_experience":2002766,"relics_obtained":[{"floor":6,"key":"Strawberry"}],"event_choices":[],"is_beta":false,"boss_relics":[],"items_purged_floors":[],"is_endless":false,"potions_floor_spawned":[1,2,5],"killed_by":"Gremlin Nob","ascension_level":19}}