{"host":"skr63qsdfgeey3it","time":1611090541,"event":{"mods":["BaseMod","Colored Map","Hubris","Minty Spire (QoL Compilation)","Replay The Spire","Spicy Shops","StSLib"],"gold_per_floor":[118,118,14,14,33,33,61,61,84,117,127,142,142,142,142],"floor_reached":14,"language":"ENG","playtime":420,"items_purged":[],"score":162,"play_id":"e897c17d-4e6e-4468-9f4d-1fea4cbf9fb3","local_time":"20210119150901","is_ascension_mode":true,"campfire_choices":[{"data":"Seeing Red","floor":6,"key":"SMITH"},{"data":"Bloodletting","floor":8,"key":"SMITH"}],"circlet_count":0,"master_deck":["AscendersBane","Strike_R","Strike_R","Strike_R","Strike_R","Strike_R","Defend_R","Defend_R","Defend_R","Defend_R","Bash","Bloodletting+1","Seeing Red+1","Rage","Infernal Blade","ReplayReversal"],"relics":["Burning Blood","hubris:FunFungus","Blue Doll","hubris:Metronome","NlothsMask","Strawberry","Sundial"],"acts_visited":["Exordium"],"potions_floor_usage":[7,10,12,14],"damage_taken":[{"damage":14,"enemies":"Jaw Worm","floor":1,"turns":3},{"damage":10,"enemies":"2 Louse","floor":5,"turns":3},{"damage":40,"enemies":"Gremlin Nob","floor":7,"turns":4},{"damage":31,"enemies":"Lagavulin","floor":10,"turns":7},{"damage":8,"enemies":"Cultist","floor":11,"turns":4},{"damage":8,"enemies":"3 Louse","floor":12,"turns":3},{"damage":15,"enemies":"3 Sentries","floor":14,"turns":4}],"seed_played":"-6384826764993648690","potions_obtained":[{"floor":5,"key":"LiquidBronze"},{"floor":7,"key":"SkillPotion"},{"floor":11,"key":"Dexterity Potion"},{"floor":12,"key":"Fire Potion"}],"is_trial":false,"path_per_floor":["M","?","$","?","M","R","E","R","T","E","M","M","?","E"],"character_chosen":"IRONCLAD","items_purchased":["hubris:Metronome"],"campfire_rested":0,"item_purchase_floors":[3],"current_hp_per_floor":[64,52,52,52,48,48,24,24,24,9,13,13,13,0,0],"gold":142,"neow_bonus":"ONE_RARE_RELIC","is_daily":false,"chose_seed":false,"campfire_upgraded":2,"win_rate":0.0,"timestamp":1611090541,"path_taken":["M","?","$","?","?","R","E","R","T","E","M","M","?","E"],"items_purchased_type":["Relic"],"build_version":"2020-12-22","purchased_purges":0,"victory":false,"max_hp_per_floor":[72,72,72,72,72,72,79,79,79,79,79,79,76,76,76],"card_choices":[{"not_picked":["Twin Strike","Havoc"],"picked":"Bloodletting","floor":1},{"not_picked":["hubris:ReadiedAction","Clash"],"picked":"Seeing Red","floor":5},{"not_picked":["Sever Soul","Havoc","Heavy Blade"],"picked":"SKIP","floor":7},{"not_picked":["Thunderclap","Clothesline"],"picked":"Rage","floor":10},{"not_picked":["Blood for Blood","Cleave"],"picked":"Infernal Blade","floor":11},{"not_picked":["Armaments","Life Link"],"picked":"ReplayReversal","floor":12}],"player_experience":758517,"relics_obtained":[{"floor":7,"key":"Strawberry"},{"floor":10,"key":"Sundial"}],"event_choices":[{"damage_healed":0,"gold_gain":0,"player_choice":"Success","damage_taken":12,"relics_obtained":["Blue Doll"],"max_hp_gain":0,"max_hp_loss":0,"event_name":"Scrap Ooze","floor":2,"gold_loss":0},{"damage_healed":0,"gold_gain":0,"player_choice":"Trade","damage_taken":0,"relics_obtained":["NlothsMask"],"max_hp_gain":0,"max_hp_loss":0,"event_name":"FaceTrader","floor":4,"gold_loss":0},{"cards_removed":["Parasite"],"damage_healed":0,"gold_gain":0,"player_choice":"Purged","damage_taken":0,"max_hp_gain":0,"max_hp_loss":0,"event_name":"Purifier","floor":13,"gold_loss":0}],"is_beta":false,"boss_relics":[],"items_purged_floors":[],"is_endless":false,"potions_floor_spawned":[5,7,11,12],"killed_by":"3 Sentries","ascension_level":13}}