{"host":"lzpp66udqthct9jv","time":1611018230,"event":{"mods":["Act Like it!","BaseMod","Better-Laid Plans","Chen","Emptier Cage","Gensokyo","Highlight Path","Koishi","Marisa£®ÏF”Í°°ƒß¿Ì…≥£©","Minty Spire (QoL Compilation)","Pale of the Ancients","Quick Restart","Reimu£®≤©¿ˆ¡È√Œ£©","Remilia£®¿Ÿ√◊¿Ú—«£©","Shop Mod","StSLib","The Administrix","The Servant 0.9.4","Yakumo Yukari mod","Youmu£®ªÍ∆«—˝√Œ£©","Yuyuko","ÛÙª÷∏ƒœ"],"gold_per_floor":[118,136,61,78,88,88,108,108,108,138,68,68,80,99,99,176,176,187,187,137,17,17,44,44,70,70,70,90,101,129,148,148,225,225,235,185,205,205,205,230,230,259,259,272,290,290,107,57,57,57,57,57,57,7,7,7],"floor_reached":55,"language":"ZHS","playtime":1900,"items_purged":["Strike_R","Strike_R","Defend_R","Defend_R","Doubt"],"score":1940,"play_id":"2d697774-bbbc-4595-aad3-f9e3cc330038","local_time":"20210119090350","is_ascension_mode":true,"campfire_choices":[{"data":"Bludgeon","floor":6.0,"key":"SMITH"},{"data":"Second Wind","floor":8.0,"key":"SMITH"},{"data":"Pommel Strike","floor":12.0,"key":"SMITH"},{"data":"Intimidate","floor":15.0,"key":"SMITH"},{"data":"Demon Form","floor":24.0,"key":"SMITH"},{"floor":27.0,"key":"DIG"},{"floor":32.0,"key":"DIG"},{"data":"Gensokyo:GreaterSplit","floor":41.0,"key":"SMITH"},{"data":"Evolve","floor":46,"key":"SMITH"},{"floor":49,"key":"RECALL"},{"floor":53,"key":"DIG"}],"circlet_count":0,"master_deck":["AscendersBane","Strike_R+1","Defend_R","Bash","Bludgeon+1","Pommel Strike+1","Second Wind+1","Shrug It Off+1","Power Through","Immolate","Demon Form+1","Evolve+1","Gensokyo:GreaterSplit+1","Ghostly Armor","Flame Barrier","Gensokyo:MedicineKit","Gensokyo:GreaterSplit+1"],"relics":["Burning Blood","Smiling Mask","Snecko Eye","Gensokyo:SpiderMask","Shovel","Calipers","Du-Vu Doll","InkBottle","Dead Branch","Pocketwatch","Runic Dome","Ginger","The Courier","DollysMirror","Gremlin Horn"],"acts_visited":["Gensokyo:Gensokyo","Gensokyo:Gensokyoer","Gensokyo:Gensokyoest","TheEnding"],"potions_floor_usage":[42],"damage_taken":[{"damage":10.0,"enemies":"Gensokyo:2_Kodama","floor":1.0,"turns":4.0},{"damage":3.0,"enemies":"Gensokyo:Python","floor":2.0,"turns":3.0},{"damage":0.0,"enemies":"Gensokyo:3_Fairies","floor":4.0,"turns":5.0},{"damage":18.0,"enemies":"Gensokyo:3_Kodama","floor":5.0,"turns":5.0},{"damage":0.0,"enemies":"Gensokyo:LivingMonolith","floor":7.0,"turns":3.0},{"damage":16.0,"enemies":"Gensokyo:Aya","floor":10.0,"turns":4.0},{"damage":11.0,"enemies":"Gensokyo:VengefulSpirit","floor":13.0,"turns":3.0},{"damage":0.0,"enemies":"Gensokyo:Kitsune","floor":14.0,"turns":2.0},{"damage":26.0,"enemies":"Gensokyo:Kokoro","floor":16.0,"turns":10.0},{"damage":6.0,"enemies":"Gensokyo:AngelMirror","floor":18.0,"turns":2.0},{"damage":15.0,"enemies":"Gensokyo:Koishi","floor":23.0,"turns":5.0},{"damage":23.0,"enemies":"Gensokyo:Tenshi","floor":25.0,"turns":4.0},{"damage":0.0,"enemies":"Gensokyo:Chomper","floor":28.0,"turns":2.0},{"damage":0.0,"enemies":"Gensokyo:Monolith_and_Dog","floor":29.0,"turns":3.0},{"damage":14.0,"enemies":"Gensokyo:Koishi","floor":30.0,"turns":4.0},{"damage":0.0,"enemies":"Gensokyo:3_Gloops","floor":31.0,"turns":3.0},{"damage":23.0,"enemies":"Gensokyo:Eiki","floor":33.0,"turns":6.0},{"damage":0.0,"enemies":"Gensokyo:3_Boulders","floor":35.0,"turns":3.0},{"damage":0.0,"enemies":"Gensokyo:AncientGuardian","floor":37.0,"turns":4.0},{"damage":31.0,"enemies":"Gensokyo:Doremy","floor":40.0,"turns":5.0},{"damage":12,"enemies":"Gensokyo:Marisa","floor":42,"turns":4},{"damage":0,"enemies":"Gensokyo:AtlasGolem","floor":44,"turns":2},{"damage":0,"enemies":"Gensokyo:Rafflesia","floor":45,"turns":4},{"damage":0,"enemies":"Gensokyo:Yuyuko","floor":50,"turns":5},{"damage":0,"enemies":"Gensokyo:Shinki","floor":51,"turns":5},{"damage":81,"enemies":"Shield and Spear","floor":55,"turns":2}],"seed_played":"-8604017486800144079","potions_obtained":[{"floor":2.0,"key":"SteroidPotion"},{"floor":10.0,"key":"DuplicationPotion"},{"floor":23.0,"key":"Swift Potion"},{"floor":30.0,"key":"FearPotion"},{"floor":37.0,"key":"AttackPotion"},{"floor":44,"key":"Fire Potion"},{"floor":45,"key":"Strength Potion"}],"is_trial":false,"path_per_floor":["M","M","$","M","M","R","M","R","T","E","?","R","M","M","R","B",null,"M","?","$","?","?","E","R","E","T","R","M","M","E","M","R","B",null,"M","$","M","?","?","E","R","E","T","M","M","R","COS","$","R","B","B",null,"R","$","E"],"character_chosen":"IRONCLAD","items_purchased":[],"campfire_rested":0,"item_purchase_floors":[],"current_hp_per_floor":[64,67,67,73,61,61,67,67,67,57,57,57,52,58,58,38,66,66,66,66,66,66,57,57,40,40,40,46,52,44,50,50,33,65,71,71,75,75,75,50,50,44,44,50,56,56,56,56,56,56,62,72,72,72,0,0],"gold":7,"neow_bonus":"ONE_RANDOM_RARE_CARD","is_daily":false,"chose_seed":false,"campfire_upgraded":7,"win_rate":0.0,"timestamp":1611018230,"path_taken":["M","M","?","M","M","R","M","R","T","E","?","R","M","?","R","BOSS","M","?","?","?","?","E","R","E","T","R","?","M","E","M","R","BOSS","M","?","M","?","?","E","R","E","T","M","M","R","COS","?","R","BOSS","BOSS","R","$","E"],"items_purchased_type":[],"build_version":"2020-12-22","purchased_purges":5,"victory":false,"max_hp_per_floor":[75,75,75,75,75,75,75,75,75,75,75,75,75,75,75,75,75,75,75,75,75,75,75,75,75,75,75,75,75,75,75,75,75,75,75,75,75,75,75,75,75,75,75,75,75,75,75,75,75,75,75,75,75,75,75,75],"card_choices":[{"not_picked":["Body Slam","Clash"],"picked":"Intimidate","floor":1.0},{"not_picked":["Anger","Flex"],"picked":"Pommel Strike","floor":2.0},{"not_picked":["Carnage","Hemokinesis","Warcry"],"picked":"SKIP","floor":4.0},{"not_picked":["Warcry","Armaments","Entrench"],"picked":"SKIP","floor":5.0},{"not_picked":["Havoc","Disarm"],"picked":"Second Wind","floor":7.0},{"not_picked":["Perfected Strike","Combust"],"picked":"Shrug It Off","floor":10.0},{"not_picked":["Pommel Strike","Fire Breathing","Searing Blow"],"picked":"SKIP","floor":13.0},{"not_picked":["Cleave","Reckless Charge"],"picked":"Power Through","floor":14.0},{"not_picked":["Brutality","Limit Break"],"picked":"Immolate","floor":16.0},{"not_picked":["Ghostly Armor","Armaments","Anger"],"picked":"SKIP","floor":18.0},{"not_picked":["Heavy Blade","Rampage","Wild Strike"],"picked":"SKIP","floor":23.0},{"not_picked":["Warcry","Juggernaut","Pummel"],"picked":"SKIP","floor":25.0},{"not_picked":["Havoc","Dropkick","Armaments"],"picked":"SKIP","floor":28.0},{"not_picked":["Cleave","Thunderclap","Flex"],"picked":"SKIP","floor":29.0},{"not_picked":["Combust","Iron Wave","Heavy Blade"],"picked":"SKIP","floor":30.0},{"not_picked":["Iron Wave","Clothesline","Bloodletting"],"picked":"SKIP","floor":31.0},{"not_picked":["Shrug It Off+1","Body Slam","Wild Strike"],"picked":"SKIP","floor":35.0},{"not_picked":["Clothesline","Warcry"],"picked":"Evolve","floor":37.0},{"not_picked":["Inflame","Wild Strike+1","Cleave+1"],"picked":"SKIP","floor":40.0},{"not_picked":["Intimidate","Searing Blow","Rage"],"picked":"SKIP","floor":42},{"not_picked":["Dropkick","Ghostly Armor","Sword Boomerang"],"picked":"SKIP","floor":44},{"not_picked":["Dropkick","Sword Boomerang"],"picked":"Ghostly Armor","floor":44},{"not_picked":["Warcry","Evolve","Flame Barrier"],"picked":"SKIP","floor":45},{"not_picked":["Warcry","Evolve"],"picked":"Flame Barrier","floor":45}],"player_experience":1844175,"relics_obtained":[{"floor":9.0,"key":"Bronze Scales"},{"floor":10.0,"key":"Smiling Mask"},{"floor":23.0,"key":"Shovel"},{"floor":25.0,"key":"Calipers"},{"floor":26.0,"key":"Du-Vu Doll"},{"floor":27.0,"key":"InkBottle"},{"floor":30.0,"key":"Dead Branch"},{"floor":32.0,"key":"Pocketwatch"},{"floor":40.0,"key":"Ginger"},{"floor":42,"key":"The Courier"},{"floor":53,"key":"Gremlin Horn"}],"event_choices":[],"is_beta":false,"boss_relics":[{"not_picked":["SacredBark","Coffee Dripper"],"picked":"Snecko Eye"},{"not_picked":["Philosopher\u0027s Stone","Runic Pyramid"],"picked":"Runic Dome"}],"items_purged_floors":[3,20,36,48,54],"is_endless":false,"potions_floor_spawned":[2,10,14,23,29,30,37,44,45],"killed_by":"Shield and Spear","ascension_level":20}}