{"host":"1zjc08c6hob33401","time":1611051964,"event":{"mods":["AchievementEnabler","Act Like it!","Aspiration","BaseMod","Downfall","Energized Spire","Evolution","Friendly Minions","Gensokyo","GifTheSpireLib","Hubris","Infinite Spire","Jedi Mod","Minty Spire (QoL Compilation)","Pale of the Ancients","Quick Restart","Retaliation","Shop Mod","Spire Arcade","StS++","StSLib","Stuff the Spire","The Blue Laboratory","Wandering Minibosses","vexMod","??????REMEMod"],"gold_per_floor":[112,127,127,146,156,156,131,163,237,237,256,14,32,32,32,128,128,138,151,166,166,166],"floor_reached":21,"language":"RUS","playtime":1299,"items_purged":[],"score":261,"play_id":"33163982-f162-4e99-8e72-6da1a837f848","local_time":"20210119122604","is_ascension_mode":true,"campfire_choices":[{"data":"infinitespire:OneForAll","floor":6.0,"key":"SMITH"}],"circlet_count":0,"master_deck":["jedi:BurstLightning","jedi:BurstLightning","jedi:BurstLightning","Defend_B","Zap","Dualcast","infinitespire:OneForAll+1","FTL","Escape Plan","Underhanded Strike","Catalyst","Self Repair","StuffTheSpire:Synthwave","Gensokyo:HAARP","Buffer","Double Energy+1","Demon Form","StuffTheSpire:Synthwave"],"relics":["Cracked Core","EVO:Axolotl","REME_ComplimentaryCards","PreservedInsect","Art of War","aspiration:FaultyCoupler","Strawberry","aspiration:IroncladSkillbook"],"acts_visited":["Gensokyo:Gensokyo","Gensokyo:Gensokyoer"],"potions_floor_usage":[21],"damage_taken":[{"damage":5.0,"enemies":"Gensokyo:2_Kodama","floor":1.0,"turns":2.0},{"damage":0.0,"enemies":"Gensokyo:3_Fairies","floor":2.0,"turns":3.0},{"damage":0.0,"enemies":"Gensokyo:Python","floor":4.0,"turns":2.0},{"damage":0.0,"enemies":"Gensokyo:LivingMonolith","floor":5.0,"turns":3.0},{"damage":20.0,"enemies":"Gensokyo:Aya","floor":8.0,"turns":3.0},{"damage":9.0,"enemies":"Gensokyo:Python_and_Kodama","floor":11.0,"turns":4.0},{"damage":10.0,"enemies":"Gensokyo:2_Rabbits","floor":13.0,"turns":3.0},{"damage":44.0,"enemies":"Gensokyo:Yukari","floor":16.0,"turns":6.0},{"damage":7.0,"enemies":"Gensokyo:CosmicMonolith","floor":18.0,"turns":3.0},{"damage":25.0,"enemies":"Gensokyo:3_Dogs","floor":19.0,"turns":6.0},{"damage":59.0,"enemies":"Gensokyo:Slime_Group","floor":20.0,"turns":5.0},{"damage":49,"enemies":"Gensokyo:3_Gloops","floor":21,"turns":5}],"seed_played":"-7781497090057048466","potions_obtained":[{"floor":2.0,"key":"ColorlessPotion"},{"floor":5.0,"key":"blueLaboratory:SystemWipe"},{"floor":8.0,"key":"Slimebound:ThreeZeroPotion"},{"floor":11.0,"key":"hexamod:SoulburnPotion"},{"floor":18.0,"key":"blueLaboratory:TeslaPotion"},{"floor":19.0,"key":"FairyPotion"}],"is_trial":false,"path_per_floor":["M","M","?","M","M","R","?","E","T","?","M","COS","M","$","R","B",null,"M","M","M","M"],"character_chosen":"DEFECT","items_purchased":[],"campfire_rested":0,"item_purchase_floors":[],"current_hp_per_floor":[63,63,63,63,70,70,70,57,57,64,62,62,59,59,59,22,67,71,57,35,0,0],"gold":166,"neow_bonus":"REMOVE_CARD","is_daily":false,"chose_seed":false,"campfire_upgraded":1,"win_rate":0.0,"timestamp":1611051964,"path_taken":["M","?","?","?","M","R","?","E","T","?","M","COS","M","?","R","BOSS","M","M","M","M"],"items_purchased_type":[],"build_version":"2020-12-22","purchased_purges":0,"victory":false,"max_hp_per_floor":[75,75,75,75,75,75,75,75,75,82,82,82,82,82,82,82,82,82,82,82,82,82],"card_choices":[{"not_picked":["Go for the Eyes","jedi:blockon","Stack"],"picked":"SKIP","floor":1.0},{"not_picked":["Consume","Turbo"],"picked":"FTL","floor":2.0},{"not_picked":["jedi:spotbugs","Leap"],"picked":"Self Repair","floor":4.0},{"not_picked":["Steam","jedi:BurstLightning"],"picked":"StuffTheSpire:Synthwave","floor":5.0},{"not_picked":["Stack","jedi:overflow","Melter"],"picked":"SKIP","floor":8.0},{"not_picked":["Streamline","Gash","jedi:BurstFrost"],"picked":"SKIP","floor":11.0},{"not_picked":["StuffTheSpire:Plugnplay","Stack","jedi:BurstFrost"],"picked":"SKIP","floor":13.0},{"not_picked":["jedi:gatheringstorm","hubris:DoWhile"],"picked":"Buffer","floor":16.0},{"not_picked":["Armaments+1","Thunderclap+1","Anger"],"picked":"Double Energy+1","floor":18.0},{"not_picked":["hubris:SpecializedCircuitry","Meteor Strike","REME_ForAll"],"picked":"Demon Form","floor":19.0},{"not_picked":["Force Field","Redo","Aggregate"],"picked":"StuffTheSpire:Synthwave","floor":19.0},{"not_picked":["StSpp:Pointer","Headbutt","Heavy Blade","Scrape"],"picked":"SKIP","floor":20.0}],"player_experience":619752,"relics_obtained":[{"floor":8.0,"key":"Art of War"},{"floor":9.0,"key":"aspiration:FaultyCoupler"}],"event_choices":[],"is_beta":false,"boss_relics":[{"not_picked":["aspiration:SilentSkillbook","StSpp:PileOfSugar"],"picked":"aspiration:IroncladSkillbook"}],"items_purged_floors":[],"is_endless":false,"potions_floor_spawned":[2,5,8,11,18,19],"killed_by":"Gensokyo:3_Gloops","ascension_level":9}}