{"host":"c97twqu0op5dg8i4","time":1611037579,"event":{"mods":["AchievementEnabler","BaseMod","Colored Map","Minty Spire (QoL Compilation)","Permanent Neow"],"gold_per_floor":[116,116,191,291,303,303,338,338,365,140,140,150,198,208,208,309,309,323,98,118,217,237,271,271,271,297,297,315,315,240,254,169,169,169,270,270,281,281,36,50,50,50,50],"floor_reached":42,"language":"ENG","playtime":1324,"items_purged":["Strike_B","Reprogram+1"],"score":515,"play_id":"76c0428b-75fe-484d-aa8d-a3bebfa14190","local_time":"20210119012619","is_ascension_mode":true,"campfire_choices":[{"data":"Creative AI","floor":6,"key":"SMITH"},{"floor":8,"key":"REST"},{"data":"Zap","floor":11,"key":"SMITH"},{"data":"Conserve Battery","floor":15,"key":"SMITH"},{"floor":25,"key":"REST"},{"data":"Chaos","floor":29,"key":"SMITH"},{"data":"Cold Snap","floor":33,"key":"SMITH"},{"data":"Cold Snap","floor":34,"key":"SMITH"}],"circlet_count":0,"master_deck":["Defend_B","Defend_B","Defend_B","Defend_B","Zap+1","Dualcast","Creative AI+1","Skim","Conserve Battery+1","Cold Snap+1","Reboot","Cold Snap+1","Chaos+1","Doom and Gloom+1","Amplify","Darkness+1","Force Field+1","Ball Lightning+1"],"relics":["Cracked Core","Eternal Feather","TungstenRod","Dream Catcher","Medical Kit","DataDisk","Sozu","ClockworkSouvenir","Mercury Hourglass","Anchor","Blue Candle","Regal Pillow","Astrolabe","Lee\u0027s Waffle"],"acts_visited":["Exordium","TheCity","TheBeyond"],"potions_floor_usage":[16],"damage_taken":[{"damage":3,"enemies":"2 Louse","floor":1,"turns":3},{"damage":7,"enemies":"Jaw Worm","floor":5,"turns":3},{"damage":24,"enemies":"Gremlin Nob","floor":7,"turns":5},{"damage":0,"enemies":"Cultist","floor":12,"turns":3},{"damage":11,"enemies":"Exordium Wildlife","floor":14,"turns":3},{"damage":5,"enemies":"Hexaghost","floor":16,"turns":9},{"damage":0,"enemies":"3 Byrds","floor":18,"turns":5},{"damage":2,"enemies":"Spheric Guardian","floor":20,"turns":4},{"damage":47,"enemies":"3 Cultists","floor":22,"turns":6},{"damage":6,"enemies":"Book of Stabbing","floor":23,"turns":5},{"damage":2,"enemies":"Sentry and Sphere","floor":28,"turns":5},{"damage":0,"enemies":"Cultist and Chosen","floor":31,"turns":4},{"damage":55,"enemies":"Automaton","floor":35,"turns":12},{"damage":15,"enemies":"3 Darklings","floor":37,"turns":4},{"damage":23,"enemies":"3 Shapes","floor":40,"turns":3},{"damage":75,"enemies":"Giant Head","floor":42,"turns":8}],"seed_played":"3476471850314456666","potions_obtained":[{"floor":1,"key":"Weak Potion"}],"is_trial":false,"path_per_floor":["M","?","?","?","M","R","E","R","T","$","R","M","T","M","R","B",null,"M","$","M","?","M","E","?","R","T","T","M","R","?","M","?","R","R","B",null,"M","?","$","M","$","E"],"character_chosen":"DEFECT","items_purchased":["Medical Kit","ClockworkSouvenir","Chaos","Lee\u0027s Waffle"],"campfire_rested":2,"item_purchase_floors":[10,19,19,39],"current_hp_per_floor":[72,65,54,54,47,53,29,57,57,57,63,63,63,52,58,53,70,70,70,68,68,21,15,15,46,46,46,44,53,53,53,53,62,71,16,60,45,45,82,59,59,0,0],"gold":50,"neow_bonus":"ONE_RANDOM_RARE_CARD","is_daily":false,"chose_seed":false,"campfire_upgraded":6,"win_rate":0.0,"timestamp":1611037579,"path_taken":["M","?","?","?","?","R","E","R","T","$","R","M","?","M","R","BOSS","M","$","M","?","M","E","?","R","T","T","M","R","?","?","?","R","R","BOSS","M","?","$","M","$","E"],"items_purchased_type":["Relic","Relic","Card","Relic"],"build_version":"2020-12-22","purchased_purges":2,"victory":false,"max_hp_per_floor":[75,75,75,75,75,75,75,75,75,75,75,75,75,75,75,75,75,75,75,75,75,75,75,75,75,75,75,75,75,75,75,75,75,75,75,75,75,75,82,82,82,82,82],"card_choices":[{"not_picked":["Cold Snap","Barrage"],"picked":"Skim","floor":1},{"not_picked":["Skim","Streamline"],"picked":"Ball Lightning","floor":5},{"not_picked":["Streamline","Rip and Tear"],"picked":"Conserve Battery","floor":7},{"not_picked":["Turbo","Darkness","Streamline"],"picked":"SKIP","floor":12},{"not_picked":["Auto Shields","Gash"],"picked":"Cold Snap","floor":14},{"not_picked":["Creative AI","Machine Learning"],"picked":"Reboot","floor":16},{"not_picked":["Go for the Eyes","Leap"],"picked":"Cold Snap","floor":18},{"not_picked":["Sweeping Beam","Auto Shields","Undo"],"picked":"SKIP","floor":20},{"not_picked":["Steam","Compile Driver","Chill+1"],"picked":"SKIP","floor":22},{"not_picked":["Stack","Glacier+1","Fusion"],"picked":"SKIP","floor":23},{"not_picked":["Streamline","Beam Cell"],"picked":"Doom and Gloom+1","floor":28},{"not_picked":["Steam Power+1","Coolheaded+1","Steam"],"picked":"SKIP","floor":31},{"not_picked":["Rainbow","Seek"],"picked":"Amplify","floor":35},{"not_picked":["Force Field+1","Glacier+1","Gash"],"picked":"SKIP","floor":37},{"not_picked":["Turbo+1","Auto Shields"],"picked":"Ball Lightning+1","floor":40}],"player_experience":267560,"relics_obtained":[{"floor":7,"key":"TungstenRod"},{"floor":9,"key":"Dream Catcher"},{"floor":13,"key":"DataDisk"},{"floor":23,"key":"Mercury Hourglass"},{"floor":26,"key":"Anchor"},{"floor":27,"key":"Blue Candle"}],"event_choices":[{"damage_healed":0,"gold_gain":0,"player_choice":"Success","damage_taken":7,"relics_obtained":["Eternal Feather"],"max_hp_gain":0,"max_hp_loss":0,"event_name":"Scrap Ooze","floor":2,"gold_loss":0},{"damage_healed":0,"gold_gain":75,"player_choice":"Gather Gold","damage_taken":11,"max_hp_gain":0,"max_hp_loss":0,"event_name":"World of Goop","floor":3,"gold_loss":0},{"damage_healed":0,"gold_gain":100,"player_choice":"Gold","damage_taken":0,"max_hp_gain":0,"max_hp_loss":0,"event_name":"Wheel of Change","floor":4,"gold_loss":0},{"damage_healed":0,"gold_gain":99,"player_choice":"Stole From Cult","damage_taken":0,"max_hp_gain":0,"max_hp_loss":0,"event_name":"Nest","floor":21,"gold_loss":0},{"damage_healed":0,"gold_gain":0,"player_choice":"Ignored","damage_taken":0,"max_hp_gain":0,"max_hp_loss":0,"event_name":"Ghosts","floor":24,"gold_loss":0},{"cards_removed":["Strike_B"],"damage_healed":0,"gold_gain":0,"player_choice":"Gave Gold","damage_taken":0,"max_hp_gain":0,"max_hp_loss":0,"event_name":"Beggar","floor":30,"gold_loss":75},{"damage_healed":0,"gold_gain":0,"player_choice":"Obtained Relic","damage_taken":0,"relics_obtained":["Regal Pillow"],"max_hp_gain":0,"max_hp_loss":0,"event_name":"Addict","floor":32,"gold_loss":85},{"damage_healed":0,"gold_gain":0,"player_choice":"Ignored","damage_taken":0,"max_hp_gain":0,"max_hp_loss":0,"event_name":"Mysterious Sphere","floor":38,"gold_loss":0}],"is_beta":false,"boss_relics":[{"not_picked":["Runic Dome","Philosopher\u0027s Stone"],"picked":"Sozu"},{"not_picked":["Inserter","Velvet Choker"],"picked":"Astrolabe"}],"items_purged_floors":[10,39],"is_endless":false,"potions_floor_spawned":[1,18,22,31,37],"killed_by":"Giant Head","ascension_level":5}}