{"host":"f5h077e5av00giy4","time":1611030697,"event":{"mods":["100% Spire Juice","Act Like it!","Aspiration","BaseMod","Colored Powertips","Conspire","Decade(王小明)","Hermit","Hunter 猎人","KinomotoSakuraMod(木之本樱)","Koishi","KomeijiMod","Marisa（F雨　魔理沙）","Marked Mod","Minty Spire (QoL Compilation)","MostiFishMod","Pale of the Ancients","Quick Restart","Reimu（博丽灵梦）","Relic Stats","Remilia（蕾米莉亚）","Replay The Spire","RumiaBox-露米娅的神秘盒子","SOS（斯巴达之子）","Shop Mod","Spicy Shops","StSLib","TestMod","The Blackbeard","The Gatherer","The Mystic","The Poker Player","The Runesmith","The Servant 0.9.4","Yakumo Yukari mod","Youmu（魂魄妖梦）","Yuri Mod","Yuyuko","noobMod","vexMod","【功能Mod】聪明的最终Boss","【遗物卡牌】REMEMod","篝火指南"],"gold_per_floor":[115,115,130,141,159,189,189],"floor_reached":6,"language":"ZHS","playtime":265,"items_purged":[],"score":48,"play_id":"04f9d6c6-e22a-41ef-bd28-80f0a841b7ad","local_time":"20210119123137","is_ascension_mode":false,"campfire_choices":[],"circlet_count":0,"master_deck":["yuri:yuriStrike","yuri:yuriStrike","yuri:yuriStrike","yuri:yuriStrike","yuri:yuriStrike","yuri:yuriDefend","yuri:yuriDefend","yuri:yuriDefend","yuri:yuriDefend","yuri:yuriDefend","yuri:Oolong","yuri:yuriStab","Demon Form","yuri:yuriQuickStrike","yuri:DebugCard","yuri:MirrorInsanity","yuri:BookRed","yuri:BookBlue"],"relics":["yuri:yuriKnife","testmod-TestBox","ice","DaveBox","REME_ComplimentaryCards","FeatherPendant","testmod-Nyarlathotep","SynthV:TestCard","testmod-BalancedPeriapt"],"acts_visited":["Exordium"],"potions_floor_usage":[],"damage_taken":[{"damage":0,"enemies":"Small Slimes","floor":1,"turns":2},{"damage":0,"enemies":"Cultist","floor":3,"turns":2},{"damage":0,"enemies":"2 Louse","floor":4,"turns":2},{"damage":2,"enemies":"Blue Slaver","floor":5,"turns":4},{"damage":11,"enemies":"Gremlin Nob","floor":6,"turns":4}],"seed_played":"-6294240188329633099","potions_obtained":[{"floor":3,"key":"DistilledChaos"},{"floor":4,"key":"Weak Potion"}],"is_trial":false,"path_per_floor":["M","?","M","M","M","E"],"character_chosen":"YURI","items_purchased":[],"campfire_rested":0,"item_purchase_floors":[],"current_hp_per_floor":[88,88,88,88,88,80,80],"gold":189,"neow_bonus":"TEN_PERCENT_HP_BONUS","is_daily":false,"chose_seed":false,"campfire_upgraded":0,"win_rate":0.0,"timestamp":1611030697,"path_taken":["M","?","M","?","M","E"],"items_purchased_type":[],"build_version":"2020-12-22","purchased_purges":0,"victory":false,"max_hp_per_floor":[88,88,88,88,88,88,88],"relic_stats":{"counters":[5,14],"obtain_stats":[{"testmod-TestBox":0,"SynthV:TestCard":1,"DaveBox":0,"FeatherPendant":0,"yuri:yuriKnife":0,"ice":0,"testmod-Nyarlathotep":0,"testmod-BalancedPeriapt":6,"REME_ComplimentaryCards":0},{"testmod-TestBox":0,"SynthV:TestCard":1,"DaveBox":0,"FeatherPendant":0,"yuri:yuriKnife":0,"ice":0,"testmod-Nyarlathotep":0,"testmod-BalancedPeriapt":5,"REME_ComplimentaryCards":0},{"testmod-TestBox":0,"SynthV:TestCard":2,"DaveBox":0,"FeatherPendant":0,"yuri:yuriKnife":0,"ice":0,"testmod-Nyarlathotep":0,"testmod-BalancedPeriapt":14,"REME_ComplimentaryCards":0}]},"card_choices":[{"not_picked":["yuri:CalmingAura","yuri:UnstableStrike"],"picked":"yuri:yuriQuickStrike","floor":1},{"not_picked":["yuri:yuriQuickStrike","yuri:ThrowingKnives","yuri:SelfHarm","yuri:ThrowBook"],"picked":"yuri:DebugCard","floor":3},{"not_picked":["yuri:ArmBrace","yuri:ThrowingKnives","yuri:MPose","yuri:ReactiveMadness"],"picked":"yuri:MirrorInsanity","floor":4},{"not_picked":["yuri:yuriHeavyStrike","yuri:RecklessStrike","yuri:yuriQuickStrike","yuri:SeeingDouble"],"picked":"yuri:BookRed","floor":5},{"not_picked":["yuri:ThrowBook","yuri:Skip","yuri:yuriQuickStrike","yuri:CorruptHitbox"],"picked":"yuri:BookBlue","floor":6}],"player_experience":296336,"relics_obtained":[{"floor":1,"key":"SynthV:TestCard"},{"floor":6,"key":"testmod-BalancedPeriapt"}],"event_choices":[{"damage_healed":0,"gold_gain":0,"player_choice":"Ignored","damage_taken":0,"max_hp_gain":0,"max_hp_loss":0,"event_name":"Purifier","floor":2,"gold_loss":0}],"is_beta":false,"boss_relics":[],"items_purged_floors":[],"is_endless":false,"potions_floor_spawned":[3,4],"killed_by":"Gremlin Nob","ascension_level":0}}