{"host":"t9zjxed0utvsfjwc","time":1611041176,"event":{"mods":["2.2 Compatiblity","Aspiration","BaseMod","Better Altar","Better Match","Better Note","Better Sensory Stone","Better Skull","Better Third Choice","Block Reminder","Colored Map","Colored Powertips","Hermit","Highlight Path","Hubris","Infinite Spire","Minty Spire (QoL Compilation)","Quick Restart","Rare Cards Sparkle","Replay The Spire","Shade Mod","StSLib","The Bug Knight","The Cursed","The Marked","Unceasing Turn Reminder","everything is the same but u backflip on backflip"],"gold_per_floor":[112,141,61,75,75,75,75],"floor_reached":6,"language":"ENG","playtime":202,"items_purged":[],"score":36,"play_id":"217723e3-6714-4413-8470-ced68e92873b","local_time":"20210119072616","is_ascension_mode":true,"campfire_choices":[],"circlet_count":0,"master_deck":["Strike_R","Strike_R","Strike_R","Strike_R","Strike_R","Defend_R","Defend_R","Defend_R","Defend_R","Bash","Eclipse","Anger","Thunderclap","infinitespire:OneForAll"],"relics":["Burning Blood","hubris:FruitBowl","hubris:PeanutButter","hubris:Potato"],"acts_visited":["Exordium"],"potions_floor_usage":[],"damage_taken":[{"damage":8,"enemies":"2 Louse","floor":1,"turns":2},{"damage":8,"enemies":"Jaw Worm","floor":4,"turns":3},{"damage":15,"enemies":"HollowMod:MossKnight","floor":6,"turns":3}],"seed_played":"-6222181112976351877","potions_obtained":[{"floor":1,"key":"Elixir"},{"floor":4,"key":"GamblersBrew"}],"is_trial":false,"path_per_floor":["M","?","$","M","$","E"],"character_chosen":"IRONCLAD","items_purchased":["infinitespire:OneForAll","hubris:FruitBowl","hubris:PeanutButter","hubris:Potato"],"campfire_rested":0,"item_purchase_floors":[3,5,5,5],"current_hp_per_floor":[78,58,58,56,1,0,0],"gold":75,"neow_bonus":"ONE_RANDOM_RARE_CARD","is_daily":false,"chose_seed":false,"campfire_upgraded":0,"win_rate":0.0,"timestamp":1611041176,"path_taken":["M","?","$","?","?","E"],"items_purchased_type":["Card","Relic","Relic","Relic"],"build_version":"2020-12-22","purchased_purges":0,"victory":false,"max_hp_per_floor":[80,80,80,80,80,80,80],"card_choices":[{"not_picked":["Clothesline","Headbutt"],"picked":"Anger","floor":1},{"not_picked":["Replay:Undeath\u0027s Touch","Body Slam"],"picked":"Thunderclap","floor":2},{"not_picked":["Fire Breathing","Body Slam","Rupture"],"picked":"SKIP","floor":4}],"player_experience":383520,"relics_obtained":[],"event_choices":[],"is_beta":false,"boss_relics":[],"items_purged_floors":[],"is_endless":false,"potions_floor_spawned":[1,4],"killed_by":"HollowMod:MossKnight","ascension_level":1}}