{"host":"hszimsrtxxc2k25w","time":1611042949,"event":{"mods":["AchievementEnabler","BaseMod","Colored Map","DeckTracker","Minty Spire (QoL Compilation)","Rare Cards Sparkle","SuperFastMode"],"gold_per_floor":[118,118,118,130,130,142,185,197,235,297,324,336,359,390,402,414,414],"floor_reached":16,"language":"KOR","playtime":259,"items_purged":[],"score":238,"play_id":"745abfd4-87de-4581-af15-9434cf792ce0","local_time":"20210119165549","is_ascension_mode":true,"campfire_choices":[{"floor":6,"key":"REST"},{"data":"Deadly Poison","floor":8,"key":"SMITH"},{"data":"Dash","floor":12,"key":"SMITH"},{"floor":15,"key":"REST"}],"circlet_count":0,"master_deck":["AscendersBane","Strike_G","Strike_G","Strike_G","Strike_G","Defend_G","Defend_G+1","Defend_G","Defend_G","Defend_G","Survivor+1","Neutralize","Expertise","Deadly Poison+1","Dash+1","Tactician","Riddle With Holes"],"relics":["Ring of the Snake","NeowsBlessing","War Paint","MawBank","Omamori","Boot"],"acts_visited":["Exordium"],"potions_floor_usage":[],"damage_taken":[{"damage":0,"enemies":"2 Louse","floor":1,"turns":1},{"damage":0,"enemies":"Jaw Worm","floor":4,"turns":1},{"damage":0,"enemies":"Gremlin Nob","floor":7,"turns":1},{"damage":0,"enemies":"Small Slimes","floor":11,"turns":3},{"damage":24,"enemies":"Gremlin Gang","floor":13,"turns":5},{"damage":3,"enemies":"Lots of Slimes","floor":14,"turns":5},{"damage":32,"enemies":"The Guardian","floor":16,"turns":9}],"seed_played":"4547841973157123132","potions_obtained":[{"floor":1,"key":"BlessingOfTheForge"},{"floor":7,"key":"Strength Potion"}],"is_trial":false,"path_per_floor":["M","?","?","M","T","R","E","R","T","?","M","R","M","M","R","B"],"character_chosen":"THE_SILENT","items_purchased":[],"campfire_rested":2,"item_purchase_floors":[],"current_hp_per_floor":[59,52,17,17,17,36,36,36,36,36,36,36,12,9,28,0,0],"gold":414,"neow_bonus":"THREE_ENEMY_KILL","is_daily":false,"chose_seed":false,"campfire_upgraded":2,"win_rate":0.0,"timestamp":1611042949,"path_taken":["M","?","?","M","?","R","E","R","T","?","M","R","M","M","R","BOSS"],"items_purchased_type":[],"build_version":"2020-12-22","purchased_purges":0,"victory":false,"max_hp_per_floor":[66,66,66,66,66,66,66,66,66,66,66,66,66,66,66,66,66],"card_choices":[{"not_picked":["Catalyst","Finisher"],"picked":"Expertise","floor":1},{"not_picked":["Deflect","Dodge and Roll"],"picked":"Deadly Poison","floor":4},{"not_picked":["Deadly Poison","Terror"],"picked":"Dash","floor":7},{"not_picked":["Leg Sweep","Backflip"],"picked":"Tactician","floor":11},{"not_picked":["Dodge and Roll","Dagger Throw"],"picked":"Riddle With Holes","floor":13},{"not_picked":["Heel Hook","Riddle With Holes","Setup"],"picked":"SKIP","floor":14}],"player_experience":621648,"relics_obtained":[{"floor":5,"key":"MawBank"},{"floor":7,"key":"Omamori"},{"floor":9,"key":"Boot"}],"event_choices":[{"cards_removed":["Strike_G"],"damage_healed":0,"gold_gain":0,"player_choice":"Card Removal","damage_taken":7,"max_hp_gain":0,"max_hp_loss":0,"event_name":"Golden Wing","floor":2,"gold_loss":0},{"damage_healed":0,"gold_gain":0,"player_choice":"Success","damage_taken":35,"relics_obtained":["War Paint"],"max_hp_gain":0,"max_hp_loss":0,"event_name":"Scrap Ooze","floor":3,"gold_loss":0},{"damage_healed":0,"gold_gain":50,"player_choice":"Pray","damage_taken":0,"max_hp_gain":0,"max_hp_loss":0,"event_name":"Golden Shrine","floor":10,"gold_loss":0}],"is_beta":false,"boss_relics":[],"items_purged_floors":[],"is_endless":false,"potions_floor_spawned":[1,7],"killed_by":"The Guardian","ascension_level":18}}