{"host":"9jskdx4t2il7kdto","time":1611074789,"event":{"mods":["AchievementEnabler","Act Like it!","BaseMod","Card Forge","Colored Powertips","Highlight Path","Minty Spire (QoL Compilation)","Replay The Spire","StSLib","UnlockEverythingMod"],"gold_per_floor":[118,118,118,138,162,162,200,225,225,240,256,271,49,74,74,193,193,218,308,308,328,343,372,383,411,479,497,516,48,48,48,48,147,147,163,15,15,15,30,30,30,30,30],"floor_reached":42,"language":"ENG","playtime":1494,"items_purged":["Strike_R","Defend_R"],"score":565,"play_id":"eedab72a-f9e8-4662-bb08-7eeb1aee4b05","local_time":"20210119104629","is_ascension_mode":true,"campfire_choices":[{"data":"ReplayTheSpireMod:Limb From Limb","floor":6.0,"key":"SMITH"},{"data":"Double Tap","floor":15.0,"key":"SMITH"},{"floor":30,"key":"REST"},{"data":"1","floor":32,"key":"LIFT"},{"data":"Apotheosis","floor":40,"key":"SMITH"}],"circlet_count":0,"master_deck":["Strike_R","Strike_R","Strike_R","Strike_R","Defend_R","Defend_R","Defend_R","Shrug It Off","Eruption+1","ReplayTheSpireMod:Limb From Limb+1","ClearTheMind+1","Flame Barrier","Armaments","Double Tap+1","Fiend Fire","Replay:Undeath\u0027s Touch+1","ReplayTheSpireMod:Corrosion Curse+1","True Grit","Whirlwind+1","Run Through","Disarm","Flame Barrier","Life Link","ReplayTheSpireMod:Stacked","Demon Form","Panache","Apotheosis+1"],"relics":["Hammer of Thor","Seething Fire","Anvil of the Gods","Mark of Pain","Bloody Idol","Gremlin Horn","Odd Mushroom","Happy Flower","Nunchaku","Black Star","Pet Ghost","Mummified Hand","Prayer Wheel","Akabeko","Question Card","Girya","Ring of Chaos","ReplayFunnel","ReplayTheSpireMod:Ring of Exchange","Ring of Panic"],"acts_visited":["Exordium","TheCity","TheBeyond"],"potions_floor_usage":[],"damage_taken":[{"damage":6.0,"enemies":"2 Louse","floor":1.0,"turns":3.0},{"damage":3.0,"enemies":"Jaw Worm","floor":4.0,"turns":4.0},{"damage":0.0,"enemies":"Cultist","floor":5.0,"turns":1.0},{"damage":0.0,"enemies":"Lagavulin","floor":7.0,"turns":3.0},{"damage":0.0,"enemies":"The Mushroom Lair","floor":8.0,"turns":3.0},{"damage":0.0,"enemies":"Looter","floor":10.0,"turns":1.0},{"damage":2.0,"enemies":"Blue Slaver","floor":11.0,"turns":4.0},{"damage":6.0,"enemies":"Large Slime","floor":12.0,"turns":3.0},{"damage":0.0,"enemies":"Slime Boss","floor":16.0,"turns":3.0},{"damage":10.0,"enemies":"Chosen","floor":18.0,"turns":3.0},{"damage":0.0,"enemies":"3 Byrds","floor":21.0,"turns":5.0},{"damage":7,"enemies":"Centurion and Healer","floor":22,"turns":5},{"damage":36,"enemies":"Slavers","floor":23,"turns":7},{"damage":16,"enemies":"3 Cultists","floor":24,"turns":5},{"damage":0,"enemies":"Gremlin Leader","floor":25,"turns":2},{"damage":9,"enemies":"Snake Plant","floor":27,"turns":2},{"damage":40,"enemies":"Sentry and Sphere","floor":28,"turns":4},{"damage":17,"enemies":"Automaton","floor":33,"turns":6},{"damage":28,"enemies":"3 Darklings","floor":35,"turns":4},{"damage":12,"enemies":"3 Shapes","floor":39,"turns":4},{"damage":0,"enemies":"Spire Growth","floor":42,"turns":2}],"seed_played":"242840486372485909","potions_obtained":[{"floor":4.0,"key":"AttackPotion"},{"floor":8.0,"key":"Adrenaline Potion"},{"floor":11.0,"key":"BlessingOfTheForge"},{"floor":12.0,"key":"FairyPotion"},{"floor":18.0,"key":"GamblersBrew"},{"floor":19.0,"key":"HeartOfIron"},{"floor":19.0,"key":"SneckoOil"},{"floor":23,"key":"Elixir"},{"floor":35,"key":"Energy Potion"}],"is_trial":false,"path_per_floor":["M","?","?","M","M","R","E","?","T","M","M","M","$","T","R","B",null,"M","?","?","M","M","E","M","E","T","M","M","$","R","?","R","B",null,"M","$","?","?","M","R","$","M"],"character_chosen":"IRONCLAD","items_purchased":["Double Tap","Girya","Life Link","ReplayFunnel"],"campfire_rested":1,"item_purchase_floors":[13,29,29,36],"current_hp_per_floor":[74,74,74,71,71,71,71,71,71,71,69,63,63,63,63,63,74,64,64,64,69,67,36,25,30,35,31,27,27,49,49,49,37,74,51,51,46,46,39,39,39,39,39],"gold":30,"neow_bonus":"BOSS_RELIC","is_daily":false,"chose_seed":false,"campfire_upgraded":3,"win_rate":0.0,"timestamp":1611074789,"path_taken":["M","?","?","M","M","R","E","?","T","M","M","M","$","?","R","BOSS","M","?","?","M","?","E","M","E","T","M","?","$","R","?","R","BOSS","M","$","?","?","M","R","$","M"],"items_purchased_type":["Card","Relic","Card","Relic"],"build_version":"2020-12-22","purchased_purges":2,"victory":false,"max_hp_per_floor":[80,74,74,74,74,74,74,74,74,74,74,74,74,74,74,74,74,74,74,74,74,74,74,74,74,74,74,74,74,74,74,74,74,74,74,74,74,74,74,74,74,74,74],"card_choices":[{"not_picked":["ReplayTheSpireMod:Limb From Limb","True Grit"],"picked":"Shrug It Off","floor":1.0},{"not_picked":["Heavy Blade","Clash"],"picked":"ReplayTheSpireMod:Limb From Limb","floor":4.0},{"not_picked":["ReplayTheSpireMod:Strike From Hell","Fiend Fire"],"picked":"Flame Barrier","floor":5.0},{"not_picked":["True Grit","Blood for Blood","Abandon"],"picked":"SKIP","floor":7.0},{"not_picked":["Thunderclap","Perfected Strike","Pommel Strike"],"picked":"SKIP","floor":10.0},{"not_picked":["Sentinel","True Grit"],"picked":"Armaments","floor":11.0},{"not_picked":["Juggernaut","Cleave","Heavy Blade"],"picked":"SKIP","floor":12.0},{"not_picked":["Berserk","Double Tap"],"picked":"Fiend Fire","floor":16.0},{"not_picked":["Flex","Perfected Strike+1"],"picked":"Replay:Undeath\u0027s Touch+1","floor":18.0},{"not_picked":["Heavy Blade","Seeing Red"],"picked":"ReplayTheSpireMod:Corrosion Curse+1","floor":19.0},{"not_picked":["True Grit","Dark Embrace","Hemokinesis+1"],"picked":"SKIP","floor":21.0},{"not_picked":["Sword Boomerang","Clash"],"picked":"True Grit","floor":22},{"not_picked":["Impervious","Entrench"],"picked":"Whirlwind+1","floor":23},{"not_picked":["Dark Embrace","Abandon"],"picked":"Run Through","floor":24},{"not_picked":["Inflame","Heavy Blade"],"picked":"Disarm","floor":25},{"not_picked":["Searing Blow","Battle Trance","Iron Wave+1"],"picked":"Flame Barrier","floor":27},{"not_picked":["ReplayTheSpireMod:Corrosion Curse","Defy Death","Pummel","Cleave"],"picked":"SKIP","floor":27},{"not_picked":["Body Slam","Anger","Replay:Undeath\u0027s Touch+1","Cleave"],"picked":"SKIP","floor":28},{"not_picked":["Cleave+1","Clothesline","Double Tap","Clash"],"picked":"SKIP","floor":28},{"not_picked":["Limit Break","Demonic Infusion","Double Tap"],"picked":"Demon Form","floor":33},{"not_picked":["Clothesline","ReplayTheSpireMod:Stacked","Wild Strike","Warcry+1"],"picked":"SKIP","floor":35},{"not_picked":["Flex","Feel No Pain","Thunderclap","Body Slam+1"],"picked":"SKIP","floor":35},{"not_picked":["Jack Of All Trades","Poisoned Strike","HandOfGreed"],"picked":"Panache","floor":37},{"not_picked":["Blind","Crow Ritual","Bandage Up"],"picked":"Apotheosis","floor":37},{"not_picked":["Combust+1","Clothesline+1","Anger+1","Second Wind"],"picked":"SKIP","floor":39},{"not_picked":["Sword Boomerang","Shrug It Off+1","Dropkick+1","Twin Strike"],"picked":"SKIP","floor":39}],"player_experience":347743,"relics_obtained":[{"floor":7.0,"key":"Gremlin Horn"},{"floor":8.0,"key":"Odd Mushroom"},{"floor":9.0,"key":"Happy Flower"},{"floor":14.0,"key":"Nunchaku"},{"floor":23,"key":"Pet Ghost"},{"floor":23,"key":"Mummified Hand"},{"floor":25,"key":"Prayer Wheel"},{"floor":25,"key":"Akabeko"},{"floor":26,"key":"Question Card"},{"floor":38,"key":"ReplayTheSpireMod:Ring of Exchange"},{"floor":38,"key":"Ring of Panic"}],"event_choices":[{"damage_healed":0.0,"max_hp_gain":0.0,"max_hp_loss":6.0,"gold_gain":0.0,"event_name":"Golden Idol","player_choice":"Lose Max HP","floor":2.0,"gold_loss":0.0,"damage_taken":0.0,"relics_obtained":["Golden Idol"]},{"damage_healed":0.0,"max_hp_gain":0.0,"max_hp_loss":0.0,"gold_gain":0.0,"event_name":"Mushrooms","player_choice":"Fought Mushrooms","floor":8.0,"gold_loss":0.0,"damage_taken":0.0},{"damage_healed":0.0,"max_hp_gain":0.0,"max_hp_loss":0.0,"gold_gain":0.0,"event_name":"Forgotten Altar","player_choice":"Gave Idol","floor":20.0,"relics_lost":["Golden Idol"],"gold_loss":0.0,"damage_taken":0.0,"relics_obtained":["Bloody Idol"]},{"damage_healed":0,"gold_gain":0,"player_choice":"Read","damage_taken":0,"max_hp_gain":0,"max_hp_loss":0,"event_name":"The Library","floor":31,"gold_loss":0,"cards_obtained":["ReplayTheSpireMod:Stacked"]},{"damage_healed":0,"gold_gain":0,"player_choice":"Memory 2","damage_taken":5,"max_hp_gain":0,"max_hp_loss":0,"event_name":"SensoryStone","floor":37,"gold_loss":0}],"is_beta":false,"boss_relics":[{"not_picked":["Ooze Armor","Calling Bell"],"picked":"Black Star"},{"not_picked":["Electric Blood","Abe\u0027s Treasure"],"picked":"Ring of Chaos"}],"items_purged_floors":[13,29],"is_endless":false,"potions_floor_spawned":[4,8,11,12,18,22,23,24,27,35],"killed_by":"Spire Growth","ascension_level":1}}