{"host":"0mk07bycsqo1qk03","time":1611056138,"event":{"mods":["BaseMod","Downfall","Hermit","Hubris","Minty Spire (QoL Compilation)","StSLib","The Cursed"],"gold_per_floor":[349,367,367,367,380,18,44,44,54,65,65,65,65],"floor_reached":11,"language":"ENG","playtime":321,"items_purged":[],"score":72,"play_id":"a147177b-2ac4-4e71-8357-5afd361c4a35","local_time":"20210119123538","is_ascension_mode":true,"campfire_choices":[{"data":"Slimebound:Split","floor":1,"key":"SMITH"},{"data":"expansioncontent:StudyTheSpire","floor":8,"key":"SMITH"}],"circlet_count":0,"master_deck":["Slimebound:Strike_Slimebound","Slimebound:Strike_Slimebound","Slimebound:Strike_Slimebound","Slimebound:Tackle","Slimebound:Defend_Slimebound","Slimebound:Defend_Slimebound","Slimebound:Defend_Slimebound","Slimebound:Defend_Slimebound","Slimebound:Split+1","Slimebound:CorrosiveSpit","Slimebound:RollThrough","Slimebound:SlimeSpikes","Slimebound:FinishingTackle","expansioncontent:StudyTheSpire+1","Slimebound:Grow","Slimebound:DouseInSlime"],"relics":["Slimebound:AbsorbEndCombat","hubris:Towel","Bag of Marbles","Vajra"],"acts_visited":["Exordium"],"potions_floor_usage":[11],"damage_taken":[{"damage":2,"enemies":"Jaw Worm","floor":2,"turns":3},{"damage":8,"enemies":"2 Louse","floor":5,"turns":3},{"damage":3,"enemies":"downfall:FleeingMerchant","floor":6,"turns":4},{"damage":1,"enemies":"Cultist","floor":9,"turns":3},{"damage":5,"enemies":"3 Louse","floor":10,"turns":3},{"damage":25,"enemies":"Gremlin Nob","floor":11,"turns":4}],"seed_played":"-856285418850735025","potions_obtained":[{"floor":4,"key":"Slimebound:SpawnSlimePotion"},{"floor":4,"key":"SpeedPotion"},{"floor":4,"key":"FairyPotion"},{"floor":10,"key":"Strength Potion"}],"is_trial":false,"path_per_floor":["R","M","?","?","M","$","T","R","M","M","E"],"character_chosen":"SLIMEBOUND","items_purchased":["expansioncontent:StudyTheSpire","Bag of Marbles"],"campfire_rested":0,"item_purchase_floors":[6,6],"current_hp_per_floor":[47,51,51,51,45,50,50,50,51,46,21,21,21],"gold":65,"neow_bonus":"TWO_FIFTY_GOLD","is_daily":false,"chose_seed":false,"campfire_upgraded":2,"win_rate":0.0,"timestamp":1611056138,"path_taken":["R","M","?","?","?","$","T","R","M","M","E"],"items_purchased_type":["Card","Relic"],"build_version":"2020-12-22","purchased_purges":0,"victory":false,"max_hp_per_floor":[65,65,65,65,65,65,65,65,65,65,65,65,65],"card_choices":[{"not_picked":["Slimebound:ItLooksTasty","Slimebound:Replication"],"picked":"Slimebound:RollThrough","floor":2},{"not_picked":["Slimebound:Prepare","Slimebound:LeechingTouch"],"picked":"Slimebound:SlimeSpikes","floor":5},{"not_picked":["Slimebound:SpikyOuterGoop","Slimebound:GoopTackle"],"picked":"Slimebound:FinishingTackle","floor":6},{"not_picked":["Slimebound:GrowthPunch","Slimebound:SplitMire"],"picked":"Slimebound:Grow","floor":9},{"not_picked":["Slimebound:SlimeTap","Slimebound:Schlurp"],"picked":"Slimebound:DouseInSlime","floor":10}],"player_experience":917891,"relics_obtained":[{"floor":7,"key":"Vajra"}],"event_choices":[{"damage_healed":0,"gold_gain":0,"player_choice":"Got Potions","damage_taken":0,"max_hp_gain":0,"max_hp_loss":0,"event_name":"Lab","floor":4,"gold_loss":0}],"is_beta":false,"boss_relics":[],"items_purged_floors":[],"is_endless":false,"potions_floor_spawned":[10],"killed_by":"Gremlin Nob","ascension_level":3}}