{"host":"xjs3b8lu14idcd3l","time":1611070683,"event":{"mods":["Act Like it!","BaseMod","CapriCore","Friendly Minions","Gensokyo","Kiyohime£®«Âºß£©","Koishi","Marisa£®ÏF”Í°°ƒß¿Ì…≥£©","Minty Spire (QoL Compilation)","Prisma Mod","Reimu£®≤©¿ˆ¡È√Œ£©","Remilia£®¿Ÿ√◊¿Ú—«£©","Replay The Spire","StSLib","The Administrix","The Immortal","The Servant 0.9.4","Youmu£®ªÍ∆«—˝√Œ£©","Yuyuko"],"gold_per_floor":[319,319,335,416,433,465,465,465,465,482,493,493,18,50,50,50,50],"floor_reached":16,"language":"ZHS","playtime":750,"items_purged":["Defend_S"],"score":135,"play_id":"ee0dd5f4-6cf2-4015-bdc5-f9513327fa62","local_time":"20210119233803","is_ascension_mode":false,"campfire_choices":[{"data":"Misdirection","floor":7,"key":"SMITH"},{"data":"WasteNot","floor":12,"key":"SMITH"},{"floor":15,"key":"DIG"}],"circlet_count":0,"master_deck":["Strike_S","Strike_S","Strike_S","Strike_S","Defend_S","Defend_S","Defend_S","KidneyShot","Exchange","TimeTheft","Unruled+1","Defy","Luminosity","Misdirection+1","WasteNot+1","BottledTime","Moondial"],"relics":["Uniform","Old Coin","Lantern","ReplayTheSpireMod:Shallot","CrazyTorch:ReiMu","HandDrill","Gremlin Horn","Replay:Multitool","Garlic"],"acts_visited":["Gensokyo:Gensokyo"],"potions_floor_usage":[6,6,16],"damage_taken":[{"damage":3,"enemies":"Gensokyo:2_Kodama","floor":1,"turns":4},{"damage":4,"enemies":"Gensokyo:Gryphon","floor":3,"turns":4},{"damage":0,"enemies":"Gensokyo:Python","floor":5,"turns":3},{"damage":2,"enemies":"Gensokyo:Aya","floor":6,"turns":7},{"damage":2,"enemies":"Gensokyo:VengefulSpirit","floor":10,"turns":5},{"damage":2,"enemies":"Gensokyo:2_Rabbits","floor":11,"turns":4},{"damage":0,"enemies":"Gensokyo:Cirno","floor":14,"turns":6},{"damage":17,"enemies":"Gensokyo:Yukari","floor":16,"turns":10}],"seed_played":"-4733821889044711126","potions_obtained":[{"floor":1,"key":"ZuzhouPotion:ReiMu"},{"floor":4,"key":"Flashbang"},{"floor":4,"key":"BlessingOfTheForge"},{"floor":14,"key":"BlessingOfTheForge"}],"is_trial":false,"path_per_floor":["M","?","M","?","M","E","R","?","T","M","M","R","$","E","R","B"],"character_chosen":"THE_SERVANT","items_purchased":["HandDrill","Gremlin Horn"],"campfire_rested":0,"item_purchase_floors":[13,13],"current_hp_per_floor":[62,62,58,32,32,30,30,30,30,28,26,26,26,26,26,9,9],"gold":50,"neow_bonus":"ONE_RARE_RELIC","is_daily":false,"chose_seed":false,"campfire_upgraded":2,"win_rate":0.0,"timestamp":1611070683,"path_taken":["M","?","M","?","M","E","R","?","T","?","M","R","?","E","R","BOSS"],"items_purchased_type":["Relic","Relic"],"build_version":"2020-12-22","purchased_purges":1,"victory":false,"max_hp_per_floor":[65,65,65,65,65,65,65,65,65,65,65,65,65,65,65,65,65],"card_choices":[{"not_picked":["Potential","Ricochet"],"picked":"TimeTheft","floor":1},{"not_picked":["Alleviate","WasteNot"],"picked":"Defy","floor":3},{"not_picked":["InstantArmor","ShatteredReality"],"picked":"Luminosity","floor":4},{"not_picked":["SurpressingFire","Rearm","FastForward"],"picked":"SKIP","floor":5},{"not_picked":["Deny","GearUp"],"picked":"Misdirection","floor":6},{"not_picked":["TimeTheft","Ricochet"],"picked":"WasteNot","floor":10},{"not_picked":["Rearm","PendulumOfEternity"],"picked":"BottledTime","floor":11},{"not_picked":["BottledTime","Spin"],"picked":"Moondial","floor":14}],"player_experience":173498,"relics_obtained":[{"floor":4,"key":"Lantern"},{"floor":6,"key":"ReplayTheSpireMod:Shallot"},{"floor":9,"key":"CrazyTorch:ReiMu"},{"floor":14,"key":"Replay:Multitool"},{"floor":15,"key":"Garlic"}],"event_choices":[],"is_beta":false,"boss_relics":[],"items_purged_floors":[13],"is_endless":false,"potions_floor_spawned":[1,14],"killed_by":"Gensokyo:Yukari","ascension_level":0}}