{"host":"kq2g769nefmuyn7c","time":1611053278,"event":{"mods":["ATMod(°¢èªMod)","Act Like it!","BaseMod","Gensokyo","Koishi","Minty Spire (QoL Compilation)","Remilia£¨ÀÙÃ×ÀòÑÇ£©","Replay The Spire","StSLib","The Servant 0.9.4"],"gold_per_floor":[113,113,131,145,35,35,63,63,63,63,89,108,108,8,8,82,82,94,105,115,64,164,192,192,220,220,220,246,266,266,296,296,375,375,393,393,393,174,192,270,310,310,366,400,415,426,445,471,471,471,471],"floor_reached":50,"language":"ZHS","playtime":3410,"items_purged":["Strike_RM"],"score":1387,"play_id":"c0d02a9c-31a6-404b-9f03-0ab1a838b26a","local_time":"20210119184758","is_ascension_mode":true,"campfire_choices":[{"data":"EternalNight","floor":6.0,"key":"SMITH"},{"data":"AT_FamilyPortrait","floor":8.0,"key":"SMITH"},{"data":"RedMoon","floor":10.0,"key":"SMITH"},{"data":"MillenniumVampire","floor":13.0,"key":"SMITH"},{"floor":15.0,"key":"DIG"},{"data":"ScarletShoot","floor":24.0,"key":"SMITH"},{"data":"Gensokyo:MenInBlack","floor":32.0,"key":"SMITH"},{"data":"RedRainbow","floor":42.0,"key":"SMITH"}],"circlet_count":0,"master_deck":["AscendersBane","Strike_RM","Strike_RM","Defend_RM","Defend_RM","RedMoon+1","ScarletShoot+1","AT_FamilyPortrait+1","MillenniumVampire+1","EternalNight+1","NightDance+1","ChaoticDestiny+1","MastersStateliness+1","DiffusionOfMisfortune","VampireFantasy+1","TwelveNightmare+1","TwelveNightmare+1","Amnesia","Gensokyo:MenInBlack+1","MillenniumVampire","ScarletCoffin+1","Gensokyo:PrivateSquare+1","Pride","Gensokyo:Dawn+1","ScarletNetherworld+1","Languid","HunterOfTheNight+1","RedRainbow+1","Pain","BloodyHallows+1"],"relics":["ScarletHat","AT_ATBox","NeowsBlessing","Golden Egg","Frozen Egg 2","Replay:Bottled Snecko","Singing Bowl","Pondfish Scales","Cursed Key","Replay:Kaleidoscope","Turnip","Gremlin Horn","AntiCross","Iron Hammer","Toy Ornithopter","Gensokyo:MosesMiracle","APieceOfRedMist","AT_ChloranthyRing","CeramicFish","Bronze Scales","AT_BellDemon","AT_EbonyIvory","Replay:Towering Pillar of Hats","RedBat","AT_SilvercatRing","Bottled Lightning","Akabeko","Molten Egg 2","Durian"],"acts_visited":["Gensokyo:Gensokyo","Gensokyo:Gensokyoer","Gensokyo:Gensokyoest"],"potions_floor_usage":[50],"damage_taken":[{"damage":0.0,"enemies":"Gensokyo:2_Kodama","floor":1.0,"turns":2.0},{"damage":0.0,"enemies":"Gensokyo:3_Fairies","floor":3.0,"turns":2.0},{"damage":0.0,"enemies":"Gensokyo:Python","floor":4.0,"turns":2.0},{"damage":1.0,"enemies":"Gensokyo:Aya","floor":7.0,"turns":6.0},{"damage":0.0,"enemies":"Gensokyo:Cirno","floor":11.0,"turns":4.0},{"damage":4.0,"enemies":"Gensokyo:CorruptedTreant","floor":12.0,"turns":2.0},{"damage":0.0,"enemies":"Gensokyo:Yukari","floor":16.0,"turns":9.0},{"damage":0.0,"enemies":"Gensokyo:Chomper","floor":18.0,"turns":3.0},{"damage":2.0,"enemies":"Gensokyo:AngelMirror","floor":19.0,"turns":3.0},{"damage":25.0,"enemies":"Gensokyo:Slime_Group","floor":20.0,"turns":4.0},{"damage":0.0,"enemies":"","floor":22.0,"turns":7.0},{"damage":54.0,"enemies":"Gensokyo:Tenshi","floor":23.0,"turns":4.0},{"damage":1.0,"enemies":"Gensokyo:Koishi","floor":25.0,"turns":6.0},{"damage":6.0,"enemies":"Gensokyo:Tenshi","floor":28.0,"turns":4.0},{"damage":2.0,"enemies":"Gensokyo:Chomper_and_Gloop","floor":29.0,"turns":3.0},{"damage":0.0,"enemies":"Gensokyo:Koishi","floor":31.0,"turns":4.0},{"damage":24.0,"enemies":"Gensokyo:Eiki","floor":33.0,"turns":6.0},{"damage":0.0,"enemies":"Gensokyo:3_Boulders","floor":35.0,"turns":4.0},{"damage":0.0,"enemies":"Gensokyo:3_Boulders","floor":37.0,"turns":8.0},{"damage":6.0,"enemies":"Gensokyo:3_Bats","floor":39.0,"turns":3.0},{"damage":0.0,"enemies":"Gensokyo:Kasen","floor":41.0,"turns":5.0},{"damage":45.0,"enemies":"Gensokyo:Marisa","floor":44.0,"turns":3.0},{"damage":0.0,"enemies":"Gensokyo:AtlasGolem","floor":45.0,"turns":3.0},{"damage":10,"enemies":"Gensokyo:4_Bats","floor":46,"turns":2},{"damage":0,"enemies":"Gensokyo:3_Boulders","floor":47,"turns":2},{"damage":14,"enemies":"Gensokyo:Doremy","floor":48,"turns":4},{"damage":163,"enemies":"Gensokyo:Scarlet_Devils","floor":50,"turns":4}],"seed_played":"3032092771421728770","potions_obtained":[{"floor":1.0,"key":"BlessingOfTheForge"},{"floor":3.0,"key":"ColorlessPotion"},{"floor":16.0,"key":"DistilledChaos"},{"floor":28.0,"key":"Adrenaline Potion"},{"floor":40.0,"key":"Fruit Juice"},{"floor":41.0,"key":"Strength Potion"}],"is_trial":false,"path_per_floor":["M","?","M","M","$","R","E","R","T","R","E","M","R","?","R","B",null,"M","M","M","$","?","E","R","E","T","?","E","M","?","E","R","B",null,"M","?","?","$","M","?","E","R","T","E","M","M","M","E","R","B"],"character_chosen":"REMILIA","items_purchased":["EternalNight","NightDance+1","TwelveNightmare+1","AT_ChloranthyRing"],"campfire_rested":0,"item_purchase_floors":[5,5,21,38],"current_hp_per_floor":[64,36,36,36,36,36,37,37,37,37,37,34,34,34,34,46,64,70,71,55,55,76,38,38,52,52,52,60,69,69,74,74,76,76,78,78,78,78,78,78,83,83,83,49,67,77,89,91,60,0,0],"gold":471,"neow_bonus":"THREE_ENEMY_KILL","is_daily":false,"chose_seed":false,"campfire_upgraded":7,"win_rate":0.0,"timestamp":1611053278,"path_taken":["M","?","M","M","$","R","E","R","T","R","E","M","R","?","R","BOSS","M","M","M","$","?","E","R","E","T","?","E","?","?","E","R","BOSS","M","?","?","$","M","?","E","R","T","E","?","M","M","E","R","BOSS"],"items_purchased_type":["Card","Card","Card","Relic"],"build_version":"2020-12-22","purchased_purges":1,"victory":false,"max_hp_per_floor":[70,70,70,70,70,70,70,70,70,70,70,70,70,70,70,70,70,72,74,74,74,76,78,78,80,80,72,74,76,76,76,76,76,76,78,78,78,78,78,78,83,83,83,83,85,87,89,91,96,96,96],"card_choices":[{"not_picked":["ScarletImprint","ForbiddenFruit","UnderTheZenith"],"picked":"SKIP","floor":1.0},{"not_picked":["BlasphemousPunishment","EndlessAdversity"],"picked":"MillenniumVampire","floor":3.0},{"not_picked":["ForbiddenFruit","ScarletDevil","CharismaGuard"],"picked":"SKIP","floor":4.0},{"not_picked":["MillenniumVampire","RedRainbow"],"picked":"ChaoticDestiny","floor":7.0},{"not_picked":["ScarletDevil","EndlessAdversity"],"picked":"MastersStateliness+1","floor":11.0},{"not_picked":["SuperhumanBloodyKnife","BadLadyScramble"],"picked":"DiffusionOfMisfortune","floor":12.0},{"not_picked":["ScarletMeister+1","ChaoticDestiny"],"picked":"TricksterDevil+1","floor":16.0},{"not_picked":["NightDance","UnstableMagic","SuperhumanBloodyKnife"],"picked":"Singing Bowl","floor":18.0},{"not_picked":["BlasphemousPunishment+1","EmergencyRegeneration","Septette"],"picked":"Singing Bowl","floor":19.0},{"not_picked":["CharismaGuard+1","NightDance"],"picked":"VampireFantasy+1","floor":20.0},{"not_picked":["ScarletImprint","VampireKiss","ScarletDevil"],"picked":"Singing Bowl","floor":22.0},{"not_picked":["MastersStateliness+1","DiffusionOfMisfortune","FavorOfDestiny+1"],"picked":"Singing Bowl","floor":23.0},{"not_picked":["VampireKiss","BloodHunter","FavorOfDestiny"],"picked":"Singing Bowl","floor":25.0},{"not_picked":["Gensokyo:MissMary","Gensokyo:Kunekune"],"picked":"Gensokyo:MenInBlack","floor":27.0},{"not_picked":["CeilingFear","VampireKiss","BloodHunter"],"picked":"Singing Bowl","floor":28.0},{"not_picked":["ScarletDevil","UnstableMagic+1","BadLadyScramble"],"picked":"Singing Bowl","floor":29.0},{"not_picked":["MiserableFate","RedMagic"],"picked":"MillenniumVampire","floor":31.0},{"not_picked":["HellCatastrophe","DemonKingCradle+1"],"picked":"ScarletCoffin","floor":33.0},{"not_picked":["ScarletDevil","UnderTheZenith","ScarletImprint"],"picked":"Singing Bowl","floor":35.0},{"not_picked":["Gensokyo:UnlikelyAid+1","Gensokyo:RainbowDanmaku+1"],"picked":"Gensokyo:Dawn+1","floor":37.0},{"not_picked":["CharismaGuard+1","Maim"],"picked":"ScarletNetherworld+1","floor":39.0},{"not_picked":["StarOfDavid+1","ScarletDevil"],"picked":"HunterOfTheNight+1","floor":40.0},{"not_picked":["EmergencyRegeneration","ScarletDevil"],"picked":"RedRainbow","floor":41.0},{"not_picked":["HunterOfTheNight","NightDance"],"picked":"BloodyHallows","floor":44.0},{"not_picked":["GlobalNightmare","ScarletDevil","BlasphemousPunishment"],"picked":"Singing Bowl","floor":45.0},{"not_picked":["ScarletDevil","BlasphemousPunishment","RedMagic+1"],"picked":"Singing Bowl","floor":46},{"not_picked":["BloodyTrap","VampireKiss","NightLord+1"],"picked":"Singing Bowl","floor":47},{"not_picked":["RedNightlessCastle+1","MastersStateliness+1","BloodyTrap"],"picked":"Singing Bowl","floor":48}],"player_experience":273943,"relics_obtained":[{"floor":7.0,"key":"Golden Egg"},{"floor":9.0,"key":"Frozen Egg 2"},{"floor":11.0,"key":"Replay:Bottled Snecko"},{"floor":15.0,"key":"Pondfish Scales"},{"floor":22.0,"key":"Replay:Kaleidoscope"},{"floor":22.0,"key":"Turnip"},{"floor":23.0,"key":"Gremlin Horn"},{"floor":25.0,"key":"AntiCross"},{"floor":26.0,"key":"Iron Hammer"},{"floor":28.0,"key":"Toy Ornithopter"},{"floor":35.0,"key":"Gensokyo:MosesMiracle"},{"floor":40.0,"key":"CeramicFish"},{"floor":41.0,"key":"Bronze Scales"},{"floor":43.0,"key":"AT_BellDemon"},{"floor":44.0,"key":"AT_EbonyIvory"},{"floor":44.0,"key":"Replay:Towering Pillar of Hats"},{"floor":45.0,"key":"RedBat"},{"floor":46,"key":"AT_SilvercatRing"},{"floor":47,"key":"Bottled Lightning"},{"floor":48,"key":"Akabeko"},{"floor":48,"key":"Molten Egg 2"}],"event_choices":[],"is_beta":false,"boss_relics":[{"not_picked":["Philosopher\u0027s Stone","Velvet Choker"],"picked":"Cursed Key"},{"not_picked":["Honey Jar","Kintsugi"],"picked":"APieceOfRedMist"}],"items_purged_floors":[38],"is_endless":false,"potions_floor_spawned":[1,3,16,20,28,29,31,33,41,45,46],"killed_by":"Gensokyo:Scarlet_Devils","ascension_level":14}}