{"host":"x5f1tqaeuayhyra6","time":1611082020,"event":{"mods":["Bartender","BaseMod","Card Filter","CatGirl Mod","Colored Map","Custom Start","Downfall","GifTheSpireLib","Halation","Hermit","Hubris","Infinite Spire","Marisa????????","Minty Spire (QoL Compilation)","Random Character Button","Relic Filter","StSLib","The Administrix","The Animator","The Construct","The Cursed","The Disciple","The Runesmith"],"gold_per_floor":[99,99,99,99,199,199,199,219,219,219,219],"floor_reached":9,"language":"ENG","playtime":275,"items_purged":[],"score":149,"play_id":"a5bf033d-873d-4d98-b6db-4b71584e25e5","local_time":"20210119154700","is_ascension_mode":true,"campfire_choices":[{"floor":1,"key":"RECALL"}],"circlet_count":0,"master_deck":["hexamod:Strike","hexamod:Strike","hexamod:Strike","hexamod:Strike","hexamod:Defend","hexamod:Defend","hexamod:Defend","hexamod:Defend","hexamod:Sear","hexamod:Float","hexamod:HeatCrush","hexamod:Haunt","hexamod:SpectersWail","hubris:Wrath","downfall:Bewildered","hubris:Lust","animator:Curse_Nutcracker","hubris:Lust","hexamod:FlameSwitch","TheCursedMod:Dregs","Writhe","downfall:Bewildered","hexamod:FastForward"],"relics":["hexamod:SpiritBrand","downfall:HeartsMalice","Cursed Key","infinitespire:Lucky Rock","Bottled Flame"],"acts_visited":["Exordium"],"potions_floor_usage":[],"damage_taken":[{"damage":0,"enemies":"Jaw Worm","floor":2,"turns":1},{"damage":0,"enemies":"2 Louse","floor":3,"turns":1},{"damage":0,"enemies":"Cultist","floor":4,"turns":1},{"damage":19,"enemies":"Blue Slaver","floor":8,"turns":3},{"damage":49,"enemies":"Lagavulin","floor":9,"turns":6}],"seed_played":"-3889754821274744705","potions_obtained":[{"floor":8,"key":"Dexterity Potion"}],"is_trial":false,"path_per_floor":["R","M","M","M","?","?","T","M","E"],"character_chosen":"THE_SPIRIT","items_purchased":[],"campfire_rested":0,"item_purchase_floors":[],"current_hp_per_floor":[70,70,70,70,75,63,63,44,0,0,0],"gold":219,"neow_bonus":"THREE_ENEMY_KILL","is_daily":false,"chose_seed":false,"campfire_upgraded":0,"win_rate":0.0,"timestamp":1611082020,"path_taken":["R","M","M","M","?","?","T","M","E"],"items_purchased_type":[],"build_version":"2020-12-22","purchased_purges":0,"victory":false,"max_hp_per_floor":[70,70,70,70,75,75,75,75,75,75,75],"card_choices":[{"not_picked":["hexamod:HauntingEcho","hexamod:ThermalTransfer"],"picked":"hexamod:HeatCrush","floor":2},{"not_picked":["hexamod:GhostLash","hexamod:NightmareGuise"],"picked":"hexamod:Haunt","floor":3},{"not_picked":["hexamod:BacktrackSmack","hexamod:ThermalTransfer"],"picked":"hexamod:SpectersWail","floor":4},{"not_picked":["hexamod:NightmareGuise","hexamod:BacktrackSmack"],"picked":"hexamod:FastForward","floor":8}],"player_experience":236973,"relics_obtained":[{"floor":7,"key":"Bottled Flame"}],"event_choices":[{"damage_healed":0,"gold_gain":0,"player_choice":"Success","damage_taken":12,"relics_obtained":["infinitespire:Lucky Rock"],"max_hp_gain":0,"max_hp_loss":0,"event_name":"Scrap Ooze","floor":6,"gold_loss":0}],"is_beta":false,"boss_relics":[],"items_purged_floors":[],"is_endless":false,"potions_floor_spawned":[8],"killed_by":"Lagavulin","ascension_level":1}}