{"host":"dlqyscxstsnu98l1","time":1611074320,"event":{"mods":["AchievementEnabler","BaseMod","Bestiary","Colored Map","Colored Powertips","Conspire","GifTheSpireLib","Highlight Path","Minty Spire (QoL Compilation)","Random Character Button","Replay The Spire","SacredBarkPlus","StSLib"],"gold_per_floor":[110,121,121,136,136,136,171,184,184,52,52,86,16,27,27,132,132,143,159,159,176,193,193,228,228,252,252,252,252,271,271,20,34,34,130,130,146,156,173,48,102,102,122,122,122,122,122,140,153,153,153],"floor_reached":50,"language":"ENG","playtime":2513,"items_purged":["Strike_G","Strike_R","Strike_R"],"score":684,"play_id":"82960d6b-0c31-4145-b846-232bd42d7d44","local_time":"20210119103840","is_ascension_mode":true,"campfire_choices":[{"data":"Combust","floor":6,"key":"SMITH"},{"data":"Barricade","floor":11,"key":"SMITH"},{"data":"Rupture","floor":15,"key":"SMITH"},{"floor":23,"key":"REST"},{"floor":25,"key":"REST"},{"data":"Heavy Blade","floor":34,"key":"SMITH"},{"floor":42,"key":"REST"},{"floor":47,"key":"REST"}],"circlet_count":0,"master_deck":["Strike_R","Strike_R","Strike_R","Defend_R","Defend_R","Bash","Survivor","Combust+1","Barricade+1","Shrug It Off","Power Through","Power Through","Rupture+1","Hemokinesis","Demon Form","AbeCurse","Combust","Heavy Blade+1","ReplayTheSpireMod:Stacked","Spot Weakness","Body Slam","ReplayReversal","Ghostly Armor","Impervious","Ghostly Armor+1","ReplayTheSpireMod:Splinters","Demon Form","CommonCold","Sword Boomerang"],"relics":["Black Blood","Dream Catcher","Pear","CaptainsWheel","Abe\u0027s Treasure","conspire:InfiniteJournal","Akabeko","Peace Pipe","Regal Pillow","Paper Frog","ReplayTheSpireMod:Ring of Collecting","ReplayTheSpireMod:Ring of Addiction","White Beast Statue","SacredBark","Ring of Peace","Golden Egg"],"acts_visited":["Exordium","TheCity","TheBeyond"],"potions_floor_usage":[12,24,43,48,49,49,50,50],"damage_taken":[{"damage":14,"enemies":"Small Slimes","floor":1,"turns":4},{"damage":5,"enemies":"conspire:RoseBush","floor":2,"turns":3},{"damage":5,"enemies":"Jaw Worm","floor":4,"turns":4},{"damage":34,"enemies":"Gremlin Nob","floor":7,"turns":4},{"damage":29,"enemies":"Large Slime","floor":8,"turns":6},{"damage":13,"enemies":"Replay:BlueRogue","floor":12,"turns":5},{"damage":9,"enemies":"Red Slaver","floor":14,"turns":6},{"damage":13,"enemies":"Slime Boss","floor":16,"turns":9},{"damage":6,"enemies":"Chosen","floor":18,"turns":5},{"damage":22,"enemies":"Shell Parasite","floor":19,"turns":6},{"damage":25,"enemies":"Centurion and Healer","floor":21,"turns":7},{"damage":47,"enemies":"Snake Plant","floor":22,"turns":6},{"damage":41,"enemies":"Book of Stabbing","floor":24,"turns":7},{"damage":7,"enemies":"Sentry and Sphere","floor":30,"turns":5},{"damage":0,"enemies":"conspire:HollyBat","floor":33,"turns":7},{"damage":13,"enemies":"conspire:MysteriousRune","floor":35,"turns":9},{"damage":6,"enemies":"Orb Walker","floor":37,"turns":3},{"damage":39,"enemies":"3 Darklings","floor":38,"turns":7},{"damage":66,"enemies":"Transient","floor":39,"turns":5},{"damage":34,"enemies":"Spire Growth","floor":43,"turns":6},{"damage":48,"enemies":"Sphere and 2 Shapes","floor":48,"turns":8},{"damage":58,"enemies":"Maw","floor":49,"turns":9},{"damage":18,"enemies":"Spire Growth","floor":50,"turns":4}],"seed_played":"-661594143943467253","potions_obtained":[{"floor":1,"key":"Elixir"},{"floor":7,"key":"SneckoOil"},{"floor":8,"key":"AttackPotion"},{"floor":12,"key":"FearPotion"},{"floor":16,"key":"PowerPotion"},{"floor":22,"key":"AttackPotion"},{"floor":24,"key":"SneckoOil"},{"floor":35,"key":"Energy Potion"},{"floor":39,"key":"EssenceOfSteel"},{"floor":44,"key":"PowerPotion"},{"floor":48,"key":"GamblersBrew"},{"floor":49,"key":"PowerPotion"}],"is_trial":false,"path_per_floor":["M","M","?","M","?","R","E","M","T","$","R","E","$","M","R","B",null,"M","M","?","M","M","R","E","R","T","PTL","PTL","T","M","?","$","M","R","B",null,"M","M","M","$","?","R","M","?","T","?","R","M","M","M"],"character_chosen":"IRONCLAD","items_purchased":["Power Through","Rupture","Regal Pillow"],"campfire_rested":4,"item_purchase_floors":[10,13,32],"current_hp_per_floor":[88,89,89,90,90,90,62,39,49,49,49,42,42,39,39,32,106,106,90,90,71,30,61,26,57,57,57,57,57,56,56,56,62,62,55,106,106,79,25,25,25,71,49,49,49,49,95,59,13,0,0],"gold":153,"neow_bonus":"TWENTY_PERCENT_HP_BONUS","is_daily":false,"chose_seed":false,"campfire_upgraded":4,"win_rate":0.0,"timestamp":1611074320,"path_taken":["M","M","?","M","?","R","E","M","T","$","R","E","?","M","R","BOSS","M","M","?","?","M","R","E","R","T","PTL","PTL","?","M","?","$","M","R","BOSS","M","M","M","$","?","R","M","?","T","?","R","M","M","M"],"items_purchased_type":["Card","Card","Relic"],"build_version":"2020-12-22","purchased_purges":3,"victory":false,"max_hp_per_floor":[96,96,96,96,96,96,96,96,106,106,106,106,106,106,106,106,106,106,106,106,106,106,106,106,106,106,106,106,106,106,106,106,106,106,106,106,106,106,106,106,106,106,106,106,106,106,106,104,104,104,104],"card_choices":[{"not_picked":["Sword Boomerang","Anger"],"picked":"Combust","floor":1},{"not_picked":["Shockwave","Twin Strike","Iron Wave"],"picked":"SKIP","floor":2},{"not_picked":["Heavy Blade","Armaments","Headbutt"],"picked":"SKIP","floor":4},{"not_picked":["Dark Embrace","Sword Boomerang"],"picked":"Barricade","floor":7},{"not_picked":["ReplayTheSpireMod:LeadingStrike","Sword Boomerang"],"picked":"Shrug It Off","floor":8},{"not_picked":["Iron Wave","Clash","ReplayTheSpireMod:Strike From Hell"],"picked":"SKIP","floor":12},{"not_picked":["ReplayTheSpireMod:Strike From Hell","Cleave"],"picked":"Hemokinesis","floor":14},{"not_picked":["Feed","Demonic Infusion"],"picked":"Demon Form","floor":16},{"not_picked":["Iron Wave","Perfected Strike"],"picked":"Combust","floor":18},{"not_picked":["ReplayTheSpireMod:Strike From Hell","Pommel Strike"],"picked":"Heavy Blade","floor":19},{"not_picked":["conspire:Charge","Perfected Strike+1"],"picked":"ReplayTheSpireMod:Stacked","floor":21},{"not_picked":["Brutality","Massacre"],"picked":"Spot Weakness","floor":22},{"not_picked":["Defy Death","Uppercut+1"],"picked":"Body Slam","floor":24},{"not_picked":["Armaments","Pommel Strike+1"],"picked":"ReplayReversal","floor":25},{"not_picked":["Carnage","Dark Embrace+1"],"picked":"Ghostly Armor","floor":30},{"not_picked":["Thunderclap","Evolve","Searing Blow+1"],"picked":"SKIP","floor":33},{"not_picked":["Feed","Replay:Many Hands"],"picked":"Impervious","floor":35},{"not_picked":["Pummel+1","Thunderclap+1"],"picked":"Ghostly Armor+1","floor":37},{"not_picked":["Clothesline","Intimidate","Headbutt+1"],"picked":"SKIP","floor":38},{"not_picked":["Seeing Red","Shrug It Off+1","Warcry+1"],"picked":"SKIP","floor":39},{"not_picked":["Clothesline","Headbutt"],"picked":"Demon Form","floor":43},{"not_picked":["Carnage","Dual Wield","Replay:Undeath\u0027s Touch"],"picked":"SKIP","floor":48},{"not_picked":["Clothesline+1","Hemokinesis"],"picked":"Sword Boomerang","floor":49}],"player_experience":83657,"relics_obtained":[{"floor":7,"key":"Dream Catcher"},{"floor":9,"key":"Pear"},{"floor":12,"key":"CaptainsWheel"},{"floor":24,"key":"conspire:InfiniteJournal"},{"floor":26,"key":"Akabeko"},{"floor":41,"key":"Paper Frog"},{"floor":44,"key":"ReplayTheSpireMod:Ring of Collecting"},{"floor":44,"key":"ReplayTheSpireMod:Ring of Addiction"},{"floor":44,"key":"White Beast Statue"},{"floor":44,"key":"SacredBark"},{"floor":45,"key":"Ring of Peace"},{"floor":45,"key":"Golden Egg"}],"event_choices":[{"cards_removed":["Defend_R"],"damage_healed":0,"gold_gain":0,"player_choice":"Forget","damage_taken":0,"max_hp_gain":0,"max_hp_loss":0,"event_name":"Living Wall","floor":3,"gold_loss":0},{"damage_healed":0,"gold_gain":0,"player_choice":"Bought 0 Potions","damage_taken":0,"max_hp_gain":0,"max_hp_loss":0,"event_name":"The Woman in Blue","floor":20,"gold_loss":0},{"damage_healed":0,"gold_gain":0,"player_choice":"Ignored","damage_taken":0,"max_hp_gain":0,"max_hp_loss":0,"event_name":"Mysterious Sphere","floor":46,"gold_loss":0}],"is_beta":false,"boss_relics":[{"not_picked":["Snecko Eye","Ring of Chaos"],"picked":"Abe\u0027s Treasure"},{"not_picked":["Sozu","Runic Dome"],"picked":"Black Blood"}],"items_purged_floors":[10,32,40],"is_endless":false,"potions_floor_spawned":[1,7,8,12,16,21,22,24,35,39,48,49],"killed_by":"Spire Growth","ascension_level":2}}