{"host":"h2gxemxa99wv6yfu","time":1611016082,"event":{"mods":["BaseMod","Block Reminder","Colored Powertips","Friendly Minions","Highlight Path","Infinite Spire","Minty Spire (QoL Compilation)","Permanent Neow","Quick Restart","Relic Stats","Replay The Spire","Shop Mod","StSLib"],"gold_per_floor":[119,136,159,256,267,267,301,301,347,347,360,373,384,432,432,432,432],"floor_reached":16,"language":"ENG","playtime":473,"items_purged":[],"score":102,"play_id":"741dc747-e0db-45be-916d-58167600643b","local_time":"20210118182802","is_ascension_mode":false,"campfire_choices":[{"floor":6,"key":"REST"},{"data":"Defragment","floor":8,"key":"SMITH"},{"floor":10,"key":"REST"},{"data":"BasicCrystalCard","floor":15,"key":"SMITH"}],"circlet_count":0,"master_deck":["Strike_B","Strike_B","Strike_B","Strike_B","Defend_B","Defend_B","Defend_B","Defend_B","Zap","Dualcast+1","Go for the Eyes","Beam Cell","Defragment+1","BasicCrystalCard+1"],"relics":["Cracked Core","Replay:Wax Seal","Darkstone Periapt","Strawberry"],"acts_visited":["Exordium"],"potions_floor_usage":[],"damage_taken":[{"damage":1,"enemies":"Cultist","floor":1,"turns":3},{"damage":0,"enemies":"Jaw Worm","floor":2,"turns":3},{"damage":9,"enemies":"2 Louse","floor":5,"turns":2},{"damage":39,"enemies":"3 Sentries","floor":7,"turns":8},{"damage":3,"enemies":"Red Slaver","floor":11,"turns":3},{"damage":13,"enemies":"Gremlin Gang","floor":12,"turns":5},{"damage":7,"enemies":"Exordium Wildlife","floor":13,"turns":4},{"damage":22,"enemies":"Slime Boss","floor":16,"turns":8}],"seed_played":"217604702672282160","potions_obtained":[{"floor":5,"key":"Dexterity Potion"},{"floor":11,"key":"SteroidPotion"},{"floor":13,"key":"PotionOfCapacity"}],"is_trial":false,"path_per_floor":["M","M","T","?","M","R","E","R","T","R","M","M","M","T","R","B"],"character_chosen":"DEFECT","items_purchased":[],"campfire_rested":2,"item_purchase_floors":[],"current_hp_per_floor":[74,74,74,44,35,57,18,18,25,49,46,33,26,26,26,4,4],"gold":432,"neow_bonus":"UPGRADE_CARD","is_daily":false,"chose_seed":false,"campfire_upgraded":2,"win_rate":0.0,"timestamp":1611016082,"path_taken":["M","M","?","?","M","R","E","R","T","R","?","M","?","?","R","BOSS"],"items_purchased_type":[],"build_version":"2020-12-22","purchased_purges":0,"victory":false,"max_hp_per_floor":[75,75,75,75,75,75,75,75,82,82,82,82,82,82,82,82,82],"relic_stats":{"Darkstone Periapt":0,"counters":[8,36],"obtain_stats":[{"Darkstone Periapt":7,"Strawberry":9,"Replay:Wax Seal":3,"Cracked Core":0},{"Darkstone Periapt":4,"Strawberry":4,"Replay:Wax Seal":2,"Cracked Core":0},{"Darkstone Periapt":16,"Strawberry":16,"Replay:Wax Seal":6,"Cracked Core":0}]},"card_choices":[{"not_picked":["Redo","Chaos"],"picked":"Go for the Eyes","floor":1},{"not_picked":["Barrage","Steam"],"picked":"Beam Cell","floor":2},{"not_picked":["Steam","ReplayGash"],"picked":"Defragment","floor":4},{"not_picked":["Rebound","Steam"],"picked":"BasicCrystalCard","floor":4},{"not_picked":["Force Field","Turbo","Conserve Battery"],"picked":"SKIP","floor":5},{"not_picked":["ReplayTheSpireMod:Repulse","Hologram","Doom and Gloom"],"picked":"SKIP","floor":7},{"not_picked":["ReplayGash","Ball Lightning","Lockon"],"picked":"SKIP","floor":11},{"not_picked":["ReplaySolidLightProjector","Beam Cell","ReplayGash"],"picked":"SKIP","floor":12},{"not_picked":["All For One","ReplaySort","Reprogram"],"picked":"SKIP","floor":13}],"player_experience":15849,"relics_obtained":[{"floor":3,"key":"Replay:Wax Seal"},{"floor":7,"key":"Darkstone Periapt"},{"floor":9,"key":"Strawberry"}],"event_choices":[],"is_beta":false,"boss_relics":[],"items_purged_floors":[],"is_endless":false,"potions_floor_spawned":[5,11,13],"killed_by":"Slime Boss","ascension_level":0}}