{"host":"2lo6hma6kymb0g9i","time":1611064193,"event":{"mods":["BaseMod","Colored Map","DeckTracker","Minty Spire (QoL Compilation)"],"gold_per_floor":[363,288,301,318,335,235,270,270,346,360,375,407,407,407,407,407,407],"floor_reached":16,"language":"JPN","playtime":850,"items_purged":["Strike_B","Strike_B"],"score":224,"play_id":"174ac76b-ca92-4570-bc85-8ba5075ae0cc","local_time":"20210119224953","is_ascension_mode":true,"campfire_choices":[{"data":"Cold Snap","floor":8,"key":"SMITH"},{"floor":15,"key":"REST"}],"circlet_count":0,"master_deck":["AscendersBane","Defend_B","Defend_B","Defend_B","Defend_B","Zap","Dualcast","Cold Snap+1","Go for the Eyes","Barrage","FTL"],"relics":["Cracked Core","CaptainsWheel","Ornamental Fan","Bag of Marbles"],"acts_visited":["Exordium"],"potions_floor_usage":[7,16,16],"damage_taken":[{"damage":1,"enemies":"Cultist","floor":1,"turns":3},{"damage":6,"enemies":"Small Slimes","floor":3,"turns":3},{"damage":2,"enemies":"2 Louse","floor":4,"turns":3},{"damage":1,"enemies":"Looter","floor":5,"turns":3},{"damage":19,"enemies":"3 Sentries","floor":7,"turns":10},{"damage":7,"enemies":"3 Louse","floor":10,"turns":4},{"damage":5,"enemies":"2 Fungi Beasts","floor":11,"turns":3},{"damage":10,"enemies":"Lagavulin","floor":12,"turns":7},{"damage":26,"enemies":"Slime Boss","floor":16,"turns":7}],"seed_played":"-3153002265140446057","potions_obtained":[{"floor":4,"key":"BlessingOfTheForge"},{"floor":5,"key":"PotionOfCapacity"},{"floor":10,"key":"Block Potion"},{"floor":12,"key":"Fire Potion"}],"is_trial":false,"path_per_floor":["M","$","M","M","M","$","E","R","T","M","M","E","?","?","R","B"],"character_chosen":"DEFECT","items_purchased":[],"campfire_rested":1,"item_purchase_floors":[],"current_hp_per_floor":[63,63,57,55,54,54,35,35,35,28,23,13,13,6,25,0,0],"gold":407,"neow_bonus":"TWO_FIFTY_GOLD","is_daily":false,"chose_seed":false,"campfire_upgraded":1,"win_rate":0.0,"timestamp":1611064193,"path_taken":["M","$","M","M","M","$","E","R","T","M","M","E","?","?","R","BOSS"],"items_purchased_type":[],"build_version":"2020-12-22","purchased_purges":2,"victory":false,"max_hp_per_floor":[64,64,64,64,64,64,64,64,64,64,64,64,64,64,64,64,64],"card_choices":[{"not_picked":["Conserve Battery","Coolheaded"],"picked":"Cold Snap","floor":1},{"not_picked":["Sunder","Rebound","Lockon"],"picked":"SKIP","floor":3},{"not_picked":["Redo","Compile Driver"],"picked":"Go for the Eyes","floor":4},{"not_picked":["Steam Power","Static Discharge","Electrodynamics"],"picked":"SKIP","floor":5},{"not_picked":["Steam","Chill"],"picked":"Barrage","floor":7},{"not_picked":["Heatsinks","Turbo"],"picked":"FTL","floor":10},{"not_picked":["Stack","Compile Driver","Amplify"],"picked":"SKIP","floor":11},{"not_picked":["Turbo","Darkness","Rip and Tear"],"picked":"SKIP","floor":12}],"player_experience":1098123,"relics_obtained":[{"floor":7,"key":"CaptainsWheel"},{"floor":9,"key":"Ornamental Fan"},{"floor":12,"key":"Bag of Marbles"}],"event_choices":[{"cards_removed":["Strike_B"],"damage_healed":0,"gold_gain":0,"player_choice":"Forget","damage_taken":0,"max_hp_gain":0,"max_hp_loss":0,"event_name":"Living Wall","floor":13,"gold_loss":0},{"cards_removed":["Strike_B"],"damage_healed":0,"gold_gain":0,"player_choice":"Card Removal","damage_taken":7,"max_hp_gain":0,"max_hp_loss":0,"event_name":"Golden Wing","floor":14,"gold_loss":0}],"is_beta":false,"boss_relics":[],"items_purged_floors":[2,6],"is_endless":false,"potions_floor_spawned":[4,5,10,12],"killed_by":"Slime Boss","ascension_level":20}}