{"host":"5cnm2qapaqj5mmu7","time":1611077309,"event":{"mods":["BaseMod","Bestiary","Colored Map","Filter the Spire","Minty Spire (QoL Compilation)","StSLib"],"gold_per_floor":[110,123,123,48,63,63,28,203,278,307,57,68,68,68],"floor_reached":13,"language":"ENG","playtime":387,"items_purged":["Strike_R"],"score":108,"play_id":"649603bb-6ab2-4f36-b354-8cadab6d148a","local_time":"20210119182829","is_ascension_mode":true,"campfire_choices":[{"data":"Inflame","floor":6,"key":"SMITH"}],"circlet_count":0,"master_deck":["Strike_R","Strike_R","Strike_R","Strike_R","Defend_R","Defend_R","Defend_R","Defend_R","Bash","Cleave","Inflame+1","Doubt","Wild Strike","Sword Boomerang"],"relics":["SlaversCollar","CultistMask","Mummified Hand","Blue Candle","Paper Frog"],"acts_visited":["Exordium"],"potions_floor_usage":[10,13],"damage_taken":[{"damage":3,"enemies":"2 Louse","floor":1,"turns":3},{"damage":6,"enemies":"Cultist","floor":2,"turns":3},{"damage":10,"enemies":"Small Slimes","floor":5,"turns":3},{"damage":35,"enemies":"Lagavulin","floor":10,"turns":6},{"damage":9,"enemies":"Exordium Wildlife","floor":12,"turns":3},{"damage":30,"enemies":"3 Sentries","floor":13,"turns":5}],"seed_played":"5239494873158621814","potions_obtained":[{"floor":1,"key":"ElixirPotion"},{"floor":12,"key":"GamblersBrew"}],"is_trial":false,"path_per_floor":["M","M","?","$","M","R","?","?","T","E","$","M","E"],"character_chosen":"IRONCLAD","items_purchased":["Paper Frog"],"campfire_rested":0,"item_purchase_floors":[11],"current_hp_per_floor":[69,63,63,63,53,53,73,73,73,38,38,29,0,0],"gold":68,"neow_bonus":"BOSS_RELIC","is_daily":false,"chose_seed":false,"campfire_upgraded":1,"win_rate":0.0,"timestamp":1611077309,"path_taken":["M","M","?","$","?","R","?","?","T","E","?","M","E"],"items_purchased_type":["Relic"],"build_version":"2020-12-22","purchased_purges":1,"victory":false,"max_hp_per_floor":[80,80,80,80,80,80,80,80,80,80,80,80,80,80],"card_choices":[{"not_picked":["Burning Pact","Clash","Second Wind"],"picked":"SKIP","floor":1},{"not_picked":["Havoc","Battle Trance"],"picked":"Cleave","floor":2},{"not_picked":["Iron Wave","Blood for Blood"],"picked":"Inflame","floor":5},{"not_picked":["Havoc","Bloodletting"],"picked":"Wild Strike","floor":10},{"not_picked":["Pommel Strike","Anger"],"picked":"Sword Boomerang","floor":12}],"player_experience":569642,"relics_obtained":[{"floor":9,"key":"Mummified Hand"},{"floor":10,"key":"Blue Candle"}],"event_choices":[{"damage_healed":0,"gold_gain":0,"player_choice":"Trade","damage_taken":0,"relics_obtained":["CultistMask"],"max_hp_gain":0,"max_hp_loss":0,"event_name":"FaceTrader","floor":3,"gold_loss":0},{"damage_healed":20,"gold_gain":0,"player_choice":"Healed","damage_taken":0,"max_hp_gain":0,"max_hp_loss":0,"event_name":"The Cleric","floor":7,"gold_loss":35},{"damage_healed":0,"gold_gain":175,"player_choice":"AGREE","damage_taken":0,"max_hp_gain":0,"max_hp_loss":0,"event_name":"Liars Game","floor":8,"gold_loss":0,"cards_obtained":["Doubt"]}],"is_beta":false,"boss_relics":[],"items_purged_floors":[4],"is_endless":false,"potions_floor_spawned":[1,12],"killed_by":"3 Sentries","ascension_level":6}}