{"host":"osfffw6eu3utmcte","time":1611090224,"event":{"mods":["AchievementEnabler","BaseMod","Hermit","Minty Spire (QoL Compilation)","StSLib"],"gold_per_floor":[111,128,144,160,188,248,20,20,20,20,20,53,53,113,113,283,283,316,316,316,316,19,86,125,125,202,27,27,27,27,102,102,211,211,244,295,15,1014,1049,1049,1049],"floor_reached":40,"language":"ENG","playtime":3181,"items_purged":["hermit:Strike_Hermit","hermit:Strike_Hermit","hermit:Strike_Hermit"],"score":507,"play_id":"3f4b4035-ff31-42d9-be44-819af5b4cab3","local_time":"20210119220344","is_ascension_mode":false,"campfire_choices":[{"data":"hermit:Manifest","floor":8,"key":"SMITH"},{"data":"hermit:Dive","floor":11,"key":"SMITH"},{"data":"hermit:DeadOrAlive","floor":13,"key":"SMITH"},{"data":"hermit:Combo","floor":15,"key":"SMITH"},{"data":"hermit:Vantage","floor":25,"key":"SMITH"},{"data":"hermit:TakeAim","floor":29,"key":"SMITH"},{"data":"hermit:Combo","floor":32,"key":"SMITH"}],"circlet_count":0,"master_deck":["hermit:Defend_Hermit","hermit:Defend_Hermit","hermit:Defend_Hermit","hermit:Defend_Hermit","hermit:Snapshot","hermit:Covet","hermit:HoleUp","hermit:Ricochet","hermit:Horror","hermit:DeadOrAlive+1","hermit:Determination","hermit:FullyLoaded","hermit:Dive+1","hermit:Manifest+1","hermit:WideOpen","hermit:Combo+1","hermit:Roughhouse","hermit:Vantage+1","J.A.X.","hermit:Gestalt","hermit:Scavenge","hermit:FatalDesire","hermit:TakeAim+1","hermit:Combo+1","hermit:DeadOrAlive","hermit:Snipe+1","Normality","Normality","hermit:EyeOfTheStorm"],"relics":["hermit:Momento","Akabeko","Sling","Meat on the Bone","Blue Candle","Eternal Feather","SlaversCollar","Enchiridion","Bag of Marbles","Ornamental Fan","Question Card","hermit:RyeStalk","Snecko Eye","Ancient Tea Set"],"acts_visited":["Exordium","TheCity","TheBeyond"],"potions_floor_usage":[6,36,40],"damage_taken":[{"damage":0.0,"enemies":"Cultist","floor":1.0,"turns":3.0},{"damage":0.0,"enemies":"2 Louse","floor":2.0,"turns":3.0},{"damage":0.0,"enemies":"Jaw Worm","floor":3.0,"turns":4.0},{"damage":16.0,"enemies":"Large Slime","floor":4.0,"turns":6.0},{"damage":2.0,"enemies":"Blue Slaver","floor":5.0,"turns":4.0},{"damage":24,"enemies":"3 Sentries","floor":6,"turns":8},{"damage":0,"enemies":"2 Fungi Beasts","floor":12,"turns":2},{"damage":1,"enemies":"Lagavulin","floor":14,"turns":10},{"damage":24,"enemies":"Hexaghost","floor":16,"turns":10},{"damage":10,"enemies":"3 Byrds","floor":18,"turns":8},{"damage":4,"enemies":"Gremlin Leader","floor":23,"turns":3},{"damage":7,"enemies":"Spheric Guardian","floor":24,"turns":7},{"damage":24,"enemies":"Book of Stabbing","floor":31,"turns":6},{"damage":8,"enemies":"Automaton","floor":33,"turns":8},{"damage":5,"enemies":"Orb Walker","floor":35,"turns":3},{"damage":19,"enemies":"3 Shapes","floor":36,"turns":8},{"damage":14,"enemies":"Sphere and 2 Shapes","floor":39,"turns":7},{"damage":49,"enemies":"Nemesis","floor":40,"turns":6}],"seed_played":"904931989408669551","potions_obtained":[{"floor":1.0,"key":"SmokeBomb"},{"floor":3.0,"key":"BlessingOfTheForge"},{"floor":5.0,"key":"hermit:BlackBile"},{"floor":16,"key":"FearPotion"},{"floor":23,"key":"LiquidBronze"},{"floor":24,"key":"Block Potion"},{"floor":36,"key":"AttackPotion"}],"is_trial":false,"path_per_floor":["M","M","M","M","M","E","$","R","T","T","R","M","R","E","R","B",null,"M","?","?","?","$","E","M","R","T","$","?","R","$","E","R","B",null,"M","M","$","?","M","E"],"character_chosen":"HERMIT","items_purchased":["hermit:Dive","hermit:Manifest","Sling","hermit:Gestalt","Bag of Marbles","hermit:TakeAim","Ancient Tea Set"],"campfire_rested":0,"item_purchase_floors":[7,7,7,22,22,27,37],"current_hp_per_floor":[82,82,82,66,64,40,40,40,40,40,40,52,52,51,63,51,82,72,72,56,56,56,52,45,57,57,57,41,53,53,41,56,48,87,82,63,63,63,49,0,0],"gold":1049,"neow_bonus":"TEN_PERCENT_HP_BONUS","is_daily":false,"chose_seed":false,"campfire_upgraded":7,"win_rate":0.0,"timestamp":1611090224,"path_taken":["M","M","M","M","M","E","$","R","T","?","R","M","R","E","R","BOSS","M","?","?","?","?","E","M","R","T","$","?","R","$","E","R","BOSS","M","M","$","?","M","E"],"items_purchased_type":["Card","Card","Relic","Card","Relic","Card","Relic"],"build_version":"2020-12-22","purchased_purges":3,"victory":false,"max_hp_per_floor":[82,82,82,82,82,82,82,82,82,82,82,82,82,82,82,82,82,82,82,82,82,82,82,82,82,82,82,87,87,87,87,87,87,87,87,87,87,87,87,87,87],"card_choices":[{"not_picked":["hermit:CalledShot","hermit:Enervate"],"picked":"hermit:HoleUp","floor":1.0},{"not_picked":["hermit:SprayPray","hermit:Quickdraw"],"picked":"hermit:Ricochet","floor":2.0},{"not_picked":["hermit:NoHoldsBarred","hermit:CalledShot"],"picked":"hermit:Horror","floor":3.0},{"not_picked":["hermit:Headshot","hermit:Snipe"],"picked":"hermit:DeadOrAlive","floor":4.0},{"not_picked":["hermit:Shortfuse","hermit:Misfire"],"picked":"hermit:Determination","floor":5.0},{"not_picked":["hermit:DeadMansHand","hermit:Horror"],"picked":"hermit:FullyLoaded","floor":6},{"not_picked":["hermit:HoleUp","hermit:Spite"],"picked":"hermit:WideOpen","floor":12},{"not_picked":["hermit:Roulette","hermit:Misfire"],"picked":"hermit:Combo","floor":14},{"not_picked":["hermit:Purgatory","hermit:FinalCanter"],"picked":"hermit:Roughhouse","floor":16},{"not_picked":["hermit:Glare","hermit:Quickdraw"],"picked":"hermit:Vantage","floor":18},{"not_picked":["hermit:BodyArmor","hermit:Shortfuse"],"picked":"hermit:Scavenge","floor":23},{"not_picked":["hermit:Snipe","hermit:HighCaliber"],"picked":"hermit:FatalDesire","floor":24},{"not_picked":["hermit:Desperado+1","hermit:Roulette","hermit:Manifest"],"picked":"hermit:Combo","floor":31},{"not_picked":["hermit:BlackWind","hermit:OverwhelmingPower","hermit:FatalDesire"],"picked":"hermit:DeadOrAlive","floor":33},{"not_picked":["hermit:FlashPowder","hermit:Feint+1","hermit:Manifest+1"],"picked":"hermit:Snipe+1","floor":35},{"not_picked":["hermit:Determination+1","hermit:Dive","hermit:Vantage+1","hermit:Malice"],"picked":"SKIP","floor":36},{"not_picked":["hermit:BodyArmor","hermit:Spite+1","hermit:ItchyTrigger"],"picked":"hermit:EyeOfTheStorm","floor":39}],"player_experience":564720,"relics_obtained":[{"floor":6,"key":"Akabeko"},{"floor":9,"key":"Meat on the Bone"},{"floor":10,"key":"Blue Candle"},{"floor":14,"key":"Eternal Feather"},{"floor":20,"key":"Enchiridion"},{"floor":23,"key":"Ornamental Fan"},{"floor":26,"key":"Question Card"},{"floor":31,"key":"hermit:RyeStalk"}],"event_choices":[{"damage_healed":0,"gold_gain":0,"player_choice":"Obtain J.A.X.","damage_taken":0,"max_hp_gain":0,"max_hp_loss":0,"event_name":"Drug Dealer","floor":19,"gold_loss":0,"cards_obtained":["J.A.X."]},{"damage_healed":0,"gold_gain":0,"player_choice":"Obtained Book","damage_taken":16,"max_hp_gain":0,"max_hp_loss":0,"event_name":"Cursed Tome","floor":20,"gold_loss":0},{"cards_removed":["hermit:Strike_Hermit"],"damage_healed":0,"gold_gain":0,"player_choice":"Elegance","damage_taken":0,"max_hp_gain":0,"max_hp_loss":0,"event_name":"Back to Basics","floor":21,"gold_loss":0},{"damage_healed":0,"gold_gain":0,"player_choice":"Shed Blood","damage_taken":21,"max_hp_gain":5,"max_hp_loss":0,"event_name":"Forgotten Altar","floor":28,"gold_loss":0},{"damage_healed":0,"gold_gain":999,"player_choice":"Gold","damage_taken":0,"max_hp_gain":0,"max_hp_loss":0,"event_name":"MindBloom","floor":38,"gold_loss":0,"cards_obtained":["Normality","Normality"]}],"is_beta":false,"boss_relics":[{"not_picked":["Pandora\u0027s Box","Calling Bell"],"picked":"SlaversCollar"},{"not_picked":["Sozu","Astrolabe"],"picked":"Snecko Eye"}],"items_purged_floors":[22,27,37],"is_endless":false,"potions_floor_spawned":[1,3,5,16,23,24,35,36],"killed_by":"Nemesis","ascension_level":0}}