{"host":"fhl0aha90wvfvsew","time":1611035978,"event":{"mods":["BaseMod","Colored Powertips","Marisa£®ÏF”Í°°ƒß¿Ì…≥£©","Minty Spire (QoL Compilation)","Remilia£®¿Ÿ√◊¿Ú—«£©","Replay The Spire","StSLib","Youmu£®ªÍ∆«—˝√Œ£©","Yuyuko"],"gold_per_floor":[110,35,35,48,59,394,394,394,394],"floor_reached":8,"language":"ZHS","playtime":313,"items_purged":["Strike_RM"],"score":89,"play_id":"6846dcee-071d-4787-9abc-235b66a67187","local_time":"20210119135938","is_ascension_mode":true,"campfire_choices":[{"data":"EmergencyRegeneration","floor":7,"key":"SMITH"}],"circlet_count":0,"master_deck":["Strike_RM","Strike_RM","Defend_RM","Defend_RM","Defend_RM","Defend_RM","RedMoon","ScarletShoot","UltimateOffering","EmergencyRegeneration+1","NightDance","UnstableMagic"],"relics":["ScarletHat","Omamori","Old Coin"],"acts_visited":["Exordium"],"potions_floor_usage":[6],"damage_taken":[{"damage":0.0,"enemies":"Cultist","floor":1.0,"turns":4.0},{"damage":31.0,"enemies":"Small Slimes","floor":4.0,"turns":1.0},{"damage":74.0,"enemies":"Jaw Worm","floor":5.0,"turns":4.0},{"damage":76,"enemies":"Replay:BlueRogue","floor":6,"turns":5},{"damage":88,"enemies":"Gremlin Nob","floor":8,"turns":4}],"seed_played":"7595751596803429074","potions_obtained":[{"floor":1.0,"key":"SpeedPotion"}],"is_trial":false,"path_per_floor":["M","$","?","M","M","E","R","E"],"character_chosen":"REMILIA","items_purchased":[],"campfire_rested":0,"item_purchase_floors":[],"current_hp_per_floor":[75,75,68,37,1,1,1,0,0],"gold":394,"neow_bonus":"RANDOM_COMMON_RELIC","is_daily":false,"chose_seed":false,"campfire_upgraded":1,"win_rate":0.0,"timestamp":1611035978,"path_taken":["M","?","?","M","M","E","R","E"],"items_purchased_type":[],"build_version":"2020-12-22","purchased_purges":1,"victory":false,"max_hp_per_floor":[75,75,75,75,75,75,75,75,75],"card_choices":[{"not_picked":["RedRainbow","VampireSweep"],"picked":"UltimateOffering","floor":1.0},{"not_picked":["BombardNight","MastersStateliness"],"picked":"EmergencyRegeneration","floor":4.0},{"not_picked":["BombardNight","FavorOfDestiny"],"picked":"NightDance","floor":5.0},{"not_picked":["ScarletNetherworld","VampirishNight"],"picked":"UnstableMagic","floor":6}],"player_experience":267998,"relics_obtained":[{"floor":6,"key":"Old Coin"}],"event_choices":[{"cards_removed":["Strike_RM"],"damage_healed":0.0,"max_hp_gain":0.0,"max_hp_loss":0.0,"gold_gain":0.0,"event_name":"Golden Wing","player_choice":"Card Removal","floor":3.0,"gold_loss":0.0,"damage_taken":7.0}],"is_beta":false,"boss_relics":[],"items_purged_floors":[2],"is_endless":false,"potions_floor_spawned":[1],"killed_by":"Gremlin Nob","ascension_level":2}}