{"host":"94qggqh0xz0sp6ai","time":1611098487,"event":{"mods":["100% Spire Juice","Abigail Mod","Act Like it!","BaseMod","CapriCore","Downfall","Friendly Minions","Gensokyo","Hermit","Jorbs\u0027s Wanderer Trilogy","Koishi","Marisa（霧雨　魔理沙）","Minty Spire (QoL Compilation)","Permanent Neow","Reimu（博??梦）","StSLib","The Alterego","The Construct","The Cursed","The Hierophant","The Immortal","The Marked","The Servant 0.9.4","TheBandit","Waifu the Spire"],"gold_per_floor":[118,118,118,134,134,134,34,49,75,109,125,5,5,20,20,150,30,55,5,20,295,77,77,116,137,160,201,201,201,222,246,246,370,370,385,82,98,431,431,465,465,465,511,538,538,564,68,81,81,81],"floor_reached":51,"language":"ENG","playtime":1800,"items_purged":["Regret","downfall:Bewildered"],"score":925,"play_id":"7c45aa52-51bc-43bd-ade2-c50464cf3cbc","local_time":"20210119172127","is_ascension_mode":true,"campfire_choices":[{"data":"Moonworks:Ambush","floor":6,"key":"SMITH"},{"data":"Moonworks:PlushieMaster","floor":12,"key":"SMITH"},{"data":"Moonworks:FinalSurgery","floor":15,"key":"SMITH"},{"data":"Moonworks:DeployBits","floor":23,"key":"SMITH"},{"floor":28,"key":"REST"},{"data":"Moonworks:StiffCrystal","floor":32,"key":"SMITH"},{"data":"Moonworks:CrystalBarrier","floor":41,"key":"SMITH"},{"floor":45,"key":"REST"},{"floor":49,"key":"REST"}],"circlet_count":0,"master_deck":["Moonworks:Strike","Moonworks:Strike","Moonworks:Strike","Moonworks:Defend","Moonworks:Defend","Moonworks:Defend","Moonworks:Defend","Moonworks:Ambush+1","Moonworks:LongDistanceShot","Moonworks:Encore+1","Moonworks:RedAndBlue","Moonworks:TacticalRetreat","Moonworks:NicePresent","Moonworks:LulusLuckyEgg","Moonworks:PlushieMaster+1","Moonworks:FinalSurgery+1","Moonworks:Assault+1","Moonworks:IndiscriminateFireSupport+1","Moonworks:DeployBits+1","Moonworks:ReflectiveShell","Moonworks:DeployBits","Moonworks:CookingTime+1","Moonworks:StiffCrystal+1","Moonworks:SubspaceTunnel","Moonworks:Dash","Moonworks:SakisCookie+1","Madness","Madness","Moonworks:CrystalBarrier+1","Moonworks:SweetBattle","Moonworks:Poppoformation+1","Apotheosis","Moonworks:CookingTime","Moonworks:EvilSpyWorkPreparation+1"],"relics":["Moonworks:BrokenBomb","Moonworks:Homemark","Toy Ornithopter","PreservedInsect","Cursed Key","Happy Flower","Bronze Scales","Tea:ReiMu","Empty Cage","Whetstone","Mastiff:ReiMu","Nunchaku","Potion Belt","Bag of Preparation","MealTicket"],"acts_visited":["Exordium","TheCity","TheBeyond"],"potions_floor_usage":[27,33,33,50,50,50,50],"damage_taken":[{"damage":4,"enemies":"2 Louse","floor":1,"turns":3},{"damage":3,"enemies":"Jaw Worm","floor":4,"turns":4},{"damage":0,"enemies":"Cultist","floor":7,"turns":3},{"damage":0,"enemies":"3 Louse","floor":8,"turns":4},{"damage":2,"enemies":"Lagavulin","floor":10,"turns":6},{"damage":5,"enemies":"Exordium Thugs","floor":11,"turns":3},{"damage":0,"enemies":"Large Slime","floor":14,"turns":6},{"damage":0,"enemies":"Hexaghost","floor":16,"turns":7},{"damage":11,"enemies":"2 Thieves","floor":18,"turns":4},{"damage":1,"enemies":"3 Byrds","floor":20,"turns":5},{"damage":2,"enemies":"Book of Stabbing","floor":24,"turns":3},{"damage":0,"enemies":"3 Cultists","floor":25,"turns":3},{"damage":32,"enemies":"Slavers","floor":27,"turns":3},{"damage":6,"enemies":"Cultist and Chosen","floor":30,"turns":5},{"damage":3,"enemies":"Snecko","floor":31,"turns":3},{"damage":38,"enemies":"Collector","floor":33,"turns":11},{"damage":2,"enemies":"3 Shapes","floor":35,"turns":5},{"damage":0,"enemies":"Orb Walker","floor":37,"turns":3},{"damage":15,"enemies":"Nemesis","floor":40,"turns":3},{"damage":62,"enemies":"Reptomancer","floor":44,"turns":7},{"damage":24,"enemies":"Nemesis","floor":46,"turns":5},{"damage":0,"enemies":"3 Darklings","floor":48,"turns":4},{"damage":36,"enemies":"Awakened One","floor":50,"turns":14}],"seed_played":"-8001998308392846546","potions_obtained":[{"floor":1,"key":"SkillPotion"},{"floor":7,"key":"Weak Potion"},{"floor":14,"key":"BlessingOfTheForge"},{"floor":30,"key":"Block Potion"},{"floor":35,"key":"SteroidPotion"}],"is_trial":false,"path_per_floor":["M","?","$","M","?","R","M","M","T","E","M","R","$","M","R","B",null,"M","?","M","?","$","R","E","M","T","E","R","?","M","M","R","B",null,"M","$","M","?","?","E","R","?","T","E","R","E","$","M","R","B",null],"character_chosen":"THE_STARBREAKER","items_purchased":["Moonworks:DeployBits","Whetstone","Mastiff:ReiMu","Apotheosis","Block Potion","Energy Potion","Explosive Potion","Moonworks:CookingTime"],"campfire_rested":3,"item_purchase_floors":[22,36,36,47,47,47,47,47],"current_hp_per_floor":[56,56,56,53,38,38,38,38,38,36,31,31,31,31,31,31,60,49,49,48,48,48,48,46,46,46,19,37,37,31,34,34,12,60,58,58,58,58,50,35,35,70,70,15,36,25,40,48,69,70],"gold":81,"neow_bonus":"ONE_RANDOM_RARE_CARD","is_daily":false,"chose_seed":false,"campfire_upgraded":6,"win_rate":0.0,"timestamp":1611098487,"path_taken":["M","?","$","M","?","R","M","M","T","E","M","R","$","M","R","BOSS","M","?","?","?","?","R","E","M","T","E","R","?","M","M","R","BOSS","M","$","M","?","?","E","R","?","T","E","R","E","$","?","R","BOSS"],"items_purchased_type":["Card","Relic","Relic","Card","Potion","Potion","Potion","Card"],"build_version":"2020-12-22","purchased_purges":2,"victory":true,"max_hp_per_floor":[60,60,60,60,60,60,60,60,60,60,60,60,60,60,60,60,60,60,60,60,60,60,60,60,60,60,60,60,60,60,60,60,60,60,60,60,60,60,60,60,60,70,70,70,70,70,70,70,70,70],"card_choices":[{"not_picked":["Moonworks:WindyEnchantment","Moonworks:IndiscriminateFireSupport"],"picked":"Moonworks:RedAndBlue","floor":1},{"not_picked":["Moonworks:DeployBits","Moonworks:IndiscriminateFireSupport"],"picked":"Moonworks:TacticalRetreat","floor":4},{"not_picked":["Moonworks:MixPhenomenon","Moonworks:BigMagnum"],"picked":"Moonworks:NicePresent","floor":7},{"not_picked":["Moonworks:ExtendedPhotonRifle","Moonworks:Bloodlust"],"picked":"Moonworks:LulusLuckyEgg","floor":8},{"not_picked":["Moonworks:SakisCookie","Moonworks:Assault"],"picked":"Moonworks:PlushieMaster","floor":10},{"not_picked":["Moonworks:CloudOfSeagulls","Moonworks:JonathanRush","Moonworks:BigMagnum"],"picked":"SKIP","floor":11},{"not_picked":["Moonworks:ImOnFire","Moonworks:JonathanRush"],"picked":"Moonworks:FinalSurgery","floor":14},{"not_picked":["Moonworks:GoAway","Moonworks:RocketCannon"],"picked":"Moonworks:SinkOrSwim","floor":16},{"not_picked":["Moonworks:LulusLuckyEgg","Moonworks:BigMagnum"],"picked":"Moonworks:Assault+1","floor":18},{"not_picked":["Moonworks:Assault","Moonworks:LulusLuckyEgg+1"],"picked":"Moonworks:IndiscriminateFireSupport","floor":20},{"not_picked":["Moonworks:LulusLuckyEgg","Moonworks:CloudOfSeagulls","Moonworks:IntelligenceOfficer"],"picked":"SKIP","floor":24},{"not_picked":["Moonworks:CastOff","Moonworks:LulusLuckyEgg"],"picked":"Moonworks:ReflectiveShell","floor":25},{"not_picked":["Moonworks:StarBlastingFuse","Moonworks:SealedMemories"],"picked":"Moonworks:DeployBits","floor":27},{"not_picked":["Moonworks:LulusLuckyEgg+1","Moonworks:JonathanRush","Moonworks:IndiscriminateFireSupport"],"picked":"SKIP","floor":30},{"not_picked":["Moonworks:IndiscriminateFireSupport","Moonworks:Assault"],"picked":"Moonworks:StiffCrystal","floor":31},{"not_picked":["Moonworks:OutOfAmmo","Moonworks:Encore"],"picked":"Moonworks:SubspaceTunnel","floor":33},{"not_picked":["Moonworks:IndiscriminateFireSupport+1","Moonworks:BigMagnum+1"],"picked":"Moonworks:Dash","floor":35},{"not_picked":["Moonworks:Bloodlust+1","Moonworks:LulusLuckyEgg"],"picked":"Moonworks:SakisCookie+1","floor":37},{"not_picked":["Moonworks:FinalSurgery","Moonworks:SealedMemories"],"picked":"Moonworks:CrystalBarrier","floor":40},{"not_picked":["Moonworks:IndiscriminateFireSupport","Moonworks:LulusLuckyEgg+1"],"picked":"Moonworks:SweetBattle","floor":44},{"not_picked":["Moonworks:ExtendedPhotonRifle+1","Moonworks:BigMagnum"],"picked":"Moonworks:Poppoformation+1","floor":46},{"not_picked":["Moonworks:CloudOfSeagulls","Moonworks:IndiscriminateFireSupport"],"picked":"Moonworks:EvilSpyWorkPreparation+1","floor":48}],"player_experience":1401043,"relics_obtained":[{"floor":9,"key":"Toy Ornithopter"},{"floor":10,"key":"PreservedInsect"},{"floor":24,"key":"Happy Flower"},{"floor":26,"key":"Bronze Scales"},{"floor":27,"key":"Tea:ReiMu"},{"floor":40,"key":"Nunchaku"},{"floor":43,"key":"Potion Belt"},{"floor":44,"key":"Bag of Preparation"},{"floor":46,"key":"MealTicket"}],"event_choices":[{"damage_healed":0,"gold_gain":0,"player_choice":"Grow","damage_taken":0,"max_hp_gain":0,"max_hp_loss":0,"event_name":"Living Wall","floor":2,"gold_loss":0,"cards_upgraded":["Moonworks:Encore"]},{"damage_healed":0,"gold_gain":0,"player_choice":"Take Damage","damage_taken":15,"relics_obtained":["Golden Idol"],"max_hp_gain":0,"max_hp_loss":0,"event_name":"Golden Idol","floor":5,"gold_loss":0},{"damage_healed":0,"gold_gain":0,"player_choice":"Bet on Owner","damage_taken":0,"max_hp_gain":0,"max_hp_loss":0,"event_name":"The Joust","floor":19,"gold_loss":50},{"damage_healed":0,"gold_gain":275,"player_choice":"Desecrate","damage_taken":0,"max_hp_gain":0,"max_hp_loss":0,"event_name":"Golden Shrine","floor":21,"gold_loss":0,"cards_obtained":["Regret"]},{"damage_healed":0,"gold_gain":0,"player_choice":"Read","damage_taken":0,"max_hp_gain":0,"max_hp_loss":0,"event_name":"The Library","floor":29,"gold_loss":0,"cards_obtained":["Moonworks:CookingTime"]},{"damage_healed":0,"gold_gain":333,"player_choice":"Gave Idol","damage_taken":0,"max_hp_gain":0,"max_hp_loss":0,"event_name":"The Moai Head","floor":38,"relics_lost":["Golden Idol"],"gold_loss":0},{"damage_healed":0,"gold_gain":0,"player_choice":"Embrace Madness","damage_taken":8,"max_hp_gain":0,"max_hp_loss":0,"event_name":"Winding Halls","floor":39,"gold_loss":0,"cards_obtained":["Madness","Madness"]},{"cards_removed":["Moonworks:SinkOrSwim"],"damage_healed":25,"gold_gain":0,"player_choice":"Offered Rare","damage_taken":0,"max_hp_gain":10,"max_hp_loss":0,"event_name":"Bonfire Elementals","floor":42,"gold_loss":0}],"is_beta":false,"boss_relics":[{"not_picked":["construct:WeddingRing","Snecko Eye"],"picked":"Cursed Key"},{"not_picked":["Astrolabe","bronze:MakeshiftBattery"],"picked":"Empty Cage"}],"items_purged_floors":[22,47],"is_endless":false,"potions_floor_spawned":[1,7,14,16,18,25,30,31,35,48],"ascension_level":2}}