{"host":"q387i5o1hp66091u","time":1611039604,"event":{"mods":["2.2 Compatiblity","BaseMod","Minty Spire (QoL Compilation)","Rare Cards Sparkle"],"gold_per_floor":[18,32,32,32,51,85,100,126,152,169,92,267,267,267,267,372,372,386,386,311,325,33,67,67,94,144,144,161,161,179,196,196,294,294,308,321,321,321],"floor_reached":37,"language":"JPN","playtime":2220,"items_purged":[],"score":549,"play_id":"9f5b8306-c4f0-4895-ac93-68038b2ef99a","local_time":"20210119160004","is_ascension_mode":true,"campfire_choices":[{"floor":13.0,"key":"REST"},{"data":"Armaments","floor":15.0,"key":"SMITH"},{"floor":24.0,"key":"REST"},{"data":"Juggernaut","floor":27.0,"key":"SMITH"},{"floor":29.0,"key":"REST"},{"floor":32.0,"key":"REST"}],"circlet_count":0,"master_deck":["Strike_R","Strike_R","Strike_R","Strike_R","Strike_R","Defend_R","Defend_R+1","Defend_R","Defend_R","Bash","Demon Form+1","Intimidate","Flame Barrier","Blood for Blood","Perfected Strike","Metallicize","Armaments+1","Barricade+1","Shrug It Off+1","Twin Strike+1","Juggernaut+1","Perfected Strike","Shockwave","Flex","Heavy Blade","Twin Strike","Body Slam","Rage","Body Slam","Feed","CurseOfTheBell","Iron Wave","Pommel Strike+1"],"relics":["Burning Blood","Mango","Regal Pillow","Vajra","Runic Cube","Question Card","Akabeko","Paper Frog","War Paint","Calling Bell","Tiny Chest","Gremlin Horn","Torii"],"acts_visited":["Exordium","TheCity","TheBeyond"],"potions_floor_usage":[36],"damage_taken":[{"damage":12.0,"enemies":"Small Slimes","floor":1.0,"turns":4.0},{"damage":9.0,"enemies":"2 Louse","floor":2.0,"turns":4.0},{"damage":0.0,"enemies":"Jaw Worm","floor":5.0,"turns":4.0},{"damage":21.0,"enemies":"Lagavulin","floor":6.0,"turns":8.0},{"damage":37.0,"enemies":"Lots of Slimes","floor":7.0,"turns":5.0},{"damage":31.0,"enemies":"3 Sentries","floor":8.0,"turns":10.0},{"damage":5.0,"enemies":"Large Slime","floor":10.0,"turns":6.0},{"damage":19.0,"enemies":"Slime Boss","floor":16.0,"turns":7.0},{"damage":12.0,"enemies":"Spheric Guardian","floor":18.0,"turns":5.0},{"damage":26.0,"enemies":"3 Byrds","floor":21.0,"turns":6.0},{"damage":25.0,"enemies":"Gremlin Leader","floor":23.0,"turns":13.0},{"damage":37.0,"enemies":"Slavers","floor":25.0,"turns":7.0},{"damage":33.0,"enemies":"Centurion and Healer","floor":28.0,"turns":5.0},{"damage":18.0,"enemies":"Snecko","floor":30.0,"turns":4.0},{"damage":27.0,"enemies":"Snake Plant","floor":31.0,"turns":5.0},{"damage":81.0,"enemies":"Automaton","floor":33.0,"turns":11.0},{"damage":41.0,"enemies":"3 Shapes","floor":35.0,"turns":5.0},{"damage":32,"enemies":"3 Darklings","floor":36,"turns":7},{"damage":45,"enemies":"Jaw Worm Horde","floor":37,"turns":3}],"seed_played":"-4340038897061863207","potions_obtained":[{"floor":2.0,"key":"Swift Potion"},{"floor":5.0,"key":"HeartOfIron"},{"floor":8.0,"key":"SkillPotion"},{"floor":16.0,"key":"DistilledChaos"},{"floor":18.0,"key":"BloodPotion"},{"floor":31.0,"key":"SteroidPotion"},{"floor":33.0,"key":"Regen Potion"}],"is_trial":false,"path_per_floor":["M","M","?","?","M","E","M","E","T","M","$","?","R","?","R","B",null,"M","?","?","M","$","E","R","E","T","R","M","R","M","M","R","B",null,"M","M","M"],"character_chosen":"IRONCLAD","items_purchased":["Shrug It Off","Twin Strike","Flex","Question Card"],"campfire_rested":4,"item_purchase_floors":[11,11,22,22],"current_hp_per_floor":[74,71,71,76,82,81,50,25,25,26,26,26,70,50,50,37,84,78,78,78,58,58,39,83,52,52,52,25,69,57,55,99,24,80,48,37,0,0],"gold":321,"neow_bonus":"THREE_RARE_CARDS","is_daily":false,"chose_seed":false,"campfire_upgraded":2,"win_rate":0.0,"timestamp":1611039604,"path_taken":["M","M","?","?","M","E","M","E","T","M","$","?","R","?","R","BOSS","M","?","?","M","$","E","R","E","T","R","M","R","M","M","R","BOSS","M","M","M"],"items_purchased_type":["Card","Card","Card","Relic"],"build_version":"2020-12-22","purchased_purges":0,"victory":false,"max_hp_per_floor":[80,80,80,85,85,99,99,99,99,99,99,99,99,99,99,99,99,99,99,99,99,99,99,99,99,99,99,99,99,99,99,99,99,99,102,102,102,102],"card_choices":[{"not_picked":["Exhume","Double Tap"],"picked":"Demon Form","floor":0.0},{"not_picked":["Clash","Headbutt"],"picked":"Intimidate","floor":1.0},{"not_picked":["Shrug It Off","Battle Trance"],"picked":"Flame Barrier","floor":2.0},{"not_picked":["Hemokinesis","True Grit"],"picked":"Blood for Blood","floor":5.0},{"not_picked":["Second Wind","Dropkick"],"picked":"Perfected Strike","floor":6.0},{"not_picked":["Burning Pact","Second Wind"],"picked":"Metallicize","floor":7.0},{"not_picked":["Bloodletting","Wild Strike"],"picked":"Armaments","floor":8.0},{"not_picked":["Armaments","Cleave"],"picked":"Barricade","floor":10.0},{"not_picked":["Barricade","Berserk"],"picked":"Juggernaut","floor":16.0},{"not_picked":["Sentinel","Havoc+1"],"picked":"Perfected Strike","floor":18.0},{"not_picked":["Havoc","Searing Blow"],"picked":"Shockwave","floor":21.0},{"not_picked":["Havoc","Headbutt+1","Perfected Strike"],"picked":"Heavy Blade","floor":23.0},{"not_picked":["Whirlwind+1","Havoc","Iron Wave"],"picked":"Twin Strike","floor":25.0},{"not_picked":["Shrug It Off","Anger","Power Through+1"],"picked":"Body Slam","floor":28.0},{"not_picked":["Disarm","Pummel","Feel No Pain"],"picked":"Rage","floor":30.0},{"not_picked":["Cleave+1","Anger","Shockwave+1"],"picked":"Body Slam","floor":31.0},{"not_picked":["Offering","Bludgeon","Barricade"],"picked":"Feed","floor":33.0},{"not_picked":["Clothesline+1","Anger+1","Dropkick"],"picked":"Iron Wave","floor":35.0},{"not_picked":["Clothesline","Intimidate","Second Wind+1"],"picked":"Pommel Strike+1","floor":36}],"player_experience":595244,"relics_obtained":[{"floor":6.0,"key":"Mango"},{"floor":8.0,"key":"Regal Pillow"},{"floor":9.0,"key":"Vajra"},{"floor":23.0,"key":"Akabeko"},{"floor":25.0,"key":"Paper Frog"},{"floor":26.0,"key":"War Paint"},{"floor":34.0,"key":"Tiny Chest"},{"floor":34.0,"key":"Gremlin Horn"},{"floor":34.0,"key":"Torii"}],"event_choices":[{"damage_healed":0.0,"max_hp_gain":0.0,"max_hp_loss":0.0,"gold_gain":0.0,"event_name":"Living Wall","player_choice":"Grow","floor":3.0,"gold_loss":0.0,"damage_taken":0.0,"cards_upgraded":["Demon Form"]},{"damage_healed":0.0,"max_hp_gain":5.0,"max_hp_loss":0.0,"gold_gain":0.0,"event_name":"Big Fish","player_choice":"Donut","floor":4.0,"gold_loss":0.0,"damage_taken":0.0},{"damage_healed":0.0,"max_hp_gain":0.0,"max_hp_loss":0.0,"gold_gain":175.0,"event_name":"Liars Game","player_choice":"AGREE","floor":12.0,"gold_loss":0.0,"damage_taken":0.0,"cards_obtained":["Doubt"]},{"damage_healed":0.0,"max_hp_gain":0.0,"max_hp_loss":0.0,"gold_gain":0.0,"event_name":"Shining Light","player_choice":"Entered Light","floor":14.0,"gold_loss":0.0,"damage_taken":20.0,"cards_upgraded":["Barricade","Twin Strike"]},{"damage_healed":0.0,"max_hp_gain":0.0,"max_hp_loss":0.0,"gold_gain":0.0,"event_name":"Ghosts","player_choice":"Ignored","floor":19.0,"gold_loss":0.0,"damage_taken":0.0},{"cards_removed":["Doubt"],"damage_healed":0.0,"max_hp_gain":0.0,"max_hp_loss":0.0,"gold_gain":0.0,"event_name":"Beggar","player_choice":"Gave Gold","floor":20.0,"gold_loss":75.0,"damage_taken":0.0}],"is_beta":false,"boss_relics":[{"not_picked":["Empty Cage","Astrolabe"],"picked":"Runic Cube"},{"not_picked":["SlaversCollar","Snecko Eye"],"picked":"Calling Bell"}],"items_purged_floors":[],"is_endless":false,"potions_floor_spawned":[2,5,8,16,18,28,31,33],"killed_by":"Jaw Worm Horde","ascension_level":5}}