{"host":"p9t7qd83igtcp2bh","time":1611030297,"event":{"mods":["2.2 Compatiblity","AchievementEnabler","BaseMod","Colored Map","Colored Powertips","Custom Start","DeckTracker","Keyboard Shortcuts","Minty Spire (QoL Compilation)","Permanent Neow","StSLib","SuperFastMode","everything is the same but u backflip on backflip"],"gold_per_floor":[13,13,33,33,33,33,46,46,96,130,146,146,146],"floor_reached":12,"language":"KOR","playtime":274,"items_purged":[],"score":156,"play_id":"e9665b90-5ac4-4aec-ac51-a53d95fd630e","local_time":"20210119132457","is_ascension_mode":true,"campfire_choices":[{"data":"Zap","floor":6,"key":"SMITH"},{"data":"Defragment","floor":8,"key":"SMITH"}],"circlet_count":0,"master_deck":["AscendersBane","Strike_B","Strike_B","Defend_B","Defend_B","Defend_B","Zap+1","Dualcast","Thunder Strike","Steam","Defragment+1","Hologram","Conserve Battery","Beam Cell","Reinforced Body"],"relics":["Cracked Core","PreservedInsect","Orichalcum"],"acts_visited":["Exordium"],"potions_floor_usage":[],"damage_taken":[{"damage":1,"enemies":"Jaw Worm","floor":1,"turns":3},{"damage":0,"enemies":"Cultist","floor":3,"turns":3},{"damage":11,"enemies":"Small Slimes","floor":7,"turns":4},{"damage":24,"enemies":"3 Sentries","floor":10,"turns":6},{"damage":6,"enemies":"Exordium Wildlife","floor":11,"turns":3},{"damage":2,"enemies":"Gremlin Nob","floor":12,"turns":3}],"seed_played":"2759727936549605410","potions_obtained":[{"floor":7,"key":"Strength Potion"},{"floor":10,"key":"Strength Potion"}],"is_trial":false,"path_per_floor":["M","?","M","$","$","R","M","R","T","E","M","E"],"character_chosen":"DEFECT","items_purchased":[],"campfire_rested":0,"item_purchase_floors":[],"current_hp_per_floor":[63,63,63,63,63,63,52,52,52,28,22,20,20],"gold":146,"neow_bonus":"TRANSFORM_TWO_CARDS","is_daily":false,"chose_seed":false,"campfire_upgraded":2,"win_rate":0.0,"timestamp":1611030297,"path_taken":["M","?","M","?","$","R","?","R","T","E","M","E"],"items_purchased_type":[],"build_version":"2020-12-22","purchased_purges":0,"victory":false,"max_hp_per_floor":[71,71,71,71,71,71,71,71,71,71,71,71,71],"card_choices":[{"not_picked":["Streamline","Melter"],"picked":"Defragment","floor":1},{"not_picked":["Steam","Sweeping Beam"],"picked":"Hologram","floor":3},{"not_picked":["Sweeping Beam","Hello World"],"picked":"Conserve Battery","floor":7},{"not_picked":["Hyperbeam","Go for the Eyes"],"picked":"Beam Cell","floor":10},{"not_picked":["Loop","Go for the Eyes"],"picked":"Reinforced Body","floor":11}],"player_experience":658283,"relics_obtained":[{"floor":9,"key":"PreservedInsect"},{"floor":10,"key":"Orichalcum"}],"event_choices":[{"cards_removed":["Strike_B"],"damage_healed":0,"gold_gain":0,"player_choice":"Purged","damage_taken":0,"max_hp_gain":0,"max_hp_loss":0,"event_name":"Purifier","floor":2,"gold_loss":0}],"is_beta":false,"boss_relics":[],"items_purged_floors":[],"is_endless":false,"potions_floor_spawned":[7,10],"killed_by":"Gremlin Nob","ascension_level":20}}