{"host":"s41rn2jhghpwfrvz","time":1611027339,"event":{"mods":["BaseMod","Minty Spire (QoL Compilation)","Quick Restart","Relic Stats","SuperFastMode"],"gold_per_floor":[118,43,43,60,113,113,148,148,201,233,233,233,262,276,276,350,350,368,388,438,462,490,502,548,560,572,603,715,757,325,336,336,414,414,427,263,263,273,285,310,310,342,396,414,414,447,458,76,76,76,76,76,76,76,111,111],"floor_reached":57,"language":"ENG","playtime":1266,"items_purged":["PiercingWail","Quick Slash+1"],"score":3767,"play_id":"ffca9674-215a-4229-933a-8f69bf9241df","local_time":"20210119053539","daily_mods":["SealedDeck","Vintage","Diverse"],"is_ascension_mode":true,"campfire_choices":[{"data":"Body Slam","floor":6,"key":"SMITH"},{"floor":15,"key":"RECALL"},{"data":"Quick Slash","floor":23,"key":"SMITH"},{"data":"Blade Dance","floor":25,"key":"SMITH"},{"data":"Blur","floor":32,"key":"SMITH"},{"data":"Panacea","floor":49,"key":"SMITH"}],"circlet_count":0,"master_deck":["AscendersBane","Blade Dance+1","Backflip+1","Backflip+1","Blur+1","Panacea+1"],"relics":["Burning Blood","InkBottle","Ornamental Fan","Art of War","War Paint","Mummified Hand","Red Skull","Anchor","Bag of Marbles","PreservedInsect","Coffee Dripper","Ancient Tea Set","MawBank","Tiny Chest","Lizard Tail","Shuriken","Sundial","Mango","Kunai","Boot","Centennial Puzzle","Paper Frog","Empty Cage","Question Card","Omamori","Ginger","Gremlin Horn","Smiling Mask","Letter Opener","Bag of Preparation","MealTicket","Akabeko","Regal Pillow","Potion Belt","Turnip","Pantograph"],"acts_visited":["Exordium","TheCity","TheBeyond","TheEnding"],"potions_floor_usage":[56,56,56,56,56,56,56],"damage_taken":[{"damage":0,"enemies":"Jaw Worm","floor":1,"turns":4},{"damage":0,"enemies":"Small Slimes","floor":4,"turns":3},{"damage":20,"enemies":"3 Sentries","floor":7,"turns":8},{"damage":0,"enemies":"Gremlin Nob","floor":10,"turns":2},{"damage":0,"enemies":"3 Sentries","floor":13,"turns":3},{"damage":0,"enemies":"Cultist","floor":14,"turns":2},{"damage":1,"enemies":"Slime Boss","floor":16,"turns":6},{"damage":0,"enemies":"3 Byrds","floor":18,"turns":3},{"damage":0,"enemies":"2 Thieves","floor":19,"turns":3},{"damage":0,"enemies":"Shelled Parasite and Fungi","floor":22,"turns":2},{"damage":0,"enemies":"Slavers","floor":24,"turns":1},{"damage":0,"enemies":"3 Cultists","floor":27,"turns":1},{"damage":0,"enemies":"Colosseum Slavers","floor":28,"turns":1},{"damage":0,"enemies":"Colosseum Nobs","floor":28,"turns":1},{"damage":0,"enemies":"Gremlin Leader","floor":29,"turns":1},{"damage":0,"enemies":"Chosen and Byrds","floor":31,"turns":2},{"damage":0,"enemies":"Collector","floor":33,"turns":2},{"damage":0,"enemies":"3 Shapes","floor":35,"turns":1},{"damage":0,"enemies":"3 Darklings","floor":38,"turns":1},{"damage":0,"enemies":"Sphere and 2 Shapes","floor":39,"turns":1},{"damage":0,"enemies":"Reptomancer","floor":40,"turns":1},{"damage":0,"enemies":"Nemesis","floor":42,"turns":1},{"damage":0,"enemies":"4 Shapes","floor":44,"turns":1},{"damage":0,"enemies":"Reptomancer","floor":46,"turns":1},{"damage":0,"enemies":"Transient","floor":47,"turns":6},{"damage":0,"enemies":"Donu and Deca","floor":50,"turns":2},{"damage":0,"enemies":"Awakened One","floor":51,"turns":3},{"damage":0,"enemies":"Shield and Spear","floor":55,"turns":1},{"damage":0,"enemies":"The Heart","floor":56,"turns":5}],"seed_played":"8370136338303264665","potions_obtained":[{"floor":4,"key":"BlessingOfTheForge"},{"floor":7,"key":"Strength Potion"},{"floor":13,"key":"SpeedPotion"},{"floor":16,"key":"SteroidPotion"},{"floor":33,"key":"EntropicBrew"},{"floor":47,"key":"BloodPotion"}],"is_trial":true,"path_per_floor":["M","$","?","M","T","R","E","?","T","E","?","?","E","M","R","B",null,"M","M","?","T","M","R","E","R","T","M","?","E","$","M","R","B",null,"M","$","?","M","M","E","T","E","T","M","?","E","M","$","R","B","B",null,"R","$","E","B",null],"character_chosen":"IRONCLAD","items_purchased":["Centennial Puzzle","Blur","Panacea","Omamori","Turnip","Swift Potion"],"campfire_rested":0,"item_purchase_floors":[30,30,30,36,48,48],"current_hp_per_floor":[74,74,51,57,57,57,43,36,36,42,37,37,43,49,49,54,70,75,75,75,75,75,75,75,75,75,75,89,89,89,89,89,89,89,89,89,79,85,89,89,89,89,89,89,89,89,89,89,89,89,89,89,89,89,89,89],"gold":111,"neow_bonus":"","is_daily":false,"chose_seed":false,"campfire_upgraded":5,"win_rate":0.0,"timestamp":1611027339,"path_taken":["M","$","?","M","?","R","E","?","T","E","?","?","E","M","R","BOSS","M","M","?","?","M","R","E","R","T","?","?","E","$","M","R","BOSS","M","$","?","M","M","E","?","E","T","?","?","E","M","?","R","BOSS","BOSS","R","$","E","BOSS"],"items_purchased_type":["Relic","Card","Card","Relic","Relic","Potion"],"build_version":"2020-12-22","purchased_purges":2,"victory":true,"max_hp_per_floor":[75,75,75,75,75,75,75,75,75,75,75,75,75,75,75,75,75,75,75,75,75,75,75,75,75,75,75,89,89,89,89,89,89,89,89,89,89,89,89,89,89,89,89,89,89,89,89,89,89,89,89,89,89,89,89,89],"relic_stats":{"Regal Pillow":0,"Gremlin Horn":[10,12],"Bag of Preparation":[8],"Ginger":[2],"Boot":[14],"Smiling Mask":0,"Burning Blood":57,"Lizard Tail":0,"Centennial Puzzle":[0],"Mummified Hand":[0],"Sundial":[380],"Pantograph":0,"Tiny Chest":1,"MealTicket":0,"Kunai":[69],"InkBottle":[51],"counters":[29,69],"PreservedInsect":378,"Letter Opener":[766],"War Paint":["Deflect","Backflip"],"MawBank":108,"Question Card":7,"Ornamental Fan":[332],"Shuriken":[72],"Turnip":[2],"Art of War":[6],"obtain_stats":[{"Regal Pillow":46,"Gremlin Horn":39,"Mango":28,"Bag of Preparation":42,"Ginger":38,"Ancient Tea Set":18,"Boot":29,"Empty Cage":34,"Smiling Mask":40,"Burning Blood":0,"Lizard Tail":24,"Centennial Puzzle":30,"Mummified Hand":10,"Sundial":27,"Pantograph":55,"Tiny Chest":22,"MealTicket":43,"Kunai":28,"InkBottle":1,"Red Skull":11,"Paper Frog":31,"Potion Belt":47,"PreservedInsect":14,"Omamori":36,"Letter Opener":41,"War Paint":9,"MawBank":21,"Question Card":35,"Akabeko":44,"Anchor":12,"Ornamental Fan":4,"Shuriken":26,"Turnip":48,"Art of War":7,"Bag of Marbles":13,"Coffee Dripper":17},{"Regal Pillow":24,"Gremlin Horn":20,"Mango":14,"Bag of Preparation":22,"Ginger":19,"Ancient Tea Set":8,"Boot":15,"Empty Cage":17,"Smiling Mask":21,"Burning Blood":0,"Lizard Tail":11,"Centennial Puzzle":15,"Mummified Hand":4,"Sundial":12,"Pantograph":28,"Tiny Chest":10,"MealTicket":22,"Kunai":14,"InkBottle":1,"Red Skull":4,"Paper Frog":16,"Potion Belt":25,"PreservedInsect":6,"Omamori":18,"Letter Opener":21,"War Paint":3,"MawBank":9,"Question Card":18,"Akabeko":23,"Anchor":4,"Ornamental Fan":2,"Shuriken":11,"Turnip":25,"Art of War":3,"Bag of Marbles":5,"Coffee Dripper":7},{"Regal Pillow":52,"Gremlin Horn":48,"Mango":40,"Bag of Preparation":50,"Ginger":47,"Ancient Tea Set":31,"Boot":41,"Empty Cage":45,"Smiling Mask":49,"Burning Blood":0,"Lizard Tail":37,"Centennial Puzzle":41,"Mummified Hand":17,"Sundial":38,"Pantograph":64,"Tiny Chest":36,"MealTicket":50,"Kunai":40,"InkBottle":4,"Red Skull":17,"Paper Frog":43,"Potion Belt":58,"PreservedInsect":22,"Omamori":46,"Letter Opener":49,"War Paint":15,"MawBank":34,"Question Card":46,"Akabeko":51,"Anchor":17,"Ornamental Fan":7,"Shuriken":37,"Turnip":58,"Art of War":15,"Bag of Marbles":20,"Coffee Dripper":28}]},"card_choices":[{"not_picked":["Warcry","FlyingSleeves","Dagger Throw"],"picked":"SKIP","floor":7},{"not_picked":["DevaForm","JustLucky","Coolheaded"],"picked":"SKIP","floor":10},{"not_picked":["Flame Barrier","PiercingWail","FearNoEvil"],"picked":"SKIP","floor":13},{"not_picked":["Consecrate","Distraction","Sanctity"],"picked":"SKIP","floor":24},{"not_picked":["Consecrate","Distraction","Sanctity"],"picked":"SKIP","floor":24},{"not_picked":["EmptyBody","Protect+1","Fasting2"],"picked":"SKIP","floor":29},{"not_picked":["Shrug It Off","Rampage+1","Crescendo","Fusion"],"picked":"SKIP","floor":40},{"not_picked":["Hello World","Calculated Gamble","Flame Barrier","Poisoned Stab"],"picked":"SKIP","floor":42},{"not_picked":["Evaluate","Blood for Blood","Backflip","Swivel"],"picked":"SKIP","floor":46},{"not_picked":["Sweeping Beam","Sever Soul+1","ForeignInfluence","Chill"],"picked":"SKIP","floor":55}],"player_experience":1805011,"relics_obtained":[{"floor":1,"key":"InkBottle"},{"floor":4,"key":"Ornamental Fan"},{"floor":7,"key":"Art of War"},{"floor":9,"key":"War Paint"},{"floor":10,"key":"Mummified Hand"},{"floor":13,"key":"Bag of Marbles"},{"floor":14,"key":"PreservedInsect"},{"floor":18,"key":"Ancient Tea Set"},{"floor":21,"key":"MawBank"},{"floor":22,"key":"Tiny Chest"},{"floor":24,"key":"Lizard Tail"},{"floor":26,"key":"Shuriken"},{"floor":27,"key":"Sundial"},{"floor":28,"key":"Mango"},{"floor":28,"key":"Kunai"},{"floor":29,"key":"Boot"},{"floor":31,"key":"Paper Frog"},{"floor":35,"key":"Question Card"},{"floor":38,"key":"Ginger"},{"floor":39,"key":"Gremlin Horn"},{"floor":40,"key":"Smiling Mask"},{"floor":41,"key":"Letter Opener"},{"floor":42,"key":"Bag of Preparation"},{"floor":43,"key":"MealTicket"},{"floor":44,"key":"Akabeko"},{"floor":46,"key":"Regal Pillow"},{"floor":47,"key":"Potion Belt"},{"floor":55,"key":"Pantograph"}],"event_choices":[{"damage_healed":0,"gold_gain":0,"player_choice":"Entered Light","damage_taken":23,"max_hp_gain":0,"max_hp_loss":0,"event_name":"Shining Light","floor":3,"gold_loss":0,"cards_upgraded":["Backflip","Conserve Battery"]},{"cards_removed":["PiercingWail"],"damage_healed":0,"gold_gain":0,"player_choice":"Card Removal","damage_taken":7,"max_hp_gain":0,"max_hp_loss":0,"event_name":"Golden Wing","floor":8,"gold_loss":0},{"damage_healed":0,"gold_gain":0,"player_choice":"Success","damage_taken":5,"relics_obtained":["Red Skull"],"max_hp_gain":0,"max_hp_loss":0,"event_name":"Scrap Ooze","floor":11,"gold_loss":0},{"cards_removed":["Prepared"],"damage_healed":0,"gold_gain":0,"player_choice":"Gave Card","damage_taken":0,"relics_obtained":["Anchor"],"max_hp_gain":0,"max_hp_loss":0,"event_name":"WeMeetAgain","floor":12,"gold_loss":0},{"damage_healed":0,"gold_gain":50,"player_choice":"Stole From Cult","damage_taken":0,"max_hp_gain":0,"max_hp_loss":0,"event_name":"Nest","floor":20,"gold_loss":0},{"damage_healed":0,"gold_gain":0,"player_choice":"Fight","damage_taken":0,"max_hp_gain":0,"max_hp_loss":0,"event_name":"Colosseum","floor":28,"gold_loss":0},{"damage_healed":0,"gold_gain":0,"player_choice":"Fought Nobs","damage_taken":0,"max_hp_gain":0,"max_hp_loss":0,"event_name":"Colosseum","floor":28,"gold_loss":0},{"damage_healed":0,"gold_gain":0,"player_choice":"Memory 3","damage_taken":10,"max_hp_gain":0,"max_hp_loss":0,"event_name":"SensoryStone","floor":37,"gold_loss":0},{"cards_removed":["Body Slam"],"damage_healed":0,"gold_gain":0,"player_choice":"Removed Attack","damage_taken":0,"max_hp_gain":0,"max_hp_loss":0,"event_name":"Falling","floor":45,"gold_loss":0}],"is_beta":false,"boss_relics":[{"not_picked":["Philosopher\u0027s Stone","Sozu"],"picked":"Coffee Dripper"},{"not_picked":["Astrolabe","Calling Bell"],"picked":"Empty Cage"}],"items_purged_floors":[2,30],"is_endless":false,"potions_floor_spawned":[4,7,13,16,22,28,29,31,33,38,40,46,47],"ascension_level":20}}