{"host":"jfbo3eu2ui08ej1u","time":1611025027,"event":{"mods":["2.2 Compatiblity","AchievementEnabler","Act Like it!","Aspiration","BaseMod","Better Altar","Better Match","Better Note","Better Sensory Stone","Better Skull","Better Third Choice","Block Reminder","Colored Map","Colored Powertips","Conspire","DeckTracker","Displayed Cursed Tome","Energized Spire","Fox Events","GifTheSpireLib","Hubris","Infinite Spire","Marked Mod","Minty Spire (QoL Compilation)","Pale of the Ancients","Poor People Problems","Quick Restart","Relic Filter","Reorder Act Four","Replay The Spire","Shop Mod","Spicy Shops","Spire Arcade","StSLib","Stuff the Spire","The Blue Laboratory","The Disciple","The Forsaken","The Hierophant","The Marked","Uncapped","Unceasing Turn Reminder","Wandering Minibosses"],"gold_per_floor":[109,124,124,43,57,57,57,57,57,57,57,57],"floor_reached":11,"language":"ENG","playtime":170,"items_purged":[],"score":116,"play_id":"3d1a2769-633f-4d05-bd61-5a8f15090f40","local_time":"20210118215707","is_ascension_mode":true,"campfire_choices":[{"data":"Redo","floor":6.0,"key":"SMITH"},{"data":"Zap","floor":8.0,"key":"SMITH"},{"data":"Dualcast","floor":10.0,"key":"SMITH"}],"circlet_count":0,"master_deck":["AscendersBane","Strike_B","Strike_B","Strike_B","Strike_B","Defend_B","Defend_B","Defend_B","Defend_B+1","Zap+1","Dualcast+1","Coolheaded","Conserve Battery","Gash+1","Redo+1"],"relics":["Cracked Core","hubris:Icosahedron","Replay:Ringing Soul"],"acts_visited":[],"potions_floor_usage":[],"damage_taken":[{"damage":2.0,"enemies":"Cultist","floor":1.0,"turns":4.0},{"damage":5.0,"enemies":"Jaw Worm","floor":2.0,"turns":4.0},{"damage":7.0,"enemies":"Small Slimes","floor":5.0,"turns":3.0},{"damage":57,"enemies":"Gremlin Nob","floor":11,"turns":4}],"seed_played":"-6133771562028818825","potions_obtained":[],"is_trial":false,"path_per_floor":["M","M","?","$","M","R","?","R","T","R","E"],"character_chosen":"DEFECT","items_purchased":["Gash+1"],"campfire_rested":0,"item_purchase_floors":[4],"current_hp_per_floor":[69,64,64,64,57,57,57,57,57,57,0,0],"gold":57,"neow_bonus":"TEN_PERCENT_HP_BONUS","is_daily":false,"chose_seed":false,"campfire_upgraded":3,"win_rate":0.0,"timestamp":1611025027,"path_taken":["M","?","?","$","M","R","?","R","T","R","E"],"items_purchased_type":["Card"],"build_version":"2020-12-22","purchased_purges":0,"victory":false,"max_hp_per_floor":[78,78,78,78,78,78,78,78,78,78,78,78],"card_choices":[{"not_picked":["Blizzard","Hello World"],"picked":"Coolheaded","floor":1.0},{"not_picked":["Hello World","Panic Button"],"picked":"Conserve Battery","floor":2.0},{"not_picked":["Barrage","Compile Driver"],"picked":"Redo","floor":5.0}],"player_experience":1205635,"relics_obtained":[{"floor":9.0,"key":"Replay:Ringing Soul"}],"event_choices":[],"is_beta":false,"boss_relics":[],"items_purged_floors":[],"is_endless":false,"potions_floor_spawned":[],"killed_by":"Gremlin Nob","ascension_level":18}}