{"host":"y1oqg7uy0jc6f5mb","time":1611072229,"event":{"mods":["BaseMod","Better Altar","Better Match","Better Note","Better Sensory Stone","Better Skull","Better Third Choice","BetterRewards","Block Reminder","Colored Map","Colored Powertips","Custom Start","DeckTracker","Highlight Path","Minty Spire (QoL Compilation)","Permanent Neow","Quick Restart","Relic Sorter","Relic Stats","Shop Mod","StSLib"],"gold_per_floor":[116,130,130,148,158,158,30,58,58,58,58,58,90,107,107,209,209,222,222,222,240,253,253,284,284,284,300,300,17,17,30,30,128,128,141,141,96,116,116,145,165,165,165,139,154,167,119,0,0,0],"floor_reached":51,"language":"ENG","playtime":5919,"items_purged":[],"score":909,"play_id":"247676ef-9ab9-4d7e-8813-3f852503eecd","local_time":"20210120000349","is_ascension_mode":true,"campfire_choices":[{"data":"Armaments","floor":6.0,"key":"SMITH"},{"data":"True Grit","floor":11.0,"key":"SMITH"},{"floor":15.0,"key":"REST"},{"floor":23.0,"key":"REST"},{"data":"Body Slam","floor":28.0,"key":"SMITH"},{"data":"Battle Trance","floor":32.0,"key":"SMITH"},{"data":"Mayhem","floor":42.0,"key":"SMITH"},{"data":"Body Slam","floor":49,"key":"SMITH"}],"circlet_count":0,"master_deck":["Strike_R","Strike_R","Strike_R","Strike_R","Defend_R","Defend_R","Defend_R","Defend_R","Bash","Armaments+1","Fire Breathing","After Image","Body Slam+1","Flame Barrier","Reckless Charge","True Grit+1","Juggernaut","Fire Breathing","Juggernaut","Havoc+1","Shrug It Off","Mayhem+1","Battle Trance+1","Feel No Pain","Jack Of All Trades","Iron Wave","Parasite","True Grit","Feel No Pain","Body Slam+1"],"relics":["Burning Blood","MealTicket","Strawberry","Pear","Juzu Bracelet","Busted Crown","Boot","Happy Flower","MerchantsRug","Sozu","Nunchaku","CaptainsWheel","Red Mask"],"acts_visited":["Exordium","TheCity","TheBeyond"],"potions_floor_usage":[50],"damage_taken":[{"damage":7.0,"enemies":"2 Louse","floor":1.0,"turns":4.0},{"damage":1.0,"enemies":"Small Slimes","floor":2.0,"turns":4.0},{"damage":0.0,"enemies":"Jaw Worm","floor":4.0,"turns":5.0},{"damage":8.0,"enemies":"2 Fungi Beasts","floor":5.0,"turns":5.0},{"damage":27.0,"enemies":"Lagavulin","floor":8.0,"turns":8.0},{"damage":11.0,"enemies":"3 Sentries","floor":13.0,"turns":6.0},{"damage":24.0,"enemies":"Exordium Thugs","floor":14.0,"turns":6.0},{"damage":25.0,"enemies":"The Guardian","floor":16.0,"turns":9.0},{"damage":13.0,"enemies":"Spheric Guardian","floor":18.0,"turns":4.0},{"damage":17.0,"enemies":"2 Thieves","floor":21.0,"turns":4.0},{"damage":26.0,"enemies":"Snake Plant","floor":22.0,"turns":4.0},{"damage":37.0,"enemies":"Book of Stabbing","floor":24.0,"turns":5.0},{"damage":4.0,"enemies":"Cultist and Chosen","floor":27.0,"turns":4.0},{"damage":29.0,"enemies":"Shelled Parasite and Fungi","floor":31.0,"turns":3.0},{"damage":36.0,"enemies":"Champ","floor":33.0,"turns":7.0},{"damage":2.0,"enemies":"3 Shapes","floor":35.0,"turns":4.0},{"damage":6.0,"enemies":"3 Darklings","floor":38.0,"turns":4.0},{"damage":37.0,"enemies":"Nemesis","floor":40.0,"turns":5.0},{"damage":15.0,"enemies":"Writhing Mass","floor":41.0,"turns":5.0},{"damage":8.0,"enemies":"Spire Growth","floor":45.0,"turns":3.0},{"damage":21,"enemies":"3 Darklings","floor":46,"turns":4},{"damage":62,"enemies":"Donu and Deca","floor":50,"turns":9}],"seed_played":"-8884139429430608621","potions_obtained":[{"floor":1.0,"key":"EntropicBrew"},{"floor":4.0,"key":"SmokeBomb"},{"floor":8.0,"key":"Explosive Potion"},{"floor":22.0,"key":"CultistPotion"},{"floor":24.0,"key":"AttackPotion"},{"floor":25.0,"key":"Regen Potion"},{"floor":25.0,"key":"GamblersBrew"},{"floor":31.0,"key":"Explosive Potion"}],"is_trial":false,"path_per_floor":["M","M","?","M","M","R","$","E","T","?","R","?","E","M","R","B",null,"M","?","?","M","M","R","E","?","T","M","R","$","?","M","R","B",null,"M","?","$","M","?","E","M","R","T","$","M","M","$","?","R","B",null],"character_chosen":"IRONCLAD","items_purchased":["Reckless Charge","True Grit","MerchantsRug","Mayhem","Iron Wave","True Grit","Body Slam"],"campfire_rested":2,"item_purchase_floors":[7,7,29,29,37,44,47],"current_hp_per_floor":[71,76,71,77,75,75,87,76,76,81,81,74,69,51,81,62,92,85,85,85,74,54,84,53,53,53,67,67,82,82,59,59,29,84,88,88,102,102,102,71,62,62,62,77,75,60,75,75,75,19],"gold":0,"neow_bonus":"RANDOM_COMMON_RELIC","is_daily":false,"chose_seed":false,"campfire_upgraded":6,"win_rate":0.0,"timestamp":1611072229,"path_taken":["M","M","?","M","M","R","$","E","T","?","R","?","E","M","R","BOSS","M","?","?","M","M","R","E","?","T","M","R","$","?","M","R","BOSS","M","?","$","M","?","E","M","R","T","?","M","M","$","?","R","BOSS"],"items_purchased_type":["Card","Card","Relic","Card","Card","Card","Card"],"build_version":"2020-12-22","purchased_purges":0,"victory":true,"max_hp_per_floor":[80,80,87,87,87,87,87,97,97,102,102,102,102,102,102,102,102,102,102,102,102,102,102,102,102,102,102,102,102,102,102,102,102,102,102,102,102,102,102,102,102,102,102,102,102,102,102,102,102,102],"relic_stats":{"Sozu":4,"Nunchaku":[3],"Busted Crown":30,"Happy Flower":[16],"counters":[22,112],"MealTicket":71,"Juzu Bracelet":3,"Boot":[19],"obtain_stats":[{"MerchantsRug":29,"Pear":8,"Happy Flower":26,"Vajra":9,"Juzu Bracelet":13,"Boot":24,"Burning Blood":0,"Sozu":34,"Nunchaku":40,"CaptainsWheel":43,"Busted Crown":17,"Strawberry":3,"MealTicket":0,"Red Mask":48},{"MerchantsRug":13,"Pear":5,"Happy Flower":12,"Vajra":5,"Juzu Bracelet":6,"Boot":12,"Burning Blood":0,"Sozu":15,"Nunchaku":18,"CaptainsWheel":19,"Busted Crown":8,"Strawberry":2,"MealTicket":0,"Red Mask":21},{"MerchantsRug":68,"Pear":26,"Happy Flower":64,"Vajra":26,"Juzu Bracelet":32,"Boot":64,"Burning Blood":0,"Sozu":78,"Nunchaku":91,"CaptainsWheel":96,"Busted Crown":47,"Strawberry":8,"MealTicket":0,"Red Mask":103}],"Burning Blood":132},"card_choices":[{"not_picked":["Burning Pact","Warcry"],"picked":"Armaments","floor":1.0},{"not_picked":["Infernal Blade","Power Through"],"picked":"Fire Breathing","floor":2.0},{"not_picked":["Sentinel","Warcry"],"picked":"Body Slam","floor":4.0},{"not_picked":["Fire Breathing","Pummel"],"picked":"Flame Barrier","floor":5.0},{"not_picked":["Power Through","Pommel Strike","Rupture"],"picked":"SKIP","floor":8.0},{"not_picked":["Iron Wave","Seeing Red"],"picked":"Juggernaut","floor":13.0},{"not_picked":["Havoc","Clash"],"picked":"Fire Breathing","floor":14.0},{"not_picked":["Corruption","Exhume"],"picked":"Juggernaut","floor":16.0},{"not_picked":["Cleave"],"picked":"SKIP","floor":18.0},{"not_picked":["Thunderclap"],"picked":"SKIP","floor":21.0},{"not_picked":[],"picked":"Havoc+1","floor":22.0},{"not_picked":["Second Wind+1"],"picked":"SKIP","floor":24.0},{"not_picked":[],"picked":"Shrug It Off","floor":27.0},{"not_picked":[],"picked":"Feel No Pain","floor":31.0},{"not_picked":[],"picked":"Dual Wield+1","floor":35.0},{"not_picked":[],"picked":"Jack Of All Trades","floor":36.0},{"not_picked":["Rampage"],"picked":"SKIP","floor":38.0},{"not_picked":["Bloodletting+1"],"picked":"SKIP","floor":40.0},{"not_picked":["Anger+1"],"picked":"SKIP","floor":41.0},{"not_picked":[],"picked":"Feel No Pain","floor":45.0},{"not_picked":["Bloodletting"],"picked":"SKIP","floor":46}],"player_experience":62386,"relics_obtained":[{"floor":8.0,"key":"Pear"},{"floor":9.0,"key":"Vajra"},{"floor":13.0,"key":"Juzu Bracelet"},{"floor":24.0,"key":"Boot"},{"floor":26.0,"key":"Happy Flower"},{"floor":40.0,"key":"Nunchaku"},{"floor":43.0,"key":"CaptainsWheel"}],"event_choices":[{"damage_healed":0.0,"max_hp_gain":5.0,"max_hp_loss":0.0,"gold_gain":0.0,"event_name":"Big Fish","player_choice":"Donut","floor":10.0,"gold_loss":0.0,"damage_taken":0.0},{"cards_removed":["Strike_R"],"damage_healed":0.0,"max_hp_gain":0.0,"max_hp_loss":0.0,"gold_gain":0.0,"event_name":"Golden Wing","player_choice":"Card Removal","floor":12.0,"gold_loss":0.0,"damage_taken":7.0},{"damage_healed":0.0,"max_hp_gain":0.0,"max_hp_loss":0.0,"gold_gain":0.0,"event_name":"The Mausoleum","player_choice":"Ignored","floor":19.0,"gold_loss":0.0,"damage_taken":0.0},{"damage_healed":0.0,"max_hp_gain":0.0,"max_hp_loss":0.0,"gold_gain":0.0,"event_name":"Ghosts","player_choice":"Ignored","floor":20.0,"gold_loss":0.0,"damage_taken":0.0},{"damage_healed":0.0,"max_hp_gain":0.0,"max_hp_loss":0.0,"gold_gain":0.0,"event_name":"Lab","player_choice":"Got Potions","floor":25.0,"gold_loss":0.0,"damage_taken":0.0},{"damage_healed":0.0,"max_hp_gain":0.0,"max_hp_loss":0.0,"gold_gain":0.0,"event_name":"The Library","player_choice":"Read","floor":30.0,"gold_loss":0.0,"damage_taken":0.0,"cards_obtained":["Battle Trance"]},{"damage_healed":0.0,"max_hp_gain":0.0,"max_hp_loss":0.0,"gold_gain":3.0,"event_name":"betterStone:BetterStone","player_choice":"1","floor":36.0,"gold_loss":0.0,"damage_taken":0.0},{"cards_removed":["Dual Wield"],"damage_healed":0.0,"max_hp_gain":0.0,"max_hp_loss":0.0,"gold_gain":0.0,"event_name":"Falling","player_choice":"Removed Skill","floor":39.0,"gold_loss":0.0,"damage_taken":0.0},{"damage_healed":0,"gold_gain":0,"player_choice":"Paid","damage_taken":0,"relics_obtained":["Red Mask"],"max_hp_gain":0,"max_hp_loss":0,"event_name":"Tomb of Lord Red Mask","floor":48,"gold_loss":119}],"is_beta":false,"boss_relics":[{"not_picked":["SacredBark","Fusion Hammer"],"picked":"Busted Crown"},{"not_picked":["Snecko Eye","Runic Pyramid"],"picked":"Sozu"}],"items_purged_floors":[],"is_endless":false,"potions_floor_spawned":[1,4,8,13,18,22,24,31,38,40,41,46],"ascension_level":7}}