{"host":"o54aw4mfims5m8ve","time":1611071785,"event":{"mods":["BaseMod","Downfall","Minty Spire (QoL Compilation)","StSLib"],"gold_per_floor":[99,111,123,138,148,58,85,119,130,130,146,246,263,276,294,294,294,294],"floor_reached":16,"language":"ENG","playtime":1804,"items_purged":["champ:Strike"],"score":108,"play_id":"ec50eb1f-c355-411b-9274-a5055b65e10b","local_time":"20210119155625","is_ascension_mode":false,"campfire_choices":[{"data":"champ:Taunt","floor":1,"key":"SMITH"},{"data":"champ:StanceDance","floor":10,"key":"SMITH"}],"circlet_count":0,"master_deck":["champ:Strike","champ:Strike","champ:Strike","champ:Defend","champ:Defend","champ:Defend","champ:Execute","champ:Taunt+1","champ:EnragedBash","champ:StanceDance+1","champ:CalledShot","champ:BerserkersShout","champ:FanOfKnives","champ:SkillfulDodge","champ:FlashCut","champ:Backstep"],"relics":["champ:ChampionCrown","Pen Nib","Juzu Bracelet"],"acts_visited":["Exordium"],"potions_floor_usage":[6,6,6],"damage_taken":[{"damage":20,"enemies":"Jaw Worm","floor":2,"turns":4},{"damage":17,"enemies":"Small Slimes","floor":3,"turns":4},{"damage":11,"enemies":"Cultist","floor":4,"turns":3},{"damage":16,"enemies":"Exordium Wildlife","floor":5,"turns":3},{"damage":30,"enemies":"downfall:FleeingMerchant","floor":6,"turns":4},{"damage":53,"enemies":"Gremlin Nob","floor":8,"turns":4},{"damage":20,"enemies":"Red Slaver","floor":9,"turns":2},{"damage":38,"enemies":"2 Fungi Beasts","floor":11,"turns":4},{"damage":10,"enemies":"3 Louse","floor":13,"turns":2},{"damage":23,"enemies":"Gremlin Gang","floor":14,"turns":3},{"damage":0,"enemies":"2 Fungi Beasts","floor":15,"turns":2},{"damage":78,"enemies":"DF_ARCHETYPE_STREAMLINE","floor":16,"turns":9}],"seed_played":"8502081680763862049","potions_obtained":[{"floor":2,"key":"Strength Potion"},{"floor":3,"key":"champ:CounterPotion"},{"floor":4,"key":"SteroidPotion"},{"floor":9,"key":"GamblersBrew"}],"is_trial":false,"path_per_floor":["R","M","M","M","M","$","T","E","M","R","M","?","M","M","M","B"],"character_chosen":"THE_CHAMP","items_purchased":[],"campfire_rested":0,"item_purchase_floors":[],"current_hp_per_floor":[90,90,88,87,86,86,86,68,68,68,60,60,60,57,57,0,0,0],"gold":294,"neow_bonus":"REMOVE_CARD","is_daily":false,"chose_seed":false,"campfire_upgraded":2,"win_rate":0.0,"timestamp":1611071785,"path_taken":["R","M","M","M","M","$","T","E","M","R","M","?","M","M","M","BOSS"],"items_purchased_type":[],"build_version":"2020-12-22","purchased_purges":1,"victory":false,"max_hp_per_floor":[90,90,90,90,90,90,90,90,90,90,90,90,90,90,90,90,90,90],"card_choices":[{"not_picked":["champ:Lariat","champ:AdrenalArmor"],"picked":"champ:EnragedBash","floor":2},{"not_picked":["champ:Shatter","champ:GladiatorStyle"],"picked":"champ:StanceDance","floor":3},{"not_picked":["champ:FanOfKnives","champ:EnragedBash"],"picked":"champ:CalledShot","floor":4},{"not_picked":["champ:AdrenalArmor","champ:EnGarde","champ:TornadoPunch"],"picked":"SKIP","floor":5},{"not_picked":["champ:CrookedStrike","champ:CheapShot"],"picked":"champ:BerserkersShout","floor":6},{"not_picked":["champ:CrownThrow","champ:RapidStrikes","champ:FaceSlap"],"picked":"SKIP","floor":8},{"not_picked":["champ:PreemptiveStrike","champ:BerserkersShout"],"picked":"champ:FanOfKnives","floor":9},{"not_picked":["champ:Encircle","champ:HeartStrike","champ:CalledShot"],"picked":"SKIP","floor":11},{"not_picked":["champ:Backstep","champ:PerfectedStrike"],"picked":"champ:SkillfulDodge","floor":13},{"not_picked":["champ:IgnorePain","champ:StanceDance"],"picked":"champ:FlashCut","floor":14},{"not_picked":["champ:EnGarde","champ:BladeFlurry"],"picked":"champ:Backstep","floor":15}],"player_experience":146107,"relics_obtained":[{"floor":7,"key":"Pen Nib"},{"floor":8,"key":"Juzu Bracelet"}],"event_choices":[],"is_beta":false,"boss_relics":[],"items_purged_floors":[6],"is_endless":false,"potions_floor_spawned":[2,3,4,9],"killed_by":"DF_ARCHETYPE_STREAMLINE","ascension_level":0}}