{"host":"fzku1ofsxv8lro8o","time":1611064388,"event":{"mods":["BaseMod","Colored Map","Downfall","Minty Spire (QoL Compilation)","Relic Stats","StSLib","everything is the same but u backflip on backflip"],"gold_per_floor":[99,109,119,219,219,219,219,219,238,238,126,159,182,213,230,325,325,325,344,356,456,468,268,292,311,211,246,131,141,170,170,183,280,280,280,292,388,388,401,401,401,417,431,464,479,163,163,177,193,193,193,219,11,11,11,11],"floor_reached":57,"language":"ENG","playtime":4531,"items_purged":["bronze:Defend","bronze:Strike","bronze:Strike+1","bronze:WhirlingStrike+1","bronze:DelayedSlice"],"score":1189,"play_id":"eeaec908-6855-45e7-9378-e5754bae92c7","local_time":"20210119165308","is_ascension_mode":false,"campfire_choices":[{"data":"bronze:Replicate","floor":1,"key":"SMITH"},{"data":"bronze:Goto","floor":6,"key":"SMITH"},{"data":"bronze:Repair","floor":8,"key":"SMITH"},{"data":"bronze:WhirlingStrike","floor":10,"key":"SMITH"},{"floor":18,"key":"RECALL"},{"data":"bronze:Boost","floor":23,"key":"SMITH"},{"data":"bronze:Assembly","floor":26,"key":"SMITH"},{"data":"bronze:Boost","floor":35,"key":"SMITH"},{"data":"bronze:Iterate","floor":40,"key":"SMITH"},{"data":"bronze:Iterate","floor":47,"key":"SMITH"},{"floor":54,"key":"REST"}],"circlet_count":0,"master_deck":["bronze:Strike+1","bronze:Strike+1","bronze:Defend+1","bronze:Defend+1","bronze:Defend+1","bronze:Replicate+1","bronze:Goto+1","bronze:Repulsor","bronze:Repair+1","bronze:ChildClass","bronze:BitShift","bronze:Iterate+1","bronze:Flail","bronze:Boost+1","bronze:Assembly+1","bronze:Optimize+1","bronze:FineTuning","bronze:Boost+1","bronze:ChildClass","bronze:Boost+1","bronze:Deprecate+1","bronze:Assembly+1","bronze:Iterate+1","expansioncontent:DashGenerateEvil","bronze:Iterate+1","Trip"],"relics":["bronze:BronzeCore","Pocketwatch","Question Card","Lizard Tail","Toy Ornithopter","Anchor","Runic Pyramid","Dead Branch","Eternal Feather","downfall:HeartBlessingRed","downfall:HeartBlessingGreen","downfall:HeartBlessingBlue","Red Mask","Tiny Chest","Velvet Choker","Membership Card","Darkstone Periapt","Ancient Tea Set","Medical Kit","Bronze Scales","Orichalcum","DollysMirror"],"acts_visited":["Exordium","TheCity","TheBeyond","TheEnding"],"potions_floor_usage":[16,27,55,56],"damage_taken":[{"damage":2,"enemies":"Small Slimes","floor":2,"turns":3},{"damage":0,"enemies":"Cultist","floor":3,"turns":3},{"damage":0,"enemies":"Jaw Worm","floor":9,"turns":3},{"damage":1,"enemies":"downfall:FleeingMerchant","floor":11,"turns":4},{"damage":8,"enemies":"Gremlin Nob","floor":12,"turns":3},{"damage":24,"enemies":"Lagavulin","floor":14,"turns":5},{"damage":0,"enemies":"3 Louse","floor":15,"turns":3},{"damage":7,"enemies":"IC_STATUS_ARCHETYPE","floor":16,"turns":7},{"damage":0,"enemies":"3 Byrds","floor":19,"turns":5},{"damage":28,"enemies":"Snake Plant","floor":20,"turns":4},{"damage":22,"enemies":"Colosseum Nobs","floor":21,"turns":4},{"damage":8,"enemies":"Centurion and Healer","floor":22,"turns":3},{"damage":0,"enemies":"Cultist and Chosen","floor":25,"turns":3},{"damage":10,"enemies":"Masked Bandits","floor":27,"turns":3},{"damage":6,"enemies":"downfall:FleeingMerchant","floor":28,"turns":4},{"damage":0,"enemies":"Shelled Parasite and Fungi","floor":29,"turns":3},{"damage":0,"enemies":"Slavers","floor":30,"turns":2},{"damage":16,"enemies":"Snake Plant","floor":32,"turns":3},{"damage":47,"enemies":"DF_ARCHETYPE_CLAW","floor":33,"turns":6},{"damage":0,"enemies":"3 Shapes","floor":36,"turns":3},{"damage":0,"enemies":"downfall:FleeingMerchant","floor":37,"turns":4},{"damage":2,"enemies":"Orb Walker","floor":39,"turns":3},{"damage":13,"enemies":"Spire Growth","floor":42,"turns":4},{"damage":16,"enemies":"Transient","floor":43,"turns":5},{"damage":8,"enemies":"Nemesis","floor":44,"turns":5},{"damage":0,"enemies":"Maw","floor":45,"turns":4},{"damage":5,"enemies":"4 Shapes","floor":48,"turns":5},{"damage":8,"enemies":"Sphere and 2 Shapes","floor":49,"turns":4},{"damage":37,"enemies":"WA_ARCHETYPE_DIVINITY","floor":50,"turns":10},{"damage":88,"enemies":"downfall:CharBossMerchant","floor":52,"turns":7},{"damage":40,"enemies":"downfall:NeowBoss","floor":55,"turns":16},{"damage":109,"enemies":"downfall:NeowBossFinal","floor":56,"turns":13}],"seed_played":"-3916781278959917418","potions_obtained":[{"floor":2,"key":"Block Potion"},{"floor":5,"key":"AttackPotion"},{"floor":5,"key":"Strength Potion"},{"floor":27,"key":"sneckomod:MuddlingPotion"},{"floor":29,"key":"FairyPotion"},{"floor":49,"key":"DuplicationPotion"}],"is_trial":false,"path_per_floor":["R","M","M","?","?","R","T","R","M","R","$","E","T","E","M","B",null,"R","M","M","?","M","R","T","M","R","?","$","M","E","?","M","B",null,"R","M","$","?","M","R","T","M","M","E","M","$","R","M","M","B",null,"E","$","R","B","B",null],"character_chosen":"THE_AUTOMATON","items_purchased":["bronze:BitShift","Membership Card","PowerPotion","Medical Kit","Bronze Scales","expansioncontent:DashGenerateEvil","DollysMirror","Trip"],"campfire_rested":1,"item_purchase_floors":[11,37,37,46,46,46,53,53],"current_hp_per_floor":[49,47,47,47,47,47,47,47,57,57,66,62,62,46,56,64,70,70,70,52,40,42,54,54,64,80,70,74,80,80,80,64,27,80,80,80,80,80,78,80,80,67,61,63,73,73,80,75,67,40,80,2,2,41,16,1],"gold":11,"neow_bonus":"ONE_RARE_RELIC","is_daily":false,"chose_seed":false,"campfire_upgraded":9,"win_rate":0.0,"timestamp":1611064388,"path_taken":["R","M","M","?","?","R","T","R","?","R","$","E","?","E","M","BOSS","R","M","M","?","M","R","T","M","R","?","$","M","E","?","M","BOSS","R","M","$","?","M","R","T","M","M","E","M","$","R","?","M","BOSS","E","$","R","BOSS","BOSS"],"items_purchased_type":["Card","Relic","Potion","Relic","Relic","Card","Relic","Card"],"build_version":"2020-12-22","purchased_purges":5,"victory":true,"max_hp_per_floor":[70,70,70,70,70,70,70,70,70,70,70,70,70,70,70,70,70,70,70,70,70,70,70,70,70,80,80,80,80,80,80,80,80,80,80,80,80,80,80,80,80,80,80,80,80,80,80,80,80,80,80,80,80,80,80,80],"relic_stats":{"Darkstone Periapt":0,"counters":[32,154],"Dead Branch":[126],"Eternal Feather":42,"Orichalcum":[18],"Question Card":27,"Medical Kit":[6],"Lizard Tail":40,"Bronze Scales":[123],"Tiny Chest":0,"obtain_stats":[{"Darkstone Periapt":41,"bronze:BronzeCore":0,"downfall:HeartBlessingRed":23,"Dead Branch":21,"Velvet Choker":34,"Eternal Feather":21,"downfall:HeartBlessingGreen":23,"Orichalcum":52,"Question Card":7,"Ancient Tea Set":44,"Medical Kit":46,"Lizard Tail":12,"Anchor":14,"downfall:HeartBlessingBlue":26,"DollysMirror":53,"Bronze Scales":46,"Tiny Chest":30,"Red Mask":27,"Membership Card":37,"Toy Ornithopter":13,"Pocketwatch":0,"Runic Pyramid":17},{"Darkstone Periapt":22,"bronze:BronzeCore":0,"downfall:HeartBlessingRed":12,"Dead Branch":11,"Velvet Choker":19,"Eternal Feather":11,"downfall:HeartBlessingGreen":12,"Orichalcum":30,"Question Card":2,"Ancient Tea Set":25,"Medical Kit":26,"Lizard Tail":5,"Anchor":6,"downfall:HeartBlessingBlue":13,"DollysMirror":30,"Bronze Scales":26,"Tiny Chest":17,"Red Mask":14,"Membership Card":21,"Toy Ornithopter":5,"Pocketwatch":0,"Runic Pyramid":8},{"Darkstone Periapt":81,"bronze:BronzeCore":0,"downfall:HeartBlessingRed":47,"Dead Branch":44,"Velvet Choker":71,"Eternal Feather":44,"downfall:HeartBlessingGreen":47,"Orichalcum":125,"Question Card":6,"Ancient Tea Set":95,"Medical Kit":99,"Lizard Tail":16,"Anchor":21,"downfall:HeartBlessingBlue":50,"DollysMirror":125,"Bronze Scales":99,"Tiny Chest":62,"Red Mask":53,"Membership Card":78,"Toy Ornithopter":16,"Pocketwatch":0,"Runic Pyramid":31}],"Toy Ornithopter":15,"Pocketwatch":[41]},"card_choices":[{"not_picked":["bronze:Backtrace","bronze:DigitalCarnage"],"picked":"bronze:Repulsor","floor":2},{"not_picked":["bronze:DigitalCarnage","bronze:BitShift"],"picked":"bronze:Repair","floor":3},{"not_picked":["bronze:CutThrough","bronze:BronzeOrb","bronze:Frontload"],"picked":"bronze:WhirlingStrike","floor":9},{"not_picked":["bronze:Shield","bronze:Overheat","bronze:Branch"],"picked":"bronze:ChildClass","floor":11},{"not_picked":["bronze:BitShift","bronze:Break","bronze:Overload"],"picked":"bronze:Iterate","floor":12},{"not_picked":["bronze:CutThrough","bronze:Shield","bronze:ForceShield"],"picked":"bronze:Flail","floor":14},{"not_picked":["bronze:WildBeam","bronze:DarkDash","bronze:FollowUp"],"picked":"bronze:Boost","floor":15},{"not_picked":["bronze:CleanCode","bronze:ThunderWave","bronze:Mutator"],"picked":"bronze:Assembly","floor":16},{"not_picked":["bronze:Frontload","bronze:ChildClass","bronze:OilSpill"],"picked":"bronze:Optimize+1","floor":19},{"not_picked":["bronze:ClassDefault","bronze:FollowUp+1","bronze:Allocate"],"picked":"bronze:DelayedSlice","floor":20},{"not_picked":["bronze:Iterate","bronze:Fortify","bronze:Branch"],"picked":"bronze:FineTuning","floor":22},{"not_picked":["bronze:DelayedGuard","bronze:Overheat","bronze:WildBeam"],"picked":"bronze:Boost+1","floor":25},{"not_picked":["bronze:DelayedGuard","bronze:ForceShield","bronze:Branch+1"],"picked":"bronze:ChildClass","floor":28},{"not_picked":["bronze:WhirlingStrike","bronze:BugBarrage","bronze:DarkDash"],"picked":"bronze:Boost","floor":29},{"not_picked":["bronze:FindAndReplace","bronze:MaxOutput+1","bronze:WildBeam+1","bronze:Break"],"picked":"SKIP","floor":30},{"not_picked":["bronze:CutThrough","bronze:OilSpill","bronze:Turbo","bronze:NullPointer"],"picked":"SKIP","floor":32},{"not_picked":["bronze:Overheat","bronze:OilSpill+1","bronze:Invalidate"],"picked":"bronze:Deprecate+1","floor":36},{"not_picked":["bronze:Turbo+1","bronze:Return+1","bronze:NullPointer+1","bronze:BuggyMess"],"picked":"SKIP","floor":37},{"not_picked":["bronze:BronzeArmor","bronze:MaxOutput","bronze:DigitalCarnage","bronze:ChildClass"],"picked":"SKIP","floor":39},{"not_picked":["bronze:Branch+1","bronze:DigitalCarnage","bronze:ItsAFeature+1"],"picked":"bronze:Iterate","floor":42},{"not_picked":["bronze:BronzeOrb","bronze:NullPointer+1","bronze:HardenedForm","bronze:Deprecate"],"picked":"SKIP","floor":43},{"not_picked":["bronze:Overheat","bronze:WhirlingStrike","bronze:WildBeam+1","bronze:CloningBeam"],"picked":"SKIP","floor":44},{"not_picked":["bronze:Invalidate+1","bronze:ItsAFeature","bronze:Branch+1","bronze:BugBarrage"],"picked":"SKIP","floor":45},{"not_picked":["bronze:BuggyMess","bronze:ForLoop+1","bronze:BitShift","bronze:MaxOutput+1"],"picked":"SKIP","floor":48},{"not_picked":["bronze:FindAndReplace","bronze:WhirlingStrike+1","bronze:DarkDash","bronze:Frontload"],"picked":"SKIP","floor":49},{"not_picked":["bronze:GetLatest+1","bronze:Overload+1","bronze:BronzeOrb+1","bronze:Frontload"],"picked":"SKIP","floor":52}],"player_experience":876939,"relics_obtained":[{"floor":7,"key":"Question Card"},{"floor":12,"key":"Lizard Tail"},{"floor":13,"key":"Toy Ornithopter"},{"floor":14,"key":"Anchor"},{"floor":21,"key":"Dead Branch"},{"floor":21,"key":"Eternal Feather"},{"floor":27,"key":"Red Mask"},{"floor":30,"key":"Tiny Chest"},{"floor":41,"key":"Darkstone Periapt"},{"floor":44,"key":"Ancient Tea Set"},{"floor":52,"key":"Orichalcum"}],"event_choices":[{"damage_healed":0,"gold_gain":0,"player_choice":"Got Potions","damage_taken":0,"max_hp_gain":0,"max_hp_loss":0,"event_name":"Lab","floor":5,"gold_loss":0},{"damage_healed":0,"gold_gain":0,"player_choice":"Fought Bandits","damage_taken":0,"max_hp_gain":0,"max_hp_loss":0,"event_name":"Masked Bandits","floor":27,"gold_loss":0}],"is_beta":false,"boss_relics":[{"not_picked":["Black Star","Cursed Key"],"picked":"Runic Pyramid"},{"not_picked":["Runic Dome","Snecko Eye"],"picked":"Velvet Choker"}],"items_purged_floors":[11,28,37,46,53],"is_endless":false,"potions_floor_spawned":[2,9,15,27,29,32,33,36,43,44,49],"ascension_level":0}}