{"host":"vrsxkkch9ccrec7k","time":1611040466,"event":{"mods":["Act Like it!","BaseMod","Bestiary","Better Altar","Better Match","Better Note","Better Sensory Stone","Better Skull","Better Third Choice","Better Vampires","Downfall","Minty Spire (QoL Compilation)","Permanent Neow","Relic Stats","Spicy Shops","StSLib"],"gold_per_floor":[99,109,126,126,141,141,141,141,159,170,170,187,202,232,247,345,345,245,264,264,264,280,280,280,10,110,127,140,166,166,191,207,309,309,309,328,348,348,399,79,79,79,113,113,138,155,55,89,105,105],"floor_reached":51,"language":"ENG","playtime":6164,"items_purged":["bronze:Strike","bronze:Strike"],"score":1020,"play_id":"c5150cf9-2cab-495a-8be6-b684ea476d27","local_time":"20210119021426","is_ascension_mode":true,"campfire_choices":[{"data":"bronze:Replicate","floor":1,"key":"SMITH"},{"data":"bronze:Iterate","floor":6,"key":"SMITH"},{"data":"bronze:Goto","floor":11,"key":"SMITH"},{"data":"bronze:TinkerersToolbox","floor":18,"key":"SMITH"},{"data":"bronze:CloningBeam","floor":23,"key":"SMITH"},{"floor":35,"key":"RECALL"},{"data":"expansioncontent:YouAreMine","floor":42,"key":"SMITH"},{"data":"bronze:Flail","floor":47,"key":"SMITH"}],"circlet_count":0,"master_deck":["bronze:Defend","bronze:Defend","bronze:Defend","bronze:Defend","bronze:Replicate+1","bronze:Goto+1","bronze:CutThrough","bronze:Iterate+1","bronze:ChildClass","bronze:Repulsor","bronze:Iterate","bronze:HyperBeam","bronze:Frontload","bronze:Branch","bronze:TinkerersToolbox+1","bronze:WhirlingStrike+1","Dark Shackles","bronze:CloningBeam+1","bronze:Frontload","bronze:MaxOutput","bronze:ThunderWave","bronze:Overheat","expansioncontent:YouAreMine+1","bronze:ItsAFeature+1","bronze:Repair","bronze:Flail+1","bronze:ForceShield+1","bronze:Frontload+1","bronze:Virus"],"relics":["bronze:BronzeCore","Ginger","Mummified Hand","Gambling Chip","Snecko Eye","downfall:HeartBlessingGreen","bronze:CableSpool","Torii","Potion Belt","Juzu Bracelet","Ancient Tea Set","bronze:MakeshiftBattery","Mango","hexamod:CandleOfCauterizing","ClockworkSouvenir","Orrery","White Beast Statue","CaptainsWheel","PreservedInsect","downfall:HeartBlessingRed","Art of War"],"acts_visited":["Exordium","TheCity","TheBeyond"],"potions_floor_usage":[16,16,27,40,40,45,50,50],"damage_taken":[{"damage":3,"enemies":"2 Louse","floor":2,"turns":3},{"damage":0,"enemies":"Cultist","floor":3,"turns":3},{"damage":2,"enemies":"Jaw Worm","floor":5,"turns":3},{"damage":0,"enemies":"Blue Slaver","floor":9,"turns":3},{"damage":5,"enemies":"Gremlin Gang","floor":10,"turns":4},{"damage":0,"enemies":"Large Slime","floor":12,"turns":4},{"damage":2,"enemies":"Exordium Wildlife","floor":13,"turns":3},{"damage":33,"enemies":"Gremlin Nob","floor":14,"turns":5},{"damage":0,"enemies":"2 Fungi Beasts","floor":15,"turns":4},{"damage":20,"enemies":"DF_ARCHETYPE_STREAMLINE","floor":16,"turns":11},{"damage":0,"enemies":"Chosen","floor":19,"turns":3},{"damage":0,"enemies":"Snake Plant","floor":22,"turns":3},{"damage":0,"enemies":"downfall:FleeingMerchant","floor":25,"turns":4},{"damage":0,"enemies":"downfall:LadyInBlue","floor":26,"turns":10},{"damage":0,"enemies":"Snecko","floor":27,"turns":4},{"damage":0,"enemies":"Sentry and Sphere","floor":28,"turns":3},{"damage":0,"enemies":"Slavers","floor":29,"turns":1},{"damage":0,"enemies":"Gremlin Leader","floor":31,"turns":7},{"damage":0,"enemies":"Snake Plant","floor":32,"turns":4},{"damage":19,"enemies":"IC_MUSHROOM_ARCHETYPE","floor":33,"turns":12},{"damage":0,"enemies":"3 Darklings","floor":36,"turns":2},{"damage":0,"enemies":"3 Shapes","floor":37,"turns":2},{"damage":11,"enemies":"2 Orb Walkers","floor":39,"turns":2},{"damage":0,"enemies":"downfall:FleeingMerchant","floor":40,"turns":4},{"damage":2,"enemies":"Giant Head","floor":43,"turns":5},{"damage":1,"enemies":"Nemesis","floor":45,"turns":5},{"damage":0,"enemies":"3 Darklings","floor":46,"turns":3},{"damage":0,"enemies":"Giant Head","floor":48,"turns":4},{"damage":0,"enemies":"Sphere and 2 Shapes","floor":49,"turns":3},{"damage":6,"enemies":"WA_ARCHETYPE_DIVINITY","floor":50,"turns":7}],"seed_played":"2159319915116280217","potions_obtained":[{"floor":5,"key":"bronze:BurnAndBuffPotion"},{"floor":9,"key":"FairyPotion"},{"floor":10,"key":"sneckomod:MuddlingPotion"},{"floor":12,"key":"LiquidBronze"},{"floor":14,"key":"Swift Potion"},{"floor":15,"key":"bronze:BurnAndBuffPotion"},{"floor":22,"key":"Dexterity Potion"},{"floor":26,"key":"DistilledChaos"},{"floor":26,"key":"Strength Potion"},{"floor":26,"key":"ColorlessPotion"},{"floor":27,"key":"SkillPotion"},{"floor":28,"key":"sneckomod:MuddlingPotion"},{"floor":32,"key":"SteroidPotion"},{"floor":43,"key":"Energy Potion"},{"floor":45,"key":"SneckoOil"},{"floor":46,"key":"Strength Potion"},{"floor":48,"key":"Swift Potion"}],"is_trial":false,"path_per_floor":["R","M","M","?","M","R","T","?","M","M","R","M","M","E","M","B",null,"R","M","?","?","M","R","T","$","?","M","M","E","?","E","M","B",null,"R","M","M","?","?","$","T","R","E","T","E","M","R","E","M","B",null],"character_chosen":"THE_AUTOMATON","items_purchased":["Torii","hexamod:CandleOfCauterizing","ClockworkSouvenir","Explosive Potion","Orrery"],"campfire_rested":0,"item_purchase_floors":[25,40,40,40,40],"current_hp_per_floor":[63,60,60,60,58,58,58,58,58,53,53,53,51,18,18,18,63,63,63,52,52,52,52,52,52,52,52,52,52,52,52,52,33,68,68,68,68,63,66,66,66,66,71,71,77,82,82,82,82,76],"gold":105,"neow_bonus":"ONE_RARE_RELIC","is_daily":false,"chose_seed":false,"campfire_upgraded":7,"win_rate":0.0,"timestamp":1611040466,"path_taken":["R","M","M","?","?","R","T","?","M","M","R","M","M","E","M","BOSS","R","M","?","?","M","R","T","$","?","?","M","E","?","E","M","BOSS","R","M","M","?","?","$","T","R","E","?","E","M","R","E","M","BOSS"],"items_purchased_type":["Relic","Relic","Relic","Potion","Relic"],"build_version":"2020-12-22","purchased_purges":2,"victory":true,"max_hp_per_floor":[63,63,63,63,63,63,63,63,63,63,63,63,63,63,63,63,63,63,63,68,68,68,68,68,68,68,68,68,68,68,68,68,68,68,68,68,68,68,82,82,82,82,82,82,82,82,82,82,82,82],"relic_stats":{"Torii":8,"counters":[30,131],"Mummified Hand":[50],"Gambling Chip":[107],"Snecko Eye":[224,204,191,208],"PreservedInsect":125,"Juzu Bracelet":0,"Art of War":[0],"Ginger":[26],"obtain_stats":[{"Potion Belt":26,"hexamod:CandleOfCauterizing":40,"bronze:BronzeCore":0,"Torii":25,"downfall:HeartBlessingRed":47,"downfall:HeartBlessingGreen":18,"Mango":39,"PreservedInsect":45,"Juzu Bracelet":29,"Ginger":0,"Ancient Tea Set":31,"White Beast Statue":41,"bronze:CableSpool":24,"ClockworkSouvenir":40,"CaptainsWheel":43,"Mummified Hand":7,"Gambling Chip":14,"Snecko Eye":17,"Orrery":40,"Art of War":48,"bronze:MakeshiftBattery":34},{"Potion Belt":14,"hexamod:CandleOfCauterizing":24,"bronze:BronzeCore":0,"Torii":13,"downfall:HeartBlessingRed":27,"downfall:HeartBlessingGreen":10,"Mango":23,"PreservedInsect":26,"Juzu Bracelet":17,"Ginger":0,"Ancient Tea Set":18,"White Beast Statue":24,"bronze:CableSpool":12,"ClockworkSouvenir":24,"CaptainsWheel":25,"Mummified Hand":3,"Gambling Chip":8,"Snecko Eye":10,"Orrery":24,"Art of War":28,"bronze:MakeshiftBattery":20},{"Potion Belt":63,"hexamod:CandleOfCauterizing":104,"bronze:BronzeCore":0,"Torii":53,"downfall:HeartBlessingRed":117,"downfall:HeartBlessingGreen":43,"Mango":100,"PreservedInsect":114,"Juzu Bracelet":71,"Ginger":0,"Ancient Tea Set":78,"White Beast Statue":104,"bronze:CableSpool":49,"ClockworkSouvenir":104,"CaptainsWheel":109,"Mummified Hand":9,"Gambling Chip":28,"Snecko Eye":43,"Orrery":104,"Art of War":121,"bronze:MakeshiftBattery":94}]},"card_choices":[{"not_picked":["bronze:BuggyMess","bronze:Frontload"],"picked":"bronze:CutThrough","floor":2},{"not_picked":["bronze:FineTuning","bronze:BitShift"],"picked":"bronze:Iterate","floor":3},{"not_picked":["bronze:Iterate","bronze:BitShift"],"picked":"bronze:ChildClass","floor":5},{"not_picked":["bronze:Iterate","bronze:CutThrough","bronze:Shell"],"picked":"SKIP","floor":9},{"not_picked":["bronze:CloningBeam","bronze:Constructor"],"picked":"bronze:Repulsor","floor":10},{"not_picked":["bronze:Overheat","bronze:FineTuning"],"picked":"bronze:Iterate","floor":12},{"not_picked":["bronze:FineTuning","bronze:OilSpill"],"picked":"bronze:HyperBeam","floor":13},{"not_picked":["bronze:CleanCode","bronze:CutThrough"],"picked":"bronze:Frontload","floor":14},{"not_picked":["bronze:Overload","bronze:Frontload"],"picked":"bronze:Branch","floor":15},{"not_picked":["bronze:ShipIt","bronze:ThunderWave"],"picked":"bronze:TinkerersToolbox","floor":16},{"not_picked":["bronze:FineTuning","bronze:InfiniteBeams"],"picked":"bronze:WhirlingStrike+1","floor":19},{"not_picked":["Magnetism","Thinking Ahead"],"picked":"Dark Shackles","floor":21},{"not_picked":["bronze:Boost","bronze:Backtrace"],"picked":"bronze:CloningBeam","floor":22},{"not_picked":["bronze:Terminator","bronze:Branch"],"picked":"bronze:Frontload","floor":25},{"not_picked":["bronze:Constructor","bronze:Shield+1","bronze:Allocate+1"],"picked":"SKIP","floor":27},{"not_picked":["bronze:Frontload","bronze:FineTuning","bronze:Separator"],"picked":"SKIP","floor":28},{"not_picked":["bronze:Safeguard","bronze:ThunderWave","bronze:Allocate+1"],"picked":"SKIP","floor":29},{"not_picked":["bronze:WhirlingStrike","bronze:WildBeam+1","bronze:Deprecate"],"picked":"SKIP","floor":31},{"not_picked":["bronze:FineTuning","bronze:Constructor","bronze:BuggyMess+1"],"picked":"SKIP","floor":32},{"not_picked":["bronze:Break","bronze:Assembly"],"picked":"bronze:ThunderWave","floor":33},{"not_picked":["bronze:Repulsor","bronze:GetLatest"],"picked":"bronze:Overheat","floor":36},{"not_picked":["bronze:BuggyMess","bronze:Shield+1","bronze:BugBarrage+1"],"picked":"SKIP","floor":37},{"not_picked":["expansioncontent:Chronoboost","expansioncontent:Hexaburn"],"picked":"expansioncontent:YouAreMine","floor":38},{"not_picked":["bronze:Overload","bronze:Fortify"],"picked":"bronze:ItsAFeature+1","floor":40},{"not_picked":["bronze:InfiniteBeams+1","bronze:Allocate+1"],"picked":"bronze:Repair","floor":40},{"not_picked":["bronze:WhirlingStrike+1","bronze:ForLoop+1"],"picked":"bronze:Flail","floor":40},{"not_picked":["bronze:Shield+1","bronze:Frontload+1"],"picked":"bronze:ForceShield+1","floor":43},{"not_picked":["bronze:Invalidate","bronze:ChosenStrike","bronze:Constructor"],"picked":"SKIP","floor":45},{"not_picked":["bronze:GetLatest","bronze:CutThrough+1","bronze:Overload+1"],"picked":"SKIP","floor":46},{"not_picked":["bronze:Invalidate","bronze:Shield"],"picked":"bronze:Frontload+1","floor":48},{"not_picked":["bronze:OilSpill","bronze:DelayedSlice"],"picked":"bronze:Virus","floor":49}],"player_experience":1620770,"relics_obtained":[{"floor":7,"key":"Mummified Hand"},{"floor":14,"key":"Gambling Chip"},{"floor":24,"key":"bronze:CableSpool"},{"floor":26,"key":"Potion Belt"},{"floor":29,"key":"Juzu Bracelet"},{"floor":31,"key":"Ancient Tea Set"},{"floor":39,"key":"Mango"},{"floor":41,"key":"White Beast Statue"},{"floor":43,"key":"CaptainsWheel"},{"floor":45,"key":"PreservedInsect"},{"floor":48,"key":"Art of War"}],"event_choices":[{"cards_removed":["bronze:Strike"],"damage_healed":0,"gold_gain":0,"player_choice":"Offered Basic","damage_taken":0,"max_hp_gain":0,"max_hp_loss":0,"event_name":"Bonfire Elementals","floor":8,"gold_loss":0},{"damage_healed":0,"gold_gain":2,"player_choice":"1","damage_taken":0,"max_hp_gain":0,"max_hp_loss":0,"event_name":"betterStone:BetterStone","floor":21,"gold_loss":0},{"damage_healed":0,"gold_gain":0,"player_choice":"Read","damage_taken":0,"max_hp_gain":0,"max_hp_loss":0,"event_name":"The Library","floor":30,"gold_loss":0,"cards_obtained":["bronze:MaxOutput"]},{"damage_healed":0,"gold_gain":0,"player_choice":"Fight","damage_taken":0,"max_hp_gain":0,"max_hp_loss":0,"event_name":"Mysterious Sphere","floor":39,"gold_loss":0}],"is_beta":false,"boss_relics":[{"not_picked":["Coffee Dripper","SlaversCollar"],"picked":"Snecko Eye"},{"not_picked":["Astrolabe","Runic Pyramid"],"picked":"bronze:MakeshiftBattery"}],"items_purged_floors":[25,25],"is_endless":false,"potions_floor_spawned":[5,9,10,12,14,15,22,27,28,32,39,43,45,46,48,49],"ascension_level":4}}