{"host":"jwbw4f4imxd0v0b0","time":1611033744,"event":{"mods":["BaseMod","Colored Map","Highlight Path","Minty Spire (QoL Compilation)","Relic Stats","StSLib"],"gold_per_floor":[118,118,137,187,17,43,43,54,54,54,54,67,121,133,133,207,207,221,231,71,71,0,0,0,0],"floor_reached":24,"language":"ENG","playtime":1139,"items_purged":["Strike_G"],"score":359,"play_id":"d231c280-1ea4-4ffe-8a30-a07826840632","local_time":"20210118232224","is_ascension_mode":true,"campfire_choices":[{"data":"Cloak And Dagger","floor":7.0,"key":"SMITH"},{"floor":10.0,"key":"REST"},{"data":"Noxious Fumes","floor":15.0,"key":"SMITH"},{"floor":23,"key":"REST"}],"circlet_count":0,"master_deck":["AscendersBane","Strike_G","Strike_G","Strike_G","Strike_G","Defend_G","Defend_G","Defend_G","Defend_G","Defend_G","Survivor","Neutralize","Poisoned Stab+1","Escape Plan","Noxious Fumes+1","Deflect","Acrobatics","Cloak And Dagger+1","After Image","Writhe"],"relics":["HoveringKite","Calipers","Peace Pipe","MealTicket","Snecko Eye","InkBottle"],"acts_visited":["Exordium","TheCity"],"potions_floor_usage":[],"damage_taken":[{"damage":3.0,"enemies":"Cultist","floor":1.0,"turns":5.0},{"damage":4.0,"enemies":"Small Slimes","floor":3.0,"turns":3.0},{"damage":16.0,"enemies":"Lagavulin","floor":6.0,"turns":6.0},{"damage":8.0,"enemies":"2 Louse","floor":8.0,"turns":3.0},{"damage":2.0,"enemies":"Blue Slaver","floor":12.0,"turns":5.0},{"damage":0.0,"enemies":"2 Fungi Beasts","floor":14.0,"turns":4.0},{"damage":40.0,"enemies":"Hexaghost","floor":16.0,"turns":10.0},{"damage":13.0,"enemies":"Spheric Guardian","floor":18.0,"turns":7.0},{"damage":26.0,"enemies":"3 Byrds","floor":19.0,"turns":6.0},{"damage":21,"enemies":"Cultist and Chosen","floor":24,"turns":4}],"seed_played":"-7864537911641405661","potions_obtained":[{"floor":1.0,"key":"Poison Potion"},{"floor":6.0,"key":"Fruit Juice"},{"floor":11.0,"key":"GamblersBrew"},{"floor":11.0,"key":"CultistPotion"},{"floor":18.0,"key":"Strength Potion"}],"is_trial":false,"path_per_floor":["M","?","M","?","$","E","R","M","T","R","?","M","T","M","R","B",null,"M","M","$","?","?","R","M"],"character_chosen":"THE_SILENT","items_purchased":["Noxious Fumes","Deflect","Acrobatics","DuplicationPotion"],"campfire_rested":2,"item_purchase_floors":[5,5,5,20],"current_hp_per_floor":[56,56,52,52,52,36,36,28,28,54,54,52,52,52,52,12,56,43,17,32,32,32,53,32,32],"gold":0,"neow_bonus":"BOSS_RELIC","is_daily":false,"chose_seed":false,"campfire_upgraded":2,"win_rate":0.0,"timestamp":1611033744,"path_taken":["M","?","?","?","?","E","R","M","T","R","?","?","?","M","R","BOSS","M","M","$","?","?","R","M"],"items_purchased_type":["Card","Card","Card","Potion"],"build_version":"2020-12-22","purchased_purges":1,"victory":false,"max_hp_per_floor":[66,66,66,66,66,66,66,66,66,71,71,71,71,71,71,71,71,71,71,71,71,71,71,71,71],"relic_stats":{"Peace Pipe":0,"counters":[10,53],"HoveringKite":[17],"Snecko Eye":[25,33,35,36],"MealTicket":15,"obtain_stats":[{"Peace Pipe":9,"Calipers":6,"HoveringKite":0,"Snecko Eye":17,"MealTicket":13,"InkBottle":21,"Ring of the Snake":0},{"Peace Pipe":4,"Calipers":3,"HoveringKite":0,"Snecko Eye":7,"MealTicket":5,"InkBottle":9,"Ring of the Snake":0},{"Peace Pipe":17,"Calipers":14,"HoveringKite":0,"Snecko Eye":36,"MealTicket":22,"InkBottle":49,"Ring of the Snake":0}],"InkBottle":[1]},"card_choices":[{"not_picked":["Reflex","Leg Sweep"],"picked":"Poisoned Stab","floor":1.0},{"not_picked":["Sucker Punch","Poisoned Stab"],"picked":"Escape Plan","floor":3.0},{"not_picked":["Poisoned Stab","Dash"],"picked":"Cloak And Dagger","floor":6.0},{"not_picked":["Infinite Blades","Dagger Spray","Concentrate"],"picked":"SKIP","floor":8.0},{"not_picked":["Outmaneuver","Prepared","Riddle With Holes"],"picked":"SKIP","floor":12.0},{"not_picked":["Flying Knee","Masterful Stab","Unload"],"picked":"SKIP","floor":14.0},{"not_picked":["Phantasmal Killer","Doppelganger"],"picked":"After Image","floor":16.0},{"not_picked":["Dagger Throw","Slice","Deflect"],"picked":"SKIP","floor":18.0},{"not_picked":["Slice+1","Poisoned Stab","Dodge and Roll"],"picked":"SKIP","floor":19.0}],"player_experience":1095774,"relics_obtained":[{"floor":6.0,"key":"Calipers"},{"floor":9.0,"key":"Peace Pipe"},{"floor":13.0,"key":"MealTicket"}],"event_choices":[{"damage_healed":0.0,"max_hp_gain":0.0,"max_hp_loss":0.0,"gold_gain":0.0,"event_name":"Upgrade Shrine","player_choice":"Upgraded","floor":2.0,"gold_loss":0.0,"damage_taken":0.0,"cards_upgraded":["Poisoned Stab"]},{"damage_healed":0.0,"max_hp_gain":0.0,"max_hp_loss":0.0,"gold_gain":50.0,"event_name":"Golden Shrine","player_choice":"Pray","floor":4.0,"gold_loss":0.0,"damage_taken":0.0},{"damage_healed":0.0,"max_hp_gain":0.0,"max_hp_loss":0.0,"gold_gain":0.0,"event_name":"Lab","player_choice":"Got Potions","floor":11.0,"gold_loss":0.0,"damage_taken":0.0},{"damage_healed":0.0,"max_hp_gain":0.0,"max_hp_loss":0.0,"gold_gain":0.0,"event_name":"The Mausoleum","player_choice":"Opened","floor":21.0,"gold_loss":0.0,"damage_taken":0.0,"relics_obtained":["InkBottle"],"cards_obtained":["Writhe"]},{"damage_healed":0,"gold_gain":0,"player_choice":"Paid Fearfully","damage_taken":0,"max_hp_gain":0,"max_hp_loss":0,"event_name":"Masked Bandits","floor":22,"gold_loss":71}],"is_beta":false,"boss_relics":[{"not_picked":["Empty Cage","Coffee Dripper"],"picked":"Snecko Eye"}],"items_purged_floors":[20],"is_endless":false,"potions_floor_spawned":[1,6,18],"killed_by":"Cultist and Chosen","ascension_level":17}}