{"host":"mai03x2ekbjy4059","time":1611014711,"event":{"mods":["2.2 Compatiblity","BaseMod","DeckTracker","Keyboard Shortcuts","Minty Spire (QoL Compilation)","Permanent Neow","Quick Restart","SuperFastMode","everything is the same but u backflip on backflip"],"gold_per_floor":[118,128,145,145,145,176,251,278,302,302,335,335,352,366,366,465,465,476,526,539,539,90,120,133,133,205,239,253,253,253,280,280,381,381,398,398,201,201,211,244,255,284,360,360,235,235,267,283,283,283,283,283,41,74,74],"floor_reached":56,"language":"KOR","playtime":1796,"items_purged":["Bludgeon","Bash","Pain"],"score":1779,"play_id":"b942ea94-45a2-4fc3-aa0f-dbc10d65b97b","local_time":"20210119090511","is_ascension_mode":true,"campfire_choices":[{"data":"Apotheosis","floor":10.0,"key":"SMITH"},{"floor":15.0,"key":"RECALL"},{"data":"Dark Embrace","floor":32.0,"key":"SMITH"},{"data":"Evolve","floor":44,"key":"SMITH"},{"data":"Body Slam","floor":46,"key":"SMITH"},{"data":"Trip","floor":49,"key":"SMITH"},{"data":"Impatience","floor":52,"key":"SMITH"}],"circlet_count":0,"master_deck":["Strike_R+1","Strike_R+1","Defend_R","Defend_R","Defend_R","Defend_R","Apotheosis+1","Ghostly Armor","Power Through","Second Wind","Body Slam+1","Fiend Fire","Dark Embrace+1","Shrug It Off","Shrug It Off","Impervious","Impatience+1","Bandage Up","Trip+1","Shrug It Off","Evolve+1","Feel No Pain+1","Disarm+1","Impervious","Impervious","Body Slam+1","Feel No Pain"],"relics":["Burning Blood","Toy Ornithopter","Ancient Tea Set","PreservedInsect","Torii","Mark of Pain","HornCleat","Sundial","Eternal Feather","Bronze Scales","Happy Flower","Gremlin Horn","Cursed Key","CaptainsWheel","Mercury Hourglass","Pantograph","Self Forming Clay","Boot"],"acts_visited":["Exordium","TheCity","TheBeyond","TheEnding"],"potions_floor_usage":[42,42,42,50],"damage_taken":[{"damage":6.0,"enemies":"Jaw Worm","floor":1.0,"turns":3.0},{"damage":4.0,"enemies":"Small Slimes","floor":2.0,"turns":4.0},{"damage":6.0,"enemies":"2 Louse","floor":3.0,"turns":3.0},{"damage":28.0,"enemies":"3 Sentries","floor":6.0,"turns":13.0},{"damage":5.0,"enemies":"Lagavulin","floor":8.0,"turns":7.0},{"damage":1.0,"enemies":"3 Sentries","floor":11.0,"turns":10.0},{"damage":2.0,"enemies":"Lots of Slimes","floor":13.0,"turns":7.0},{"damage":10.0,"enemies":"2 Fungi Beasts","floor":14.0,"turns":5.0},{"damage":0.0,"enemies":"The Guardian","floor":16.0,"turns":14.0},{"damage":0.0,"enemies":"2 Thieves","floor":18.0,"turns":5.0},{"damage":0.0,"enemies":"3 Byrds","floor":20.0,"turns":11.0},{"damage":0.0,"enemies":"Gremlin Leader","floor":23.0,"turns":6.0},{"damage":0.0,"enemies":"Cultist and Chosen","floor":24.0,"turns":5.0},{"damage":0.0,"enemies":"Book of Stabbing","floor":27.0,"turns":3.0},{"damage":0.0,"enemies":"Shelled Parasite and Fungi","floor":28.0,"turns":3.0},{"damage":0.0,"enemies":"Gremlin Leader","floor":31.0,"turns":3.0},{"damage":0.0,"enemies":"Collector","floor":33.0,"turns":6.0},{"damage":1.0,"enemies":"Orb Walker","floor":35.0,"turns":4.0},{"damage":0.0,"enemies":"3 Darklings","floor":39.0,"turns":5.0},{"damage":0.0,"enemies":"Giant Head","floor":40.0,"turns":6.0},{"damage":0.0,"enemies":"Maw","floor":41.0,"turns":5.0},{"damage":0,"enemies":"Reptomancer","floor":42,"turns":2},{"damage":0,"enemies":"Giant Head","floor":47,"turns":5},{"damage":0,"enemies":"Spire Growth","floor":48,"turns":5},{"damage":0,"enemies":"Time Eater","floor":50,"turns":9},{"damage":13,"enemies":"Shield and Spear","floor":54,"turns":4},{"damage":13,"enemies":"The Heart","floor":55,"turns":7}],"seed_played":"-8317456072739498326","potions_obtained":[{"floor":3.0,"key":"SkillPotion"},{"floor":6.0,"key":"Strength Potion"},{"floor":11.0,"key":"Block Potion"},{"floor":14.0,"key":"ElixirPotion"},{"floor":20.0,"key":"SkillPotion"},{"floor":23.0,"key":"DuplicationPotion"},{"floor":28.0,"key":"LiquidMemories"},{"floor":35.0,"key":"Block Potion"},{"floor":40.0,"key":"Weak Potion"},{"floor":41.0,"key":"DistilledChaos"},{"floor":47,"key":"GamblersBrew"}],"is_trial":false,"path_per_floor":["M","M","M","?","?","E","?","E","T","R","E","?","M","M","R","B",null,"M","?","M","?","$","E","M","?","T","E","M","T","?","E","R","B",null,"M","?","$","?","M","E","M","E","T","R","$","R","E","M","R","B",null,"R","$","E","B",null],"character_chosen":"IRONCLAD","items_purchased":["Dark Embrace","HornCleat","True Grit","Shrug It Off","Evolve","Self Forming Clay"],"campfire_rested":0,"item_purchase_floors":[22,22,22,37,37,53],"current_hp_per_floor":[72,72,72,72,77,55,44,50,50,50,55,40,44,40,40,51,77,77,77,77,77,77,77,77,63,63,74,80,80,80,82,82,82,82,82,72,72,72,82,82,82,82,82,82,82,82,82,82,82,82,82,82,82,79,79],"gold":74,"neow_bonus":"RANDOM_COLORLESS_2","is_daily":false,"chose_seed":false,"campfire_upgraded":6,"win_rate":0.0,"timestamp":1611014711,"path_taken":["M","M","M","?","?","E","?","E","T","R","E","?","M","M","R","BOSS","M","?","?","?","?","E","M","?","T","E","?","?","?","E","R","BOSS","M","?","$","?","?","E","M","E","T","R","$","R","E","M","R","BOSS","R","$","E","BOSS"],"items_purchased_type":["Card","Relic","Card","Card","Card","Relic"],"build_version":"2020-12-22","purchased_purges":3,"victory":true,"max_hp_per_floor":[72,72,72,72,77,77,77,77,77,77,77,77,77,77,77,77,77,77,77,77,77,77,77,77,82,82,82,82,82,82,82,82,82,82,82,82,82,82,82,82,82,82,82,82,82,82,82,82,82,82,82,82,82,82,82],"card_choices":[{"not_picked":["HandOfGreed","Thinking Ahead"],"picked":"Apotheosis","floor":0.0},{"not_picked":["Infernal Blade","Sever Soul","Wild Strike"],"picked":"SKIP","floor":1.0},{"not_picked":["Pommel Strike","Rupture"],"picked":"Ghostly Armor","floor":2.0},{"not_picked":["Headbutt","Twin Strike","Anger"],"picked":"SKIP","floor":3.0},{"not_picked":["Intimidate","Clothesline"],"picked":"Power Through","floor":6.0},{"not_picked":["Combust","Flex","Whirlwind"],"picked":"SKIP","floor":8.0},{"not_picked":["Sever Soul","Armaments"],"picked":"Second Wind","floor":11.0},{"not_picked":["Limit Break","Warcry"],"picked":"Body Slam","floor":13.0},{"not_picked":["Pommel Strike","Wild Strike","Warcry"],"picked":"SKIP","floor":14.0},{"not_picked":["Cleave","Infernal Blade","Carnage+1"],"picked":"SKIP","floor":18.0},{"not_picked":["Bloodletting","Thunderclap","Uppercut"],"picked":"SKIP","floor":20.0},{"not_picked":["Double Tap","Intimidate","Flex+1"],"picked":"SKIP","floor":23.0},{"not_picked":["Power Through","Dual Wield"],"picked":"Shrug It Off","floor":24.0},{"not_picked":["Iron Wave+1","Heavy Blade+1","Blood for Blood"],"picked":"SKIP","floor":27.0},{"not_picked":["Uppercut","Armaments+1"],"picked":"Shrug It Off","floor":28.0},{"not_picked":["Wild Strike","Intimidate","Whirlwind"],"picked":"SKIP","floor":31.0},{"not_picked":["Exhume","Corruption"],"picked":"Impervious","floor":33.0},{"not_picked":["Fire Breathing+1","Blood for Blood+1","Cleave+1"],"picked":"SKIP","floor":35.0},{"not_picked":["Deep Breath","Enlightenment"],"picked":"Impatience","floor":36.0},{"not_picked":["HandOfGreed","Dramatic Entrance"],"picked":"Bandage Up","floor":36.0},{"not_picked":["Violence","Secret Technique"],"picked":"Trip","floor":36.0},{"not_picked":["Thunderclap+1","Shrug It Off+1"],"picked":"Feel No Pain+1","floor":39.0},{"not_picked":["Entrench","Warcry+1","Power Through"],"picked":"SKIP","floor":40.0},{"not_picked":["Clothesline","Hemokinesis"],"picked":"Disarm+1","floor":41.0},{"not_picked":["Entrench","Warcry"],"picked":"Impervious","floor":42},{"not_picked":["Headbutt","Inflame+1"],"picked":"Impervious","floor":47},{"not_picked":["Pummel+1","Rage+1"],"picked":"Body Slam+1","floor":48},{"not_picked":["Clash","Twin Strike+1"],"picked":"Feel No Pain","floor":54}],"player_experience":1092027,"relics_obtained":[{"floor":6.0,"key":"Toy Ornithopter"},{"floor":8.0,"key":"Ancient Tea Set"},{"floor":9.0,"key":"PreservedInsect"},{"floor":11.0,"key":"Torii"},{"floor":23.0,"key":"Sundial"},{"floor":26.0,"key":"Eternal Feather"},{"floor":27.0,"key":"Bronze Scales"},{"floor":29.0,"key":"Happy Flower"},{"floor":31.0,"key":"Gremlin Horn"},{"floor":40.0,"key":"CaptainsWheel"},{"floor":42,"key":"Mercury Hourglass"},{"floor":47,"key":"Pantograph"},{"floor":54,"key":"Boot"}],"event_choices":[{"cards_removed":["Strike_R"],"damage_healed":0.0,"max_hp_gain":0.0,"max_hp_loss":0.0,"gold_gain":0.0,"event_name":"Living Wall","player_choice":"Forget","floor":4.0,"gold_loss":0.0,"damage_taken":0.0},{"damage_healed":0.0,"max_hp_gain":5.0,"max_hp_loss":0.0,"gold_gain":0.0,"event_name":"Big Fish","player_choice":"Donut","floor":5.0,"gold_loss":0.0,"damage_taken":0.0},{"damage_healed":0.0,"max_hp_gain":0.0,"max_hp_loss":0.0,"gold_gain":75.0,"event_name":"World of Goop","player_choice":"Gather Gold","floor":7.0,"gold_loss":0.0,"damage_taken":11.0},{"damage_healed":0.0,"max_hp_gain":0.0,"max_hp_loss":0.0,"gold_gain":0.0,"event_name":"Shining Light","player_choice":"Entered Light","floor":12.0,"gold_loss":0.0,"damage_taken":15.0,"cards_upgraded":["Strike_R","Strike_R"]},{"damage_healed":0.0,"max_hp_gain":0.0,"max_hp_loss":0.0,"gold_gain":100.0,"event_name":"The Joust","player_choice":"Bet on Murderer","floor":19.0,"gold_loss":50.0,"damage_taken":0.0},{"damage_healed":0.0,"max_hp_gain":0.0,"max_hp_loss":0.0,"gold_gain":0.0,"cards_transformed":["Strike_R","Strike_R"],"event_name":"Drug Dealer","player_choice":"Became Test Subject","floor":21.0,"gold_loss":0.0,"damage_taken":0.0,"cards_obtained":["Fiend Fire","Bludgeon"]},{"damage_healed":0.0,"max_hp_gain":5.0,"max_hp_loss":0.0,"gold_gain":0.0,"event_name":"Forgotten Altar","player_choice":"Shed Blood","floor":25.0,"gold_loss":0.0,"damage_taken":19.0},{"damage_healed":0.0,"max_hp_gain":0.0,"max_hp_loss":0.0,"gold_gain":0.0,"event_name":"Ghosts","player_choice":"Ignored","floor":30.0,"gold_loss":0.0,"damage_taken":0.0},{"damage_healed":0.0,"max_hp_gain":0.0,"max_hp_loss":0.0,"gold_gain":0.0,"event_name":"SensoryStone","player_choice":"Memory 3","floor":36.0,"gold_loss":0.0,"damage_taken":10.0},{"cards_removed":["True Grit"],"damage_healed":0.0,"max_hp_gain":0.0,"max_hp_loss":0.0,"gold_gain":0.0,"event_name":"Falling","player_choice":"Removed Skill","floor":38.0,"gold_loss":0.0,"damage_taken":0.0}],"is_beta":false,"boss_relics":[{"not_picked":["Coffee Dripper","Fusion Hammer"],"picked":"Mark of Pain"},{"not_picked":["Snecko Eye","Velvet Choker"],"picked":"Cursed Key"}],"items_purged_floors":[22,37,45],"is_endless":false,"potions_floor_spawned":[3,6,11,14,20,23,24,28,35,40,41,47],"ascension_level":1}}