{"host":"xvcswx52z80fmg13","time":1611095056,"event":{"mods":["BaseMod","Colored Map","Colored Powertips","Highlight Path","Minty Spire (QoL Compilation)"],"gold_per_floor":[116,132,132,144,161,188,204,218,264,264,291,291,291,303,303,402,402,402,402,402,402,402,402,402,402,402,402,402,402,402,113,113,113,113,113,113,113,113,0,0,0,0,0,0,0,0,0,0,0,0,0,0,0,0,0,0],"floor_reached":55,"language":"ENG","playtime":8414,"items_purged":["Defend_R"],"score":760,"play_id":"79c3fa52-43bc-4bd0-a63a-6dbb548aab50","local_time":"20210119182416","is_ascension_mode":false,"campfire_choices":[{"data":"Armaments","floor":10,"key":"SMITH"},{"data":"Armaments","floor":12,"key":"SMITH"},{"floor":15,"key":"REST"},{"floor":25,"key":"RECALL"},{"data":"Rampage","floor":27,"key":"SMITH"},{"floor":32,"key":"REST"},{"data":"Apotheosis","floor":41,"key":"SMITH"},{"data":"Metallicize","floor":49,"key":"SMITH"},{"data":"Combust","floor":52,"key":"SMITH"}],"circlet_count":0,"master_deck":["Strike_R","Strike_R","Strike_R","Strike_R","Strike_R","Defend_R","Defend_R","Defend_R","Bash","Armaments+1","Combust+1","Rampage+1","Flex","Anger","Armaments+1","Flex","Clash","Clothesline","Double Tap","Pommel Strike+1","Shrug It Off","Shrug It Off+1","Thunderclap+1","Metallicize+1","Reaper","Shrug It Off+1","Mayhem","Blind","Apotheosis+1","Clash+1","Flex+1","Uppercut+1","Havoc+1"],"relics":["Burning Blood","Strawberry","Bronze Scales","Blue Candle","WarpedTongs","Ectoplasm","InkBottle","Anchor","Bag of Preparation","Busted Crown","Red Mask","Du-Vu Doll","MawBank","Pen Nib","Mango"],"acts_visited":["Exordium","TheCity","TheBeyond","TheEnding"],"potions_floor_usage":[6,6,23,29,33,33,33,33,40,50,55],"damage_taken":[{"damage":5,"enemies":"2 Louse","floor":1,"turns":3},{"damage":4,"enemies":"Cultist","floor":2,"turns":4},{"damage":3,"enemies":"Jaw Worm","floor":4,"turns":3},{"damage":31,"enemies":"Exordium Thugs","floor":5,"turns":5},{"damage":22,"enemies":"Lagavulin","floor":6,"turns":4},{"damage":4,"enemies":"Red Slaver","floor":7,"turns":4},{"damage":9,"enemies":"Blue Slaver","floor":8,"turns":3},{"damage":15,"enemies":"3 Sentries","floor":11,"turns":5},{"damage":12,"enemies":"Exordium Thugs","floor":14,"turns":2},{"damage":18,"enemies":"Slime Boss","floor":16,"turns":7},{"damage":14,"enemies":"Spheric Guardian","floor":18,"turns":3},{"damage":7,"enemies":"3 Byrds","floor":20,"turns":3},{"damage":11,"enemies":"Sentry and Sphere","floor":21,"turns":4},{"damage":14,"enemies":"Snake Plant","floor":22,"turns":3},{"damage":28,"enemies":"Book of Stabbing","floor":23,"turns":5},{"damage":3,"enemies":"3 Cultists","floor":24,"turns":4},{"damage":41,"enemies":"Slavers","floor":29,"turns":5},{"damage":10,"enemies":"Snecko","floor":30,"turns":4},{"damage":60,"enemies":"Automaton","floor":33,"turns":9},{"damage":2,"enemies":"Orb Walker","floor":35,"turns":3},{"damage":1,"enemies":"3 Shapes","floor":36,"turns":2},{"damage":5,"enemies":"Maw","floor":38,"turns":7},{"damage":33,"enemies":"Nemesis","floor":40,"turns":7},{"damage":12,"enemies":"Sphere and 2 Shapes","floor":42,"turns":5},{"damage":23,"enemies":"3 Darklings","floor":44,"turns":3},{"damage":8,"enemies":"Maw","floor":45,"turns":5},{"damage":26,"enemies":"Reptomancer","floor":46,"turns":6},{"damage":3,"enemies":"Jaw Worm Horde","floor":48,"turns":4},{"damage":99,"enemies":"Time Eater","floor":50,"turns":12},{"damage":30,"enemies":"Shield and Spear","floor":54,"turns":5},{"damage":187,"enemies":"The Heart","floor":55,"turns":9}],"seed_played":"-5890918404491474751","potions_obtained":[{"floor":4,"key":"SkillPotion"},{"floor":5,"key":"DuplicationPotion"},{"floor":7,"key":"FearPotion"},{"floor":8,"key":"Ancient Potion"},{"floor":11,"key":"Dexterity Potion"},{"floor":21,"key":"ColorlessPotion"},{"floor":24,"key":"Weak Potion"},{"floor":28,"key":"AttackPotion"},{"floor":28,"key":"BloodPotion"},{"floor":29,"key":"EntropicBrew"},{"floor":33,"key":"Weak Potion"},{"floor":35,"key":"PowerPotion"},{"floor":40,"key":"SteroidPotion"},{"floor":44,"key":"DuplicationPotion"},{"floor":54,"key":"FairyPotion"}],"is_trial":false,"path_per_floor":["M","M","?","M","M","E","M","M","T","R","E","R","?","M","R","B",null,"M","?","M","M","M","E","M","R","T","R","?","E","M","$","R","B",null,"M","M","?","M","?","E","R","M","T","M","M","E","?","M","R","B",null,"R","$","E","B"],"character_chosen":"IRONCLAD","items_purchased":["Bag of Preparation","Metallicize"],"campfire_rested":2,"item_purchase_floors":[31,31],"current_hp_per_floor":[88,88,88,88,63,54,56,53,53,53,44,44,44,38,66,54,95,87,87,86,81,73,51,54,54,54,54,54,19,15,15,43,8,95,95,95,85,93,93,68,68,62,62,78,86,75,75,86,86,20,95,95,95,85,0,0],"gold":0,"neow_bonus":"TEN_PERCENT_HP_BONUS","is_daily":false,"chose_seed":false,"campfire_upgraded":6,"win_rate":0.0,"timestamp":1611095056,"path_taken":["M","M","?","M","M","E","M","?","T","R","E","R","?","M","R","BOSS","M","?","?","M","M","E","M","R","T","R","?","E","M","$","R","BOSS","M","M","?","M","?","E","R","M","T","?","?","E","?","?","R","BOSS","R","$","E","BOSS"],"items_purchased_type":["Relic","Card"],"build_version":"2020-12-22","purchased_purges":1,"victory":false,"max_hp_per_floor":[88,88,88,88,88,95,95,95,95,95,95,95,95,95,95,95,95,95,95,95,95,95,95,95,95,95,95,95,95,95,95,95,95,95,95,95,95,95,95,95,95,95,95,95,95,95,95,95,95,95,95,95,95,109,109,109],"card_choices":[{"not_picked":["Burning Pact","True Grit"],"picked":"Armaments","floor":1},{"not_picked":["Body Slam","Headbutt"],"picked":"Combust","floor":2},{"not_picked":["Reaper","Spot Weakness"],"picked":"Flex","floor":4},{"not_picked":["Havoc","Warcry"],"picked":"Anger","floor":5},{"not_picked":["Battle Trance","Twin Strike"],"picked":"Armaments","floor":6},{"not_picked":["True Grit","Feel No Pain"],"picked":"Flex","floor":7},{"not_picked":["Power Through","Armaments"],"picked":"Clash","floor":8},{"not_picked":["Heavy Blade","Dropkick","Sword Boomerang"],"picked":"SKIP","floor":11},{"not_picked":["Headbutt","Wild Strike"],"picked":"Clothesline","floor":14},{"not_picked":["Corruption","Fiend Fire"],"picked":"Double Tap","floor":16},{"not_picked":["Dropkick+1","Pommel Strike","Heavy Blade+1"],"picked":"SKIP","floor":18},{"not_picked":["Fiend Fire","Headbutt"],"picked":"Pommel Strike+1","floor":20},{"not_picked":["Flex","Entrench","Havoc"],"picked":"SKIP","floor":21},{"not_picked":["Rampage","Combust"],"picked":"Shrug It Off","floor":22},{"not_picked":["Ghostly Armor+1","Body Slam","Pummel"],"picked":"SKIP","floor":23},{"not_picked":["Anger+1","True Grit"],"picked":"Shrug It Off+1","floor":24},{"not_picked":["Flame Barrier+1","Cleave"],"picked":"Thunderclap+1","floor":29},{"not_picked":["Shrug It Off","Combust","Infernal Blade+1"],"picked":"SKIP","floor":30},{"not_picked":["Berserk","Barricade"],"picked":"Reaper","floor":33},{"not_picked":["Flex"],"picked":"SKIP","floor":35},{"not_picked":[],"picked":"Shrug It Off+1","floor":36},{"not_picked":[],"picked":"Mayhem","floor":37},{"not_picked":[],"picked":"Blind","floor":37},{"not_picked":[],"picked":"Apotheosis","floor":37},{"not_picked":[],"picked":"Clash+1","floor":38},{"not_picked":["Hemokinesis+1"],"picked":"SKIP","floor":40},{"not_picked":[],"picked":"Flex+1","floor":42},{"not_picked":[],"picked":"Uppercut+1","floor":44},{"not_picked":["Bloodletting"],"picked":"SKIP","floor":45},{"not_picked":["Cleave+1"],"picked":"SKIP","floor":46},{"not_picked":["Flex+1"],"picked":"SKIP","floor":48},{"not_picked":[],"picked":"Havoc+1","floor":54}],"player_experience":1273981,"relics_obtained":[{"floor":6,"key":"Strawberry"},{"floor":9,"key":"Bronze Scales"},{"floor":11,"key":"Blue Candle"},{"floor":23,"key":"InkBottle"},{"floor":29,"key":"Anchor"},{"floor":40,"key":"Du-Vu Doll"},{"floor":43,"key":"MawBank"},{"floor":46,"key":"Pen Nib"},{"floor":54,"key":"Mango"}],"event_choices":[{"damage_healed":0,"gold_gain":0,"player_choice":"1 cards matched","damage_taken":0,"max_hp_gain":0,"max_hp_loss":0,"event_name":"Match and Keep!","floor":3,"gold_loss":0,"cards_obtained":["Rampage"]},{"damage_healed":0,"gold_gain":0,"player_choice":"Rummage","damage_taken":0,"relics_obtained":["WarpedTongs"],"max_hp_gain":0,"max_hp_loss":0,"event_name":"Accursed Blacksmith","floor":13,"gold_loss":0,"cards_obtained":["Pain"]},{"cards_removed":["Pain"],"damage_healed":0,"gold_gain":0,"player_choice":"Removed Curses","damage_taken":0,"max_hp_gain":0,"max_hp_loss":0,"event_name":"Fountain of Cleansing","floor":19,"gold_loss":0},{"damage_healed":0,"gold_gain":0,"player_choice":"Got Potions","damage_taken":0,"max_hp_gain":0,"max_hp_loss":0,"event_name":"Lab","floor":28,"gold_loss":0},{"damage_healed":0,"gold_gain":0,"player_choice":"Memory 3","damage_taken":10,"max_hp_gain":0,"max_hp_loss":0,"event_name":"SensoryStone","floor":37,"gold_loss":0},{"damage_healed":0,"gold_gain":0,"player_choice":"Paid","damage_taken":0,"relics_obtained":["Red Mask"],"max_hp_gain":0,"max_hp_loss":0,"event_name":"Tomb of Lord Red Mask","floor":39,"gold_loss":113},{"damage_healed":0,"gold_gain":0,"player_choice":"Ignored","damage_taken":0,"max_hp_gain":0,"max_hp_loss":0,"event_name":"NoteForYourself","floor":47,"gold_loss":0}],"is_beta":false,"boss_relics":[{"not_picked":["Runic Dome","Mark of Pain"],"picked":"Ectoplasm"},{"not_picked":["Calling Bell","Runic Pyramid"],"picked":"Busted Crown"}],"items_purged_floors":[31],"is_endless":false,"potions_floor_spawned":[4,5,7,8,11,21,24,29,33,35,40,42,44,54],"killed_by":"The Heart","ascension_level":0}}