{"host":"bavnrlhi49015oee","time":1611035589,"event":{"mods":["BaseMod","Become a monster ∞Ÿ±‰π÷","Colored Powertips","Lobotomy","LobotomyExtend","Minty Spire (QoL Compilation)","Quick Restart","Ryuuou¡˙Õı","StSLib","Uncapped"],"gold_per_floor":[119,135,135,135,133,133,133,150,150,150,167,180,190,261,261,286,286,298,254,267,287,287,287],"floor_reached":5,"language":"ZHS","playtime":701,"items_purged":[],"score":47,"play_id":"78bb743c-1d53-44ba-b088-fb3b409fb7c0","local_time":"20210119135309","is_ascension_mode":false,"campfire_choices":[{"data":"Havoc","floor":6,"key":"SMITH"},{"floor":10,"key":"REST"},{"floor":15,"key":"REST"}],"circlet_count":0,"master_deck":["Funeral","Strike_R+1","Strike_R","Strike_R","Strike_R","Strike_R","Defend_R","Defend_R","Defend_R","Defend_R+1","Bash","Havoc+1","Freischutz","Wild Strike+1","GalaxyChild","Pommel Strike","OSAHOGD","Offering","Scorched","Spot Weakness+1","RedShoes","Havoc+1","OldLady","Blood for Blood","Wellcheers","Berserk","Hemokinesis","Thunderclap","Flex+1","Havoc+1"],"relics":["Burning Blood","CogitoBucket","RabbitCall","Toxic Egg 2","BehaviorAdjustment","Black Star","ShedSkin_r","LaetitiaHeart","SolemnVow_r","LetterFromLob","SkinProphecy"],"acts_visited":["Exordium","TheCity"],"potions_floor_usage":[3],"damage_taken":[{"damage":8,"enemies":"Small Slimes","floor":1,"turns":3},{"damage":14,"enemies":"2 Louse","floor":2,"turns":3},{"damage":0,"enemies":"Cultist","floor":5,"turns":2},{"damage":13,"enemies":"2 Fungi Beasts","floor":8,"turns":3},{"damage":9,"enemies":"Large Slime","floor":11,"turns":5},{"damage":29,"enemies":"Exordium Wildlife","floor":12,"turns":3},{"damage":6,"enemies":"3 Louse","floor":13,"turns":2},{"damage":38,"enemies":"Slime Boss","floor":16,"turns":2},{"damage":10,"enemies":"Chosen","floor":18,"turns":2},{"damage":0,"enemies":"Chosen","floor":18,"turns":1},{"damage":11,"enemies":"Jaw Worm","floor":1,"turns":2},{"damage":53,"enemies":"2 Louse","floor":2,"turns":3},{"damage":16,"enemies":"Cultist","floor":3,"turns":5},{"damage":10,"enemies":"Lots of Slimes","floor":4,"turns":2},{"damage":18,"enemies":"Blue Slaver","floor":5,"turns":3}],"seed_played":"-6854533598778021492","potions_obtained":[{"floor":2,"key":"Dexterity Potion"},{"floor":11,"key":"SkillPotion"},{"floor":16,"key":"ElixirPotion"},{"floor":2,"key":"CultistPotion"}],"is_trial":false,"path_per_floor":["M","M","?","?","M","R","?","M","T","R","M","M","M","?","R","B",null,"M","M","M","M","M","M"],"character_chosen":"IRONCLAD","items_purchased":[],"campfire_rested":2,"item_purchase_floors":[],"current_hp_per_floor":[78,70,70,70,76,76,60,53,53,77,74,51,51,51,75,43,80,75,31,25,17,0,0],"gold":287,"neow_bonus":"","is_daily":false,"chose_seed":false,"campfire_upgraded":1,"win_rate":0.0,"timestamp":1611035589,"path_taken":["M","M","?","?","?","R","?","M","T","R","M","M","M","?","R","BOSS","M","M","M","M","M","M"],"items_purchased_type":[],"build_version":"2020-12-22","purchased_purges":0,"victory":false,"max_hp_per_floor":[80,80,80,80,80,80,80,80,80,80,80,80,80,80,80,80,80,80,80,80,82,84,84],"card_choices":[{"not_picked":["WallGazer","MHz","Bloodbath"],"picked":"Singing Bowl","floor":1},{"not_picked":["Dark Embrace","Iron Wave"],"picked":"Havoc","floor":1},{"not_picked":["WallGazer","CrumblingArmor"],"picked":"Freischutz","floor":2},{"not_picked":["Clothesline","Battle Trance"],"picked":"Wild Strike","floor":2},{"not_picked":["VoidDream","PunishingBird","BeautyBeast"],"picked":"Singing Bowl","floor":5},{"not_picked":["PunishingBird","BeautyBeast"],"picked":"GalaxyChild","floor":5},{"not_picked":["Perfected Strike","Iron Wave"],"picked":"Pommel Strike","floor":5},{"not_picked":["UniverseFragment","BeautyBeast","Rudolta"],"picked":"Singing Bowl","floor":8},{"not_picked":["LittlePrince","Bloodbath"],"picked":"OSAHOGD","floor":8},{"not_picked":["Warcry","Heavy Blade"],"picked":"Offering","floor":8},{"not_picked":["OldLady","WallGazer"],"picked":"Scorched","floor":11},{"not_picked":["Battle Trance+1","Feel No Pain"],"picked":"Spot Weakness+1","floor":11},{"not_picked":["Murderer","FairyFestival","DreamingCurrent"],"picked":"Singing Bowl","floor":12},{"not_picked":["NakedNest","Rudolta"],"picked":"RedShoes","floor":12},{"not_picked":["Rage+1","Dual Wield+1"],"picked":"Havoc+1","floor":12},{"not_picked":["MeatLantern","QueenBee"],"picked":"OldLady","floor":13},{"not_picked":["Wild Strike","Perfected Strike"],"picked":"Blood for Blood","floor":13},{"not_picked":["PunishingBird","BigBird","FairyFestival"],"picked":"Singing Bowl","floor":16},{"not_picked":["Murderer","HappyTeddy"],"picked":"Wellcheers","floor":16},{"not_picked":["Offering+1","Feed"],"picked":"Berserk","floor":16},{"not_picked":["Alriune","LittleHelper","BeautyBeast"],"picked":"Singing Bowl","floor":1},{"not_picked":["CherryBlossoms","Yin"],"picked":"Funeral","floor":1},{"not_picked":["Heavy Blade","Havoc+1"],"picked":"Hemokinesis","floor":1},{"not_picked":["ShyLook","UniverseFragment","CherryBlossoms"],"picked":"Singing Bowl","floor":2},{"not_picked":["Clash","Havoc+1"],"picked":"Thunderclap","floor":2},{"not_picked":["CherryBlossoms","MHz","WallGazer"],"picked":"Singing Bowl","floor":3},{"not_picked":["Body Slam","Bloodletting+1"],"picked":"Flex+1","floor":3},{"not_picked":["VoidDream","Bloodbath","UniverseFragment"],"picked":"Singing Bowl","floor":4},{"not_picked":["Power Through+1","Clash"],"picked":"Havoc+1","floor":4}],"player_experience":126696,"relics_obtained":[{"floor":1,"key":"LetterFromLob"},{"floor":9,"key":"Toxic Egg 2"},{"floor":2,"key":"LetterFromLob"}],"event_choices":[{"damage_healed":0,"gold_gain":0,"player_choice":"Leave","damage_taken":0,"max_hp_gain":0,"max_hp_loss":0,"event_name":"The Cleric","floor":3,"gold_loss":0},{"damage_healed":0,"gold_gain":0,"player_choice":"Forge","damage_taken":0,"max_hp_gain":0,"max_hp_loss":0,"event_name":"Accursed Blacksmith","floor":4,"gold_loss":0,"cards_upgraded":["Wild Strike"]},{"damage_healed":0,"gold_gain":0,"player_choice":"Entered Light","damage_taken":16,"max_hp_gain":0,"max_hp_loss":0,"event_name":"Shining Light","floor":7,"gold_loss":0,"cards_upgraded":["Strike_R","Defend_R"]},{"damage_healed":0,"gold_gain":71,"player_choice":"Gained Gold","damage_taken":0,"max_hp_gain":0,"max_hp_loss":0,"event_name":"Golden Wing","floor":14,"gold_loss":0}],"is_beta":false,"boss_relics":[{"not_picked":["Cursed Key","Black Blood"],"picked":"Black Star"}],"items_purged_floors":[],"is_endless":false,"potions_floor_spawned":[2,11,16,18,18,1,2],"killed_by":"Blue Slaver","ascension_level":0}}