{"host":"hqxy2g3i5ker09hc","time":1611021064,"event":{"mods":["2.2 Compatiblity","AlwaysNeverKeys","Aspiration","BaseMod","Beaked The Cultist","Better Match","Better Note","Better Sensory Stone","Better Silent Start","Better Third Choice","Better-Laid Plans","CCEM","CatGirl Mod","Chen","Conspire","Fireblade Mod","GifTheSpireLib","Gold Saver","Hubris","Ironclad Rager","Minty Spire (QoL Compilation)","MostiFishMod","Permanent Neow","Quarter Circle Forward PUNCH!","Quick Restart","Replay The Spire","Shop Mod","Small Relic Pack","Spikes Relics","StSLib","Stuff the Spire","The Animator","The Bug Knight","The Forsaken","The Wild Card","vexMod"],"gold_per_floor":[566,579,6,6,0,15,290,321,366,393,393,393,403,417,417,520,520,549,549,549,583,598,598,598,598,674,674,252,271,289,362,362,462,462,478,388,21,21,38,38,38,48,48,65,80,80,92,108,108,108,108,108,108,4,63,63,63],"floor_reached":56,"language":"ENG","playtime":6727,"items_purged":["hubris:Gluttony","Regret","animator:Strike","Pain"],"score":541,"play_id":"d27adef8-bde8-4cbb-8fc0-6ba31c758b91","local_time":"20210119025104","is_ascension_mode":false,"campfire_choices":[{"data":"animator:Aqua","floor":12,"key":"SMITH"},{"floor":15,"key":"REST"},{"data":"animator:Zero","floor":23,"key":"SMITH"},{"floor":27,"key":"REST"},{"data":"animator:MadokaKaname","floor":49,"key":"SMITH"}],"circlet_count":0,"master_deck":["animator:Strike_Konosuba","animator:Defend_Konosuba","animator:Strike+1","animator:Strike","animator:Defend","animator:Defend","animator:Defend","animator:Kazuma","animator:Aqua+1","animator:Sloth","animator:Priestess","animator:Zero+1","animator:Urushihara","animator:Sebas","animator:YunYun","animator:Bozes+1","animator:Megumin+12","animator:Kazuma","animator:MadokaKaname+1","animator:Darkness","animator:Kaijin+1","animator:EmiyaShirou+1","animator:HarukoHaruhara","animator:LimeBell","animator:MisaKurobane","animator:Kyubey","animator:SayakaMiki","AbeCurse","animator:Ainz","animator:MamiTomoe","animator:YachiyoNanami","animator:Add+1","animator:HigakiRinne+1","animator:Shuna+1","animator:Entoma+1","animator:Vesta+1","animator:Gilgamesh+1","animator:Rider+1","animator:Aqua+1"],"relics":["animator:LivingPicture","animator:TheMissingPiece","DaveBox","animator:PurgingStone","NeowsBlessing","SynthV:TestCard","ReplayTheSpireMod:CursedCoin","GiantMaggot","Lizard Tail","betterThird:SlimedRelic","Smiling Mask","JellyFishMachine","Red Mask","Iron Hammer","theForsaken:HumbleEgg","ReplayTheSpireMod:ShopPack","CCEMRelics:WhiteRose","RhineCircuit","Toxic Egg 2","vexMod:BarristanHead","WarpedTongs","Quantum Egg"],"acts_visited":["Exordium","TheCity","TheBeyond","TheEnding"],"potions_floor_usage":[14,14,30,39,50,50,50],"damage_taken":[{"damage":0.0,"enemies":"Small Slimes","floor":1.0,"turns":1.0},{"damage":0.0,"enemies":"Jaw Worm","floor":2.0,"turns":1.0},{"damage":0.0,"enemies":"Cultist","floor":6.0,"turns":1.0},{"damage":8.0,"enemies":"Large Slime","floor":8.0,"turns":9.0},{"damage":4,"enemies":"Gremlin Gang","floor":10,"turns":4},{"damage":0,"enemies":"Blue Slaver","floor":13,"turns":4},{"damage":9,"enemies":"Exordium Thugs","floor":14,"turns":5},{"damage":47,"enemies":"Slime Boss","floor":16,"turns":13},{"damage":0,"enemies":"3 Byrds","floor":18,"turns":6},{"damage":22,"enemies":"Masked Bandits","floor":21,"turns":4},{"damage":24,"enemies":"Chosen","floor":22,"turns":8},{"damage":12,"enemies":"3 Cultists","floor":29,"turns":4},{"damage":0,"enemies":"Snake Plant","floor":30,"turns":5},{"damage":0,"enemies":"Pondfish","floor":33,"turns":18},{"damage":0,"enemies":"3 Shapes","floor":35,"turns":3},{"damage":0,"enemies":"3 Darklings","floor":39,"turns":3},{"damage":0,"enemies":"4 Shapes","floor":42,"turns":2},{"damage":13,"enemies":"Maw","floor":44,"turns":8},{"damage":2,"enemies":"Spire Growth","floor":45,"turns":6},{"damage":8,"enemies":"Transient","floor":47,"turns":5},{"damage":0,"enemies":"Jaw Worm Horde","floor":48,"turns":3},{"damage":47,"enemies":"Time Eater","floor":50,"turns":15},{"damage":35,"enemies":"Shield and Spear","floor":55,"turns":5},{"damage":103,"enemies":"The Heart","floor":56,"turns":6}],"seed_played":"-553662678989704012","potions_obtained":[{"floor":2.0,"key":"Weak Potion"},{"floor":8.0,"key":"LifebloodPotion"},{"floor":13,"key":"Explosive Potion"},{"floor":14,"key":"Energy Potion"},{"floor":16,"key":"BlessingOfTheForge"},{"floor":29,"key":"Block Potion"},{"floor":30,"key":"DistilledChaos"},{"floor":39,"key":"Toxic Potion"}],"is_trial":false,"path_per_floor":["M","M","$","?","?","M","?","M","T","M","?","R","M","M","R","B",null,"M","?","?","?","M","R","?","?","T","R","$","M","M","T","R","B",null,"M","?","$","$","M","R","?","M","T","M","M","?","M","M","R","B",null,"R","??","$","E","B"],"character_chosen":"THE_ANIMATOR","items_purchased":["ReplayTheSpireMod:CursedCoin","GiantMaggot","Lizard Tail","animator:Zero","theForsaken:HumbleEgg","ReplayTheSpireMod:ShopPack","Toxic Egg 2","animator:YachiyoNanami","animator:Rider+1"],"campfire_rested":2,"item_purchase_floors":[3,3,3,3,28,28,37,37,54],"current_hp_per_floor":[66,66,66,66,55,55,55,49,49,45,45,45,49,43,63,19,67,67,67,67,45,30,30,30,30,30,50,50,44,53,53,53,59,67,67,67,67,67,67,67,59,67,67,54,61,61,65,67,67,23,67,67,67,67,38,0,0],"gold":63,"neow_bonus":"THREE_ENEMY_KILL","is_daily":false,"chose_seed":false,"campfire_upgraded":3,"win_rate":0.0,"timestamp":1611021064,"path_taken":["M","M","$","?","?","M","?","?","T","M","?","R","M","?","R","BOSS","M","?","?","?","?","R","?","?","T","R","$","M","M","?","R","BOSS","M","?","?","$","M","R","?","M","T","?","M","?","?","M","R","BOSS","R","??","$","E","BOSS"],"items_purchased_type":["Relic","Relic","Relic","Card","Relic","Relic","Relic","Card","Card"],"build_version":"2020-12-22","purchased_purges":4,"victory":false,"max_hp_per_floor":[66,66,66,66,66,66,66,66,66,66,66,66,67,67,67,67,67,67,67,67,67,67,67,67,67,67,67,67,67,67,67,67,67,67,67,67,67,67,67,67,67,67,67,67,67,67,67,67,67,67,67,67,67,67,67,67,67],"card_choices":[{"not_picked":["animator:Shion","animator:ElricAlphonse"],"picked":"animator:Sloth","floor":1.0},{"not_picked":["animator:Berserker","animator:Lu","animator:SwordMaiden","animator:IrohaTamaki"],"picked":"animator:Priestess","floor":2.0},{"not_picked":["animator:IchigoKurosaki","animator:HarukoHaruhara","animator:Magilou","animator:Cirno"],"picked":"animator:Urushihara","floor":4.0},{"not_picked":["animator:Cocytus","animator:Berserker","animator:Shion","animator:MaesHughes"],"picked":"animator:Sebas","floor":6.0},{"not_picked":["animator:Vanir","animator:Kazuma","animator:Aqua","animator:Mitsurugi"],"picked":"animator:YunYun","floor":8.0},{"not_picked":["animator:Ciel","animator:TukaLunaMarceau","animator:Lancer","animator:PandorasActor"],"picked":"animator:Bozes","floor":10},{"not_picked":["animator:SayakaMiki","animator:Aqua","animator:RoryMercury","animator:Assassin"],"picked":"animator:Megumin","floor":13},{"not_picked":["animator:Elsword","animator:Tyuule","animator:Demiurge","animator:Kuribayashi"],"picked":"animator:Kazuma","floor":14},{"not_picked":["animator:Shizu","animator:ItamiYouji","animator:Ainz","animator:HomuraAkemi"],"picked":"animator:MadokaKaname","floor":16},{"not_picked":["animator:Mitsurugi","animator:Aqua","animator:YunYun","animator:Megumin"],"picked":"animator:Darkness","floor":18},{"not_picked":["animator:Pride","animator:YachiyoNanami","animator:Shalltear+1","animator:Chung"],"picked":"animator:Kaijin+1","floor":21},{"not_picked":["animator:Ciel","animator:Arpeggio","animator:Chung","animator:Kuribayashi"],"picked":"animator:EmiyaShirou","floor":22},{"not_picked":["animator:Lelouch","animator:KotoriKanbe","animator:TanyaDegurechaff","animator:Patchouli"],"picked":"animator:HarukoHaruhara","floor":28},{"not_picked":["animator:Cirno","animator:TakanashiRikka","animator:Urushihara","animator:Zero"],"picked":"animator:LimeBell","floor":28},{"not_picked":["animator:Lelouch","animator:NononJakuzure","animator:Zero","animator:QuestionMark"],"picked":"animator:MisaKurobane","floor":28},{"not_picked":["animator:Arpeggio","animator:CowGirl","animator:Sloth+1","animator:RinTohsaka"],"picked":"animator:Kyubey","floor":29},{"not_picked":["animator:Rider+1","animator:Kazuma+1","animator:DwarfShaman+1","animator:Verdia+1"],"picked":"animator:SayakaMiki","floor":30},{"not_picked":["animator:Rimuru","animator:Eris","animator:MadokaKaname","animator:Father"],"picked":"animator:Ainz","floor":33},{"not_picked":["animator:YuiTsuruno+1","animator:NagisaMomoe","animator:KyokoSakura+1","animator:SuzuneAmano"],"picked":"animator:MamiTomoe","floor":35},{"not_picked":["animator:Kaijin","animator:OrikoMikuni+1","animator:RoyMustang","animator:Chung+1"],"picked":"animator:Add+1","floor":39},{"not_picked":["animator:Kuribayashi+1","animator:RoyMustang","animator:SuzuneAmano","animator:GuildGirl"],"picked":"animator:Shuna+1","floor":42},{"not_picked":["animator:SakuraMatou+1","animator:Chung+1","animator:Sebas+1","animator:Kazuma+1"],"picked":"animator:Entoma+1","floor":44},{"not_picked":["animator:Millim+1","animator:Shion+1","animator:Kaijin","animator:Shuna+1"],"picked":"animator:Vesta+1","floor":45},{"not_picked":["animator:Gluttony+1","animator:Shion+1","animator:PandorasActor+1","animator:Rena+1"],"picked":"animator:Gilgamesh","floor":47},{"not_picked":["animator:Shalltear+1","animator:Raven+1","animator:Kaijin+1","animator:YuiTsuruno+1","animator:Millim+1"],"picked":"SKIP","floor":48},{"not_picked":["animator:YachiyoNanami+1","animator:Witch+1","animator:Arpeggio+1","animator:DwarfShaman+1"],"picked":"animator:Aqua+1","floor":55}],"player_experience":634436,"relics_obtained":[{"floor":1.0,"key":"SynthV:TestCard"},{"floor":9.0,"key":"Smiling Mask"},{"floor":21,"key":"Red Mask"},{"floor":26,"key":"Iron Hammer"},{"floor":31,"key":"CCEMRelics:WhiteRose"},{"floor":43,"key":"vexMod:BarristanHead"},{"floor":55,"key":"Quantum Egg"}],"event_choices":[{"damage_healed":0.0,"max_hp_gain":0.0,"max_hp_loss":0.0,"gold_gain":1.0,"event_name":"betterStone:BetterStone","player_choice":"1","floor":4.0,"gold_loss":0.0,"damage_taken":0.0},{"damage_healed":0.0,"max_hp_gain":0.0,"max_hp_loss":0.0,"gold_gain":0.0,"event_name":"betterThird:BetterGoop","player_choice":"Slimed","floor":5.0,"gold_loss":6.0,"damage_taken":11.0},{"damage_healed":0.0,"max_hp_gain":0.0,"max_hp_loss":0.0,"gold_gain":275.0,"event_name":"Golden Shrine","player_choice":"Desecrate","floor":7.0,"gold_loss":0.0,"damage_taken":0.0,"cards_obtained":["Regret"]},{"damage_healed":0,"gold_gain":0,"player_choice":"Cursed","damage_taken":0,"max_hp_gain":0,"max_hp_loss":0,"event_name":"Wheel of Change","floor":11,"gold_loss":0,"cards_obtained":["Decay"]},{"damage_healed":0,"gold_gain":0,"player_choice":"Ignored","damage_taken":0,"max_hp_gain":0,"max_hp_loss":0,"event_name":"betterNote:BetterNote","floor":19,"gold_loss":0,"cards_obtained":["Defend_G"]},{"damage_healed":0,"gold_gain":0,"player_choice":"Fought Bandits","damage_taken":0,"max_hp_gain":0,"max_hp_loss":0,"event_name":"Masked Bandits","floor":21,"gold_loss":0},{"cards_removed":["Decay"],"damage_healed":0,"gold_gain":0,"player_choice":"Upgrade and Remove","damage_taken":0,"max_hp_gain":0,"max_hp_loss":0,"event_name":"Designer","floor":36,"gold_loss":90,"cards_upgraded":["animator:Bozes"]},{"damage_healed":0,"gold_gain":0,"player_choice":"Embrace Madness","damage_taken":8,"max_hp_gain":0,"max_hp_loss":0,"event_name":"Winding Halls","floor":41,"gold_loss":0,"cards_obtained":["animator:HigakiRinne"]},{"damage_healed":0,"gold_gain":0,"player_choice":"Rummage","damage_taken":0,"relics_obtained":["WarpedTongs"],"max_hp_gain":0,"max_hp_loss":0,"event_name":"Accursed Blacksmith","floor":46,"gold_loss":0,"cards_obtained":["Pain"]}],"is_beta":false,"boss_relics":[{"not_picked":["hubris:GrandSneckoEye","Coffee Dripper"],"picked":"JellyFishMachine"},{"not_picked":["Velvet Choker","qcfpunch:Crimson_Sash"],"picked":"RhineCircuit"}],"items_purged_floors":[3,28,37,54],"is_endless":false,"potions_floor_spawned":[2,8,13,14,16,22,29,30,39,42,47],"killed_by":"The Heart","ascension_level":0}}