{"host":"jwbw4f4imxd0v0b0","time":1611019573,"event":{"mods":["BaseMod","Colored Map","Highlight Path","Minty Spire (QoL Compilation)","Relic Stats","StSLib"],"gold_per_floor":[216,295,305,315,76,76,89,116,116,116,116,126,91,105,105,182,182,194,51,51,51,51,80,80,80,127,127,159,159,143,168,168,240,240,255,274,274,71,87,116,116,146,221,248,248,282,299,318,318,318],"floor_reached":51,"language":"ENG","playtime":4453,"items_purged":["Strike_G","Strike_G","Shame"],"score":1523,"play_id":"a7444346-cc83-4f2b-bab2-07d0bd4a36ea","local_time":"20210118192613","is_ascension_mode":true,"campfire_choices":[{"data":"Noxious Fumes","floor":6.0,"key":"SMITH"},{"data":"Dash","floor":10.0,"key":"SMITH"},{"data":"Catalyst","floor":15.0,"key":"SMITH"},{"data":"Wraith Form v2","floor":24.0,"key":"SMITH"},{"data":"Footwork","floor":27.0,"key":"SMITH"},{"data":"Footwork","floor":29.0,"key":"SMITH"},{"data":"Noxious Fumes","floor":32.0,"key":"SMITH"},{"data":"Footwork","floor":41,"key":"SMITH"},{"data":"After Image","floor":45,"key":"SMITH"},{"data":"After Image","floor":49,"key":"SMITH"}],"circlet_count":0,"master_deck":["AscendersBane","Strike_G+1","Defend_G+1","Defend_G+1","Defend_G+1","Defend_G+1","Defend_G+1","Survivor","Neutralize","Dash+1","Cloak And Dagger","Poisoned Stab","Noxious Fumes+1","Catalyst+1","Grand Finale","Acrobatics","Deadly Poison","Wraith Form v2+1","Crippling Poison","Footwork+1","Dash","Envenom","Footwork+1","PiercingWail+1","After Image+1","Noxious Fumes+1","Storm of Steel","Acrobatics+1","Wraith Form v2+1","Footwork+1","Parasite","After Image+1"],"relics":["Ring of the Snake","Bronze Scales","Anchor","Runic Pyramid","Eternal Feather","Bag of Preparation","Lantern","Akabeko","Singing Bowl","Cursed Key","Ice Cream","Letter Opener","White Beast Statue","Centennial Puzzle","Girya"],"acts_visited":["Exordium","TheCity","TheBeyond"],"potions_floor_usage":[46,50,50],"damage_taken":[{"damage":0.0,"enemies":"2 Louse","floor":1.0,"turns":5.0},{"damage":0.0,"enemies":"Small Slimes","floor":3.0,"turns":4.0},{"damage":1.0,"enemies":"Jaw Worm","floor":4.0,"turns":6.0},{"damage":3.0,"enemies":"Large Slime","floor":7.0,"turns":6.0},{"damage":36.0,"enemies":"Gremlin Nob","floor":8.0,"turns":5.0},{"damage":4.0,"enemies":"Exordium Wildlife","floor":12.0,"turns":4.0},{"damage":1.0,"enemies":"3 Louse","floor":14.0,"turns":4.0},{"damage":32.0,"enemies":"Slime Boss","floor":16.0,"turns":8.0},{"damage":0.0,"enemies":"Shell Parasite","floor":18.0,"turns":4.0},{"damage":6.0,"enemies":"Gremlin Leader","floor":23.0,"turns":7.0},{"damage":6.0,"enemies":"Book of Stabbing","floor":28.0,"turns":7.0},{"damage":0.0,"enemies":"2 Thieves","floor":30.0,"turns":4.0},{"damage":7.0,"enemies":"Slavers","floor":31.0,"turns":5.0},{"damage":4.0,"enemies":"Champ","floor":33.0,"turns":12.0},{"damage":1.0,"enemies":"3 Shapes","floor":35.0,"turns":5.0},{"damage":4.0,"enemies":"3 Darklings","floor":36.0,"turns":5.0},{"damage":2,"enemies":"Writhing Mass","floor":39,"turns":6},{"damage":0,"enemies":"Giant Head","floor":40,"turns":8},{"damage":4,"enemies":"Nemesis","floor":42,"turns":7},{"damage":1,"enemies":"Giant Head","floor":44,"turns":11},{"damage":0,"enemies":"Reptomancer","floor":46,"turns":7},{"damage":0,"enemies":"Maw","floor":47,"turns":7},{"damage":0,"enemies":"4 Shapes","floor":48,"turns":5},{"damage":26,"enemies":"Time Eater","floor":50,"turns":14}],"seed_played":"-5106496771479126715","potions_obtained":[{"floor":1.0,"key":"Poison Potion"},{"floor":3.0,"key":"PowerPotion"},{"floor":12.0,"key":"ColorlessPotion"},{"floor":14.0,"key":"Regen Potion"},{"floor":23.0,"key":"LiquidMemories"},{"floor":28.0,"key":"GamblersBrew"},{"floor":33.0,"key":"GhostInAJar"},{"floor":35.0,"key":"GhostInAJar"},{"floor":36.0,"key":"Dexterity Potion"},{"floor":46,"key":"Ancient Potion"}],"is_trial":false,"path_per_floor":["M","?","M","M","$","R","M","E","T","R","?","M","?","M","R","B",null,"M","$","?","?","?","E","R","?","T","R","E","R","M","E","R","B",null,"M","M","?","$","M","E","R","E","T","E","R","E","M","M","R","B",null],"character_chosen":"THE_SILENT","items_purchased":["Noxious Fumes","Catalyst","Footwork","Footwork"],"campfire_rested":0,"item_purchase_floors":[5,5,19,38],"current_hp_per_floor":[59,59,59,58,58,58,55,19,19,19,19,15,31,30,30,13,53,53,53,53,53,53,47,59,59,59,66,60,66,66,59,66,62,65,64,62,62,62,62,64,72,70,70,71,76,78,78,80,80,54],"gold":318,"neow_bonus":"HUNDRED_GOLD","is_daily":false,"chose_seed":false,"campfire_upgraded":10,"win_rate":0.0,"timestamp":1611019573,"path_taken":["M","?","M","M","$","R","M","E","T","R","?","?","?","M","R","BOSS","M","$","?","?","?","E","R","?","T","R","E","R","?","E","R","BOSS","M","?","?","$","M","E","R","E","T","E","R","E","M","?","R","BOSS"],"items_purchased_type":["Card","Card","Card","Card"],"build_version":"2020-12-22","purchased_purges":3,"victory":true,"max_hp_per_floor":[66,66,66,66,66,66,66,66,66,66,66,66,66,66,66,66,66,66,66,66,66,66,66,66,66,66,66,66,66,66,66,66,66,66,66,68,68,68,70,72,72,74,74,76,76,78,78,80,80,80],"relic_stats":{"Centennial Puzzle":[3],"Singing Bowl":14,"counters":[24,156],"Bronze Scales":[442],"Eternal Feather":45,"Bag of Preparation":[28],"Letter Opener":[30],"Cursed Key":1,"obtain_stats":[{"Ice Cream":40,"Girya":46,"Lantern":26,"Singing Bowl":31,"Eternal Feather":23,"Bag of Preparation":25,"Letter Opener":42,"Cursed Key":34,"Akabeko":28,"White Beast Statue":43,"Anchor":9,"Centennial Puzzle":44,"Bronze Scales":8,"Ring of the Snake":0,"Runic Pyramid":17},{"Ice Cream":18,"Girya":21,"Lantern":10,"Singing Bowl":13,"Eternal Feather":10,"Bag of Preparation":10,"Letter Opener":19,"Cursed Key":14,"Akabeko":11,"White Beast Statue":19,"Anchor":5,"Centennial Puzzle":20,"Bronze Scales":5,"Ring of the Snake":0,"Runic Pyramid":8},{"Ice Cream":105,"Girya":130,"Lantern":53,"Singing Bowl":69,"Eternal Feather":53,"Bag of Preparation":53,"Letter Opener":112,"Cursed Key":81,"Akabeko":60,"White Beast Statue":112,"Anchor":26,"Centennial Puzzle":123,"Bronze Scales":26,"Ring of the Snake":0,"Runic Pyramid":42}],"Ring of the Snake":[48]},"card_choices":[{"not_picked":["Concentrate","Leg Sweep"],"picked":"Dash","floor":1.0},{"not_picked":["Dodge and Roll","Prepared"],"picked":"Cloak And Dagger","floor":3.0},{"not_picked":["Expertise","Deflect"],"picked":"Poisoned Stab","floor":4.0},{"not_picked":["Flechettes","Slice"],"picked":"Grand Finale","floor":7.0},{"not_picked":["Dash","Concentrate"],"picked":"Acrobatics","floor":8.0},{"not_picked":["Flying Knee","Predator","Underhanded Strike"],"picked":"SKIP","floor":12.0},{"not_picked":["Caltrops","Dagger Spray"],"picked":"Deadly Poison","floor":14.0},{"not_picked":["Night Terror","Die Die Die"],"picked":"Wraith Form v2","floor":16.0},{"not_picked":["Finisher","Quick Slash"],"picked":"Crippling Poison","floor":18.0},{"not_picked":["Calculated Gamble","Deadly Poison"],"picked":"PiercingWail+1","floor":23.0},{"not_picked":["Crippling Poison","Riddle With Holes"],"picked":"After Image","floor":28.0},{"not_picked":["Outmaneuver","Bouncing Flask","Crippling Poison"],"picked":"SKIP","floor":30.0},{"not_picked":["Adrenaline","Deadly Poison+1"],"picked":"Noxious Fumes","floor":31.0},{"not_picked":["Malaise","After Image"],"picked":"Storm of Steel","floor":33.0},{"not_picked":["Deflect","Dagger Spray"],"picked":"Acrobatics+1","floor":35.0},{"not_picked":["Dagger Spray","Cloak And Dagger","Tactician"],"picked":"Singing Bowl","floor":36.0},{"not_picked":["Sucker Punch","Well Laid Plans+1","Outmaneuver"],"picked":"Singing Bowl","floor":39},{"not_picked":["Dagger Throw","Backflip","Terror"],"picked":"Singing Bowl","floor":40},{"not_picked":["Well Laid Plans","Underhanded Strike","Bane"],"picked":"Singing Bowl","floor":42},{"not_picked":["Deadly Poison","Quick Slash","Riddle With Holes"],"picked":"Singing Bowl","floor":44},{"not_picked":["Acrobatics","Prepared","Outmaneuver"],"picked":"Singing Bowl","floor":46},{"not_picked":["Eviscerate","Escape Plan+1"],"picked":"After Image","floor":47},{"not_picked":["Acrobatics","Deflect+1","Bane+1"],"picked":"Singing Bowl","floor":48}],"player_experience":1091321,"relics_obtained":[{"floor":8.0,"key":"Bronze Scales"},{"floor":9.0,"key":"Anchor"},{"floor":23.0,"key":"Eternal Feather"},{"floor":26.0,"key":"Lantern"},{"floor":28.0,"key":"Akabeko"},{"floor":31.0,"key":"Singing Bowl"},{"floor":40,"key":"Ice Cream"},{"floor":42,"key":"Letter Opener"},{"floor":43,"key":"White Beast Statue"},{"floor":44,"key":"Centennial Puzzle"},{"floor":46,"key":"Girya"}],"event_choices":[{"damage_healed":0.0,"max_hp_gain":0.0,"max_hp_loss":0.0,"gold_gain":79.0,"event_name":"Golden Wing","player_choice":"Gained Gold","floor":2.0,"gold_loss":0.0,"damage_taken":0.0},{"damage_healed":0.0,"max_hp_gain":0.0,"max_hp_loss":0.0,"gold_gain":0.0,"event_name":"Shining Light","player_choice":"Ignored","floor":11.0,"gold_loss":0.0,"damage_taken":0.0},{"damage_healed":16.0,"max_hp_gain":0.0,"max_hp_loss":0.0,"gold_gain":0.0,"event_name":"The Cleric","player_choice":"Healed","floor":13.0,"gold_loss":35.0,"damage_taken":0.0},{"damage_healed":0.0,"max_hp_gain":0.0,"max_hp_loss":0.0,"gold_gain":0.0,"cards_transformed":["Strike_G","Strike_G"],"event_name":"Drug Dealer","player_choice":"Became Test Subject","floor":20.0,"gold_loss":0.0,"damage_taken":0.0,"cards_obtained":["Dash","Envenom"]},{"damage_healed":0.0,"max_hp_gain":0.0,"max_hp_loss":0.0,"gold_gain":0.0,"event_name":"The Library","player_choice":"Read","floor":21.0,"gold_loss":0.0,"damage_taken":0.0,"cards_obtained":["Footwork"]},{"damage_healed":0.0,"max_hp_gain":0.0,"max_hp_loss":0.0,"gold_gain":0.0,"event_name":"Back to Basics","player_choice":"Simplicity","floor":22.0,"gold_loss":0.0,"damage_taken":0.0,"cards_upgraded":["Strike_G","Defend_G","Defend_G","Defend_G","Defend_G","Defend_G"]},{"damage_healed":0.0,"max_hp_gain":0.0,"max_hp_loss":0.0,"gold_gain":0.0,"event_name":"Addict","player_choice":"Stole Relic","floor":25.0,"gold_loss":0.0,"damage_taken":0.0,"relics_obtained":["Bag of Preparation"],"cards_obtained":["Shame"]},{"damage_healed":0.0,"max_hp_gain":0.0,"max_hp_loss":0.0,"gold_gain":0.0,"event_name":"Duplicator","player_choice":"Copied","floor":37.0,"gold_loss":0.0,"damage_taken":0.0,"cards_obtained":["Wraith Form v2"]}],"is_beta":false,"boss_relics":[{"not_picked":["Ectoplasm","Velvet Choker"],"picked":"Runic Pyramid"},{"not_picked":["WristBlade","Sozu"],"picked":"Cursed Key"}],"items_purged_floors":[5,19,38],"is_endless":false,"potions_floor_spawned":[1,3,12,14,23,28,33,35,36,42,44,46,47,48],"ascension_level":16}}