{"host":"sdjng9zhqonqi3uc","time":1611068711,"event":{"mods":["2.2 Compatiblity","AchievementEnabler","BaseMod","Better Third Choice","BetterRewards","Colored Powertips","Hero for Fun","Minty Spire (QoL Compilation)","Quick Restart","Shop Mod","Spicy Shops","StSLib","Td1madao Mod","The Animator","The Cursed","The Servant 0.9.4"],"gold_per_floor":[122,122,161,180,193,193,193,241,241,264,55,94,94,119,119,251,251,264,296,256,9,37,97,97,97,97],"floor_reached":25,"language":"ENG","playtime":1643,"items_purged":["animator:Defend"],"score":306,"play_id":"43ed97c3-808c-4d72-905a-cdb338a3ac0e","local_time":"20210119160511","is_ascension_mode":true,"campfire_choices":[{"floor":7,"key":"RECALL"},{"floor":13,"key":"REST"},{"data":"animator:TsurugaMeisai","floor":15,"key":"SMITH"}],"circlet_count":0,"master_deck":["animator:Strike_Katanagatari+1","animator:Defend_Katanagatari","animator:Strike+1","animator:Strike","animator:Strike+1","animator:Defend+1","animator:Defend","animator:Azekura+1","animator:Emonzaemon","animator:Emonzaemon","animator:GuildGirl","animator:Konayuki","animator:Shichika+1","animator:CowGirl+1","animator:Hans","animator:TsurugaMeisai+1","animator:Saitama","animator:UneriGinkaku+1","animator:Hitei"],"relics":["animator:LivingPicture","animator:TheMissingPiece","animator:PurgingStone","DollysMirror","Vajra","Blood Vial","animator:EngravedStaff","MerchantsRug","Golden Idol","Ginger","MealTicket","Mercury Hourglass","Black Star","Mummified Hand","animator:HeavyHalberd","Whetstone"],"acts_visited":["Exordium","TheCity"],"potions_floor_usage":[5,12,18,23,23,24],"damage_taken":[{"damage":0,"enemies":"2 Louse","floor":1,"turns":2},{"damage":0,"enemies":"Small Slimes","floor":3,"turns":2},{"damage":1,"enemies":"Cultist","floor":4,"turns":3},{"damage":0,"enemies":"Blue Slaver","floor":5,"turns":2},{"damage":21,"enemies":"Gremlin Nob","floor":8,"turns":4},{"damage":12,"enemies":"Exordium Thugs","floor":10,"turns":5},{"damage":8,"enemies":"Lagavulin","floor":12,"turns":5},{"damage":8,"enemies":"3 Louse","floor":14,"turns":3},{"damage":18,"enemies":"Hexaghost","floor":16,"turns":9},{"damage":12,"enemies":"2 Thieves","floor":18,"turns":5},{"damage":15,"enemies":"3 Byrds","floor":19,"turns":2},{"damage":10,"enemies":"Centurion and Healer","floor":22,"turns":5},{"damage":34,"enemies":"Gremlin Leader","floor":23,"turns":7},{"damage":0,"enemies":"Sentry and Sphere","floor":24,"turns":3},{"damage":25,"enemies":"Snecko","floor":25,"turns":3}],"seed_played":"4053289207445325960","potions_obtained":[{"floor":3,"key":"Fire Potion"},{"floor":10,"key":"BlessingOfTheForge"},{"floor":14,"key":"Swift Potion"},{"floor":16,"key":"SteroidPotion"},{"floor":19,"key":"Swift Potion"},{"floor":23,"key":"SmokeBomb"}],"is_trial":false,"path_per_floor":["M","?","M","M","M","?","R","E","T","M","$","E","R","M","R","B",null,"M","M","?","$","M","E","M","M"],"character_chosen":"THE_ANIMATOR","items_purchased":["Omamori","DollysMirror","Vajra","Blood Vial","MerchantsRug","Mercury Hourglass","Mummified Hand"],"campfire_rested":1,"item_purchase_floors":[0,0,0,0,0,11,21],"current_hp_per_floor":[30,30,32,34,37,37,37,18,18,8,23,17,37,31,31,15,55,46,33,33,48,40,8,10,0,0],"gold":97,"neow_bonus":"","is_daily":false,"chose_seed":false,"campfire_upgraded":1,"win_rate":0.0,"timestamp":1611068711,"path_taken":["M","?","M","M","M","?","R","E","T","?","$","E","R","M","R","BOSS","M","M","?","$","M","E","M","?"],"items_purchased_type":["Relic","Relic","Relic","Relic","Relic","Relic","Relic"],"build_version":"2020-12-22","purchased_purges":1,"victory":false,"max_hp_per_floor":[66,66,66,67,68,68,68,68,68,68,68,68,68,68,68,68,68,69,69,69,69,69,69,69,69,69],"card_choices":[{"not_picked":["animator:Emonzaemon","animator:Bozes"],"picked":"animator:GuildGirl","floor":1},{"not_picked":["animator:Emonzaemon","animator:MumenRider"],"picked":"animator:Konayuki","floor":3},{"not_picked":["animator:DwarfShaman","animator:Gluttony"],"picked":"animator:Shichika","floor":4},{"not_picked":["animator:HighElfArcher","animator:LizardPriest"],"picked":"animator:CowGirl","floor":5},{"not_picked":["animator:Darkness","animator:PandorasActor"],"picked":"animator:Hans","floor":8},{"not_picked":["animator:NarberalGamma","animator:Raven","animator:Hakurou"],"picked":"SKIP","floor":10},{"not_picked":["animator:Add","animator:Witch","animator:PandorasActor"],"picked":"SKIP","floor":12},{"not_picked":["animator:Konayuki","animator:UneriGinkaku"],"picked":"animator:TsurugaMeisai","floor":14},{"not_picked":["animator:Rimuru","animator:ItamiYouji"],"picked":"animator:Saitama","floor":16},{"not_picked":["animator:PandorasActor","animator:Ciel+1"],"picked":"animator:UneriGinkaku+1","floor":18},{"not_picked":["animator:Demiurge+1","animator:Shion","animator:Megumin"],"picked":"SKIP","floor":19},{"not_picked":["animator:PandorasActor","animator:Tatsumaki","animator:Sloth"],"picked":"SKIP","floor":22},{"not_picked":["animator:Emonzaemon","animator:Shichika"],"picked":"animator:Hitei","floor":23}],"player_experience":330698,"relics_obtained":[{"floor":8,"key":"Ginger"},{"floor":9,"key":"MealTicket"},{"floor":12,"key":"War Paint"},{"floor":23,"key":"animator:HeavyHalberd"},{"floor":23,"key":"Whetstone"}],"event_choices":[{"damage_healed":0,"gold_gain":0,"player_choice":"Take Wound","damage_taken":0,"relics_obtained":["Golden Idol"],"max_hp_gain":0,"max_hp_loss":0,"event_name":"Golden Idol","floor":2,"gold_loss":0,"cards_obtained":["Injury"]},{"damage_healed":0,"gold_gain":0,"player_choice":"Upgraded","damage_taken":0,"max_hp_gain":0,"max_hp_loss":0,"event_name":"Upgrade Shrine","floor":6,"gold_loss":0,"cards_upgraded":["animator:CowGirl"]},{"damage_healed":0,"gold_gain":0,"player_choice":"Upgraded Two","damage_taken":0,"max_hp_gain":0,"max_hp_loss":0,"event_name":"Designer","floor":20,"gold_loss":40,"cards_upgraded":["animator:Shichika","animator:Strike_Katanagatari"]}],"is_beta":false,"boss_relics":[{"not_picked":["animator:VividPicture","Pandora\u0027s Box"],"picked":"Black Star"}],"items_purged_floors":[0],"is_endless":false,"potions_floor_spawned":[3,10,14,16,19,23],"killed_by":"Snecko","ascension_level":6}}