{"host":"lnt5dzsuhru0aonl","time":1611053765,"event":{"mods":["2.2 Compatiblity","BaseMod","Colored Map","Colored Powertips","DeckTracker","Keyboard Shortcuts","Minty Spire (QoL Compilation)","Permanent Neow","StSLib","SuperFastMode","everything is the same but u backflip on backflip"],"gold_per_floor":[116,30,30,30,45,45,76,95,95,106,31,62,62,95,95,169,169,188,113,113,13,13,13,13],"floor_reached":23,"language":"KOR","playtime":476,"items_purged":["Strike_B","Strike_B"],"score":610,"play_id":"9d3e2bf8-149a-43c4-afcd-5c1434ae72e2","local_time":"20210119195605","is_ascension_mode":true,"campfire_choices":[{"data":"Defragment","floor":6,"key":"SMITH"},{"data":"Dualcast","floor":13,"key":"SMITH"},{"data":"Recycle","floor":15,"key":"SMITH"}],"circlet_count":0,"master_deck":["AscendersBane","Strike_B","Defend_B","Defend_B","Defend_B","Defend_B","Zap","Dualcast+1","Streamline","Defragment+1","Ball Lightning","Coolheaded","Cold Snap","Reinforced Body","Glacier","Recycle+1","Echo Form","Sweeping Beam"],"relics":["Cracked Core","NeowsBlessing","Cables","Kunai","Akabeko","DataDisk","StoneCalendar","Inserter","Enchiridion","Juzu Bracelet"],"acts_visited":["Exordium","TheCity"],"potions_floor_usage":[10],"damage_taken":[{"damage":0,"enemies":"Small Slimes","floor":1,"turns":1},{"damage":0,"enemies":"2 Louse","floor":5,"turns":1},{"damage":0,"enemies":"Gremlin Nob","floor":7,"turns":1},{"damage":0,"enemies":"Cultist","floor":8,"turns":2},{"damage":4,"enemies":"Exordium Thugs","floor":10,"turns":4},{"damage":17,"enemies":"3 Sentries","floor":12,"turns":6},{"damage":0,"enemies":"Gremlin Nob","floor":14,"turns":3},{"damage":0,"enemies":"The Guardian","floor":16,"turns":8},{"damage":12,"enemies":"Spheric Guardian","floor":18,"turns":4},{"damage":40,"enemies":"Book of Stabbing","floor":23,"turns":4}],"seed_played":"524496917868087005","potions_obtained":[{"floor":1,"key":"SpeedPotion"},{"floor":5,"key":"Ancient Potion"}],"is_trial":false,"path_per_floor":["M","$","?","?","M","R","E","M","T","M","$","E","R","E","R","B",null,"M","?","?","$","?","E"],"character_chosen":"DEFECT","items_purchased":["Defragment"],"campfire_rested":0,"item_purchase_floors":[2],"current_hp_per_floor":[64,64,59,64,64,64,64,64,64,60,60,43,43,43,43,43,68,56,56,35,35,35,0,0],"gold":13,"neow_bonus":"THREE_ENEMY_KILL","is_daily":false,"chose_seed":false,"campfire_upgraded":3,"win_rate":0.0,"timestamp":1611053765,"path_taken":["M","$","?","?","M","R","E","M","T","M","$","E","R","E","R","BOSS","M","?","?","$","?","E"],"items_purchased_type":["Card"],"build_version":"2020-12-22","purchased_purges":2,"victory":false,"max_hp_per_floor":[71,71,71,76,76,76,76,76,76,76,76,76,76,76,76,76,76,76,76,76,76,76,76,76],"card_choices":[{"not_picked":["Rebound","Steam"],"picked":"Streamline","floor":1},{"not_picked":["Steam","Barrage"],"picked":"Ball Lightning","floor":5},{"not_picked":["Redo","Compile Driver"],"picked":"Coolheaded","floor":7},{"not_picked":["Rebound","Steam"],"picked":"Cold Snap","floor":8},{"not_picked":["Go for the Eyes","Doom and Gloom"],"picked":"Reinforced Body","floor":10},{"not_picked":["Genetic Algorithm","Stack"],"picked":"Glacier","floor":12},{"not_picked":["Meteor Strike","Reinforced Body"],"picked":"Recycle","floor":14},{"not_picked":["Meteor Strike","Machine Learning"],"picked":"Echo Form","floor":16},{"not_picked":["Cold Snap","Aggregate"],"picked":"Sweeping Beam","floor":18}],"player_experience":699277,"relics_obtained":[{"floor":7,"key":"Kunai"},{"floor":9,"key":"Akabeko"},{"floor":12,"key":"DataDisk"},{"floor":14,"key":"StoneCalendar"},{"floor":20,"key":"Enchiridion"}],"event_choices":[{"damage_healed":0,"gold_gain":0,"player_choice":"Success","damage_taken":5,"relics_obtained":["Cables"],"max_hp_gain":0,"max_hp_loss":0,"event_name":"Scrap Ooze","floor":3,"gold_loss":0},{"damage_healed":0,"gold_gain":0,"player_choice":"Donut","damage_taken":0,"max_hp_gain":5,"max_hp_loss":0,"event_name":"Big Fish","floor":4,"gold_loss":0},{"cards_removed":["Strike_B"],"damage_healed":0,"gold_gain":0,"player_choice":"Gave Gold","damage_taken":0,"max_hp_gain":0,"max_hp_loss":0,"event_name":"Beggar","floor":19,"gold_loss":75},{"damage_healed":0,"gold_gain":0,"player_choice":"Obtained Book","damage_taken":21,"max_hp_gain":0,"max_hp_loss":0,"event_name":"Cursed Tome","floor":20,"gold_loss":0},{"damage_healed":0,"gold_gain":0,"player_choice":"Gave Potion","damage_taken":0,"relics_obtained":["Juzu Bracelet"],"max_hp_gain":0,"max_hp_loss":0,"event_name":"WeMeetAgain","floor":22,"gold_loss":0}],"is_beta":false,"boss_relics":[{"not_picked":["Ectoplasm","FrozenCore"],"picked":"Inserter"}],"items_purged_floors":[11,21],"is_endless":false,"potions_floor_spawned":[1,5],"killed_by":"Book of Stabbing","ascension_level":20}}