{"host":"bc298c4gavna5tx2","time":1611043575,"event":{"mods":["ATMod(°¢èªMod)","Act Like it!","BaseMod","Challenge The Spire","Minty Spire (QoL Compilation)","MostiFishMod","Quarter Circle Forward PUNCH!","Quick Restart","Replay The Spire","Spicy Shops","StSLib","¡¾¹¦ÄÜMod¡¿»ìãçÖ®»·ÐÞ¸´²¹¶¡"],"gold_per_floor":[109,128,128,139,6,6,24,49,49,49,59,92,109,109,109,214,214,226,226,325,325,345,345,376,376,401,413,14,14,33,58,58,156,156,176,104,104,104,116,148,148,148],"floor_reached":41,"language":"ZHS","playtime":1688,"items_purged":["Strike_P","Sickly"],"score":803,"play_id":"ca7e4b7d-e90c-4ee0-b38a-4f97f0a386eb","local_time":"20210119160615","is_ascension_mode":true,"campfire_choices":[{"data":"AT_FamilyPortrait","floor":6.0,"key":"SMITH"},{"data":"AT_MachinaRedman","floor":10.0,"key":"SMITH"},{"data":"ConjureBlade","floor":23,"key":"SMITH"},{"data":"DevaForm","floor":29,"key":"SMITH"},{"data":"Scrawl","floor":32,"key":"SMITH"}],"circlet_count":0,"master_deck":["Strike_P+1","Defend_P+1","Defend_P+1","Defend_P+1","Eruption","Vigilance","AT_FamilyPortrait+1","Replay:Anticipation","MostiFishMod:PathToVictory","JustLucky+1","PathToVictory+1","AT_MachinaRedman+1","MostiFishMod:Adaptation","ConjureBlade+1","Scrawl+1","DevaForm+1"],"relics":["PureWater","AT_ATBox","DaveBox","BionicSphere","NeowsBlessing","SynthV:TestCard","Prayer Wheel","Iron Hammer","qcfpunch:Wrestler\u0027s_Cloak","ChiXiaoBlade","Potion Belt","Happy Flower","ReplayTheSpireMod:CursedCoin","AT_ChloranthyRing","StoneCalendar","TeardropLocket","Coffee Dripper","Centennial Puzzle","Blood Vial"],"acts_visited":["Exordium","TheCity","TheBeyond"],"potions_floor_usage":[24,31,35,35,35,35,40],"damage_taken":[{"damage":0.0,"enemies":"Jaw Worm","floor":1.0,"turns":1.0},{"damage":0.0,"enemies":"Small Slimes","floor":4.0,"turns":1.0},{"damage":0.0,"enemies":"2 Louse","floor":7.0,"turns":1.0},{"damage":0.0,"enemies":"Replay:BlueRogue","floor":8.0,"turns":4.0},{"damage":0.0,"enemies":"Gremlin Gang","floor":11.0,"turns":4.0},{"damage":0.0,"enemies":"Lagavulin","floor":12.0,"turns":4.0},{"damage":0.0,"enemies":"Exordium Thugs","floor":13.0,"turns":2.0},{"damage":0,"enemies":"Fading Forest","floor":16,"turns":11},{"damage":0,"enemies":"Spheric Guardian","floor":18,"turns":1},{"damage":0,"enemies":"Chosen","floor":22,"turns":4},{"damage":7,"enemies":"Slavers","floor":24,"turns":3},{"damage":0,"enemies":"Shelled Parasite and Fungi","floor":27,"turns":2},{"damage":0,"enemies":"Cultist and Chosen","floor":30,"turns":2},{"damage":9,"enemies":"Replay:Snechameleon","floor":31,"turns":4},{"damage":0,"enemies":"Champ","floor":33,"turns":6},{"damage":0,"enemies":"3 Darklings","floor":35,"turns":1},{"damage":0,"enemies":"3 Shapes","floor":39,"turns":2},{"damage":59,"enemies":"Reptomancer","floor":40,"turns":4},{"damage":22,"enemies":"Writhing Mass","floor":41,"turns":2}],"seed_played":"4117359482507675628","potions_obtained":[{"floor":7.0,"key":"ColorlessPotion"},{"floor":8.0,"key":"Block Potion"},{"floor":13.0,"key":"SpeedPotion"},{"floor":22,"key":"AttackPotion"},{"floor":24,"key":"GamblersBrew"},{"floor":27,"key":"EntropicBrew"},{"floor":33,"key":"Swift Potion"},{"floor":35,"key":"Strength Potion"}],"is_trial":false,"path_per_floor":["M","?","?","M","$","R","M","E","T","R","M","E","M","$","R","B",null,"M","?","?","?","M","R","E","?","T","M","$","R","M","E","R","B",null,"M","$","$","?","M","E","M"],"character_chosen":"WATCHER","items_purchased":["JustLucky+1","ReplayTheSpireMod:CursedCoin","AT_ChloranthyRing","StoneCalendar","Centennial Puzzle"],"campfire_rested":0,"item_purchase_floors":[5,28,28,28,36],"current_hp_per_floor":[72,54,54,54,54,54,54,54,54,54,54,54,54,54,72,72,72,72,72,72,59,59,59,52,52,52,52,52,52,52,43,43,61,73,73,73,73,73,73,14,0,0],"gold":148,"neow_bonus":"THREE_ENEMY_KILL","is_daily":false,"chose_seed":false,"campfire_upgraded":5,"win_rate":0.0,"timestamp":1611043575,"path_taken":["M","?","?","?","$","R","M","E","T","R","M","E","?","$","R","BOSS","M","?","?","?","?","R","E","?","T","M","?","R","M","E","R","BOSS","M","?","$","?","M","E","M"],"items_purchased_type":["Card","Relic","Relic","Relic","Relic"],"build_version":"2020-12-22","purchased_purges":2,"victory":false,"max_hp_per_floor":[72,72,72,72,72,72,72,72,72,72,72,72,72,72,72,72,72,72,72,72,77,77,77,77,77,77,77,77,77,77,77,77,77,77,77,77,77,77,77,77,77,77],"card_choices":[{"not_picked":["FlyingSleeves","Consecrate","ClearTheMind"],"picked":"SKIP","floor":1.0},{"not_picked":["EmptyFist","Replay:BluntJabs","Indignation","Prostrate"],"picked":"Replay:Anticipation","floor":2.0},{"not_picked":["MostiFishMod:Nomercy","CrushJoints","Study","AT_OneInchPunch"],"picked":"MostiFishMod:PathToVictory","floor":4.0},{"not_picked":["CrushJoints","Evaluate","Protect","ThirdEye","Perseverance"],"picked":"SKIP","floor":4.0},{"not_picked":["Worship","Halt","ReachHeaven","Replay:AtTheReady"],"picked":"PathToVictory","floor":7.0},{"not_picked":["Indignation","MostiFishMod:OutWit","CutThroughFate","MentalFortress","Replay:Battleflow"],"picked":"SKIP","floor":7.0},{"not_picked":["ThirdEye","Evaluate","WaveOfTheHand","Protect"],"picked":"AT_MachinaRedman","floor":8.0},{"not_picked":["Tantrum","Wireheading","TalkToTheHand","Consecrate","CutThroughFate"],"picked":"SKIP","floor":11.0},{"not_picked":["PathToVictory","Replay:Battleflow","Halt","Fasting2","EmptyFist"],"picked":"SKIP","floor":11.0},{"not_picked":["FlurryOfBlows","WheelKick","LikeWater","Vengeance"],"picked":"MostiFishMod:Adaptation","floor":12.0},{"not_picked":["Adaptation","Prostrate","CarveReality","ClearTheMind","Tantrum"],"picked":"SKIP","floor":13.0},{"not_picked":["CrushJoints","ThirdEye","Evaluate","CutThroughFate","Replay:BluntJabs"],"picked":"SKIP","floor":13.0},{"not_picked":["AT_IrregularMenstruation","MostiFishMod:StarOceanP","MostiFishMod:StarHerder","Omniscience"],"picked":"ConjureBlade","floor":16},{"not_picked":["Study","EmptyBody+1","Replay:AtTheReady","Replay:Hum+1","Replay:Anticipation+1"],"picked":"SKIP","floor":18},{"not_picked":["InnerPeace","ClearTheMind","SashWhip+1","DeceiveReality","Pray"],"picked":"SKIP","floor":18},{"not_picked":["ThirdEye","PathToVictory","Protect","Replay:BluntJabs","SashWhip"],"picked":"SKIP","floor":22},{"not_picked":["CrushJoints+1","FlyingSleeves+1","EmptyFist","ThirdEye","SignatureMove"],"picked":"SKIP","floor":22},{"not_picked":["EmptyBody+1","ReachHeaven","Replay:AtTheReady","Wireheading","Pray"],"picked":"SKIP","floor":24},{"not_picked":["CutThroughFate","ClearTheMind","ThirdEye","FlurryOfBlows"],"picked":"DevaForm","floor":27},{"not_picked":["CutThroughFate+1","FlyingSleeves","ClearTheMind+1","Halt","Adaptation+1"],"picked":"SKIP","floor":27},{"not_picked":["EmptyBody+1","Worship","ReachHeaven+1","JustLucky","Replay:Anticipation"],"picked":"SKIP","floor":30},{"not_picked":["SignatureMove","SashWhip","Protect","CrushJoints","MostiFishMod:Moonprays"],"picked":"SKIP","floor":30},{"not_picked":["FearNoEvil","Collect+1","Consecrate","FollowUp+1","BowlingBash"],"picked":"SKIP","floor":31},{"not_picked":["Replay:Battleflow+1","EmptyBody+1","LikeWater+1","CrushJoints+1","ThirdEye"],"picked":"SKIP","floor":35},{"not_picked":["JustLucky+1","Replay:Battleflow+1","EmptyBody","Vengeance","Crescendo+1"],"picked":"SKIP","floor":35},{"not_picked":["CutThroughFate","BowlingBash","Nirvana+1","PathToVictory","Replay:ManipulateFuture"],"picked":"SKIP","floor":39},{"not_picked":["EmptyBody","FlurryOfBlows","SashWhip+1","CrushJoints","FearNoEvil"],"picked":"SKIP","floor":39},{"not_picked":["CutThroughFate+1","Replay:AtTheReady","Wish","CrushJoints","ThirdEye"],"picked":"SKIP","floor":40}],"player_experience":96708,"relics_obtained":[{"floor":1.0,"key":"SynthV:TestCard"},{"floor":2.0,"key":"Prayer Wheel"},{"floor":8.0,"key":"Iron Hammer"},{"floor":12.0,"key":"qcfpunch:Wrestler\u0027s_Cloak"},{"floor":24,"key":"Potion Belt"},{"floor":26,"key":"Happy Flower"},{"floor":31,"key":"TeardropLocket"},{"floor":40,"key":"Blood Vial"}],"event_choices":[{"cards_removed":["Strike_P"],"damage_healed":0.0,"max_hp_gain":0.0,"max_hp_loss":0.0,"gold_gain":0.0,"event_name":"Bonfire Elementals","player_choice":"Offered Basic","floor":3.0,"gold_loss":0.0,"damage_taken":0.0},{"damage_healed":0,"gold_gain":0,"player_choice":"Simplicity","damage_taken":0,"max_hp_gain":0,"max_hp_loss":0,"event_name":"Back to Basics","floor":19,"gold_loss":0,"cards_upgraded":["Strike_P","Strike_P","Defend_P","Defend_P","Defend_P","Defend_P"]},{"damage_healed":0,"gold_gain":99,"player_choice":"Stole From Cult","damage_taken":0,"max_hp_gain":0,"max_hp_loss":0,"event_name":"Nest","floor":20,"gold_loss":0},{"damage_healed":0,"gold_gain":0,"player_choice":"Shed Blood","damage_taken":18,"max_hp_gain":5,"max_hp_loss":0,"event_name":"Forgotten Altar","floor":21,"gold_loss":0},{"damage_healed":0,"gold_gain":0,"cards_transformed":["Defend_P"],"player_choice":"Transformed","damage_taken":0,"max_hp_gain":0,"max_hp_loss":0,"event_name":"Transmorgrifier","floor":25,"gold_loss":0,"cards_obtained":["Scrawl"]},{"cards_removed":["Strike_P"],"damage_healed":0,"gold_gain":0,"player_choice":"Removed Attack","damage_taken":0,"max_hp_gain":0,"max_hp_loss":0,"event_name":"Falling","floor":38,"gold_loss":0}],"is_beta":false,"boss_relics":[{"not_picked":["Ring of Chaos","Replay:Bronze Core"],"picked":"ChiXiaoBlade"},{"not_picked":["TakeMeEscape","ExusiaiGun"],"picked":"Coffee Dripper"}],"items_purged_floors":[5,28],"is_endless":false,"potions_floor_spawned":[7,8,13,22,24,27,33,35],"killed_by":"Writhing Mass","ascension_level":5}}