{"host":"ELF","time":1611052860,"event":{"mods":["BaseMod","Bestiary","Minty Spire (QoL Compilation)","Relic Stats","Slay the Relics Exporter"],"gold_per_floor":[114,114,114,264,264,291,303,303,303,328,293,303,322,74,74,150,150,166,91,91,6,6,35,35,35,62,62,81,112,128,140,140,215,215,229,15,15,33,58,58,90,106,131,131,145,175,0,17,17,17,17,17,17,52,52,52],"floor_reached":55,"language":"ENG","playtime":8899,"items_purged":["Regret"],"score":1821,"play_id":"d47edc16-781c-4526-b473-6e3ad824ebea","local_time":"20210119044100","is_ascension_mode":true,"campfire_choices":[{"data":"Pain","floor":8,"key":"PURGE"},{"floor":15,"key":"REST"},{"data":"Strike_B","floor":25,"key":"PURGE"},{"data":"Strike_B","floor":32,"key":"PURGE"},{"data":"Strike_B","floor":40,"key":"PURGE"},{"floor":44,"key":"RECALL"},{"data":"Defend_B","floor":49,"key":"PURGE"},{"data":"Defragment","floor":52,"key":"SMITH"}],"circlet_count":0,"master_deck":["AscendersBane","Defend_B","Defend_B","Defend_B","Zap","Dualcast","Ball Lightning","Rainbow+1","Coolheaded+1","Reinforced Body+1","Sunder","Leap+1","Seek+1","Double Energy+1","Ghostly+1","Ghostly+1","Ghostly+1","Defragment+1","Glacier+1","Coolheaded+1","Turbo+1","White Noise+1","Electrodynamics","Conserve Battery+1","Chill+1","Steam+1","Self Repair","Transmutation+1","Cold Snap","Defragment","Compile Driver","Loop","FTL","Compile Driver+1","Barrage"],"relics":["Cracked Core","NeowsBlessing","Pear","Peace Pipe","WarpedTongs","Toxic Egg 2","Mummified Hand","Bronze Scales","Medical Kit","Philosopher\u0027s Stone","FossilizedHelix","Oddly Smooth Stone","Nunchaku","Inserter","Lizard Tail","Pen Nib","Centennial Puzzle","Red Mask","Bottled Flame"],"acts_visited":["Exordium","TheCity","TheBeyond","TheEnding"],"potions_floor_usage":[10,23,28,29,39,41,45,46,54,55,55],"damage_taken":[{"damage":0,"enemies":"2 Louse","floor":1,"turns":1},{"damage":1,"enemies":"Gremlin Nob","floor":6,"turns":1},{"damage":1,"enemies":"Small Slimes","floor":7,"turns":1},{"damage":28,"enemies":"3 Sentries","floor":10,"turns":7},{"damage":3,"enemies":"Cultist","floor":12,"turns":3},{"damage":0,"enemies":"Looter","floor":13,"turns":3},{"damage":7,"enemies":"The Guardian","floor":16,"turns":12},{"damage":0,"enemies":"Spheric Guardian","floor":18,"turns":4},{"damage":0,"enemies":"Gremlin Leader","floor":23,"turns":8},{"damage":0,"enemies":"Chosen","floor":28,"turns":3},{"damage":0,"enemies":"Slavers","floor":29,"turns":6},{"damage":0,"enemies":"Centurion and Healer","floor":30,"turns":10},{"damage":0,"enemies":"Snake Plant","floor":31,"turns":4},{"damage":28,"enemies":"Champ","floor":33,"turns":17},{"damage":10,"enemies":"3 Darklings","floor":35,"turns":3},{"damage":0,"enemies":"Orb Walker","floor":38,"turns":3},{"damage":0,"enemies":"Mind Bloom Boss Battle","floor":39,"turns":9},{"damage":0,"enemies":"Giant Head","floor":41,"turns":9},{"damage":0,"enemies":"Maw","floor":42,"turns":9},{"damage":3,"enemies":"Spire Growth","floor":45,"turns":5},{"damage":0,"enemies":"Reptomancer","floor":46,"turns":7},{"damage":0,"enemies":"3 Darklings","floor":48,"turns":6},{"damage":0,"enemies":"Donu and Deca","floor":50,"turns":14},{"damage":10,"enemies":"Shield and Spear","floor":54,"turns":8},{"damage":76,"enemies":"The Heart","floor":55,"turns":6}],"seed_played":"-1983789261192756721","potions_obtained":[{"floor":6,"key":"FocusPotion"},{"floor":13,"key":"SneckoOil"},{"floor":16,"key":"PowerPotion"},{"floor":23,"key":"Fruit Juice"},{"floor":31,"key":"FocusPotion"},{"floor":33,"key":"CultistPotion"},{"floor":41,"key":"Energy Potion"},{"floor":45,"key":"SkillPotion"},{"floor":46,"key":"Strength Potion"},{"floor":48,"key":"PowerPotion"},{"floor":54,"key":"Regen Potion"}],"is_trial":false,"path_per_floor":["M","?","?","?","?","E","M","R","T","E","?","M","M","$","R","B",null,"M","?","?","$","$","E","$","R","T","?","M","E","M","M","R","B",null,"M","$","?","M","?","R","E","M","T","R","M","E","?","M","R","B",null,"R","$","E","B"],"character_chosen":"DEFECT","items_purchased":["Medical Kit","Defragment","Chill+1","Steam+1","Self Repair"],"campfire_rested":1,"item_purchase_floors":[14,21,36,36,36],"current_hp_per_floor":[64,74,48,48,48,47,46,46,46,18,38,35,35,35,59,52,74,74,74,40,40,40,40,40,40,40,40,45,45,45,45,45,17,38,28,28,28,28,38,38,45,45,45,45,45,45,45,45,45,45,45,45,45,42,0,0],"gold":52,"neow_bonus":"THREE_ENEMY_KILL","is_daily":false,"chose_seed":false,"campfire_upgraded":1,"win_rate":0.0,"timestamp":1611052860,"path_taken":["M","?","?","?","?","E","?","R","T","E","?","M","M","?","R","BOSS","M","?","?","?","$","E","$","R","T","?","M","E","M","M","R","BOSS","M","$","?","M","?","R","E","M","T","R","M","E","?","M","R","BOSS","R","$","E","BOSS"],"items_purchased_type":["Relic","Card","Card","Card","Card"],"build_version":"2020-12-18","purchased_purges":1,"victory":false,"max_hp_per_floor":[71,81,81,81,81,81,81,81,81,81,81,81,81,81,81,81,81,81,81,40,40,40,40,40,40,40,40,45,45,45,45,45,45,45,45,45,45,45,45,45,45,45,45,45,45,45,45,45,45,45,45,45,45,45,45,45],"relic_stats":{"Peace Pipe":5,"Nunchaku":[11],"Lizard Tail":22,"Centennial Puzzle":[6],"Inserter":[39],"counters":[25,159],"Mummified Hand":[77],"Bronze Scales":[503],"Pen Nib":[7],"Medical Kit":[23],"obtain_stats":[{"Pear":2,"Inserter":34,"NeowsBlessing":0,"Oddly Smooth Stone":26,"Pen Nib":41,"Medical Kit":14,"WarpedTongs":5,"Peace Pipe":3,"Nunchaku":29,"Lizard Tail":39,"Centennial Puzzle":46,"Bottled Flame":54,"Mummified Hand":9,"Bronze Scales":10,"Philosopher\u0027s Stone":17,"Red Mask":47,"Toxic Egg 2":6,"Cracked Core":0,"FossilizedHelix":23},{"Pear":1,"Inserter":14,"NeowsBlessing":0,"Oddly Smooth Stone":9,"Pen Nib":18,"Medical Kit":6,"WarpedTongs":1,"Peace Pipe":1,"Nunchaku":11,"Lizard Tail":17,"Centennial Puzzle":21,"Bottled Flame":24,"Mummified Hand":3,"Bronze Scales":4,"Philosopher\u0027s Stone":7,"Red Mask":21,"Toxic Egg 2":2,"Cracked Core":0,"FossilizedHelix":9},{"Pear":1,"Inserter":80,"NeowsBlessing":0,"Oddly Smooth Stone":40,"Pen Nib":104,"Medical Kit":16,"WarpedTongs":1,"Peace Pipe":1,"Nunchaku":49,"Lizard Tail":95,"Centennial Puzzle":125,"Bottled Flame":153,"Mummified Hand":3,"Bronze Scales":10,"Philosopher\u0027s Stone":28,"Red Mask":125,"Toxic Egg 2":2,"Cracked Core":0,"FossilizedHelix":40}],"WarpedTongs":[138]},"card_choices":[{"not_picked":["Tempest","Go for the Eyes"],"picked":"Ball Lightning","floor":1},{"not_picked":["Ball Lightning","Leap+1"],"picked":"Rainbow+1","floor":6},{"not_picked":["Undo+1","Steam+1"],"picked":"Coolheaded+1","floor":7},{"not_picked":["Hello World","Compile Driver"],"picked":"Reinforced Body+1","floor":10},{"not_picked":["Gash","Darkness+1"],"picked":"Sunder","floor":12},{"not_picked":["Rebound","Lockon"],"picked":"Leap+1","floor":13},{"not_picked":["Biased Cognition","Core Surge"],"picked":"Seek+1","floor":16},{"not_picked":["Barrage","Skim+1"],"picked":"Double Energy+1","floor":18},{"not_picked":["Tempest+1","Loop"],"picked":"Glacier+1","floor":23},{"not_picked":["Sweeping Beam","Steam+1"],"picked":"Coolheaded+1","floor":28},{"not_picked":["Chaos+1","Meteor Strike"],"picked":"Turbo+1","floor":29},{"not_picked":["Sunder+1","Ball Lightning","Steam Power+1"],"picked":"SKIP","floor":30},{"not_picked":["Go for the Eyes","Barrage"],"picked":"White Noise+1","floor":31},{"not_picked":["Reboot+1","Buffer"],"picked":"Electrodynamics","floor":33},{"not_picked":["Sweeping Beam","Scrape"],"picked":"Conserve Battery+1","floor":35},{"not_picked":["Finesse+1","Deep Breath+1"],"picked":"Transmutation+1","floor":37},{"not_picked":["Streamline","Sweeping Beam"],"picked":"Cold Snap","floor":38},{"not_picked":["Leap+1","Stack+1"],"picked":"Defragment","floor":39},{"not_picked":["Turbo+1","Barrage"],"picked":"Compile Driver","floor":41},{"not_picked":["Lockon","Compile Driver"],"picked":"Loop","floor":42},{"not_picked":["Turbo+1","Beam Cell"],"picked":"FTL","floor":45},{"not_picked":["Lockon+1","Rainbow+1"],"picked":"Compile Driver+1","floor":46},{"not_picked":["Beam Cell","Cold Snap","Rebound"],"picked":"SKIP","floor":48},{"not_picked":["Blizzard","Thunder Strike"],"picked":"Barrage","floor":54}],"player_experience":3229673,"relics_obtained":[{"floor":6,"key":"Toxic Egg 2"},{"floor":9,"key":"Mummified Hand"},{"floor":10,"key":"Bronze Scales"},{"floor":23,"key":"FossilizedHelix"},{"floor":26,"key":"Oddly Smooth Stone"},{"floor":29,"key":"Nunchaku"},{"floor":39,"key":"Lizard Tail"},{"floor":41,"key":"Pen Nib"},{"floor":46,"key":"Centennial Puzzle"},{"floor":54,"key":"Bottled Flame"}],"event_choices":[{"damage_healed":0,"gold_gain":0,"player_choice":"Box","damage_taken":0,"relics_obtained":["Pear"],"max_hp_gain":0,"max_hp_loss":0,"event_name":"Big Fish","floor":2,"gold_loss":0,"cards_obtained":["Regret"]},{"damage_healed":0,"gold_gain":0,"player_choice":"Success","damage_taken":26,"relics_obtained":["Peace Pipe"],"max_hp_gain":0,"max_hp_loss":0,"event_name":"Scrap Ooze","floor":3,"gold_loss":0},{"damage_healed":0,"gold_gain":150,"player_choice":"AGREE","damage_taken":0,"max_hp_gain":0,"max_hp_loss":0,"event_name":"Liars Game","floor":4,"gold_loss":0,"cards_obtained":["Doubt"]},{"damage_healed":0,"gold_gain":0,"player_choice":"Rummage","damage_taken":0,"relics_obtained":["WarpedTongs"],"max_hp_gain":0,"max_hp_loss":0,"event_name":"Accursed Blacksmith","floor":5,"gold_loss":0,"cards_obtained":["Pain"]},{"damage_healed":20,"gold_gain":0,"player_choice":"Healed","damage_taken":0,"max_hp_gain":0,"max_hp_loss":0,"event_name":"The Cleric","floor":11,"gold_loss":35},{"cards_removed":["Doubt"],"damage_healed":0,"gold_gain":0,"player_choice":"Gave Gold","damage_taken":0,"max_hp_gain":0,"max_hp_loss":0,"event_name":"Beggar","floor":19,"gold_loss":75},{"damage_healed":0,"gold_gain":0,"player_choice":"Became a Ghost","damage_taken":0,"max_hp_gain":0,"max_hp_loss":41,"event_name":"Ghosts","floor":20,"gold_loss":0,"cards_obtained":["Ghostly","Ghostly","Ghostly"]},{"cards_removed":["Strike_B"],"damage_healed":0,"gold_gain":0,"player_choice":"Elegance","damage_taken":0,"max_hp_gain":0,"max_hp_loss":0,"event_name":"Back to Basics","floor":27,"gold_loss":0},{"damage_healed":0,"gold_gain":0,"player_choice":"Memory 1","damage_taken":0,"max_hp_gain":0,"max_hp_loss":0,"event_name":"SensoryStone","floor":37,"gold_loss":0},{"damage_healed":0,"gold_gain":0,"player_choice":"Fight","damage_taken":0,"max_hp_gain":0,"max_hp_loss":0,"event_name":"MindBloom","floor":39,"gold_loss":0},{"damage_healed":0,"gold_gain":0,"player_choice":"Paid","damage_taken":0,"relics_obtained":["Red Mask"],"max_hp_gain":0,"max_hp_loss":0,"event_name":"Tomb of Lord Red Mask","floor":47,"gold_loss":175}],"is_beta":true,"boss_relics":[{"not_picked":["SlaversCollar","Velvet Choker"],"picked":"Philosopher\u0027s Stone"},{"not_picked":["Black Star","SacredBark"],"picked":"Inserter"}],"items_purged_floors":[14],"is_endless":false,"potions_floor_spawned":[6,13,16,23,31,33,41,45,46,48,54],"killed_by":"The Heart","ascension_level":19}}