{"host":"h4qgcirtxz6qax9j","time":1611060634,"event":{"mods":["AchievementEnabler","BaseMod","Colored Powertips","Hermit","Minty Spire (QoL Compilation)","StSLib","SuperFastMode","The Servant 0.9.4"],"gold_per_floor":[110,110,110,127,101,101,111,111,111,186,196,216,216,216,216,216,216],"floor_reached":16,"language":"KOR","playtime":323,"items_purged":[],"score":104,"play_id":"05392076-9d7a-4c11-9cbc-40fecf136cb0","local_time":"20210119215034","is_ascension_mode":true,"campfire_choices":[{"data":"Exchange","floor":6,"key":"SMITH"},{"data":"KidneyShot","floor":8,"key":"SMITH"},{"floor":13,"key":"REST"},{"floor":15,"key":"REST"}],"circlet_count":0,"master_deck":["Strike_S","Strike_S","Strike_S","Defend_S","Defend_S","Defend_S","Defend_S","KidneyShot+1","Exchange+1","SurpressingFire","TimeWarp","Alleviate"],"relics":["Uniform","Centennial Puzzle","Girya"],"acts_visited":["Exordium"],"potions_floor_usage":[16],"damage_taken":[{"damage":0,"enemies":"2 Louse","floor":1,"turns":2},{"damage":3,"enemies":"Small Slimes","floor":4,"turns":4},{"damage":5,"enemies":"Jaw Worm","floor":7,"turns":5},{"damage":10,"enemies":"3 Louse","floor":11,"turns":5},{"damage":9,"enemies":"Looter","floor":12,"turns":3},{"damage":65,"enemies":"Hexaghost","floor":16,"turns":14}],"seed_played":"-8029333802082084164","potions_obtained":[{"floor":1,"key":"SkillPotion"}],"is_trial":false,"path_per_floor":["M","?","?","M","$","R","M","R","T","?","M","M","R","?","R","B"],"character_chosen":"THE_SERVANT","items_purchased":["Alleviate"],"campfire_rested":2,"item_purchase_floors":[5],"current_hp_per_floor":[65,65,65,62,62,62,57,57,57,46,36,27,46,46,65,0,0],"gold":216,"neow_bonus":"RANDOM_COMMON_RELIC","is_daily":false,"chose_seed":false,"campfire_upgraded":2,"win_rate":0.0,"timestamp":1611060634,"path_taken":["M","?","?","M","$","R","M","R","T","?","M","M","R","?","R","BOSS"],"items_purchased_type":["Card"],"build_version":"2020-12-22","purchased_purges":0,"victory":false,"max_hp_per_floor":[65,65,65,65,65,65,65,65,65,65,65,65,65,65,65,65,65],"card_choices":[{"not_picked":["ReturningBlade","Unruled","Rearm"],"picked":"SKIP","floor":1},{"not_picked":["Unruled","Rewind"],"picked":"TimeWarp","floor":4},{"not_picked":["Read","Gouge","FastForward"],"picked":"SKIP","floor":7},{"not_picked":["Starlight","Defy","Rearm"],"picked":"SKIP","floor":11},{"not_picked":["SurpressingFire","Read","Revamp"],"picked":"SKIP","floor":12}],"player_experience":72925,"relics_obtained":[{"floor":9,"key":"Girya"}],"event_choices":[{"damage_healed":0,"gold_gain":0,"player_choice":"Leave","damage_taken":0,"max_hp_gain":0,"max_hp_loss":0,"event_name":"The Cleric","floor":2,"gold_loss":0},{"damage_healed":0,"gold_gain":0,"cards_transformed":["Strike_S"],"player_choice":"Change","damage_taken":0,"max_hp_gain":0,"max_hp_loss":0,"event_name":"Living Wall","floor":3,"gold_loss":0,"cards_obtained":["SurpressingFire"]},{"damage_healed":0,"gold_gain":75,"player_choice":"Gather Gold","damage_taken":11,"max_hp_gain":0,"max_hp_loss":0,"event_name":"World of Goop","floor":10,"gold_loss":0},{"damage_healed":0,"gold_gain":0,"player_choice":"Fled","damage_taken":0,"max_hp_gain":0,"max_hp_loss":0,"event_name":"Scrap Ooze","floor":14,"gold_loss":0}],"is_beta":false,"boss_relics":[],"items_purged_floors":[],"is_endless":false,"potions_floor_spawned":[1],"killed_by":"Hexaghost","ascension_level":3}}