{"host":"tjjuwi3liievx0vu","time":1611080200,"event":{"mods":["BaseMod","Colored Map","Downfall","Minty Spire (QoL Compilation)","StSLib"],"gold_per_floor":[99,115,130,149,160,160,160,160,189,209,38,58,58,87,100,200,200,100,119,134,44,44,60,60,74,74,68,77,77,77,97,110,110,110,110],"floor_reached":33,"language":"ENG","playtime":2213,"items_purged":["bronze:Strike"],"score":286,"play_id":"91363d14-06f1-48d3-b2d8-d0413d88e90f","local_time":"20210119191640","is_ascension_mode":false,"campfire_choices":[{"data":"bronze:Goto","floor":1,"key":"SMITH"},{"data":"bronze:Separator","floor":8,"key":"SMITH"},{"floor":13,"key":"REST"},{"data":"bronze:Turbo","floor":18,"key":"SMITH"},{"floor":26,"key":"RECALL"},{"data":"bronze:InfiniteLoop","floor":30,"key":"SMITH"}],"circlet_count":0,"master_deck":["bronze:Strike","bronze:Strike","bronze:Defend","bronze:Defend","bronze:Defend","bronze:Defend","bronze:Replicate","bronze:Goto+1","bronze:Turbo+1","bronze:WhirlingStrike","bronze:Separator+1","bronze:Flail","bronze:DigitalCarnage","bronze:ChildClass","bronze:FollowUp","bronze:DelayedGuard","bronze:Verify","bronze:Constructor+1","bronze:CloningBeam","bronze:InfiniteLoop+1","downfall:Bewildered"],"relics":["bronze:BronzeCore","InkBottle","Matryoshka","Sling","White Beast Statue","sneckomod:SneckoTalon","downfall:HeartBlessingGreen","StoneCalendar","CeramicFish","MealTicket","sneckomod:BabySnecko","Nilry\u0027s Codex"],"acts_visited":["Exordium","TheCity"],"potions_floor_usage":[14,15,16,21,27,31],"damage_taken":[{"damage":3,"enemies":"Jaw Worm","floor":2,"turns":5},{"damage":0,"enemies":"Cultist","floor":3,"turns":3},{"damage":0,"enemies":"Small Slimes","floor":4,"turns":3},{"damage":1,"enemies":"3 Louse","floor":5,"turns":3},{"damage":27,"enemies":"3 Sentries","floor":9,"turns":4},{"damage":12,"enemies":"Blue Slaver","floor":10,"turns":2},{"damage":5,"enemies":"downfall:FleeingMerchant","floor":11,"turns":4},{"damage":0,"enemies":"Large Slime","floor":12,"turns":2},{"damage":0,"enemies":"Gremlin Nob","floor":14,"turns":2},{"damage":2,"enemies":"3 Louse","floor":15,"turns":2},{"damage":41,"enemies":"DF_ARCHETYPE_STREAMLINE","floor":16,"turns":11},{"damage":0,"enemies":"Spheric Guardian","floor":19,"turns":4},{"damage":4,"enemies":"Cultist and Chosen","floor":20,"turns":5},{"damage":0,"enemies":"downfall:FleeingMerchant","floor":21,"turns":4},{"damage":10,"enemies":"Centurion and Healer","floor":23,"turns":5},{"damage":0,"enemies":"Snake Plant","floor":25,"turns":6},{"damage":0,"enemies":"downfall:FleeingMerchant","floor":27,"turns":4},{"damage":0,"enemies":"Sentry and Sphere","floor":31,"turns":4},{"damage":8,"enemies":"Cultist and Chosen","floor":32,"turns":6},{"damage":51,"enemies":"WA_ARCHETYPE_CALM","floor":33,"turns":5}],"seed_played":"-7504988301809665241","potions_obtained":[{"floor":2,"key":"bronze:FreeFunctionsPotion"},{"floor":9,"key":"DuplicationPotion"},{"floor":10,"key":"PowerPotion"},{"floor":12,"key":"Fruit Juice"},{"floor":14,"key":"FearPotion"},{"floor":15,"key":"champ:CounterPotion"},{"floor":16,"key":"hexamod:SoulburnPotion"},{"floor":19,"key":"Energy Potion"},{"floor":21,"key":"Strength Potion"},{"floor":27,"key":"Block Potion"},{"floor":31,"key":"EssenceOfSteel"}],"is_trial":false,"path_per_floor":["R","M","M","M","M","?","T","R","E","M","$","M","R","E","M","B",null,"R","M","M","$","?","M","T","M","R","$","?","?","R","M","M","B"],"character_chosen":"THE_AUTOMATON","items_purchased":["Sling"],"campfire_rested":1,"item_purchase_floors":[11],"current_hp_per_floor":[70,67,67,67,66,66,66,66,39,27,22,22,43,48,46,5,75,75,75,71,71,71,61,61,61,61,75,75,59,59,59,51,0,0,0],"gold":110,"neow_bonus":"TRANSFORM_CARD","is_daily":false,"chose_seed":false,"campfire_upgraded":4,"win_rate":0.0,"timestamp":1611080200,"path_taken":["R","M","M","M","M","?","T","R","E","?","$","M","R","E","M","BOSS","R","M","M","$","?","M","T","M","R","$","?","?","R","M","M","BOSS"],"items_purchased_type":["Relic"],"build_version":"2020-12-22","purchased_purges":1,"victory":false,"max_hp_per_floor":[70,70,70,70,70,70,70,70,70,70,70,70,70,75,75,75,75,75,75,75,75,75,75,75,75,75,75,75,75,75,75,75,75,75,75],"card_choices":[{"not_picked":["bronze:ChildClass","bronze:GetLatest"],"picked":"bronze:WhirlingStrike","floor":2},{"not_picked":["bronze:Return","bronze:Iterate"],"picked":"bronze:Separator","floor":3},{"not_picked":["bronze:CutThrough","bronze:Frontload","bronze:Philosophize"],"picked":"SKIP","floor":4},{"not_picked":["bronze:CutThrough","bronze:Return"],"picked":"bronze:Flail","floor":5},{"not_picked":["bronze:Philosophize","bronze:Separator"],"picked":"bronze:DigitalCarnage","floor":9},{"not_picked":["bronze:DelayedGuard","bronze:GetLatest","bronze:Shield"],"picked":"SKIP","floor":10},{"not_picked":["bronze:ChosenStrike","bronze:Invalidate"],"picked":"bronze:ChildClass","floor":11},{"not_picked":["bronze:ClassDefault","bronze:Frontload","bronze:HardenedForm"],"picked":"SKIP","floor":12},{"not_picked":["bronze:WildBeam","bronze:InfiniteBeams"],"picked":"bronze:FollowUp","floor":14},{"not_picked":["bronze:Invalidate","bronze:DelayedSlice"],"picked":"bronze:DelayedGuard","floor":15},{"not_picked":["bronze:ThunderWave","bronze:Mutator"],"picked":"bronze:Verify","floor":16},{"not_picked":["bronze:ForceShield","bronze:BuggyMess"],"picked":"bronze:Constructor+1","floor":19},{"not_picked":["bronze:DelayedSlice","bronze:Overheat"],"picked":"bronze:CloningBeam","floor":20},{"not_picked":["bronze:ThunderWave","bronze:ShipIt","bronze:Separator"],"picked":"SKIP","floor":21},{"not_picked":["bronze:MaxOutput","bronze:ChosenStrike","bronze:Allocate"],"picked":"SKIP","floor":23},{"not_picked":["bronze:BitShift+1","bronze:Deprecate","bronze:InfiniteBeams"],"picked":"SKIP","floor":25},{"not_picked":["bronze:Constructor+1","bronze:WhirlingStrike"],"picked":"bronze:InfiniteLoop","floor":27},{"not_picked":["bronze:Overheat","bronze:Iterate+1","bronze:Frontload"],"picked":"SKIP","floor":31},{"not_picked":["bronze:Iterate+1","bronze:Safeguard","bronze:CleanCode"],"picked":"SKIP","floor":32}],"player_experience":832051,"relics_obtained":[{"floor":7,"key":"InkBottle"},{"floor":9,"key":"Matryoshka"},{"floor":14,"key":"White Beast Statue"},{"floor":24,"key":"CeramicFish"},{"floor":24,"key":"MealTicket"},{"floor":29,"key":"Nilry\u0027s Codex"}],"event_choices":[{"damage_healed":0,"gold_gain":0,"player_choice":"Ignored","damage_taken":0,"max_hp_gain":0,"max_hp_loss":0,"event_name":"NoteForYourself","floor":6,"gold_loss":0}],"is_beta":false,"boss_relics":[{"not_picked":["Empty Cage","Runic Dome"],"picked":"sneckomod:SneckoTalon"}],"items_purged_floors":[21],"is_endless":false,"potions_floor_spawned":[2,9,10,12,14,15,16,19,20,21,23,25,27,31,32],"killed_by":"WA_ARCHETYPE_CALM","ascension_level":0}}