{"host":"vfg9szunmpjwj08o","time":1611055995,"event":{"mods":["Act Like it!","BaseMod","Challenge The Spire","Colored Map","Colored Powertips","Conspire","Dark Map","Minty Spire (QoL Compilation)","Relic Stats","StSLib","Waifu the Spire"],"gold_per_floor":[115,115,126,136,15,41,41,58,58,68,102,102,9,25,25,129,129,144,144,154,164,164,164,8,8,8,38,49,49,49,49],"floor_reached":30,"language":"ENG","playtime":1218,"items_purged":["Strike_P"],"score":364,"play_id":"534d5b1a-8582-448d-88a0-8ee8c9c1dfd5","local_time":"20210119123315","is_ascension_mode":true,"campfire_choices":[{"data":"Eruption","floor":7,"key":"SMITH"},{"data":"Meditate","floor":12,"key":"SMITH"},{"data":"Madness","floor":15,"key":"SMITH"},{"data":"PathToVictory","floor":23,"key":"SMITH"},{"floor":29,"key":"REST"}],"circlet_count":0,"master_deck":["Strike_P","Defend_P","Defend_P","Defend_P","Defend_P","Eruption+1","Vigilance","Consecrate","CarveReality","Evaluate","TalkToTheHand","PathToVictory+1","PathToVictory","Sanctity","Meditate+1","Madness+1","EmptyBody","Establishment","LikeWater","DevaForm","LessonLearned","PathToVictory"],"relics":["HolyWater","PreservedInsect","Turnip","Frozen Egg 2","Toy Ornithopter"],"acts_visited":["Exordium","TheCity"],"potions_floor_usage":[11,27,28,28],"damage_taken":[{"damage":1,"enemies":"Small Slimes","floor":1,"turns":3},{"damage":0,"enemies":"Cultist","floor":3,"turns":2},{"damage":1,"enemies":"Jaw Worm","floor":4,"turns":3},{"damage":14,"enemies":"Gremlin Nob","floor":6,"turns":3},{"damage":3,"enemies":"Blue Slaver","floor":8,"turns":4},{"damage":0,"enemies":"2 Fungi Beasts","floor":10,"turns":2},{"damage":14,"enemies":"3 Sentries","floor":11,"turns":5},{"damage":2,"enemies":"Looter","floor":14,"turns":4},{"damage":10,"enemies":"The Guardian","floor":16,"turns":5},{"damage":13,"enemies":"Shell Parasite","floor":18,"turns":5},{"damage":0,"enemies":"Chosen","floor":20,"turns":3},{"damage":10,"enemies":"Shelled Parasite and Fungi","floor":21,"turns":4},{"damage":48,"enemies":"Slavers","floor":27,"turns":7},{"damage":10,"enemies":"conspire:HollyBat","floor":28,"turns":7},{"damage":31,"enemies":"Snake Plant","floor":30,"turns":2}],"seed_played":"9185033497620823400","potions_obtained":[{"floor":1,"key":"ColorlessPotion"},{"floor":3,"key":"Energy Potion"},{"floor":8,"key":"DuplicationPotion"},{"floor":14,"key":"SpeedPotion"},{"floor":20,"key":"StancePotion"},{"floor":21,"key":"Regen Potion"},{"floor":27,"key":"BottledMiracle"}],"is_trial":false,"path_per_floor":["M","?","M","M","$","E","R","M","T","M","E","R","$","M","R","B",null,"M","?","M","M","?","R","$","?","T","E","M","R","M"],"character_chosen":"WATCHER","items_purchased":["PathToVictory","Madness","DevaForm"],"campfire_rested":1,"item_purchase_floors":[5,13,24],"current_hp_per_floor":[64,64,64,63,63,49,49,46,46,46,32,32,32,30,30,20,59,46,46,46,36,36,36,36,36,36,3,3,24,0,0],"gold":49,"neow_bonus":"REMOVE_CARD","is_daily":false,"chose_seed":false,"campfire_upgraded":4,"win_rate":0.0,"timestamp":1611055995,"path_taken":["M","?","M","?","$","E","R","M","T","M","E","R","?","M","R","BOSS","M","?","M","M","?","R","$","?","T","E","M","R","?"],"items_purchased_type":["Card","Card","Card"],"build_version":"2020-12-22","purchased_purges":1,"victory":false,"max_hp_per_floor":[72,72,72,72,72,72,72,72,72,72,72,72,72,72,72,72,72,72,72,72,72,72,72,72,72,72,72,72,72,72,72],"relic_stats":{"counters":[15,59],"PreservedInsect":73,"Turnip":[4],"obtain_stats":[{"HolyWater":17,"PreservedInsect":6,"Turnip":11,"PureWater":0,"Frozen Egg 2":26,"Toy Ornithopter":27},{"HolyWater":9,"PreservedInsect":4,"Turnip":7,"PureWater":0,"Frozen Egg 2":12,"Toy Ornithopter":13},{"HolyWater":31,"PreservedInsect":11,"Turnip":22,"PureWater":0,"Frozen Egg 2":43,"Toy Ornithopter":50}],"Toy Ornithopter":10},"card_choices":[{"not_picked":["Conclude","WaveOfTheHand"],"picked":"Consecrate","floor":1},{"not_picked":["Protect","Consecrate"],"picked":"Evaluate","floor":3},{"not_picked":["EmptyBody","BowlingBash"],"picked":"TalkToTheHand","floor":4},{"not_picked":["Alpha","CutThroughFate"],"picked":"PathToVictory","floor":6},{"not_picked":["ThirdEye","FollowUp"],"picked":"Sanctity","floor":8},{"not_picked":["FollowUp","Tantrum","ClearTheMind"],"picked":"SKIP","floor":10},{"not_picked":["Perseverance","Evaluate"],"picked":"Meditate","floor":11},{"not_picked":["Halt","Prostrate"],"picked":"EmptyBody","floor":14},{"not_picked":["Alpha","Judgement"],"picked":"Establishment","floor":16},{"not_picked":["BattleHymn","Weave","Protect+1"],"picked":"SKIP","floor":18},{"not_picked":["Protect","CutThroughFate","CrushJoints"],"picked":"SKIP","floor":20},{"not_picked":["Evaluate","ThirdEye"],"picked":"LikeWater","floor":21},{"not_picked":["ReachHeaven+1","FollowUp"],"picked":"LessonLearned","floor":27},{"not_picked":["SignatureMove","ClearTheMind"],"picked":"PathToVictory","floor":28}],"player_experience":1076577,"relics_obtained":[{"floor":6,"key":"PreservedInsect"},{"floor":11,"key":"Turnip"},{"floor":26,"key":"Frozen Egg 2"},{"floor":27,"key":"Toy Ornithopter"}],"event_choices":[{"damage_healed":0,"gold_gain":0,"cards_transformed":["Strike_P"],"player_choice":"Transformed","damage_taken":0,"max_hp_gain":0,"max_hp_loss":0,"event_name":"Transmorgrifier","floor":2,"gold_loss":0,"cards_obtained":["CarveReality"]},{"damage_healed":0,"gold_gain":0,"player_choice":"Ignored","damage_taken":0,"max_hp_gain":0,"max_hp_loss":0,"event_name":"The Mausoleum","floor":19,"gold_loss":0},{"damage_healed":0,"gold_gain":0,"player_choice":"Leave","damage_taken":0,"max_hp_gain":0,"max_hp_loss":0,"event_name":"conspire:Investor","floor":22,"gold_loss":0}],"is_beta":false,"boss_relics":[{"not_picked":["SacredBark","Cursed Key"],"picked":"HolyWater"}],"items_purged_floors":[5],"is_endless":false,"potions_floor_spawned":[1,3,8,14,20,21,27],"killed_by":"Snake Plant","ascension_level":8}}