{"host":"5ezk7t18wcb10u1o","time":1611060424,"event":{"mods":["BaseMod","Bestiary","Colored Powertips","Minty Spire (QoL Compilation)","Relic Sorter"],"gold_per_floor":[210,223,298,298,317,317,345,355,355,367,367,387,387,401,401,504,504,524,495,348,348,348,348],"floor_reached":22,"language":"ENG","playtime":1731,"items_purged":[],"score":282,"play_id":"652c82dc-f35c-4bba-aa9a-9b1cc6605cd9","local_time":"20210119124704","is_ascension_mode":true,"campfire_choices":[{"data":"Neutralize","floor":6.0,"key":"SMITH"},{"floor":11,"key":"REST"},{"data":"Deadly Poison","floor":13,"key":"SMITH"},{"floor":15,"key":"REST"}],"circlet_count":0,"master_deck":["AscendersBane","Strike_G","Strike_G","Strike_G","Defend_G+1","Defend_G","Defend_G+1","Defend_G","Survivor","Neutralize+1","Setup","Deadly Poison","Deadly Poison+1","Slice","Die Die Die","PiercingWail","Wraith Form v2","Cloak And Dagger+1","Escape Plan+1","Footwork+1","Deadly Poison+1","Blade Dance"],"relics":["Ring of the Snake","War Paint","WingedGreaves","Blue Candle","Astrolabe","ClockworkSouvenir"],"acts_visited":["Exordium","TheCity"],"potions_floor_usage":[7,7,7,7,10,14,16],"damage_taken":[{"damage":3.0,"enemies":"Small Slimes","floor":1.0,"turns":4.0},{"damage":3.0,"enemies":"2 Louse","floor":2.0,"turns":3.0},{"damage":0.0,"enemies":"Cultist","floor":5.0,"turns":3.0},{"damage":3,"enemies":"Lagavulin","floor":7,"turns":6},{"damage":10,"enemies":"Large Slime","floor":8,"turns":8},{"damage":3,"enemies":"Gremlin Gang","floor":10,"turns":7},{"damage":1,"enemies":"3 Louse","floor":12,"turns":3},{"damage":0,"enemies":"Exordium Thugs","floor":14,"turns":4},{"damage":34,"enemies":"Slime Boss","floor":16,"turns":14},{"damage":21,"enemies":"Shell Parasite","floor":18,"turns":6},{"damage":10,"enemies":"2 Thieves","floor":19,"turns":5},{"damage":32,"enemies":"Centurion and Healer","floor":22,"turns":7}],"seed_played":"-6413744676465692469","potions_obtained":[{"floor":1.0,"key":"Poison Potion"},{"floor":2.0,"key":"EntropicBrew"},{"floor":8,"key":"Dexterity Potion"},{"floor":12,"key":"CunningPotion"},{"floor":16,"key":"SpeedPotion"}],"is_trial":false,"path_per_floor":["M","M","?","?","M","R","E","M","T","M","R","M","R","M","R","B",null,"M","M","$","?","M"],"character_chosen":"THE_SILENT","items_purchased":["ClockworkSouvenir"],"campfire_rested":2,"item_purchase_floors":[20],"current_hp_per_floor":[60,57,46,43,43,43,40,30,30,27,48,47,47,47,68,34,61,40,30,30,30,0,0],"gold":348,"neow_bonus":"HUNDRED_GOLD","is_daily":false,"chose_seed":false,"campfire_upgraded":2,"win_rate":0.0,"timestamp":1611060424,"path_taken":["M","M","?","?","M","R","E","M","T","M","R","M","R","M","R","BOSS","M","M","$","?","M"],"items_purchased_type":["Relic"],"build_version":"2020-12-22","purchased_purges":0,"victory":false,"max_hp_per_floor":[70,70,70,70,70,70,70,70,70,70,70,70,70,70,70,70,70,70,70,70,70,70,70],"card_choices":[{"not_picked":["Prepared","Concentrate"],"picked":"Setup","floor":1.0},{"not_picked":["Backflip","Bane"],"picked":"Deadly Poison","floor":2.0},{"not_picked":["Tactician","Concentrate","Outmaneuver"],"picked":"SKIP","floor":5.0},{"not_picked":["Night Terror","Bane"],"picked":"Deadly Poison","floor":7},{"not_picked":["Underhanded Strike","Choke"],"picked":"Slice","floor":8},{"not_picked":["Acrobatics","Prepared","Escape Plan"],"picked":"SKIP","floor":10},{"not_picked":["Cloak And Dagger","Dodge and Roll"],"picked":"Die Die Die","floor":12},{"not_picked":["Outmaneuver","Underhanded Strike"],"picked":"PiercingWail","floor":14},{"not_picked":["Doppelganger","Unload"],"picked":"Wraith Form v2","floor":16},{"not_picked":["Quick Slash+1","Dodge and Roll"],"picked":"Deadly Poison+1","floor":18},{"not_picked":["PiercingWail","Choke"],"picked":"Blade Dance","floor":19}],"player_experience":1147787,"relics_obtained":[{"floor":7,"key":"WingedGreaves"},{"floor":9,"key":"Blue Candle"}],"event_choices":[{"damage_healed":0.0,"max_hp_gain":0.0,"max_hp_loss":0.0,"gold_gain":75.0,"event_name":"World of Goop","player_choice":"Gather Gold","floor":3.0,"gold_loss":0.0,"damage_taken":11.0},{"damage_healed":0.0,"max_hp_gain":0.0,"max_hp_loss":0.0,"gold_gain":0.0,"event_name":"Scrap Ooze","player_choice":"Success","floor":4.0,"gold_loss":0.0,"damage_taken":3.0,"relics_obtained":["War Paint"]},{"damage_healed":0,"gold_gain":0,"player_choice":"Ignored","damage_taken":0,"max_hp_gain":0,"max_hp_loss":0,"event_name":"Cursed Tome","floor":21,"gold_loss":0}],"is_beta":false,"boss_relics":[{"not_picked":["Coffee Dripper","Pandora\u0027s Box"],"picked":"Astrolabe"}],"items_purged_floors":[],"is_endless":false,"potions_floor_spawned":[1,2,8,12,16],"killed_by":"Centurion and Healer","ascension_level":10}}