{"host":"xm0tf1maiknh0fp9","time":1611081261,"event":{"mods":["BaseMod","Colored Map","Colored Powertips","Googly Eyes","Minty Spire (QoL Compilation)","Replay The Spire","StSLib"],"gold_per_floor":[117,392,403,420,437,437,55,55,55,66,66,66],"floor_reached":11,"language":"ENG","playtime":328,"items_purged":["Regret"],"score":94,"play_id":"6020ab98-3870-425f-a5f7-bc7f61b404fa","local_time":"20210119133421","is_ascension_mode":true,"campfire_choices":[{"floor":6,"key":"REST"}],"circlet_count":0,"master_deck":["Strike_G","Strike_G","Strike_G","Defend_G","Defend_G","Defend_G","Defend_G","Defend_G","Survivor","Neutralize","Dagger Throw","Prepared","Underhanded Strike"],"relics":["Ring of the Snake","Vampiric Spirits","Prayer Wheel","Gambling Chip"],"acts_visited":["Exordium"],"potions_floor_usage":[],"damage_taken":[{"damage":8,"enemies":"Jaw Worm","floor":1,"turns":9},{"damage":1,"enemies":"Cultist","floor":3,"turns":4},{"damage":8,"enemies":"Small Slimes","floor":4,"turns":5},{"damage":4,"enemies":"Exordium Wildlife","floor":5,"turns":4},{"damage":4,"enemies":"3 Louse","floor":10,"turns":2},{"damage":36,"enemies":"Lagavulin","floor":11,"turns":6}],"seed_played":"-6869337826898746238","potions_obtained":[{"floor":4,"key":"Dexterity Potion"}],"is_trial":false,"path_per_floor":["M","?","M","M","M","R","$","?","T","M","E"],"character_chosen":"THE_SILENT","items_purchased":["Vampiric Spirits"],"campfire_rested":1,"item_purchase_floors":[7],"current_hp_per_floor":[37,37,36,28,24,45,45,20,20,22,0,0],"gold":66,"neow_bonus":"REMOVE_TWO","is_daily":false,"chose_seed":false,"campfire_upgraded":0,"win_rate":0.0,"timestamp":1611081261,"path_taken":["M","?","M","M","M","R","?","?","T","?","E"],"items_purchased_type":["Relic"],"build_version":"2020-12-22","purchased_purges":1,"victory":false,"max_hp_per_floor":[70,70,70,70,70,70,70,70,70,70,70,70],"card_choices":[{"not_picked":["Hidden Blade","Underhanded Strike"],"picked":"Dagger Throw","floor":1},{"not_picked":["Crippling Poison","Flechettes"],"picked":"Prepared","floor":3},{"not_picked":["Crippling Poison","Hidden Blade","Setup"],"picked":"SKIP","floor":4},{"not_picked":["Quick Slash","Prepared"],"picked":"Underhanded Strike","floor":5},{"not_picked":["PiercingWail","Concentrate","Escape Plan"],"picked":"SKIP","floor":10},{"not_picked":["Slice","PiercingWail","Bane"],"picked":"SKIP","floor":10}],"player_experience":142922,"relics_obtained":[{"floor":9,"key":"Gambling Chip"}],"event_choices":[{"damage_healed":0,"gold_gain":275,"player_choice":"Desecrate","damage_taken":0,"max_hp_gain":0,"max_hp_loss":0,"event_name":"Golden Shrine","floor":2,"gold_loss":0,"cards_obtained":["Regret"]},{"damage_healed":0,"gold_gain":0,"player_choice":"Success","damage_taken":25,"relics_obtained":["Prayer Wheel"],"max_hp_gain":0,"max_hp_loss":0,"event_name":"Scrap Ooze","floor":8,"gold_loss":0}],"is_beta":false,"boss_relics":[],"items_purged_floors":[7],"is_endless":false,"potions_floor_spawned":[4],"killed_by":"Lagavulin","ascension_level":9}}