{"host":"w4b7hmige5bnqipq","time":1611054096,"event":{"mods":["2.2 Compatiblity","BaseMod","Colored Map","DeckTracker","Keyboard Shortcuts","Minty Spire (QoL Compilation)","Permanent Neow","Rare Cards Sparkle","SuperFastMode","everything is the same but u backflip on backflip","slay the spire mod where everything is the same but ironclad has a cowboy hat"],"gold_per_floor":[119,119,119,136,136,161,180,105,105,119,147,147,177,194,194,194,194],"floor_reached":16,"language":"KOR","playtime":368,"items_purged":["Strike_G"],"score":290,"play_id":"9abda742-0ebc-4ef5-b2d8-88920b5f505c","local_time":"20210119200136","is_ascension_mode":true,"campfire_choices":[{"data":"Skewer","floor":12,"key":"SMITH"},{"data":"Poisoned Stab","floor":15,"key":"SMITH"}],"circlet_count":0,"master_deck":["AscendersBane","Strike_G","Strike_G","Strike_G","Defend_G","Defend_G","Defend_G","Defend_G","Defend_G","Survivor","Neutralize","PiercingWail","Skewer+1","Poisoned Stab+1","Footwork+1","Leg Sweep","Calculated Gamble"],"relics":["Ring of the Snake","NeowsBlessing","CaptainsWheel","Orichalcum","Frozen Egg 2","Strawberry","Ginger"],"acts_visited":["Exordium"],"potions_floor_usage":[11,13,16],"damage_taken":[{"damage":0,"enemies":"Jaw Worm","floor":1,"turns":1},{"damage":0,"enemies":"2 Louse","floor":4,"turns":1},{"damage":0,"enemies":"Gremlin Nob","floor":6,"turns":1},{"damage":0,"enemies":"Small Slimes","floor":7,"turns":3},{"damage":0,"enemies":"Blue Slaver","floor":10,"turns":4},{"damage":16,"enemies":"Lagavulin","floor":11,"turns":7},{"damage":8,"enemies":"Gremlin Nob","floor":13,"turns":4},{"damage":9,"enemies":"Gremlin Gang","floor":14,"turns":8},{"damage":22,"enemies":"Hexaghost","floor":16,"turns":9}],"seed_played":"-6549074510675494997","potions_obtained":[{"floor":6,"key":"Strength Potion"},{"floor":7,"key":"SteroidPotion"},{"floor":14,"key":"BlessingOfTheForge"}],"is_trial":false,"path_per_floor":["M","?","?","M","?","E","M","$","T","M","E","R","E","M","R","B"],"character_chosen":"THE_SILENT","items_purchased":[],"campfire_rested":0,"item_purchase_floors":[],"current_hp_per_floor":[59,52,57,57,46,46,46,46,46,46,37,37,29,20,20,0,0],"gold":194,"neow_bonus":"THREE_ENEMY_KILL","is_daily":false,"chose_seed":false,"campfire_upgraded":2,"win_rate":0.0,"timestamp":1611054096,"path_taken":["M","?","?","M","?","E","M","?","T","?","E","R","E","M","R","BOSS"],"items_purchased_type":[],"build_version":"2020-12-22","purchased_purges":1,"victory":false,"max_hp_per_floor":[66,66,71,71,71,71,71,71,71,71,78,78,78,78,78,78,78],"card_choices":[{"not_picked":["Dagger Spray","Setup"],"picked":"PiercingWail","floor":1},{"not_picked":["Quick Slash","Escape Plan"],"picked":"Skewer","floor":4},{"not_picked":["Outmaneuver","All Out Attack"],"picked":"Poisoned Stab","floor":6},{"not_picked":["Dash","Predator","Underhanded Strike"],"picked":"SKIP","floor":7},{"not_picked":["Flying Knee","Acrobatics"],"picked":"Footwork+1","floor":10},{"not_picked":["Leg Sweep","Blade Dance","Prepared"],"picked":"SKIP","floor":11},{"not_picked":["Blade Dance","Prepared"],"picked":"Leg Sweep","floor":11},{"not_picked":["Underhanded Strike","Finisher","Predator"],"picked":"SKIP","floor":13},{"not_picked":["Slice","PiercingWail"],"picked":"Calculated Gamble","floor":14}],"player_experience":523686,"relics_obtained":[{"floor":6,"key":"Orichalcum"},{"floor":9,"key":"Frozen Egg 2"},{"floor":11,"key":"Strawberry"},{"floor":13,"key":"Ginger"}],"event_choices":[{"cards_removed":["Strike_G"],"damage_healed":0,"gold_gain":0,"player_choice":"Card Removal","damage_taken":7,"max_hp_gain":0,"max_hp_loss":0,"event_name":"Golden Wing","floor":2,"gold_loss":0},{"damage_healed":0,"gold_gain":0,"player_choice":"Donut","damage_taken":0,"max_hp_gain":5,"max_hp_loss":0,"event_name":"Big Fish","floor":3,"gold_loss":0},{"damage_healed":0,"gold_gain":0,"player_choice":"Success","damage_taken":11,"relics_obtained":["CaptainsWheel"],"max_hp_gain":0,"max_hp_loss":0,"event_name":"Scrap Ooze","floor":5,"gold_loss":0}],"is_beta":false,"boss_relics":[],"items_purged_floors":[8],"is_endless":false,"potions_floor_spawned":[6,7,14],"killed_by":"Hexaghost","ascension_level":20}}