{"host":"exhp4inpfmbngj23","time":1611027999,"event":{"mods":["Abigail Mod","BaseMod","Beaked The Cultist","Downfall","Friendly Minions","Gremlin Mod","Kiyohime????","Minty Spire (QoL Compilation)","StSLib","The Alterego"],"gold_per_floor":[99,112,130,115,215,115,115,150,50,50,50,82,82,82,95,195,195,95,110,124,135,154,154,154,174,30,15,34,54,54,83,97,97,97,97],"floor_reached":33,"language":"ENG","playtime":2494,"items_purged":[],"score":327,"play_id":"ab0bc3d3-bfea-4051-b34d-0a06c1b8dc59","local_time":"20210118194639","is_ascension_mode":false,"campfire_choices":[{"floor":1,"key":"RECALL"},{"data":"champ:StanceDance","floor":6,"key":"SMITH"},{"floor":9,"key":"REST"},{"floor":13,"key":"REST"},{"data":"champ:FanOfKnives","floor":18,"key":"SMITH"}],"circlet_count":0,"master_deck":["champ:Strike","champ:Strike","champ:Strike","champ:Strike","champ:Defend","champ:Defend","champ:Defend","champ:Defend","champ:Execute+1","champ:Taunt","champ:StanceDance+1","champ:IronFortress","champ:PreciseThrust","champ:DefensiveShout","champ:Circumvent","champ:RapidStrikes","champ:FanOfKnives+1","champ:HoldFirm","CurseOfTheBell","champ:DancingMaster","champ:BerserkersShout","champ:SkillfulDodge","champ:Encircle","champ:StanceDance","champ:TornadoPunch","champ:BringItOn","champ:FanOfKnives","champ:GutPunch+1","champ:Haymaker+1","champ:Haymaker+1","champ:SkillfulDodge","champ:GutPunch"],"relics":["champ:ChampionCrown","CloakClasp","downfall:HeartBlessingRed","Akabeko","downfall:HeartBlessingBlue","Regal Pillow","Calling Bell","Toy Ornithopter","Mummified Hand","StoneCalendar","downfall:HeartBlessingGreen","Mercury Hourglass","Gambling Chip","MealTicket"],"acts_visited":["Exordium","TheCity"],"potions_floor_usage":[19,27,28],"damage_taken":[{"damage":19,"enemies":"Cultist","floor":2,"turns":4},{"damage":2,"enemies":"2 Louse","floor":3,"turns":2},{"damage":23,"enemies":"downfall:FleeingMerchant","floor":4,"turns":4},{"damage":68,"enemies":"downfall:FleeingMerchant","floor":5,"turns":10},{"damage":40,"enemies":"Lagavulin","floor":8,"turns":5},{"damage":6,"enemies":"3 Sentries","floor":12,"turns":7},{"damage":6,"enemies":"Small Slimes","floor":15,"turns":3},{"damage":114,"enemies":"IC_STATUS_ARCHETYPE","floor":16,"turns":15},{"damage":20,"enemies":"Spheric Guardian","floor":19,"turns":3},{"damage":0,"enemies":"3 Byrds","floor":20,"turns":2},{"damage":34,"enemies":"Snake Plant","floor":21,"turns":4},{"damage":44,"enemies":"Cultist and Chosen","floor":22,"turns":7},{"damage":9,"enemies":"Chosen and Byrds","floor":25,"turns":6},{"damage":28,"enemies":"downfall:FleeingMerchant","floor":26,"turns":4},{"damage":15,"enemies":"downfall:FleeingMerchant","floor":27,"turns":4},{"damage":0,"enemies":"3 Cultists","floor":28,"turns":3},{"damage":18,"enemies":"Snecko","floor":29,"turns":5},{"damage":0,"enemies":"Gremlin Leader","floor":31,"turns":5},{"damage":24,"enemies":"Snake Plant","floor":32,"turns":2},{"damage":31,"enemies":"DF_ARCHETYPE_CLAW","floor":33,"turns":3}],"seed_played":"-5299177735061352025","potions_obtained":[{"floor":3,"key":"sneckomod:MuddlingPotion"},{"floor":5,"key":"FearPotion"},{"floor":12,"key":"Fire Potion"},{"floor":19,"key":"hexamod:SoulburnPotion"},{"floor":21,"key":"Regen Potion"},{"floor":23,"key":"Explosive Potion"},{"floor":23,"key":"DistilledChaos"},{"floor":28,"key":"Slimebound:ThreeZeroPotion"}],"is_trial":false,"path_per_floor":["R","M","M","$","?","R","T","E","R","?","?","E","R","?","M","B",null,"R","M","M","M","M","?","T","M","$","$","M","M","T","E","M","B"],"character_chosen":"THE_CHAMP","items_purchased":["champ:TornadoPunch","champ:BringItOn","champ:FanOfKnives"],"campfire_rested":2,"item_purchase_floors":[26,26,26],"current_hp_per_floor":[99,90,88,85,67,67,67,42,84,84,84,83,109,109,108,19,109,109,109,109,90,66,66,66,57,44,49,54,41,41,41,27,0,0,0],"gold":97,"neow_bonus":"TEN_PERCENT_HP_BONUS","is_daily":false,"chose_seed":false,"campfire_upgraded":2,"win_rate":0.0,"timestamp":1611027999,"path_taken":["R","M","M","?","?","R","T","E","R","?","?","E","R","?","M","BOSS","R","M","M","M","?","?","T","?","?","$","M","?","?","E","M","BOSS"],"items_purchased_type":["Card","Card","Card"],"build_version":"2020-12-22","purchased_purges":0,"victory":false,"max_hp_per_floor":[99,99,99,99,99,99,99,99,109,109,109,109,109,109,109,109,109,109,109,109,109,109,109,109,109,109,109,109,109,109,109,109,109,109,109],"card_choices":[{"not_picked":["champ:BerserkersShout","champ:PreemptiveStrike"],"picked":"champ:StanceDance","floor":2},{"not_picked":["champ:Circumvent","champ:BringItOn"],"picked":"champ:IronFortress","floor":3},{"not_picked":["champ:GladiatorStyle","champ:EnragedBash"],"picked":"champ:PreciseThrust","floor":4},{"not_picked":["champ:Backstep","champ:GladiatorStyle"],"picked":"champ:PreciseThrust","floor":5},{"not_picked":["champ:ArenaPreparation","champ:RecklessLeap"],"picked":"champ:DefensiveShout","floor":8},{"not_picked":["champ:PreciseThrust","champ:PerfectedStrike"],"picked":"champ:Circumvent","floor":12},{"not_picked":["champ:Shatter","champ:Lariat"],"picked":"champ:FanOfKnives","floor":15},{"not_picked":["champ:StrikeOfGenius","champ:SteelEdge"],"picked":"champ:HoldFirm","floor":16},{"not_picked":["champ:Backstep","champ:EnGarde+1"],"picked":"champ:DancingMaster","floor":19},{"not_picked":["champ:CrownThrow","champ:BladeFlurry+1"],"picked":"champ:BerserkersShout","floor":20},{"not_picked":["champ:FocusedDefense","champ:Shatter","champ:CrownThrow"],"picked":"SKIP","floor":21},{"not_picked":["champ:DefensiveShout","champ:BladeFlurry+1"],"picked":"champ:SkillfulDodge","floor":22},{"not_picked":["champ:HeartStrike","champ:IgnorePain"],"picked":"champ:Encircle","floor":25},{"not_picked":["champ:FocusedDefense","champ:Circumvent+1"],"picked":"champ:StanceDance","floor":26},{"not_picked":["champ:ArenaPreparation","champ:StanceDance"],"picked":"champ:GutPunch+1","floor":27},{"not_picked":["champ:FlashCut","champ:HeavySlash"],"picked":"champ:Haymaker+1","floor":28},{"not_picked":["champ:Circumvent","champ:EndlessRage+1"],"picked":"champ:Haymaker+1","floor":29},{"not_picked":["champ:Circumvent","champ:RecklessLeap"],"picked":"champ:SkillfulDodge","floor":31},{"not_picked":["champ:EndlessRage+1","champ:Haymaker"],"picked":"champ:GutPunch","floor":32}],"player_experience":2003081,"relics_obtained":[{"floor":5,"key":"CloakClasp"},{"floor":8,"key":"Akabeko"},{"floor":12,"key":"Regal Pillow"},{"floor":17,"key":"Toy Ornithopter"},{"floor":17,"key":"Mummified Hand"},{"floor":17,"key":"StoneCalendar"},{"floor":24,"key":"Mercury Hourglass"},{"floor":30,"key":"Gambling Chip"},{"floor":31,"key":"MealTicket"}],"event_choices":[{"damage_healed":0,"gold_gain":0,"player_choice":"Grow","damage_taken":0,"max_hp_gain":0,"max_hp_loss":0,"event_name":"Living Wall","floor":10,"gold_loss":0,"cards_upgraded":["champ:Execute"]},{"damage_healed":0,"gold_gain":0,"player_choice":"Got Potions","damage_taken":0,"max_hp_gain":0,"max_hp_loss":0,"event_name":"Lab","floor":23,"gold_loss":0}],"is_beta":false,"boss_relics":[{"not_picked":["beaked:MawFillet","Sozu"],"picked":"Calling Bell"}],"items_purged_floors":[],"is_endless":false,"potions_floor_spawned":[3,5,12,19,21,22,28],"killed_by":"DF_ARCHETYPE_CLAW","ascension_level":0}}