{"host":"pi8b3ffzwvxqztac","time":1611063863,"event":{"mods":["BaseMod","Colored Map","Downfall","Minty Spire (QoL Compilation)","StSLib","The Jungle"],"gold_per_floor":[99,114,133,146,165,165,217,117,134,154,170,270,65,96,107,107,107,107],"floor_reached":16,"language":"ENG","playtime":789,"items_purged":["Regret"],"score":136,"play_id":"16ab493f-97ba-4362-bb85-e7d90350a592","local_time":"20210120024423","is_ascension_mode":true,"campfire_choices":[{"floor":1,"key":"RECALL"},{"data":"Guardian:DonusPower","floor":8,"key":"SMITH"}],"circlet_count":0,"master_deck":["Guardian:Strike_Guardian","Guardian:Strike_Guardian","Guardian:Strike_Guardian","Guardian:Strike_Guardian+1","Guardian:Defend_Guardian","Guardian:Defend_Guardian","Guardian:Defend_Guardian","Guardian:Defend_Guardian","Guardian:CurlUp","Guardian:TwinSlam","Dramatic Entrance+1","Guardian:DonusPower+1","Guardian:ChargeCore","Injury","Writhe","Guardian:Gem_Purple","Guardian:FierceBash","Guardian:BronzeOrb","Guardian:FloatingOrbs","Guardian:PiercingHide","Guardian:Suspension","Guardian:TemporalShield"],"relics":["Guardian:ModeShifter","Darkstone Periapt","Whetstone","downfall:HeartBlessingRed","Bag of Preparation"],"acts_visited":["Exordium"],"potions_floor_usage":[5,14,16,16],"damage_taken":[{"damage":0,"enemies":"2 Louse","floor":2,"turns":2},{"damage":11,"enemies":"Jaw Worm","floor":3,"turns":3},{"damage":0,"enemies":"Cultist","floor":4,"turns":5},{"damage":10,"enemies":"Exordium Thugs","floor":5,"turns":5},{"damage":0,"enemies":"3 Louse","floor":9,"turns":1},{"damage":6,"enemies":"Blue Slaver","floor":10,"turns":4},{"damage":0,"enemies":"Lots of Slimes","floor":11,"turns":1},{"damage":14,"enemies":"downfall:FleeingMerchant","floor":13,"turns":4},{"damage":18,"enemies":"Gremlin Nob","floor":14,"turns":5},{"damage":8,"enemies":"Red Slaver","floor":15,"turns":2},{"damage":52,"enemies":"SI_SHIV_ARCHETYPE","floor":16,"turns":7}],"seed_played":"8888218858695798624","potions_obtained":[{"floor":4,"key":"Block Potion"},{"floor":10,"key":"Regen Potion"},{"floor":14,"key":"Block Potion"},{"floor":15,"key":"DuplicationPotion"}],"is_trial":false,"path_per_floor":["R","M","M","M","M","?","T","R","M","M","M","?","$","E","M","B"],"character_chosen":"GUARDIAN","items_purchased":["Guardian:FloatingOrbs","Guardian:PiercingHide"],"campfire_rested":0,"item_purchase_floors":[13,13],"current_hp_per_floor":[80,80,69,69,59,77,77,77,77,71,71,71,57,53,45,0,0,0],"gold":107,"neow_bonus":"RANDOM_COLORLESS","is_daily":false,"chose_seed":false,"campfire_upgraded":1,"win_rate":0.0,"timestamp":1611063863,"path_taken":["R","M","M","M","M","?","T","R","M","M","M","?","?","E","M","BOSS"],"items_purchased_type":["Card","Card"],"build_version":"2020-12-22","purchased_purges":1,"victory":false,"max_hp_per_floor":[80,80,80,80,80,98,98,98,98,98,98,98,98,98,98,98,98,98],"card_choices":[{"not_picked":["Swift Strike","Discovery"],"picked":"Dramatic Entrance","floor":0},{"not_picked":["Guardian:SpikerProtocol","Guardian:CrystalBeam"],"picked":"Guardian:DonusPower","floor":2},{"not_picked":["Guardian:ShieldCharger","Guardian:TimeBomb","Guardian:Gem_Red"],"picked":"SKIP","floor":3},{"not_picked":["Guardian:WalkerClaw","Guardian:Recover","Guardian:GuardianWhirl"],"picked":"SKIP","floor":4},{"not_picked":["Guardian:FuturePlans","Guardian:VentSteam"],"picked":"Guardian:ChargeCore","floor":5},{"not_picked":["Guardian:TemporalStrike","Guardian:GuardianWhirl","Guardian:WalkerClaw"],"picked":"SKIP","floor":9},{"not_picked":["Guardian:ShieldCharger","Guardian:CrystalBeam"],"picked":"Guardian:Gem_Purple","floor":10},{"not_picked":["Guardian:Gem_Lightblue","Guardian:BodySlam"],"picked":"Guardian:FierceBash","floor":11},{"not_picked":["Guardian:Gem_Green","Guardian:SpikerProtocol"],"picked":"Guardian:BronzeOrb","floor":13},{"not_picked":["Guardian:Orbwalk","Guardian:ShieldCharger"],"picked":"Guardian:Suspension","floor":14},{"not_picked":["Guardian:TimeBomb","Guardian:ShieldCharger"],"picked":"Guardian:TemporalShield","floor":15}],"player_experience":539611,"relics_obtained":[{"floor":7,"key":"Whetstone"},{"floor":14,"key":"Bag of Preparation"}],"event_choices":[],"is_beta":false,"boss_relics":[],"items_purged_floors":[13],"is_endless":false,"potions_floor_spawned":[4,10,14,15],"killed_by":"SI_SHIV_ARCHETYPE","ascension_level":1}}