{"host":"dhlnk6yox2l1s6up","time":1611021781,"event":{"mods":["BaseMod","Colored Map","Highlight Path","Minty Spire (QoL Compilation)","Relic Stats","StSLib"],"gold_per_floor":[116,128,142,142,142,142,22,55,55,94,110,110,123,123,123,248,248,261,280,299,299,318,352,14,45,45,45,45,69,104,66,66,194,194,209,209,209,228,128,171,171,210,210,224,238,238,238,8,8,8,8,8,8,41,41,41],"floor_reached":55,"language":"ENG","playtime":4643,"items_purged":["Strike_G","Pain"],"score":1160,"play_id":"41fcd2f2-b995-480e-ae2b-372bf11390fa","local_time":"20210118200301","is_ascension_mode":true,"campfire_choices":[{"data":"Deadly Poison","floor":6.0,"key":"SMITH"},{"data":"Noxious Fumes","floor":15.0,"key":"SMITH"},{"floor":28.0,"key":"REST"},{"floor":32,"key":"RECALL"},{"floor":41,"key":"REST"},{"data":"Wraith Form v2","floor":47,"key":"SMITH"},{"data":"Wraith Form v2","floor":49,"key":"SMITH"},{"data":"Leg Sweep","floor":52,"key":"SMITH"}],"circlet_count":0,"master_deck":["Strike_G","Defend_G","Defend_G","Defend_G","Survivor","Neutralize","Prepared","Deadly Poison+1","Poisoned Stab","Noxious Fumes+1","Leg Sweep+1","Dagger Spray","Corpse Explosion","Catalyst+1","Escape Plan","Bouncing Flask","Deflect","Acrobatics","Master of Strategy","Finesse","Shame","Terror+1","Noxious Fumes+1","Noxious Fumes","Wraith Form v2+1","CurseOfTheBell","Dash+1","Blade Dance","Crippling Poison+1","Die Die Die","PiercingWail+1","Escape Plan","Dodge and Roll+1","Deflect+1","Wraith Form v2+1","Reflex"],"relics":["Ring of the Snake","Anchor","Golden Idol","Incense Burner","The Specimen","Bottled Tornado","Sozu","Darkstone Periapt","Regal Pillow","Kunai","Pen Nib","Calling Bell","Nunchaku","Sundial","Prayer Wheel","WarpedTongs","Paper Crane","White Beast Statue","PreservedInsect","Lee\u0027s Waffle","Eternal Feather"],"acts_visited":["Exordium","TheCity","TheBeyond","TheEnding"],"potions_floor_usage":[35,55],"damage_taken":[{"damage":0.0,"enemies":"2 Louse","floor":1.0,"turns":4.0},{"damage":1.0,"enemies":"Small Slimes","floor":2.0,"turns":4.0},{"damage":0.0,"enemies":"Cultist","floor":3.0,"turns":3.0},{"damage":19.0,"enemies":"Gremlin Nob","floor":8.0,"turns":4.0},{"damage":8.0,"enemies":"Lagavulin","floor":10.0,"turns":6.0},{"damage":8.0,"enemies":"Large Slime","floor":11.0,"turns":7.0},{"damage":4.0,"enemies":"Blue Slaver","floor":13.0,"turns":9.0},{"damage":1.0,"enemies":"Hexaghost","floor":16.0,"turns":9.0},{"damage":1.0,"enemies":"Spheric Guardian","floor":18.0,"turns":3.0},{"damage":0.0,"enemies":"Chosen","floor":19.0,"turns":3.0},{"damage":11.0,"enemies":"Sentry and Sphere","floor":20.0,"turns":4.0},{"damage":0.0,"enemies":"Centurion and Healer","floor":22.0,"turns":3.0},{"damage":9.0,"enemies":"Slavers","floor":23.0,"turns":4.0},{"damage":16.0,"enemies":"Book of Stabbing","floor":25.0,"turns":5.0},{"damage":1.0,"enemies":"3 Cultists","floor":29.0,"turns":3.0},{"damage":0.0,"enemies":"Gremlin Leader","floor":30.0,"turns":4.0},{"damage":15,"enemies":"Champ","floor":33,"turns":6},{"damage":0,"enemies":"3 Darklings","floor":35,"turns":4},{"damage":6,"enemies":"3 Shapes","floor":38,"turns":2},{"damage":36,"enemies":"Nemesis","floor":40,"turns":7},{"damage":5,"enemies":"Reptomancer","floor":42,"turns":5},{"damage":13,"enemies":"3 Darklings","floor":44,"turns":3},{"damage":25,"enemies":"Maw","floor":45,"turns":6},{"damage":21,"enemies":"Time Eater","floor":50,"turns":6},{"damage":37,"enemies":"Shield and Spear","floor":54,"turns":6},{"damage":53,"enemies":"The Heart","floor":55,"turns":6}],"seed_played":"-4027092672707998833","potions_obtained":[{"floor":1.0,"key":"ColorlessPotion"},{"floor":10.0,"key":"EssenceOfSteel"},{"floor":11.0,"key":"GhostInAJar"},{"floor":13.0,"key":"SpeedPotion"}],"is_trial":false,"path_per_floor":["M","M","M","?","?","R","$","E","T","E","M","?","M","?","R","B",null,"M","M","M","?","M","E","$","E","T","?","R","M","E","$","R","B",null,"M","?","?","M","$","E","R","E","T","M","M","?","R","$","R","B",null,"R","$","E","B"],"character_chosen":"THE_SILENT","items_purchased":["Noxious Fumes","Energy Potion","Master of Strategy","Finesse","Noxious Fumes","Lee\u0027s Waffle","Reflex"],"campfire_rested":2,"item_purchase_floors":[7,7,24,24,31,48,48],"current_hp_per_floor":[63,62,62,55,55,55,55,36,36,28,20,25,21,21,21,20,58,57,57,46,46,46,37,37,21,21,27,64,63,63,63,63,48,75,75,75,81,75,75,39,80,75,75,62,37,37,37,95,95,74,90,90,90,53,0,0],"gold":41,"neow_bonus":"RANDOM_COMMON_RELIC","is_daily":false,"chose_seed":false,"campfire_upgraded":5,"win_rate":0.0,"timestamp":1611021781,"path_taken":["M","M","M","?","?","R","$","E","T","E","M","?","M","?","R","BOSS","M","M","?","?","M","E","$","E","T","?","R","M","E","$","R","BOSS","M","?","?","M","$","E","R","E","T","?","?","?","R","$","R","BOSS","R","$","E","BOSS"],"items_purchased_type":["Card","Potion","Card","Card","Card","Relic","Card"],"build_version":"2020-12-22","purchased_purges":2,"victory":false,"max_hp_per_floor":[70,70,70,70,65,65,65,65,65,65,65,70,70,70,70,70,70,70,70,70,70,70,70,70,70,70,76,76,76,76,76,76,76,82,82,82,88,88,88,88,88,88,88,88,88,88,88,95,95,95,95,95,95,95,95,95],"relic_stats":{"Darkstone Periapt":18,"Regal Pillow":30,"Lee\u0027s Waffle":58,"counters":[26,126],"Golden Idol":175,"Eternal Feather":0,"Pen Nib":[5],"PreservedInsect":77,"WarpedTongs":[41],"Sozu":9,"Nunchaku":[5],"Sundial":[4],"Prayer Wheel":4,"Kunai":[11],"obtain_stats":[{"Darkstone Periapt":23,"Regal Pillow":25,"Lee\u0027s Waffle":48,"The Specimen":9,"Golden Idol":5,"Eternal Feather":54,"Pen Nib":30,"PreservedInsect":43,"Incense Burner":8,"Bottled Tornado":10,"Paper Crane":40,"White Beast Statue":42,"WarpedTongs":37,"Sozu":17,"Calling Bell":34,"Anchor":0,"Nunchaku":34,"Sundial":34,"Prayer Wheel":34,"Kunai":27,"Ring of the Snake":0},{"Darkstone Periapt":13,"Regal Pillow":14,"Lee\u0027s Waffle":23,"The Specimen":4,"Golden Idol":3,"Eternal Feather":25,"Pen Nib":16,"PreservedInsect":21,"Incense Burner":4,"Bottled Tornado":5,"Paper Crane":20,"White Beast Statue":21,"WarpedTongs":18,"Sozu":8,"Calling Bell":17,"Anchor":0,"Nunchaku":17,"Sundial":17,"Prayer Wheel":17,"Kunai":14,"Ring of the Snake":0},{"Darkstone Periapt":63,"Regal Pillow":68,"Lee\u0027s Waffle":108,"The Specimen":15,"Golden Idol":11,"Eternal Feather":120,"Pen Nib":75,"PreservedInsect":99,"Incense Burner":15,"Bottled Tornado":21,"Paper Crane":94,"White Beast Statue":99,"WarpedTongs":85,"Sozu":46,"Calling Bell":81,"Anchor":0,"Nunchaku":81,"Sundial":81,"Prayer Wheel":81,"Kunai":68,"Ring of the Snake":0}],"Ring of the Snake":[52]},"card_choices":[{"not_picked":["Dodge and Roll","Bane"],"picked":"Prepared","floor":1.0},{"not_picked":["Sucker Punch","Outmaneuver"],"picked":"Deadly Poison","floor":2.0},{"not_picked":["Catalyst","Tactician"],"picked":"Poisoned Stab","floor":3.0},{"not_picked":["Blade Dance","Unload"],"picked":"Leg Sweep","floor":8.0},{"not_picked":["Sucker Punch","Prepared","Night Terror"],"picked":"SKIP","floor":10.0},{"not_picked":["Choke","Flying Knee","Underhanded Strike"],"picked":"SKIP","floor":11.0},{"not_picked":["Endless Agony","Deflect"],"picked":"Dagger Spray","floor":13.0},{"not_picked":["Phantasmal Killer","Tools of the Trade"],"picked":"Corpse Explosion","floor":16.0},{"not_picked":["Masterful Stab","Predator"],"picked":"Catalyst+1","floor":18.0},{"not_picked":["Concentrate","Dagger Spray","Prepared"],"picked":"SKIP","floor":19.0},{"not_picked":["Underhanded Strike","Blade Dance"],"picked":"Escape Plan","floor":20.0},{"not_picked":["Backflip","PiercingWail"],"picked":"Acrobatics","floor":22.0},{"not_picked":["Bane","Eviscerate","Dodge and Roll"],"picked":"SKIP","floor":23.0},{"not_picked":["Setup","Flying Knee","Bane"],"picked":"SKIP","floor":25.0},{"not_picked":["Accuracy","Storm of Steel"],"picked":"Terror+1","floor":29.0},{"not_picked":["Calculated Gamble","Flying Knee"],"picked":"Noxious Fumes+1","floor":30.0},{"not_picked":["Storm of Steel","A Thousand Cuts"],"picked":"Wraith Form v2","floor":33},{"not_picked":["Setup+1","Slice"],"picked":"Dash+1","floor":35},{"not_picked":["Slice+1","Skewer+1","Quick Slash"],"picked":"SKIP","floor":35},{"not_picked":["Backflip","Acrobatics"],"picked":"Blade Dance","floor":38},{"not_picked":["Blade Dance","Prepared+1"],"picked":"Crippling Poison+1","floor":38},{"not_picked":["Setup+1","Prepared+1","PiercingWail"],"picked":"SKIP","floor":40},{"not_picked":["Dagger Spray","Poisoned Stab+1"],"picked":"Die Die Die","floor":42},{"not_picked":["Finisher+1","Setup+1"],"picked":"PiercingWail+1","floor":44},{"not_picked":["Underhanded Strike+1","Dash"],"picked":"Escape Plan","floor":44},{"not_picked":["Dagger Spray+1","Finisher+1"],"picked":"Dodge and Roll+1","floor":45},{"not_picked":["Bane+1","Bouncing Flask"],"picked":"Deflect+1","floor":45},{"not_picked":["Doppelganger","Skewer+1","Crippling Poison"],"picked":"SKIP","floor":54}],"player_experience":5873254,"relics_obtained":[{"floor":8.0,"key":"Incense Burner"},{"floor":9.0,"key":"The Specimen"},{"floor":10.0,"key":"Bottled Tornado"},{"floor":23.0,"key":"Darkstone Periapt"},{"floor":25.0,"key":"Regal Pillow"},{"floor":30.0,"key":"Pen Nib"},{"floor":34,"key":"Nunchaku"},{"floor":34,"key":"Sundial"},{"floor":34,"key":"Prayer Wheel"},{"floor":40,"key":"Paper Crane"},{"floor":42,"key":"White Beast Statue"},{"floor":43,"key":"PreservedInsect"},{"floor":54,"key":"Eternal Feather"}],"event_choices":[{"cards_removed":["Strike_G"],"damage_healed":0.0,"max_hp_gain":0.0,"max_hp_loss":0.0,"gold_gain":0.0,"event_name":"Golden Wing","player_choice":"Card Removal","floor":4.0,"gold_loss":0.0,"damage_taken":7.0},{"damage_healed":0.0,"max_hp_gain":0.0,"max_hp_loss":5.0,"gold_gain":0.0,"event_name":"Golden Idol","player_choice":"Lose Max HP","floor":5.0,"gold_loss":0.0,"damage_taken":0.0,"relics_obtained":["Golden Idol"]},{"damage_healed":0.0,"max_hp_gain":5.0,"max_hp_loss":0.0,"gold_gain":0.0,"event_name":"Big Fish","player_choice":"Donut","floor":12.0,"gold_loss":0.0,"damage_taken":0.0},{"cards_removed":["Defend_G"],"damage_healed":0.0,"max_hp_gain":0.0,"max_hp_loss":0.0,"gold_gain":0.0,"event_name":"Bonfire Elementals","player_choice":"Offered Basic","floor":14.0,"gold_loss":0.0,"damage_taken":0.0},{"damage_healed":0.0,"max_hp_gain":0.0,"max_hp_loss":0.0,"gold_gain":0.0,"cards_transformed":["Strike_G","Strike_G"],"event_name":"Drug Dealer","player_choice":"Became Test Subject","floor":21.0,"gold_loss":0.0,"damage_taken":0.0,"cards_obtained":["Bouncing Flask","Deflect"]},{"damage_healed":0.0,"max_hp_gain":0.0,"max_hp_loss":0.0,"gold_gain":0.0,"event_name":"Addict","player_choice":"Stole Relic","floor":27.0,"gold_loss":0.0,"damage_taken":0.0,"relics_obtained":["Kunai"],"cards_obtained":["Shame"]},{"cards_removed":["Defend_G"],"damage_healed":0,"gold_gain":0,"player_choice":"Removed Skill","damage_taken":0,"max_hp_gain":0,"max_hp_loss":0,"event_name":"Falling","floor":36,"gold_loss":0},{"damage_healed":0,"gold_gain":0,"player_choice":"Rummage","damage_taken":0,"relics_obtained":["WarpedTongs"],"max_hp_gain":0,"max_hp_loss":0,"event_name":"Accursed Blacksmith","floor":37,"gold_loss":0,"cards_obtained":["Pain"]},{"damage_healed":0,"gold_gain":0,"player_choice":"Copied","damage_taken":0,"max_hp_gain":0,"max_hp_loss":0,"event_name":"Duplicator","floor":46,"gold_loss":0,"cards_obtained":["Wraith Form v2"]}],"is_beta":false,"boss_relics":[{"not_picked":["Busted Crown","SlaversCollar"],"picked":"Sozu"},{"not_picked":["SacredBark","Snecko Eye"],"picked":"Calling Bell"}],"items_purged_floors":[24,39],"is_endless":false,"potions_floor_spawned":[1,10,11,13,20,22,33,38,40,42,44,45,54],"killed_by":"The Heart","ascension_level":8}}