{"host":"fxjo6tp1j0b638k6","time":1611073065,"event":{"mods":["BaseMod","Minty Spire (QoL Compilation)","Permanent Neow","Quick Restart","Relic Stats","StSLib"],"gold_per_floor":[114,130,130,143,160,160,190,265,265,265,277,277,292,292,292,394,394,413,448,448,6,6,6,36,50,77,167,167,19,35,48,48,148,148,162,175,397,397,9,24,41,56,83,83,1,1,31,31,31,31],"floor_reached":51,"language":"ENG","playtime":1637,"items_purged":[],"score":1611,"play_id":"a7088c71-e214-4133-934a-a70e555a19ea","local_time":"20210119171745","daily_mods":["Hoarder","Insanity","Cursed Run"],"is_ascension_mode":true,"campfire_choices":[{"data":"Heavy Blade","floor":6,"key":"SMITH"},{"data":"Whirlwind","floor":15,"key":"SMITH"},{"data":"Flame Barrier","floor":23,"key":"SMITH"},{"data":"Body Slam","floor":28,"key":"SMITH"},{"data":"Flame Barrier","floor":32,"key":"SMITH"},{"floor":44,"key":"REST"},{"data":"Clothesline","floor":46,"key":"SMITH"},{"data":"Havoc","floor":49,"key":"SMITH"}],"circlet_count":0,"master_deck":["Anger","Clothesline","Warcry","Clothesline","Pommel Strike","Shockwave","Flex","Iron Wave","Clothesline+1","Havoc+1","Body Slam+1","Clash","Headbutt","Shrug It Off","Cleave","Second Wind","Body Slam","Metallicize","Anger","Dropkick","Body Slam","Sword Boomerang","Uppercut","Second Wind","Infernal Blade","Intimidate","Intimidate","Wild Strike","Warcry","Whirlwind+1","Flame Barrier","Headbutt","Perfected Strike","Havoc","Pommel Strike","Seeing Red","Cleave","Cleave","Cleave","Havoc","Sever Soul","Heavy Blade+1","Headbutt","Whirlwind+1","Twin Strike","Shrug It Off","Sever Soul","Havoc","Blood for Blood","Battle Trance","Flame Barrier+1","Flame Barrier+1","Flame Barrier","Rage","Rage","Rage","Decay","Decay","Decay","Ghostly Armor","Ghostly Armor","Ghostly Armor","Cleave","Cleave","Cleave","Limit Break","Limit Break","Limit Break","Normality","Headbutt","Headbutt","Headbutt","Injury","Injury","Injury","Uppercut","Uppercut","Uppercut","Doubt","Doubt","Doubt","Fiend Fire","Fiend Fire","Fiend Fire+1","Rage","Rage","Rage","Cleave","Cleave","Cleave","Headbutt","Headbutt","Headbutt","Anger+1","Anger+1","Anger+1","Writhe","Writhe","Writhe","Exhume","Exhume","Exhume","True Grit+1","True Grit+1","True Grit+1","Reckless Charge","Reckless Charge","Reckless Charge","Parasite","Parasite","Parasite","Brutality","Brutality","Brutality","CurseOfTheBell","CurseOfTheBell","CurseOfTheBell","Shrug It Off+1","Shrug It Off+1","Shrug It Off+1","Havoc+1","Havoc+1","Havoc+1","Reckless Charge","Reckless Charge","Reckless Charge","Pommel Strike","Pommel Strike","Pommel Strike","Dark Shackles","Dark Shackles","Dark Shackles","Warcry","Warcry","Warcry","Hemokinesis","Hemokinesis","Hemokinesis","Whirlwind","Whirlwind","Whirlwind","Fire Breathing+1","Fire Breathing+1","Fire Breathing+1","Parasite","Parasite","Parasite","Power Through","Power Through","Power Through","Hemokinesis","Hemokinesis","Hemokinesis","Writhe","Writhe","Writhe"],"relics":["Cursed Key","Darkstone Periapt","Du-Vu Doll","Bag of Preparation","Letter Opener","Paper Frog","Velvet Choker","Red Mask","MutagenicStrength","OrangePellets","Lizard Tail","Bottled Flame","Anchor","Calling Bell","Blood Vial","InkBottle","Peace Pipe","Pen Nib","Red Skull","Happy Flower"],"acts_visited":["Exordium","TheCity","TheBeyond"],"potions_floor_usage":[7,7,16,16,50,50,50],"damage_taken":[{"damage":0,"enemies":"2 Louse","floor":1,"turns":1},{"damage":0,"enemies":"Cultist","floor":2,"turns":2},{"damage":0,"enemies":"Jaw Worm","floor":4,"turns":2},{"damage":0,"enemies":"Looter","floor":5,"turns":2},{"damage":0,"enemies":"3 Sentries","floor":7,"turns":2},{"damage":0,"enemies":"Blue Slaver","floor":11,"turns":1},{"damage":0,"enemies":"Large Slime","floor":13,"turns":1},{"damage":40,"enemies":"The Guardian","floor":16,"turns":4},{"damage":0,"enemies":"Shell Parasite","floor":18,"turns":1},{"damage":0,"enemies":"Masked Bandits","floor":19,"turns":1},{"damage":2,"enemies":"Slavers","floor":24,"turns":2},{"damage":0,"enemies":"Chosen","floor":25,"turns":1},{"damage":0,"enemies":"Centurion and Healer","floor":30,"turns":1},{"damage":0,"enemies":"Snecko","floor":31,"turns":1},{"damage":3,"enemies":"Champ","floor":33,"turns":2},{"damage":0,"enemies":"3 Darklings","floor":35,"turns":2},{"damage":0,"enemies":"3 Shapes","floor":36,"turns":1},{"damage":25,"enemies":"Transient","floor":40,"turns":5},{"damage":0,"enemies":"Writhing Mass","floor":41,"turns":1},{"damage":3,"enemies":"4 Shapes","floor":42,"turns":2},{"damage":0,"enemies":"Reptomancer","floor":47,"turns":2},{"damage":133,"enemies":"Time Eater","floor":50,"turns":11}],"seed_played":"57515815786305285","potions_obtained":[{"floor":4,"key":"SteroidPotion"},{"floor":5,"key":"DuplicationPotion"},{"floor":11,"key":"EntropicBrew"},{"floor":13,"key":"LiquidBronze"},{"floor":18,"key":"Explosive Potion"}],"is_trial":true,"path_per_floor":["M","M","?","M","M","R","E","?","T","?","M","T","M","?","R","B",null,"M","?","?","$","?","R","E","M","T","?","R","$","M","M","R","B",null,"M","M","?","?","$","M","M","M","T","R","$","R","E","?","R","B",null],"character_chosen":"IRONCLAD","items_purchased":["OrangePellets","Lizard Tail","Exhume","Reckless Charge","Pommel Strike","Dark Shackles","Pen Nib","Warcry","Power Through"],"campfire_rested":1,"item_purchase_floors":[21,21,29,39,39,39,39,39,45],"current_hp_per_floor":[72,72,90,90,90,90,90,79,97,97,97,115,115,115,115,93,137,137,137,137,137,137,137,135,135,153,141,141,141,141,141,141,156,198,200,202,202,202,202,179,181,180,198,224,224,224,224,224,224,109],"gold":31,"neow_bonus":"","is_daily":false,"chose_seed":true,"campfire_upgraded":7,"win_rate":0.0,"timestamp":1611073065,"path_taken":["M","M","?","?","M","R","E","?","T","?","M","?","M","?","R","BOSS","M","?","?","$","?","R","E","?","T","?","R","?","M","M","R","BOSS","M","M","?","?","$","M","M","?","T","R","?","R","E","?","R","BOSS"],"items_purchased_type":["Relic","Relic","Card","Card","Card","Card","Relic","Card","Card"],"build_version":"2020-12-22","purchased_purges":0,"victory":true,"max_hp_per_floor":[80,80,98,98,98,98,98,98,116,116,116,134,134,134,134,152,152,152,152,152,152,152,152,152,152,170,170,170,170,170,170,170,188,206,206,206,206,206,206,206,206,206,224,224,224,224,224,224,224,242],"relic_stats":{"Darkstone Periapt":162,"Happy Flower":[3],"counters":[22,48],"Pen Nib":[2],"Bag of Preparation":[34],"Letter Opener":[40],"Cursed Key":4,"Blood Vial":10,"Peace Pipe":0,"OrangePellets":[1],"Lizard Tail":0,"obtain_stats":[{"Darkstone Periapt":0,"Happy Flower":47,"Velvet Choker":17,"Pen Nib":39,"Bag of Preparation":7,"Letter Opener":9,"Cursed Key":0,"Du-Vu Doll":0,"Calling Bell":34,"Blood Vial":34,"Peace Pipe":34,"OrangePellets":21,"Lizard Tail":21,"Bottled Flame":24,"Anchor":26,"MutagenicStrength":20,"Red Mask":19,"InkBottle":34,"Red Skull":43,"Paper Frog":12},{"Darkstone Periapt":0,"Happy Flower":21,"Velvet Choker":8,"Pen Nib":17,"Bag of Preparation":5,"Letter Opener":5,"Cursed Key":0,"Du-Vu Doll":0,"Calling Bell":15,"Blood Vial":15,"Peace Pipe":15,"OrangePellets":10,"Lizard Tail":10,"Bottled Flame":11,"Anchor":12,"MutagenicStrength":10,"Red Mask":10,"InkBottle":15,"Red Skull":20,"Paper Frog":6},{"Darkstone Periapt":0,"Happy Flower":37,"Velvet Choker":15,"Pen Nib":27,"Bag of Preparation":9,"Letter Opener":9,"Cursed Key":0,"Du-Vu Doll":0,"Calling Bell":24,"Blood Vial":24,"Peace Pipe":24,"OrangePellets":17,"Lizard Tail":17,"Bottled Flame":19,"Anchor":20,"MutagenicStrength":17,"Red Mask":17,"InkBottle":24,"Red Skull":35,"Paper Frog":10}],"InkBottle":[5]},"card_choices":[{"not_picked":["Second Wind","Ghostly Armor"],"picked":"Flame Barrier","floor":1},{"not_picked":["Infernal Blade","Evolve"],"picked":"Rage","floor":2},{"not_picked":["Iron Wave","Perfected Strike"],"picked":"Ghostly Armor","floor":4},{"not_picked":["Reckless Charge","Body Slam"],"picked":"Cleave","floor":5},{"not_picked":["Clothesline","Flame Barrier"],"picked":"Limit Break","floor":7},{"not_picked":["Blood for Blood","True Grit"],"picked":"Headbutt","floor":11},{"not_picked":["Flex","True Grit"],"picked":"Uppercut","floor":13},{"not_picked":["Offering","Bludgeon"],"picked":"Fiend Fire","floor":16},{"not_picked":["Perfected Strike","Evolve"],"picked":"Rage","floor":18},{"not_picked":["Carnage","Inflame+1"],"picked":"Cleave","floor":19},{"not_picked":["Clothesline","Warcry"],"picked":"Headbutt","floor":24},{"not_picked":["Headbutt","Clash"],"picked":"Anger+1","floor":25},{"not_picked":["Twin Strike","Sentinel+1"],"picked":"True Grit+1","floor":30},{"not_picked":["Entrench","Pommel Strike"],"picked":"Reckless Charge","floor":31},{"not_picked":["Demon Form","Juggernaut"],"picked":"Brutality","floor":33},{"not_picked":["Iron Wave","Twin Strike+1"],"picked":"Shrug It Off+1","floor":35},{"not_picked":["Iron Wave","Flex"],"picked":"Havoc+1","floor":36},{"not_picked":["Clash","Thunderclap+1"],"picked":"Hemokinesis","floor":40},{"not_picked":["Dual Wield","Sentinel+1"],"picked":"Whirlwind","floor":41},{"not_picked":["Armaments","Rage"],"picked":"Fire Breathing+1","floor":42},{"not_picked":["Metallicize","Clash+1"],"picked":"Hemokinesis","floor":47}],"player_experience":173689,"relics_obtained":[{"floor":7,"key":"Bag of Preparation"},{"floor":9,"key":"Letter Opener"},{"floor":12,"key":"Paper Frog"},{"floor":19,"key":"Red Mask"},{"floor":24,"key":"Bottled Flame"},{"floor":26,"key":"Anchor"},{"floor":34,"key":"Blood Vial"},{"floor":34,"key":"InkBottle"},{"floor":34,"key":"Peace Pipe"},{"floor":43,"key":"Red Skull"},{"floor":47,"key":"Happy Flower"}],"event_choices":[{"damage_healed":0,"gold_gain":0,"player_choice":"Cursed","damage_taken":0,"max_hp_gain":0,"max_hp_loss":0,"event_name":"Wheel of Change","floor":3,"gold_loss":0,"cards_obtained":["Decay"]},{"damage_healed":0,"gold_gain":75,"player_choice":"Gather Gold","damage_taken":11,"max_hp_gain":0,"max_hp_loss":0,"event_name":"World of Goop","floor":8,"gold_loss":0},{"damage_healed":0,"gold_gain":0,"player_choice":"Grow","damage_taken":0,"max_hp_gain":0,"max_hp_loss":0,"event_name":"Living Wall","floor":10,"gold_loss":0,"cards_upgraded":["Whirlwind"]},{"cards_removed":["Normality"],"damage_healed":0,"gold_gain":0,"player_choice":"Purged","damage_taken":0,"max_hp_gain":0,"max_hp_loss":0,"event_name":"Purifier","floor":14,"gold_loss":0},{"damage_healed":0,"gold_gain":0,"player_choice":"Fought Bandits","damage_taken":0,"max_hp_gain":0,"max_hp_loss":0,"event_name":"Masked Bandits","floor":19,"gold_loss":0},{"damage_healed":0,"gold_gain":0,"player_choice":"Inject Mutagens","damage_taken":0,"relics_obtained":["MutagenicStrength"],"max_hp_gain":0,"max_hp_loss":0,"event_name":"Drug Dealer","floor":20,"gold_loss":0},{"cards_removed":["Normality"],"damage_healed":0,"gold_gain":0,"player_choice":"Purged","damage_taken":0,"max_hp_gain":0,"max_hp_loss":0,"event_name":"Purifier","floor":22,"gold_loss":0},{"damage_healed":0,"gold_gain":90,"player_choice":"GOLD ","damage_taken":12,"max_hp_gain":0,"max_hp_loss":0,"event_name":"Knowing Skull","floor":27,"potions_obtained":[],"gold_loss":0,"cards_obtained":[]},{"damage_healed":0,"gold_gain":222,"player_choice":"Wore Mask","damage_taken":0,"max_hp_gain":0,"max_hp_loss":0,"event_name":"Tomb of Lord Red Mask","floor":37,"gold_loss":0},{"damage_healed":0,"gold_gain":0,"player_choice":"Upgraded","damage_taken":0,"max_hp_gain":0,"max_hp_loss":0,"event_name":"Upgrade Shrine","floor":38,"gold_loss":0,"cards_upgraded":["Fiend Fire"]},{"damage_healed":0,"gold_gain":0,"player_choice":"Ignored","damage_taken":0,"max_hp_gain":0,"max_hp_loss":0,"event_name":"WeMeetAgain","floor":48,"gold_loss":0}],"is_beta":false,"boss_relics":[{"not_picked":["Philosopher\u0027s Stone","Mark of Pain"],"picked":"Velvet Choker"},{"not_picked":["Coffee Dripper","SacredBark"],"picked":"Calling Bell"}],"items_purged_floors":[],"is_endless":false,"potions_floor_spawned":[4,5,11,13,18,30,31,33,36,41,42],"ascension_level":6}}