{"host":"px2oznrenyeljk7o","time":1611090013,"event":{"mods":["100% Spire Juice","A Magickal Journey","AchievementEnabler","Arknights The Spire","BaseMod","Better Altar","Better Match","Better Note","Better Sensory Stone","Better Third Choice","ChefMod","Colored Map","Conspire","Curses Come First","Evolution","GifTheSpireLib","GungeonMod","Hermit","KinomotoSakuraMod(????)","Koishi","Lobotomy","LobotomyExtend","Marisa????????","Minty Spire (QoL Compilation)","Nova Terra(??·??)","Poor People Problems","Potionbrewer","Random Character Button","Rare Cards Sparkle","Reimu??????","Replay The Spire","Robot Space Explorer","Small Relic Pack","Somnambulant","Spicy Shops","StSLib","Stuff the Spire","The Administrix","The Alterego","The Blackbeard","The Blue Laboratory","The Bug Knight","The Construct","The Cursed","The Disciple","The Gatherer","The Hayseed","The Hierophant","The Jungle","The Marked","The Runesmith","TheWitcher","Yakumo Yukari mod","Yuri Mod","everything is the same but u backflip on backflip","slay the spire mod where everything is the same but ironclad has a cowboy hat","??????REMEMod"],"gold_per_floor":[17,17,27,39,4,4,4,20,20,35,35,35,58,94,94,94,94],"floor_reached":16,"language":"ENG","playtime":2003,"items_purged":[],"score":100,"play_id":"2edce0a0-84a4-49b4-8936-452d44c5890c","local_time":"20210119220013","is_ascension_mode":false,"campfire_choices":[{"data":"chefmod:NewMenu","floor":6.0,"key":"SMITH"},{"floor":15,"key":"REST"}],"circlet_count":0,"master_deck":["hermit:Strike_Hermit","hermit:Strike_Hermit","hermit:Strike_Hermit","hermit:Strike_Hermit","hermit:Defend_Hermit","hermit:Defend_Hermit","hermit:Defend_Hermit","hermit:Defend_Hermit","hermit:Snapshot","hermit:Covet","chefmod:NewMenu+1","hermit:BodyArmor","FTL+1","hermit:Grudge+1","hermit:Vantage","hermit:Dive","hermit:Quickdraw","Injury","hermit:Gestalt"],"relics":["hermit:Momento","EVO:Axolotl","REME_ComplimentaryCards","LetterFromLob","Golden Idol","Gremlin Food","DemoMod:PoisonVial"],"acts_visited":["Exordium"],"potions_floor_usage":[],"damage_taken":[{"damage":0.0,"enemies":"2 Louse","floor":1.0,"turns":3.0},{"damage":0.0,"enemies":"Jaw Worm","floor":3.0,"turns":4.0},{"damage":0.0,"enemies":"Cultist","floor":4.0,"turns":2.0},{"damage":1.0,"enemies":"Blue Slaver","floor":8.0,"turns":5.0},{"damage":4.0,"enemies":"2 Fungi Beasts","floor":10.0,"turns":4.0},{"damage":34,"enemies":"Lagavulin","floor":14,"turns":10},{"damage":83,"enemies":"Hexaghost","floor":16,"turns":14}],"seed_played":"-7558244532045804604","potions_obtained":[{"floor":3.0,"key":"hermit:BlackBile"}],"is_trial":false,"path_per_floor":["M","?","M","M","?","R","M","M","T","M","?","?","T","E","R","B"],"character_chosen":"HERMIT","items_purchased":[],"campfire_rested":1,"item_purchase_floors":[],"current_hp_per_floor":[89,84,84,84,89,89,89,88,88,84,84,84,84,50,76,0,0],"gold":94,"neow_bonus":"TWENTY_PERCENT_HP_BONUS","is_daily":false,"chose_seed":false,"campfire_upgraded":1,"win_rate":0.0,"timestamp":1611090013,"path_taken":["M","?","M","M","?","R","M","M","T","?","?","?","?","E","R","BOSS"],"items_purchased_type":[],"build_version":"2020-12-22","purchased_purges":0,"victory":false,"max_hp_per_floor":[89,89,89,89,89,89,89,89,89,89,89,89,89,89,89,89,89],"card_choices":[{"not_picked":["hermit:Quickdraw","hermit:Horror"],"picked":"hermit:BodyArmor","floor":1.0},{"not_picked":["hermit:Maintenance","hermit:Showdown"],"picked":"hermit:Grudge","floor":3.0},{"not_picked":["hermit:Deadeye","hermit:Glare"],"picked":"hermit:Vantage","floor":4.0},{"not_picked":["hermit:Showdown","hermit:Magnum"],"picked":"hermit:Dive","floor":8.0},{"not_picked":["hermit:LowProfile","hermit:WideOpen"],"picked":"hermit:Quickdraw","floor":10.0},{"not_picked":["hermit:Brawl","hermit:ItchyTrigger"],"picked":"hermit:Gestalt","floor":14}],"player_experience":486487,"relics_obtained":[{"floor":1.0,"key":"LetterFromLob"},{"floor":13,"key":"Gremlin Food"},{"floor":14,"key":"DemoMod:PoisonVial"}],"event_choices":[{"damage_healed":0.0,"max_hp_gain":0.0,"max_hp_loss":0.0,"gold_gain":1.0,"event_name":"betterThird:BetterScrap","player_choice":"Card ","floor":2.0,"gold_loss":0.0,"damage_taken":5.0,"cards_obtained":["FTL","Reboot"]},{"damage_healed":22.0,"max_hp_gain":0.0,"max_hp_loss":0.0,"gold_gain":0.0,"event_name":"The Cleric","player_choice":"Healed","floor":5.0,"gold_loss":35.0,"damage_taken":0.0},{"damage_healed":0,"gold_gain":0,"player_choice":"Take Wound","damage_taken":0,"relics_obtained":["Golden Idol"],"max_hp_gain":0,"max_hp_loss":0,"event_name":"Golden Idol","floor":11,"gold_loss":0,"cards_obtained":["Injury"]}],"is_beta":false,"boss_relics":[],"items_purged_floors":[],"is_endless":false,"potions_floor_spawned":[3,10],"killed_by":"Hexaghost","ascension_level":0}}