{"host":"emhkbx8w48tb1pjr","time":1611077338,"event":{"mods":["AchievementEnabler","BaseMod","Better Note","Colored Map","Colored Powertips","DeckTracker","Downfall","Googly Eyes","Hermit","Marisa????????","Minty Spire (QoL Compilation)","Quick Restart","Rare Cards Sparkle","StSLib","The Bug Knight","The Cursed","The Jungle","The Servant 0.9.4","everything is the same but u backflip on backflip"],"gold_per_floor":[112,122,122,122,146,189,204,227,227,227,270,270,270,286,286,415,415,429,453,453,299,323,366,366,384,410,410,410,425,135,160,160,291,291,307,307,322,248,262,300,300,333,360,376,376,376,376,401,401,401,401],"floor_reached":50,"language":"ENG","playtime":2386,"items_purged":["Strike_MRS","Defend_MRS"],"score":609,"play_id":"05b3c04a-45c1-4aeb-a299-65f91cc41060","local_time":"20210119182858","is_ascension_mode":false,"campfire_choices":[{"data":"StarBarrage","floor":12,"key":"SMITH"},{"floor":15,"key":"REST"},{"data":"JA","floor":24,"key":"SMITH"},{"data":"Apotheosis","floor":32,"key":"SMITH"},{"floor":41,"key":"REST"},{"floor":45,"key":"REST"},{"floor":47,"key":"REST"},{"data":"CasketOfStar","floor":49,"key":"SMITH"}],"circlet_count":0,"master_deck":["Strike_MRS+1","Strike_MRS","Defend_MRS+1","Defend_MRS","Defend_MRS","MasterSpark","UpSweep+1","ChargeUpSpray","OortCloud+1","MachineGunSpark+1","PropBag","StarBarrage+1","ManaConvection+1","OortCloud","JA+1","BlazeAway","MysteriousBeam+1","GalacticHalo","Apotheosis+1","LuminesStrike+1","CasketOfStar+1","UnstableBomb","StarBarrage+1","OrrerysSun","downfall:Haunted","UnstableBomb+1","Wraith","DoubleSpark+1"],"relics":["MiniHakkero","NeowsBlessing","Golden Idol","Shuriken","Lantern","ExperimentalFamiliar","Pear","Vajra","Nloth\u0027s Gift","Meat on the Bone","Cursed Key","Blood Vial","White Beast Statue","Happy Flower","Juzu Bracelet","Mummified Hand"],"acts_visited":["Exordium","TheCity","TheBeyond"],"potions_floor_usage":[16,18,23,40,40,50,50],"damage_taken":[{"damage":0,"enemies":"2 Louse","floor":1,"turns":1},{"damage":0,"enemies":"Small Slimes","floor":2,"turns":1},{"damage":0,"enemies":"Jaw Worm","floor":5,"turns":1},{"damage":3,"enemies":"Gremlin Nob","floor":6,"turns":4},{"damage":12,"enemies":"Lots of Slimes","floor":7,"turns":4},{"damage":6,"enemies":"Large Slime","floor":8,"turns":6},{"damage":9,"enemies":"3 Sentries","floor":11,"turns":6},{"damage":0,"enemies":"2 Fungi Beasts","floor":14,"turns":4},{"damage":0,"enemies":"Hexaghost","floor":16,"turns":7},{"damage":0,"enemies":"3 Byrds","floor":18,"turns":3},{"damage":0,"enemies":"Chosen","floor":19,"turns":3},{"damage":2,"enemies":"Shelled Parasite and Fungi","floor":22,"turns":2},{"damage":7,"enemies":"HollowMod:Nosk","floor":23,"turns":3},{"damage":3,"enemies":"Sentry and Sphere","floor":25,"turns":4},{"damage":2,"enemies":"Centurion and Healer","floor":29,"turns":3},{"damage":0,"enemies":"Chosen and Byrds","floor":31,"turns":4},{"damage":2,"enemies":"Champ","floor":33,"turns":7},{"damage":10,"enemies":"Orb Walker","floor":35,"turns":3},{"damage":23,"enemies":"3 Darklings","floor":37,"turns":3},{"damage":8,"enemies":"Spire Growth","floor":39,"turns":2},{"damage":5,"enemies":"Nemesis","floor":40,"turns":5},{"damage":13,"enemies":"Giant Head","floor":42,"turns":4},{"damage":16,"enemies":"Jaw Worm Horde","floor":44,"turns":3},{"damage":12,"enemies":"4 Shapes","floor":48,"turns":2},{"damage":121,"enemies":"Time Eater","floor":50,"turns":8}],"seed_played":"-4454205838357721772","potions_obtained":[{"floor":1,"key":"ShroomBrew"},{"floor":5,"key":"Swift Potion"},{"floor":11,"key":"FearPotion"},{"floor":14,"key":"Block Potion"},{"floor":16,"key":"SteroidPotion"},{"floor":19,"key":"Explosive Potion"},{"floor":23,"key":"hexamod:SoulburnPotion"},{"floor":37,"key":"Weak Potion"},{"floor":39,"key":"PowerPotion"},{"floor":42,"key":"GamblersBrew"},{"floor":44,"key":"Regen Potion"}],"is_trial":false,"path_per_floor":["M","M","?","?","M","E","M","M","T","?","E","R","?","M","R","B",null,"M","M","?","$","M","E","R","M","T","?","T","M","$","M","R","B",null,"M","?","M","$","M","E","R","E","T","M","R","?","R","M","R","B"],"character_chosen":"MARISA","items_purchased":["JA","Apotheosis","OrrerysSun"],"campfire_rested":4,"item_purchase_floors":[21,30,38],"current_hp_per_floor":[75,75,57,57,57,54,42,36,36,36,39,39,24,24,46,46,75,75,75,85,85,83,86,86,83,83,83,83,81,81,81,81,79,95,85,85,64,64,58,55,83,72,72,58,86,86,95,83,83,0,0],"gold":401,"neow_bonus":"THREE_ENEMY_KILL","is_daily":false,"chose_seed":false,"campfire_upgraded":4,"win_rate":0.0,"timestamp":1611077338,"path_taken":["M","M","?","?","M","E","?","M","T","?","E","R","?","M","R","BOSS","M","M","?","$","M","E","R","?","T","?","?","M","$","M","R","BOSS","M","?","?","$","M","E","R","E","T","M","R","?","R","M","R","BOSS"],"items_purchased_type":["Card","Card","Card"],"build_version":"2020-12-22","purchased_purges":2,"victory":false,"max_hp_per_floor":[75,75,75,75,75,75,75,75,75,75,75,75,75,75,75,75,75,75,75,85,85,85,95,95,95,95,95,95,95,95,95,95,95,95,95,95,95,95,95,95,95,95,95,95,95,95,95,95,95,95,95],"card_choices":[{"not_picked":["NonDirectionalLaser","Robbery"],"picked":"ChargeUpSpray","floor":1},{"not_picked":["MilkyWay","DoubleSpark"],"picked":"OortCloud","floor":2},{"not_picked":["ShootingEcho","ShootTheMoon","GravityBeat"],"picked":"SKIP","floor":5},{"not_picked":["StarlightTyphoon","GravityBeat"],"picked":"MachineGunSpark","floor":6},{"not_picked":["NonDirectionalLaser","ShootingEcho"],"picked":"PropBag","floor":7},{"not_picked":["EnergyRecoil","Acceleration"],"picked":"StarBarrage","floor":8},{"not_picked":["GasGiant","NonDirectionalLaser","WitchLeyline"],"picked":"SKIP","floor":11},{"not_picked":["Acceleration","AsteroidBelt","WitchOfGreed"],"picked":"SKIP","floor":14},{"not_picked":["SatelliteIllusion","BlazingStar"],"picked":"BinaryStars","floor":16},{"not_picked":["GravityBeat","DragonMeteor+1"],"picked":"ManaConvection+1","floor":18},{"not_picked":["PowerUp","DC+1"],"picked":"OortCloud","floor":19},{"not_picked":["AsteroidBelt","SprinkleStarSeal","EarthLightRay"],"picked":"SKIP","floor":22},{"not_picked":["ShootTheMoon","MeteoricShower+1"],"picked":"BlazeAway","floor":23},{"not_picked":["ChargeUpSpray","LuminesStrike+1"],"picked":"MysteriousBeam+1","floor":25},{"not_picked":["ChargeUpSpray","MilkyWay"],"picked":"GalacticHalo","floor":29},{"not_picked":["ManaConvection+1","WitchOfGreed"],"picked":"LuminesStrike+1","floor":31},{"not_picked":["StarDustReverie","UltimateShortwave"],"picked":"CasketOfStar","floor":33},{"not_picked":["LuminesStrike","DoubleSpark"],"picked":"UnstableBomb","floor":35},{"not_picked":["MachineGunSpark+1","SporeBomb+1"],"picked":"StarBarrage+1","floor":37},{"not_picked":["LuminesStrike","EventHorizon","StarBarrage"],"picked":"SKIP","floor":39},{"not_picked":["NonDirectionalLaser+1","Orbital+1","DarkMatter+1"],"picked":"SKIP","floor":40},{"not_picked":["BlazeAway","OpenUniverse+1","DC+1"],"picked":"SKIP","floor":42},{"not_picked":["FairyDestructionRay","ShootTheMoon+1"],"picked":"UnstableBomb+1","floor":44},{"not_picked":["MilkyWay","WitchOfGreed"],"picked":"DoubleSpark+1","floor":48}],"player_experience":39259,"relics_obtained":[{"floor":6,"key":"Shuriken"},{"floor":9,"key":"Lantern"},{"floor":11,"key":"Whetstone"},{"floor":23,"key":"Pear"},{"floor":26,"key":"Vajra"},{"floor":28,"key":"Meat on the Bone"},{"floor":40,"key":"White Beast Statue"},{"floor":42,"key":"Happy Flower"},{"floor":43,"key":"Juzu Bracelet"}],"event_choices":[{"damage_healed":0,"gold_gain":0,"player_choice":"Take Damage","damage_taken":18,"relics_obtained":["Golden Idol"],"max_hp_gain":0,"max_hp_loss":0,"event_name":"Golden Idol","floor":3,"gold_loss":0},{"cards_removed":["Strike_MRS"],"damage_healed":0,"gold_gain":0,"player_choice":"Purged","damage_taken":0,"max_hp_gain":0,"max_hp_loss":0,"event_name":"Purifier","floor":4,"gold_loss":0},{"damage_healed":0,"gold_gain":0,"player_choice":"Grow","damage_taken":0,"max_hp_gain":0,"max_hp_loss":0,"event_name":"Living Wall","floor":10,"gold_loss":0,"cards_upgraded":["OortCloud"]},{"damage_healed":0,"gold_gain":0,"player_choice":"Entered Light","damage_taken":15,"max_hp_gain":0,"max_hp_loss":0,"event_name":"Shining Light","floor":13,"gold_loss":0,"cards_upgraded":["MachineGunSpark","Defend_MRS"]},{"cards_removed":["BinaryStars"],"damage_healed":0,"gold_gain":0,"player_choice":"Offered Rare","damage_taken":0,"max_hp_gain":10,"max_hp_loss":0,"event_name":"Bonfire Elementals","floor":20,"gold_loss":0},{"damage_healed":0,"gold_gain":0,"player_choice":"Traded Relic","damage_taken":0,"relics_obtained":["Nloth\u0027s Gift"],"max_hp_gain":0,"max_hp_loss":0,"event_name":"N\u0027loth","floor":27,"relics_lost":["Whetstone"],"gold_loss":0},{"damage_healed":0,"gold_gain":0,"player_choice":"Gave Potion","damage_taken":0,"relics_obtained":["Blood Vial"],"max_hp_gain":0,"max_hp_loss":0,"event_name":"WeMeetAgain","floor":36,"gold_loss":0},{"damage_healed":0,"gold_gain":0,"player_choice":"Ignored","damage_taken":0,"max_hp_gain":0,"max_hp_loss":0,"event_name":"OrinTheCat","floor":46,"gold_loss":0}],"is_beta":false,"boss_relics":[{"not_picked":["Sozu","Snecko Eye"],"picked":"ExperimentalFamiliar"},{"not_picked":["Velvet Choker","SacredBark"],"picked":"Cursed Key"}],"items_purged_floors":[21,30],"is_endless":false,"potions_floor_spawned":[1,5,11,14,16,19,22,23,33,37,39,42,44,48],"killed_by":"Time Eater","ascension_level":0}}