{"host":"i2ir6b55gxkcwpt4","time":1611070210,"event":{"mods":["BaseMod","Colored Map","Colored Powertips","Luminous","Minty Spire (QoL Compilation)","StSLib"],"gold_per_floor":[119,79,99,174,193,193,193,226,226,243,273,273,308,320,320,420,420,430,440,440,440,460,491,491,34,34,54,389,406,420,445,457,569,631,657,686,698,729,751,777,20,38,38,38,38,55,82,93,93,93,93],"floor_reached":50,"language":"ZHS","playtime":4501,"items_purged":[],"score":708,"play_id":"beae5296-113b-458c-8c45-7e44f1127918","local_time":"20210119233010","is_ascension_mode":false,"campfire_choices":[{"data":"Luminous:Light_Spectral_Light","floor":6.0,"key":"SMITH"},{"floor":15.0,"key":"REST"},{"floor":24.0,"key":"REST"},{"data":"Apotheosis","floor":32.0,"key":"SMITH"},{"floor":49,"key":"REST"}],"circlet_count":0,"master_deck":["Luminous:Light_Flash_Shower+1","Luminous:Light_Flash_Shower+1","Luminous:Light_Flash_Shower","Luminous:Dark_Abyssal_Drop+1","Luminous:Dark_Abyssal_Drop","Luminous:Defend_Luminous","Luminous:Defend_Luminous","Luminous:Defend_Luminous","Luminous:Defend_Luminous","Luminous:Switch_Luminous","Luminous:Concentrate_Luminous","Luminous:Light_Spectral_Light+1","Luminous:Hero_Will_Luminous","Luminous:Photic_Meditation_Luminous","Luminous:Mana_Well_Luminous","Luminous:Equalize_Luminous+1","Luminous:Date_of_Light_Luminous","Luminous:Magic_Guard_Luminous","Luminous:Dark_Crescendo_Luminous","CurseOfTheBell","Luminous:Light_Disperse+1","Luminous:Light_Ray_of_Redemption","Luminous:Dark_Dim_Erosion","Luminous:Dark_Morning_Star","Apotheosis+1","Luminous:Chaos_Field_Luminous","Luminous:Dusk_Guard_Luminous+1","Luminous:Darkness_Mastery_Luminous+1","Luminous:Accumulation_Luminous+1","Luminous:Dark_Raid+1","Luminous:Mirror_Force_Luminous","Luminous:Balance_Ender","Luminous:Light_Sylvan_Lance+1","Luminous:Blinding_Pillar_Luminous+1","Luminous:Dark_Moonlight_Spear+1","Luminous:Darks_Surge_Luminous+1","Luminous:Accumulation_Luminous","Luminous:Light_Sylvan_Lance+1","Mind Blast+1","Madness","Enlightenment","Luminous:Lunar_Tide_Luminous+1","Luminous:Ethereal_Form_Luminous","Luminous:Darks_Surge_Luminous+1"],"relics":["Luminous:MirrorRelic","NeowsBlessing","Mercury Hourglass","Centennial Puzzle","The Courier","Whetstone","Calling Bell","Nunchaku","Ornamental Fan","Torii","Darkstone Periapt","Bottled Lightning","Lantern","Bag of Preparation","Old Coin","MawBank","Tiny House","MealTicket","Gremlin Horn","Vajra","Strawberry","Molten Egg 2","Juzu Bracelet","Pear","Girya"],"acts_visited":["Exordium","TheCity","TheBeyond"],"potions_floor_usage":[47,47,47,50],"damage_taken":[{"damage":0.0,"enemies":"Small Slimes","floor":1.0,"turns":1.0},{"damage":0.0,"enemies":"Cultist","floor":3.0,"turns":1.0},{"damage":0.0,"enemies":"2 Louse","floor":5.0,"turns":1.0},{"damage":4.0,"enemies":"3 Sentries","floor":8.0,"turns":2.0},{"damage":8.0,"enemies":"Lots of Slimes","floor":10.0,"turns":2.0},{"damage":19.0,"enemies":"Lagavulin","floor":11.0,"turns":5.0},{"damage":10.0,"enemies":"Gremlin Nob","floor":13.0,"turns":3.0},{"damage":5.0,"enemies":"Exordium Wildlife","floor":14.0,"turns":2.0},{"damage":30.0,"enemies":"Slime Boss","floor":16.0,"turns":5.0},{"damage":11.0,"enemies":"2 Thieves","floor":18.0,"turns":2.0},{"damage":25.0,"enemies":"Shell Parasite","floor":19.0,"turns":4.0},{"damage":27.0,"enemies":"Sentry and Sphere","floor":22.0,"turns":4.0},{"damage":34.0,"enemies":"Book of Stabbing","floor":23.0,"turns":6.0},{"damage":7.0,"enemies":"Centurion and Healer","floor":27.0,"turns":4.0},{"damage":19.0,"enemies":"Slavers","floor":28.0,"turns":4.0},{"damage":16.0,"enemies":"Snake Plant","floor":29.0,"turns":4.0},{"damage":3.0,"enemies":"3 Cultists","floor":30.0,"turns":5.0},{"damage":0.0,"enemies":"Gremlin Leader","floor":31.0,"turns":5.0},{"damage":32.0,"enemies":"Automaton","floor":33.0,"turns":9.0},{"damage":4.0,"enemies":"3 Darklings","floor":35.0,"turns":3.0},{"damage":1.0,"enemies":"Orb Walker","floor":36.0,"turns":4.0},{"damage":9.0,"enemies":"4 Shapes","floor":38.0,"turns":3.0},{"damage":1.0,"enemies":"Spire Growth","floor":39.0,"turns":4.0},{"damage":14.0,"enemies":"Jaw Worm Horde","floor":40.0,"turns":2.0},{"damage":1.0,"enemies":"Sphere and 2 Shapes","floor":42.0,"turns":3.0},{"damage":26,"enemies":"3 Darklings","floor":46,"turns":3},{"damage":35,"enemies":"Nemesis","floor":47,"turns":5},{"damage":22,"enemies":"Transient","floor":48,"turns":5},{"damage":72,"enemies":"Awakened One","floor":50,"turns":4}],"seed_played":"-1817467271840088058","potions_obtained":[{"floor":2.0,"key":"BlessingOfTheForge"},{"floor":2.0,"key":"FearPotion"},{"floor":2.0,"key":"Fire Potion"},{"floor":3.0,"key":"SkillPotion"},{"floor":8.0,"key":"SkillPotion"},{"floor":11.0,"key":"AttackPotion"},{"floor":19.0,"key":"ColorlessPotion"},{"floor":23.0,"key":"SkillPotion"},{"floor":28.0,"key":"Swift Potion"},{"floor":31.0,"key":"PowerPotion"},{"floor":33.0,"key":"SkillPotion"},{"floor":34.0,"key":"SkillPotion"},{"floor":35.0,"key":"GamblersBrew"},{"floor":36.0,"key":"Explosive Potion"},{"floor":42.0,"key":"Dexterity Potion"},{"floor":46,"key":"FearPotion"},{"floor":48,"key":"Ancient Potion"}],"is_trial":false,"path_per_floor":["M","?","M","?","M","R","?","E","T","M","E","?","E","M","R","B",null,"M","M","?","?","M","E","R","$","T","M","E","M","M","E","R","B",null,"M","M","?","M","M","M","$","M","T","$","?","M","E","M","R","B"],"character_chosen":"LuminousClass","items_purchased":["Apotheosis","Bottled Lightning","Lantern","Gremlin Horn","Vajra","Strawberry","Molten Egg 2","Juzu Bracelet"],"campfire_rested":3,"item_purchase_floors":[25,25,25,41,41,41,41,41],"current_hp_per_floor":[75,75,75,64,64,64,57,53,53,48,38,38,33,28,50,25,75,64,45,45,75,51,27,49,49,49,51,37,31,40,55,55,29,80,76,79,79,75,79,65,87,87,97,97,87,68,39,29,58,0,0],"gold":93,"neow_bonus":"THREE_ENEMY_KILL","is_daily":false,"chose_seed":false,"campfire_upgraded":2,"win_rate":0.0,"timestamp":1611070210,"path_taken":["M","?","?","?","M","R","?","E","T","M","E","?","E","M","R","BOSS","M","?","?","?","M","E","R","$","T","M","E","M","?","E","R","BOSS","M","M","?","?","M","M","$","M","T","?","?","M","E","M","R","BOSS"],"items_purchased_type":["Card","Relic","Relic","Relic","Relic","Relic","Relic","Relic"],"build_version":"2020-12-22","purchased_purges":0,"victory":false,"max_hp_per_floor":[75,75,75,75,75,75,75,75,75,75,75,75,75,75,75,75,75,75,75,75,75,75,75,75,75,75,75,75,75,75,75,75,75,80,80,80,80,80,80,80,87,87,97,97,97,97,97,97,97,97,97],"card_choices":[{"not_picked":["Luminous:Light_Wash_Luminous","Luminous:Light_Disperse"],"picked":"Luminous:Concentrate_Luminous","floor":1.0},{"not_picked":["Luminous:Light_Sylvan_Lance","Luminous:Fast_Spell_Luminous"],"picked":"Luminous:Light_Spectral_Light","floor":3.0},{"not_picked":["Luminous:Tune_Luminous","Luminous:Light_Track"],"picked":"Luminous:Hero_Will_Luminous","floor":5.0},{"not_picked":["Luminous:Hero_Will_Luminous","Luminous:Magic_Accelerate_Luminous"],"picked":"Luminous:Photic_Meditation_Luminous","floor":8.0},{"not_picked":["Luminous:Light_Wash_Luminous","Luminous:Light_Gather"],"picked":"Luminous:Mana_Well_Luminous","floor":10.0},{"not_picked":["Luminous:Accumulation_Luminous","Luminous:Balance_Ender"],"picked":"Luminous:Equalize_Luminous","floor":11.0},{"not_picked":["Luminous:Light_Wash_Luminous","Luminous:Fast_Spell_Luminous"],"picked":"Luminous:Date_of_Light_Luminous","floor":13.0},{"not_picked":["Luminous:Light_Disperse","Luminous:Balance_Death_Scythe"],"picked":"Luminous:Magic_Guard_Luminous","floor":14.0},{"not_picked":["Luminous:Ethereal_Form_Luminous","Luminous:Equalize_Luminous"],"picked":"Luminous:Dark_Crescendo_Luminous","floor":16.0},{"not_picked":["Luminous:Light_Glare","Luminous:Dark_Pressure_Void"],"picked":"Luminous:Light_Disperse+1","floor":18.0},{"not_picked":["Luminous:Light_Gather","Luminous:Concentrate_Luminous"],"picked":"Luminous:Light_Ray_of_Redemption","floor":19.0},{"not_picked":["Luminous:Light_Sylvan_Lance","Luminous:Concentrate_Luminous"],"picked":"Luminous:Dark_Dim_Erosion","floor":22.0},{"not_picked":["Luminous:Concentrate_Luminous","Luminous:Light_Disperse"],"picked":"Luminous:Dark_Morning_Star","floor":23.0},{"not_picked":["Luminous:Light_Sylvan_Lance","Luminous:Magic_Guard_Luminous"],"picked":"Luminous:Chaos_Field_Luminous","floor":27.0},{"not_picked":["Luminous:Magic_Guard_Luminous","Luminous:Dark_Moonlight_Spear"],"picked":"Luminous:Dusk_Guard_Luminous+1","floor":28.0},{"not_picked":["Luminous:Phantom_Treasure_Luminous","Luminous:Blinding_Pillar_Luminous"],"picked":"Luminous:Darkness_Mastery_Luminous+1","floor":29.0},{"not_picked":["Luminous:Light_Gather","Luminous:Concentrate_Luminous"],"picked":"Luminous:Accumulation_Luminous+1","floor":30.0},{"not_picked":["Luminous:Light_Sylvan_Lance","Luminous:Flash_Blink_Luminous"],"picked":"Luminous:Dark_Raid+1","floor":31.0},{"not_picked":["Luminous:Balance_Baptism","Luminous:Erosion_Luminous"],"picked":"Luminous:Mirror_Force_Luminous","floor":33.0},{"not_picked":["Luminous:Balance_Death_Scythe","Luminous:Dark_Dim_Erosion"],"picked":"Luminous:Balance_Ender","floor":34.0},{"not_picked":["Luminous:Blinding_Pillar_Luminous","Luminous:Dark_Pressure_Void"],"picked":"Luminous:Light_Sylvan_Lance+1","floor":35.0},{"not_picked":["Luminous:Dark_Raid+1","Luminous:Balance_Ender+1"],"picked":"Luminous:Blinding_Pillar_Luminous+1","floor":36.0},{"not_picked":["Luminous:Light_Disperse+1","Luminous:Light_Reflection"],"picked":"Luminous:Dark_Moonlight_Spear+1","floor":38.0},{"not_picked":["Luminous:Mana_Well_Luminous","Luminous:Concentrate_Luminous"],"picked":"Luminous:Darks_Surge_Luminous+1","floor":39.0},{"not_picked":["Luminous:Blinding_Pillar_Luminous","Luminous:Dark_Dim_Erosion+1"],"picked":"Luminous:Accumulation_Luminous","floor":40.0},{"not_picked":["Luminous:Blinding_Pillar_Luminous+1","Luminous:Light_Disperse+1"],"picked":"Luminous:Light_Sylvan_Lance+1","floor":42.0},{"not_picked":["Finesse","Deep Breath"],"picked":"Mind Blast+1","floor":45},{"not_picked":["Blind","PanicButton"],"picked":"Madness","floor":45},{"not_picked":["PanicButton","Mind Blast+1"],"picked":"Enlightenment","floor":45},{"not_picked":["Luminous:Light_Track+1","Luminous:Darks_Surge_Luminous"],"picked":"Luminous:Lunar_Tide_Luminous+1","floor":46},{"not_picked":["Luminous:Dark_Pressure_Void+1","Luminous:Light_Gather+1"],"picked":"Luminous:Ethereal_Form_Luminous","floor":47},{"not_picked":["Luminous:Reverse_Spell_Luminous","Luminous:Light_Wash_Luminous"],"picked":"Luminous:Darks_Surge_Luminous+1","floor":48}],"player_experience":62052,"relics_obtained":[{"floor":8.0,"key":"Mercury Hourglass"},{"floor":9.0,"key":"Centennial Puzzle"},{"floor":11.0,"key":"The Courier"},{"floor":13.0,"key":"Whetstone"},{"floor":17.0,"key":"Nunchaku"},{"floor":17.0,"key":"Ornamental Fan"},{"floor":17.0,"key":"Torii"},{"floor":23.0,"key":"Darkstone Periapt"},{"floor":26.0,"key":"Bag of Preparation"},{"floor":28.0,"key":"Old Coin"},{"floor":31.0,"key":"MawBank"},{"floor":43,"key":"Pear"},{"floor":47,"key":"Girya"}],"event_choices":[{"damage_healed":0.0,"max_hp_gain":0.0,"max_hp_loss":0.0,"gold_gain":0.0,"event_name":"The Woman in Blue","player_choice":"Bought 3 Potions","floor":2.0,"gold_loss":0.0,"damage_taken":0.0},{"damage_healed":0.0,"max_hp_gain":0.0,"max_hp_loss":0.0,"gold_gain":75.0,"event_name":"World of Goop","player_choice":"Gather Gold","floor":4.0,"gold_loss":0.0,"damage_taken":11.0},{"cards_removed":["Luminous:Dark_Abyssal_Drop"],"damage_healed":0.0,"max_hp_gain":0.0,"max_hp_loss":0.0,"gold_gain":0.0,"event_name":"Golden Wing","player_choice":"Card Removal","floor":7.0,"gold_loss":0.0,"damage_taken":7.0},{"damage_healed":0.0,"max_hp_gain":0.0,"max_hp_loss":0.0,"gold_gain":0.0,"event_name":"Upgrade Shrine","player_choice":"Upgraded","floor":12.0,"gold_loss":0.0,"damage_taken":0.0,"cards_upgraded":["Luminous:Equalize_Luminous"]},{"damage_healed":0.0,"max_hp_gain":0.0,"max_hp_loss":0.0,"gold_gain":0.0,"event_name":"Vampires","player_choice":"Ignored","floor":20.0,"gold_loss":0.0,"damage_taken":0.0},{"damage_healed":30.0,"max_hp_gain":0.0,"max_hp_loss":0.0,"gold_gain":0.0,"event_name":"Wheel of Change","player_choice":"Full Heal","floor":21.0,"gold_loss":0.0,"damage_taken":0.0},{"damage_healed":0.0,"max_hp_gain":0.0,"max_hp_loss":0.0,"gold_gain":0.0,"event_name":"WeMeetAgain","player_choice":"Gave Potion","floor":37.0,"gold_loss":0.0,"damage_taken":0.0,"relics_obtained":["MealTicket"]},{"damage_healed":0,"gold_gain":0,"player_choice":"Memory 3","damage_taken":10,"max_hp_gain":0,"max_hp_loss":0,"event_name":"SensoryStone","floor":45,"gold_loss":0}],"is_beta":false,"boss_relics":[{"not_picked":["Empty Cage","Pandora\u0027s Box"],"picked":"Calling Bell"},{"not_picked":["Runic Pyramid","Sozu"],"picked":"Tiny House"}],"items_purged_floors":[],"is_endless":false,"potions_floor_spawned":[3,5,8,11,19,23,28,31,33,35,36,42,46,48],"killed_by":"Awakened One","ascension_level":0}}