{"host":"7xu95vgv3ii4fnvo","time":1611030006,"event":{"mods":["BaseMod","Challenge The Spire","Colored Powertips","Dota2Spire","Downfall","Minty Spire (QoL Compilation)","MostiFishMod","Quick Restart","Relic Stats","Spicy Shops","StSLib","¡¾ÒÅÎï¿¨ÅÆ¡¿REMEMod"],"gold_per_floor":[114,289,289,304,319,319,334,334,359,389,404,419,449,464,464,564,564,579,594,347,362,362,392,422,422,447,462,492,20,20,50,50,150,150,165,180,195,210,225,255,270,300,325,340,340,370,120,120,120,120],"floor_reached":51,"language":"ZHS","playtime":10449,"items_purged":["Injury"],"score":1131,"play_id":"455e4bc7-f4a6-4a04-8da9-bfd2492b9a30","local_time":"20210119122005","daily_mods":["SealedDeck","ControlledChaos","Lethality"],"is_ascension_mode":false,"campfire_choices":[{"data":"hexamod:FlameSwitch","floor":6,"key":"SMITH"},{"data":"hexamod:SoulSteal","floor":8,"key":"SMITH"},{"floor":15,"key":"REST"},{"data":"expansioncontent:LastStand","floor":25,"key":"SMITH"},{"data":"hexamod:Rewind","floor":30,"key":"SMITH"},{"data":"MostiFishMod:NightSea","floor":32,"key":"SMITH"},{"data":"hexamod:SearingWound","floor":45,"key":"SMITH"},{"data":"hexamod:ApocalypseNow","floor":49,"key":"SMITH"}],"circlet_count":0,"master_deck":["expansioncontent:LastStand+1","hexamod:SuperheatedStrike","hexamod:BacktrackSmack","hexamod:ThermalTransfer","hexamod:GhostShield","hexamod:RecurringNightmare","hexamod:ThermalTransfer","hexamod:FlamesFromBeyond","hexamod:BurningTouch","hexamod:Firestarter","hexamod:Firestarter","hexamod:HauntingEcho","hexamod:Again","hexamod:FlameSwitch+1","hexamod:SoulSteal+1","hexamod:GiftsFromTheDead","hexamod:ChargedBarrage","hexamod:FirstSeal","hexamod:PowerFromBeyond","hexamod:SpectersWail","hexamod:GhostLash","hexamod:ApocalypseNow+1","MostiFishMod:Neptune","MostiFishMod:TheEndOfMoonlight","MostiFishMod:SparklingWater","MostiFishMod:FantasySummer","MostiFishMod:NightSea+1","hexamod:BurningTouch+1","hexamod:Hexaguard","MostiFishMod:ButterFly","hexamod:Firestarter","hexamod:PowerFromBeyond","hexamod:PhantomFireball","hexamod:SearingWound+1","hexamod:PowerFromBeyond","hexamod:EmpoweredFlame","hexamod:Rewind+1","hexamod:ForkedFlame+1","hexamod:WildfireWeapon+1","hexamod:StepThrough+1","hexamod:RadiantFlame","hexamod:VolcanoVisage+1","hexamod:SuperheatedStrike+1","hexamod:EmpoweredFlame+1","hexamod:AdvancingGuard+1","hexamod:GhostShield+1","hexamod:HexaLevel+1","Parasite","hexamod:CatchUp+1","hexamod:SearingWound+1"],"relics":["hexamod:SpiritBrand","Frozen Eye","DaveBox","REME_ComplimentaryCards","BirthdayGift-Tetrahedron","SynthV:TestCard","Dota2Spire:BladeMail","Dream Catcher","Akabeko","MoonlightInvasionPlan","REME_CardOfGreed","Dota2Spire:AghanimScepter","WingedGreaves","Dota2Spire:Desolator","MealTicket","Pantograph","Dota2Spire:MonkeyKingBar","BrkXgEgg","Letter Opener","ShadowXiaoBlade","Lantern","Bag of Preparation","Orichalcum","Potion Belt","hexamod:InflammatoryLetter"],"acts_visited":["Exordium","TheCity","TheBeyond"],"potions_floor_usage":[39],"damage_taken":[{"damage":0,"enemies":"Small Slimes","floor":1,"turns":1},{"damage":0,"enemies":"Jaw Worm","floor":4,"turns":1},{"damage":0,"enemies":"2 Louse","floor":5,"turns":1},{"damage":2,"enemies":"2 Fungi Beasts","floor":7,"turns":2},{"damage":13,"enemies":"3 Sentries","floor":10,"turns":3},{"damage":10,"enemies":"Blue Slaver","floor":11,"turns":2},{"damage":16,"enemies":"Red Slaver","floor":12,"turns":2},{"damage":5,"enemies":"Lagavulin","floor":13,"turns":3},{"damage":3,"enemies":"Looter","floor":14,"turns":2},{"damage":20,"enemies":"Hexaghost","floor":16,"turns":4},{"damage":4,"enemies":"Spheric Guardian","floor":18,"turns":3},{"damage":40,"enemies":"3 Byrds","floor":19,"turns":2},{"damage":2,"enemies":"Shelled Parasite and Fungi","floor":21,"turns":2},{"damage":2,"enemies":"Slavers","floor":23,"turns":2},{"damage":2,"enemies":"Book of Stabbing","floor":24,"turns":2},{"damage":0,"enemies":"Snake Plant","floor":27,"turns":1},{"damage":2,"enemies":"REME_1_Revenger","floor":28,"turns":2},{"damage":2,"enemies":"Book of Stabbing","floor":31,"turns":2},{"damage":5,"enemies":"Automaton","floor":33,"turns":3},{"damage":0,"enemies":"Orb Walker","floor":35,"turns":1},{"damage":5,"enemies":"3 Shapes","floor":36,"turns":2},{"damage":0,"enemies":"3 Darklings","floor":37,"turns":1},{"damage":0,"enemies":"4 Shapes","floor":38,"turns":1},{"damage":6,"enemies":"Transient","floor":39,"turns":4},{"damage":14,"enemies":"Giant Head","floor":40,"turns":3},{"damage":2,"enemies":"Maw","floor":41,"turns":2},{"damage":2,"enemies":"Nemesis","floor":42,"turns":2},{"damage":2,"enemies":"Writhing Mass","floor":44,"turns":2},{"damage":6,"enemies":"Giant Head","floor":46,"turns":4},{"damage":24,"enemies":"Time Eater","floor":50,"turns":2}],"seed_played":"3706737729498028133","potions_obtained":[{"floor":1,"key":"Explosive Potion"},{"floor":4,"key":"Dota2Spire:Clarity"},{"floor":12,"key":"champ:CounterPotion"},{"floor":13,"key":"Explosive Potion"},{"floor":39,"key":"REME_GoldPotion"},{"floor":46,"key":"ColorlessPotion"}],"is_trial":false,"path_per_floor":["M","?","?","M","M","R","M","R","T","E","M","M","E","M","R","B",null,"M","M","$","M","?","E","E","R","T","M","E","$","R","E","R","B",null,"M","M","M","M","M","E","M","E","T","M","R","E","$","?","R","B",null],"character_chosen":"THE_SPIRIT","items_purchased":["REME_CardOfGreed","MostiFishMod:ButterFly","Dota2Spire:MonkeyKingBar","hexamod:EmpoweredFlame","hexamod:Rewind","BrkXgEgg","hexamod:InflammatoryLetter"],"campfire_rested":1,"item_purchase_floors":[20,20,29,29,29,29,47],"current_hp_per_floor":[70,70,63,63,63,63,61,61,61,48,38,22,24,21,42,29,70,70,30,30,35,35,37,49,49,49,63,70,70,70,70,70,65,70,70,70,70,70,70,67,65,67,67,65,65,70,70,70,70,46],"gold":120,"neow_bonus":"","is_daily":true,"chose_seed":false,"campfire_upgraded":7,"win_rate":0.0,"timestamp":1611030005,"path_taken":["M","?","?","M","M","R","M","R","T","E","M","M","E","M","R","BOSS","M","M","$","M","?","E","E","R","T","M","E","$","R","E","R","BOSS","M","M","M","M","M","E","M","E","T","M","R","E","$","?","R","BOSS"],"items_purchased_type":["Relic","Card","Relic","Card","Card","Relic","Relic"],"build_version":"2020-12-22","purchased_purges":1,"victory":true,"max_hp_per_floor":[70,70,70,70,70,70,70,70,70,70,70,70,70,70,70,70,70,70,70,70,70,70,70,70,70,70,70,70,70,70,70,70,70,70,70,70,70,70,70,70,70,70,70,70,70,70,70,70,70,70],"relic_stats":{"Dream Catcher":1,"counters":[30,64],"Pantograph":0,"MealTicket":0,"Bag of Preparation":[6],"Letter Opener":[133],"Orichalcum":[0],"obtain_stats":[{"Lantern":40,"DaveBox":0,"Bag of Preparation":42,"Frozen Eye":0,"Dream Catcher":10,"Pantograph":28,"Dota2Spire:BladeMail":9,"MealTicket":26,"WingedGreaves":23,"hexamod:SpiritBrand":0,"BirthdayGift-Tetrahedron":0,"Potion Belt":46,"MoonlightInvasionPlan":17,"ShadowXiaoBlade":34,"BrkXgEgg":29,"hexamod:InflammatoryLetter":47,"Letter Opener":31,"Orichalcum":43,"Akabeko":13,"Dota2Spire:AghanimScepter":22,"SynthV:TestCard":1,"REME_CardOfGreed":20,"Dota2Spire:MonkeyKingBar":29,"REME_ComplimentaryCards":0,"Dota2Spire:Desolator":24},{"Lantern":25,"DaveBox":0,"Bag of Preparation":27,"Frozen Eye":0,"Dream Catcher":5,"Pantograph":17,"Dota2Spire:BladeMail":4,"MealTicket":15,"WingedGreaves":14,"hexamod:SpiritBrand":0,"BirthdayGift-Tetrahedron":0,"Potion Belt":29,"MoonlightInvasionPlan":10,"ShadowXiaoBlade":19,"BrkXgEgg":17,"hexamod:InflammatoryLetter":29,"Letter Opener":18,"Orichalcum":27,"Akabeko":8,"Dota2Spire:AghanimScepter":13,"SynthV:TestCard":1,"REME_CardOfGreed":12,"Dota2Spire:MonkeyKingBar":17,"REME_ComplimentaryCards":0,"Dota2Spire:Desolator":15},{"Lantern":52,"DaveBox":0,"Bag of Preparation":56,"Frozen Eye":0,"Dream Catcher":8,"Pantograph":35,"Dota2Spire:BladeMail":5,"MealTicket":32,"WingedGreaves":30,"hexamod:SpiritBrand":0,"BirthdayGift-Tetrahedron":0,"Potion Belt":62,"MoonlightInvasionPlan":21,"ShadowXiaoBlade":40,"BrkXgEgg":35,"hexamod:InflammatoryLetter":62,"Letter Opener":37,"Orichalcum":56,"Akabeko":15,"Dota2Spire:AghanimScepter":28,"SynthV:TestCard":1,"REME_CardOfGreed":26,"Dota2Spire:MonkeyKingBar":35,"REME_ComplimentaryCards":0,"Dota2Spire:Desolator":32}]},"card_choices":[{"not_picked":["hexamod:Haunt","hexamod:Hexaguard"],"picked":"hexamod:HauntingEcho","floor":1},{"not_picked":["hexamod:GhostflameBarrier","hexamod:ShieldOfDarkness","hexamod:FlamesFromBeyond","hexamod:NightmareStrike"],"picked":"hexamod:Again","floor":4},{"not_picked":["hexamod:CatchUp","hexamod:Rewind","hexamod:StepThrough","hexamod:FirstSeal"],"picked":"hexamod:FlameSwitch","floor":5},{"not_picked":["hexamod:FastForward","hexamod:InspiringFlames","hexamod:SecondSeal","hexamod:NightmareGuise"],"picked":"hexamod:SoulSteal","floor":7},{"not_picked":["hexamod:GhostShield","hexamod:NightmareGuise","hexamod:SoulSteal","hexamod:SwordOfDarkness"],"picked":"hexamod:GiftsFromTheDead","floor":10},{"not_picked":["hexamod:FlamesFromBeyond","hexamod:ThirdSeal","hexamod:HauntingEcho","hexamod:GhostLash"],"picked":"hexamod:ChargedBarrage","floor":11},{"not_picked":["hexamod:FourthSeal","hexamod:SuperheatedStrike","hexamod:SwordOfDarkness","hexamod:FlamesFromBeyond"],"picked":"hexamod:FirstSeal","floor":12},{"not_picked":["hexamod:NightmareStrike","hexamod:GhostLash","hexamod:HeatMetal","hexamod:ChargedBarrage"],"picked":"hexamod:PowerFromBeyond","floor":13},{"not_picked":["hexamod:GhostLash","hexamod:FlamesFromBeyond","hexamod:FastForward","hexamod:NightmareGuise"],"picked":"hexamod:SpectersWail","floor":14},{"not_picked":["hexamod:AdvancingGuard","hexamod:InspiringFlames","hexamod:FirstSeal","hexamod:FlamesFromBeyond"],"picked":"hexamod:GhostLash","floor":15},{"not_picked":["hexamod:ParanormalForm","hexamod:TimeWarp","hexamod:GhostOfSpirePresent","hexamod:UnlimitedPower"],"picked":"hexamod:ApocalypseNow","floor":16},{"not_picked":["hexamod:GhostLash","hexamod:GhostShield","hexamod:Haunt","hexamod:ShieldOfDarkness"],"picked":"hexamod:BurningTouch+1","floor":18},{"not_picked":["hexamod:DynamicBlow","hexamod:FastForward","hexamod:SuperheatedStrike","hexamod:GhostLash"],"picked":"hexamod:Hexaguard","floor":19},{"not_picked":["hexamod:ThirdSeal","hexamod:NightmareGuise","hexamod:InspiringFlames","hexamod:ThermalTransfer"],"picked":"hexamod:Firestarter","floor":21},{"not_picked":["hexamod:ShieldOfDarkness","hexamod:SwordOfDarkness","hexamod:HauntingEcho","hexamod:SpectersWail+1"],"picked":"hexamod:PowerFromBeyond","floor":23},{"not_picked":["hexamod:RetreatToShadows","hexamod:HeatMetal","hexamod:AdvancingGuard","hexamod:Firestarter+1"],"picked":"hexamod:PhantomFireball","floor":24},{"not_picked":["hexamod:ThermalTransfer","hexamod:ThirdSeal","hexamod:HeatShield","hexamod:DynamicBlow"],"picked":"hexamod:SearingWound","floor":27},{"not_picked":["hexamod:BacktrackSmack","hexamod:GhostflameInferno","hexamod:HauntingEcho","hexamod:RecurringNightmare"],"picked":"hexamod:PowerFromBeyond","floor":28},{"not_picked":["hexamod:NightmareStrike","hexamod:SkipABeat","hexamod:BacktrackSmack","hexamod:StepThrough+1"],"picked":"hexamod:ForkedFlame+1","floor":31},{"not_picked":["hexamod:UnlimitedPower+1","hexamod:Toasty+1","hexamod:GhostOfSpirePresent+1","hexamod:ApocalypseNow+1"],"picked":"hexamod:WildfireWeapon+1","floor":33},{"not_picked":["hexamod:NightmareGuise+1","hexamod:SwordOfDarkness+1","hexamod:HeatShield+1","hexamod:BurningTouch"],"picked":"hexamod:StepThrough+1","floor":35},{"not_picked":["hexamod:FastForward","hexamod:FourthSeal","hexamod:HauntingEcho","hexamod:DynamicBlow+1"],"picked":"hexamod:RadiantFlame","floor":36},{"not_picked":["hexamod:InspiringFlames","hexamod:SuperheatedStrike+1","hexamod:ShieldOfDarkness+1","hexamod:Again"],"picked":"hexamod:VolcanoVisage+1","floor":37},{"not_picked":["hexamod:SpectersWail+1","hexamod:HauntingEcho","hexamod:FourthSeal","hexamod:DynamicBlow+1"],"picked":"hexamod:SuperheatedStrike+1","floor":38},{"not_picked":["hexamod:FlamesFromBeyond","hexamod:SwordOfDarkness","hexamod:GhostflameBarrier+1","hexamod:NecessarySacrifice"],"picked":"hexamod:EmpoweredFlame+1","floor":39},{"not_picked":["hexamod:PowerFromBeyond","hexamod:ThirdSeal","hexamod:ThermalTransfer","hexamod:FourthSeal"],"picked":"hexamod:AdvancingGuard+1","floor":40},{"not_picked":["hexamod:NightmareStrike+1","hexamod:FastForward","hexamod:PhantomCloak","hexamod:ShieldOfDarkness"],"picked":"hexamod:GhostShield+1","floor":41},{"not_picked":["hexamod:RainOfEmbers","hexamod:FastForward","hexamod:Firestarter","hexamod:GhostOfSpirePast"],"picked":"hexamod:HexaLevel+1","floor":42},{"not_picked":["hexamod:HeatMetal+1","hexamod:HauntingEcho","hexamod:SpectersWail+1","hexamod:AdvancingGuard"],"picked":"hexamod:CatchUp+1","floor":44},{"not_picked":["hexamod:NightmareStrike","hexamod:ThermalTransfer+1","hexamod:HeatMetal+1","hexamod:Haunt+1"],"picked":"hexamod:SearingWound+1","floor":46}],"player_experience":128468,"relics_obtained":[{"floor":1,"key":"SynthV:TestCard"},{"floor":9,"key":"Dota2Spire:BladeMail"},{"floor":10,"key":"Dream Catcher"},{"floor":13,"key":"Akabeko"},{"floor":23,"key":"WingedGreaves"},{"floor":24,"key":"Dota2Spire:Desolator"},{"floor":26,"key":"MealTicket"},{"floor":28,"key":"Pantograph"},{"floor":31,"key":"Letter Opener"},{"floor":40,"key":"Lantern"},{"floor":42,"key":"Bag of Preparation"},{"floor":43,"key":"Orichalcum"},{"floor":46,"key":"Potion Belt"}],"event_choices":[{"damage_healed":0,"gold_gain":175,"player_choice":"AGREE","damage_taken":0,"max_hp_gain":0,"max_hp_loss":0,"event_name":"Liars Game","floor":2,"gold_loss":0,"cards_obtained":["Doubt"]},{"cards_removed":["Doubt"],"damage_healed":0,"gold_gain":0,"player_choice":"Card Removal","damage_taken":7,"max_hp_gain":0,"max_hp_loss":0,"event_name":"Golden Wing","floor":3,"gold_loss":0},{"damage_healed":0,"gold_gain":0,"player_choice":"Opened","damage_taken":0,"relics_obtained":["Dota2Spire:AghanimScepter"],"max_hp_gain":0,"max_hp_loss":0,"event_name":"The Mausoleum","floor":22,"gold_loss":0},{"damage_healed":0,"gold_gain":0,"player_choice":"Ignored","damage_taken":0,"max_hp_gain":0,"max_hp_loss":0,"event_name":"Tomb of Lord Red Mask","floor":48,"gold_loss":0}],"is_beta":false,"boss_relics":[{"not_picked":["RhineCircuit","Ectoplasm"],"picked":"MoonlightInvasionPlan"},{"not_picked":["GuanYuAspect","ChiXiaoBlade"],"picked":"ShadowXiaoBlade"}],"items_purged_floors":[29],"is_endless":false,"potions_floor_spawned":[1,4,12,13,19,23,24,28,38,39,41,44,46],"ascension_level":0}}