{"host":"7fyy23rucerupe6i","time":1611039243,"event":{"mods":["AchievementEnabler","Act Like it!","BaseMod","BetterRewards","Colored Map","Colored Powertips","Conspire","Custom Start","Downfall","Marisa£®ÏF”Í°°ƒß¿Ì…≥£©","Minty Spire (QoL Compilation)","Quick Restart","Shop Mod","Spicy Shops","StSLib","SuperFastMode","The Factory","The Jungle","UnlockEverythingMod"],"gold_per_floor":[117,117,192,207,207,207,235,235,235,247,247,258,7,36,36,36,36],"floor_reached":16,"language":"ZHS","playtime":340,"items_purged":[],"score":180,"play_id":"e3f2f108-e994-4a74-bde1-ad68d51be332","local_time":"20210119145403","is_ascension_mode":true,"campfire_choices":[{"data":"OortCloud","floor":6,"key":"SMITH"},{"data":"UpSweep","floor":8,"key":"SMITH"},{"data":"StarBarrage","floor":15,"key":"SMITH"}],"circlet_count":0,"master_deck":["Strike_MRS","Strike_MRS","Strike_MRS","Defend_MRS","Defend_MRS","Defend_MRS","Defend_MRS","MasterSpark","UpSweep+1","OortCloud+1","GrandCross","StarBarrage+1","CollectingQuirk","SporeBomb","UltimateShortwave"],"relics":["MiniHakkero","NeowsBlessing","Bag of Marbles","Nunchaku","StrikeDummy","conspire:BottledYoYo","conspire:GiftBox"],"acts_visited":["Exordium"],"potions_floor_usage":[],"damage_taken":[{"damage":0,"enemies":"Jaw Worm","floor":1,"turns":1},{"damage":0,"enemies":"2 Louse","floor":4,"turns":1},{"damage":0,"enemies":"Lagavulin","floor":7,"turns":1},{"damage":0,"enemies":"Small Slimes","floor":10,"turns":2},{"damage":3,"enemies":"Looter","floor":12,"turns":3},{"damage":16,"enemies":"Gremlin Nob","floor":14,"turns":4},{"damage":23,"enemies":"The Guardian","floor":16,"turns":4}],"seed_played":"-2270680654606707922","potions_obtained":[{"floor":1,"key":"FearPotion"},{"floor":10,"key":"SteroidPotion"}],"is_trial":false,"path_per_floor":["M","?","?","M","?","R","E","R","T","M","?","M","$","E","R","B"],"character_chosen":"MARISA","items_purchased":["conspire:BottledYoYo"],"campfire_rested":0,"item_purchase_floors":[13],"current_hp_per_floor":[68,68,57,57,50,50,50,50,50,50,50,47,47,31,31,8,8],"gold":36,"neow_bonus":"THREE_ENEMY_KILL","is_daily":false,"chose_seed":false,"campfire_upgraded":3,"win_rate":0.0,"timestamp":1611039243,"path_taken":["M","?","?","M","?","R","E","R","T","M","?","M","?","E","R","BOSS"],"items_purchased_type":["Relic"],"build_version":"2020-12-22","purchased_purges":0,"victory":false,"max_hp_per_floor":[75,75,75,75,75,75,75,75,75,75,75,75,75,75,75,75,75],"card_choices":[{"not_picked":["IllusionStar","GalacticHalo"],"picked":"OortCloud","floor":1},{"not_picked":["SporeBomb","GalacticHalo"],"picked":"GrandCross","floor":4},{"not_picked":["BlazingStar","DC","GasGiant"],"picked":"SKIP","floor":7},{"not_picked":["AsteroidBelt","MagicChant"],"picked":"StarBarrage","floor":10},{"not_picked":["FairyDestructionRay","ShootTheMoon"],"picked":"SporeBomb","floor":12},{"not_picked":["StarDustReverie","TreasureHunter"],"picked":"UltimateShortwave","floor":14},{"not_picked":["MaximisePower","6A","LuminesStrike"],"picked":"SKIP","floor":14}],"player_experience":349442,"relics_obtained":[{"floor":7,"key":"Nunchaku"},{"floor":9,"key":"StrikeDummy"},{"floor":14,"key":"conspire:GiftBox"}],"event_choices":[{"damage_healed":0,"gold_gain":0,"player_choice":"Box","damage_taken":0,"relics_obtained":["Bag of Marbles"],"max_hp_gain":0,"max_hp_loss":0,"event_name":"Big Fish","floor":2,"gold_loss":0,"cards_obtained":["Regret"]},{"damage_healed":0,"gold_gain":75,"player_choice":"Gather Gold","damage_taken":11,"max_hp_gain":0,"max_hp_loss":0,"event_name":"World of Goop","floor":3,"gold_loss":0},{"cards_removed":["Regret"],"damage_healed":0,"gold_gain":0,"player_choice":"Card Removal","damage_taken":7,"max_hp_gain":0,"max_hp_loss":0,"event_name":"Golden Wing","floor":5,"gold_loss":0},{"damage_healed":0,"gold_gain":0,"cards_transformed":["Strike_MRS"],"player_choice":"Change","damage_taken":0,"max_hp_gain":0,"max_hp_loss":0,"event_name":"Living Wall","floor":11,"gold_loss":0,"cards_obtained":["CollectingQuirk"]}],"is_beta":false,"boss_relics":[],"items_purged_floors":[],"is_endless":false,"potions_floor_spawned":[1,10],"killed_by":"The Guardian","ascension_level":7}}