{"host":"n4fty02wqqi95laq","time":1611027847,"event":{"mods":["BaseMod","Highlight Path","Minty Spire (QoL Compilation)","Quick Restart","Rare Cards Sparkle","StSLib"],"gold_per_floor":[118,133,133,146,163,163,191,116,195,195,210,135,151,169,169,169,169,179,179,179,179,199,228,228,48,94,119,134,134,147,160,160,234,234,247,84,4,4,18,18,47,47,47,73,0,0,16,48,48,48,48,48,48,5,5,5],"floor_reached":55,"language":"ZHS","playtime":2727,"items_purged":["Strike_P"],"score":2190,"play_id":"63373b4b-294f-444c-9d72-fa5321e093f8","local_time":"20210119114407","is_ascension_mode":true,"campfire_choices":[{"data":"Eruption","floor":6.0,"key":"SMITH"},{"data":"CrushJoints","floor":15.0,"key":"SMITH"},{"data":"Tantrum","floor":24.0,"key":"SMITH"},{"floor":29.0,"key":"REST"},{"data":"Wallop","floor":32.0,"key":"SMITH"},{"data":"Blasphemy","floor":40.0,"key":"SMITH"},{"data":"Purity","floor":42.0,"key":"SMITH"},{"data":"Strike_P","floor":46.0,"key":"PURGE"},{"floor":49.0,"key":"RECALL"},{"data":"CrushJoints","floor":53.0,"key":"PURGE"}],"circlet_count":0,"master_deck":["AscendersBane","Defend_P+1","Defend_P","Eruption+1","Vigilance","WheelKick","CrushJoints+1","CarveReality","BowlingBash","DeusExMachina+1","DevaForm","CurseOfTheBell","InnerPeace","Tantrum+1","MentalFortress","Purity+1","MentalFortress","TalkToTheHand","Wallop+1","Blasphemy+1","Fasting2","InnerPeace+1","EmptyMind","Omniscience"],"relics":["PureWater","FossilizedHelix","TungstenRod","Mummified Hand","Calling Bell","Matryoshka","WingedGreaves","War Paint","Potion Belt","White Beast Statue","Damaru","Singing Bowl","Black Star","OrangePellets","Blood Vial","Omamori","Bronze Scales","Peace Pipe","The Courier","Red Mask","Shuriken","Oddly Smooth Stone"],"acts_visited":["Exordium","TheCity","TheBeyond","TheEnding"],"potions_floor_usage":[55],"damage_taken":[{"damage":0.0,"enemies":"Cultist","floor":1.0,"turns":3.0},{"damage":0.0,"enemies":"Small Slimes","floor":2.0,"turns":3.0},{"damage":0.0,"enemies":"Jaw Worm","floor":4.0,"turns":2.0},{"damage":0.0,"enemies":"2 Fungi Beasts","floor":5.0,"turns":3.0},{"damage":0.0,"enemies":"Lagavulin","floor":7.0,"turns":5.0},{"damage":0.0,"enemies":"Exordium Thugs","floor":11.0,"turns":4.0},{"damage":0.0,"enemies":"Blue Slaver","floor":13.0,"turns":3.0},{"damage":0.0,"enemies":"Looter","floor":14.0,"turns":2.0},{"damage":0.0,"enemies":"Slime Boss","floor":16.0,"turns":4.0},{"damage":5.0,"enemies":"3 Byrds","floor":18.0,"turns":4.0},{"damage":0.0,"enemies":"Shell Parasite","floor":22.0,"turns":2.0},{"damage":0.0,"enemies":"Book of Stabbing","floor":23.0,"turns":2.0},{"damage":49.0,"enemies":"Slavers","floor":27.0,"turns":5.0},{"damage":0.0,"enemies":"Chosen and Byrds","floor":28.0,"turns":6.0},{"damage":0.0,"enemies":"Sentry and Sphere","floor":30.0,"turns":3.0},{"damage":0.0,"enemies":"Centurion and Healer","floor":31.0,"turns":3.0},{"damage":1.0,"enemies":"Automaton","floor":33.0,"turns":10.0},{"damage":0.0,"enemies":"Orb Walker","floor":35.0,"turns":1.0},{"damage":0.0,"enemies":"3 Shapes","floor":39.0,"turns":5.0},{"damage":0.0,"enemies":"Nemesis","floor":41.0,"turns":3.0},{"damage":17.0,"enemies":"Reptomancer","floor":44.0,"turns":3.0},{"damage":0.0,"enemies":"Sphere and 2 Shapes","floor":47.0,"turns":3.0},{"damage":0.0,"enemies":"Nemesis","floor":48.0,"turns":5.0},{"damage":27.0,"enemies":"Awakened One","floor":50.0,"turns":6.0},{"damage":14.0,"enemies":"Donu and Deca","floor":51.0,"turns":6.0},{"damage":70,"enemies":"Shield and Spear","floor":55,"turns":3}],"seed_played":"2996468576777704679","potions_obtained":[{"floor":1.0,"key":"PowerPotion"},{"floor":4.0,"key":"CultistPotion"},{"floor":11.0,"key":"Ambrosia"},{"floor":23.0,"key":"FearPotion"},{"floor":27.0,"key":"BlessingOfTheForge"},{"floor":28.0,"key":"BlessingOfTheForge"},{"floor":30.0,"key":"BottledMiracle"},{"floor":31.0,"key":"BottledMiracle"},{"floor":33.0,"key":"Explosive Potion"},{"floor":35.0,"key":"BottledMiracle"},{"floor":41.0,"key":"StancePotion"},{"floor":44.0,"key":"LiquidMemories"},{"floor":47.0,"key":"ColorlessPotion"},{"floor":48.0,"key":"LiquidMemories"}],"is_trial":false,"path_per_floor":["M","M","?","M","M","R","E","?","T","?","M","$","M","M","R","B",null,"M","?","?","?","M","E","R","$","T","E","M","R","M","M","R","B",null,"M","$","$","?","M","R","E","R","T","E","?","R","M","E","R","B","B",null,"R","$","E"],"character_chosen":"WATCHER","items_purchased":["MentalFortress","Purity","OrangePellets","Fasting2","ColorlessPotion"],"campfire_rested":1,"item_purchase_floors":[25,25,36,37,54],"current_hp_per_floor":[61,61,61,61,61,61,61,61,61,61,61,61,61,61,61,61,62,57,57,57,57,57,57,57,57,57,8,10,29,29,29,29,28,55,57,57,57,49,51,51,53,53,53,38,38,38,40,42,42,17,5,54,54,54,0,0],"gold":5,"neow_bonus":"ONE_RARE_RELIC","is_daily":false,"chose_seed":false,"campfire_upgraded":6,"win_rate":0.0,"timestamp":1611027847,"path_taken":["M","?","?","M","M","R","E","?","T","?","?","$","M","M","R","BOSS","M","?","?","?","M","E","R","$","T","E","M","R","M","M","R","BOSS","M","$","?","?","?","R","E","R","T","E","?","R","M","E","R","BOSS","BOSS","R","$","E"],"items_purchased_type":["Card","Card","Relic","Card","Potion"],"build_version":"2020-12-22","purchased_purges":1,"victory":false,"max_hp_per_floor":[62,62,62,62,62,62,62,62,62,62,62,62,62,62,62,62,62,62,62,62,62,62,62,62,62,62,62,64,64,64,64,64,64,64,66,66,66,66,68,68,70,70,70,70,70,70,70,70,70,70,70,70,70,70,70,70],"card_choices":[{"not_picked":["DeceiveReality","FlyingSleeves","WreathOfFlame"],"picked":"SKIP","floor":1.0},{"not_picked":["DeceiveReality","FlyingSleeves","WreathOfFlame"],"picked":"SKIP","floor":1.0},{"not_picked":["CutThroughFate","Evaluate"],"picked":"WheelKick","floor":2.0},{"not_picked":["FlurryOfBlows","CutThroughFate"],"picked":"CrushJoints","floor":4.0},{"not_picked":["EmptyBody","LikeWater"],"picked":"CarveReality","floor":5.0},{"not_picked":["Protect","PathToVictory"],"picked":"BowlingBash","floor":7.0},{"not_picked":["Perseverance","ClearTheMind"],"picked":"DevaForm","floor":11.0},{"not_picked":["Protect","WindmillStrike","WaveOfTheHand"],"picked":"SKIP","floor":13.0},{"not_picked":["SashWhip","Indignation","CarveReality"],"picked":"SKIP","floor":14.0},{"not_picked":["SashWhip","Indignation","CarveReality"],"picked":"SKIP","floor":14.0},{"not_picked":["ClearTheMind","CrushJoints","Consecrate"],"picked":"SKIP","floor":18.0},{"not_picked":["ThirdEye","Conclude"],"picked":"Tantrum","floor":22.0},{"not_picked":["BattleHymn+1","Sanctity","WreathOfFlame"],"picked":"SKIP","floor":23.0},{"not_picked":["ForeignInfluence","BattleHymn"],"picked":"MentalFortress","floor":27.0},{"not_picked":["EmptyBody","BowlingBash","Collect"],"picked":"Singing Bowl","floor":28.0},{"not_picked":["Indignation+1","BowlingBash"],"picked":"TalkToTheHand","floor":30.0},{"not_picked":["FlyingSleeves","Halt"],"picked":"Wallop","floor":31.0},{"not_picked":["Establishment","SpiritShield"],"picked":"Blasphemy","floor":33.0},{"not_picked":["ReachHeaven","WindmillStrike+1","CrushJoints"],"picked":"Singing Bowl","floor":35.0},{"not_picked":["CutThroughFate","Worship+1","Evaluate"],"picked":"Singing Bowl","floor":39.0},{"not_picked":["JustLucky","Nirvana","Worship"],"picked":"Singing Bowl","floor":41.0},{"not_picked":["JustLucky","SandsOfTime"],"picked":"InnerPeace+1","floor":44.0},{"not_picked":["TalkToTheHand","EmptyBody"],"picked":"EmptyMind","floor":47.0},{"not_picked":["EmptyFist+1","FlyingSleeves"],"picked":"Omniscience","floor":48.0}],"player_experience":673836,"relics_obtained":[{"floor":7.0,"key":"TungstenRod"},{"floor":9.0,"key":"Mummified Hand"},{"floor":17.0,"key":"Matryoshka"},{"floor":17.0,"key":"WingedGreaves"},{"floor":17.0,"key":"War Paint"},{"floor":23.0,"key":"Potion Belt"},{"floor":26.0,"key":"White Beast Statue"},{"floor":26.0,"key":"Damaru"},{"floor":27.0,"key":"Singing Bowl"},{"floor":41.0,"key":"Blood Vial"},{"floor":41.0,"key":"Omamori"},{"floor":43.0,"key":"Bronze Scales"},{"floor":44.0,"key":"Peace Pipe"},{"floor":44.0,"key":"The Courier"},{"floor":48.0,"key":"Shuriken"},{"floor":48.0,"key":"Oddly Smooth Stone"}],"event_choices":[{"damage_healed":0.0,"max_hp_gain":0.0,"max_hp_loss":0.0,"gold_gain":0.0,"event_name":"Liars Game","player_choice":"Ignored","floor":3.0,"gold_loss":0.0,"damage_taken":0.0},{"cards_removed":["Defend_P"],"damage_healed":0.0,"max_hp_gain":0.0,"max_hp_loss":0.0,"gold_gain":0.0,"event_name":"The Cleric","player_choice":"Card Removal","floor":8.0,"gold_loss":75.0,"damage_taken":0.0},{"damage_healed":0.0,"max_hp_gain":0.0,"max_hp_loss":0.0,"gold_gain":0.0,"cards_transformed":["Strike_P"],"event_name":"Living Wall","player_choice":"Change","floor":10.0,"gold_loss":0.0,"damage_taken":0.0,"cards_obtained":["DeusExMachina"]},{"damage_healed":0.0,"max_hp_gain":0.0,"max_hp_loss":0.0,"gold_gain":0.0,"cards_transformed":["Strike_P","Defend_P"],"event_name":"Drug Dealer","player_choice":"Became Test Subject","floor":19.0,"gold_loss":0.0,"damage_taken":0.0,"cards_obtained":["InnerPeace","CrushJoints"]},{"damage_healed":0.0,"max_hp_gain":0.0,"max_hp_loss":0.0,"gold_gain":0.0,"event_name":"Ghosts","player_choice":"Ignored","floor":20.0,"gold_loss":0.0,"damage_taken":0.0},{"damage_healed":0.0,"max_hp_gain":0.0,"max_hp_loss":0.0,"gold_gain":0.0,"event_name":"N\u0027loth","player_choice":"Ignored","floor":21.0,"gold_loss":0.0,"damage_taken":0.0},{"damage_healed":0.0,"max_hp_gain":0.0,"max_hp_loss":0.0,"gold_gain":0.0,"event_name":"Wheel of Change","player_choice":"Damaged","floor":38.0,"gold_loss":0.0,"damage_taken":9.0},{"damage_healed":0.0,"max_hp_gain":0.0,"max_hp_loss":0.0,"gold_gain":0.0,"event_name":"Tomb of Lord Red Mask","player_choice":"Paid","floor":45.0,"gold_loss":73.0,"damage_taken":0.0,"relics_obtained":["Red Mask"]}],"is_beta":false,"boss_relics":[{"not_picked":["Runic Pyramid","Snecko Eye"],"picked":"Calling Bell"},{"not_picked":["SacredBark","Busted Crown"],"picked":"Black Star"}],"items_purged_floors":[12],"is_endless":false,"potions_floor_spawned":[1,4,11,14,22,23,27,28,30,31,33,35,39,41,44,47,48],"killed_by":"Shield and Spear","ascension_level":20}}