{"host":"FirstDane","time":1611017955,"event":{"mods":["BaseMod","Bestiary","Highlight Path","Minty Spire (QoL Compilation)","Relic Stats","Slay the Relics Exporter"],"gold_per_floor":[112,130,205,222,233,233,233,233,282,282,299,299,331,331,331,407,407,422,422,433,433,38,72,83,103,103,103,203,203,223,250,250,250,250],"floor_reached":33,"language":"ENG","playtime":3475,"items_purged":["Writhe"],"score":590,"play_id":"fdf64cb6-3a5f-4015-b9a8-f7cceaff8467","local_time":"20210118185915","is_ascension_mode":true,"campfire_choices":[{"data":"Dagger Spray","floor":6,"key":"SMITH"},{"data":"Terror","floor":8,"key":"SMITH"},{"floor":12,"key":"REST"},{"data":"Dash","floor":15,"key":"SMITH"},{"floor":27,"key":"REST"},{"data":"Predator","floor":29,"key":"SMITH"},{"floor":32,"key":"REST"}],"circlet_count":0,"master_deck":["AscendersBane","Strike_G","Strike_G","Strike_G","Strike_G+1","Defend_G","Defend_G","Defend_G","Defend_G","Defend_G","Survivor","Neutralize","Dagger Spray+1","Predator+1","Terror+1","Dash+1","Poisoned Stab","Dodge and Roll","Glass Knife+1","Acrobatics","Leg Sweep","After Image","Blade Dance","Backflip","PiercingWail","Blur"],"relics":["Ring of the Snake","NeowsBlessing","Vajra","Akabeko","Sozu","Pear","Whetstone","Centennial Puzzle","Dream Catcher","Shovel","Matryoshka","Blood Vial"],"acts_visited":["Exordium","TheCity"],"potions_floor_usage":[7,23,33],"damage_taken":[{"damage":0,"enemies":"Jaw Worm","floor":1,"turns":1},{"damage":0,"enemies":"Small Slimes","floor":2,"turns":1},{"damage":0,"enemies":"2 Louse","floor":4,"turns":1},{"damage":20,"enemies":"Exordium Wildlife","floor":5,"turns":6},{"damage":8,"enemies":"Gremlin Nob","floor":7,"turns":3},{"damage":0,"enemies":"Blue Slaver","floor":11,"turns":2},{"damage":5,"enemies":"3 Sentries","floor":13,"turns":6},{"damage":18,"enemies":"The Guardian","floor":16,"turns":12},{"damage":8,"enemies":"Shell Parasite","floor":18,"turns":4},{"damage":3,"enemies":"Spheric Guardian","floor":20,"turns":3},{"damage":5,"enemies":"Slavers","floor":23,"turns":2},{"damage":14,"enemies":"Centurion and Healer","floor":24,"turns":5},{"damage":2,"enemies":"3 Cultists","floor":25,"turns":5},{"damage":2,"enemies":"Colosseum Slavers","floor":28,"turns":4},{"damage":11,"enemies":"Colosseum Nobs","floor":28,"turns":3},{"damage":2,"enemies":"Chosen and Byrds","floor":30,"turns":5},{"damage":23,"enemies":"Gremlin Leader","floor":31,"turns":4},{"damage":52,"enemies":"Champ","floor":33,"turns":16}],"seed_played":"-753519154655747698","potions_obtained":[{"floor":2,"key":"SmokeBomb"},{"floor":5,"key":"Energy Potion"},{"floor":11,"key":"Fire Potion"},{"floor":16,"key":"SpeedPotion"}],"is_trial":false,"path_per_floor":["M","M","?","M","M","R","E","R","T","?","M","R","E","?","R","B",null,"M","?","M","?","$","E","M","M","T","R","?","R","M","E","R","B"],"character_chosen":"THE_SILENT","items_purchased":["Whetstone","Centennial Puzzle"],"campfire_rested":3,"item_purchase_floors":[22,22],"current_hp_per_floor":[59,59,48,48,28,28,20,20,20,20,20,39,34,34,34,16,54,46,46,43,53,53,48,34,32,32,54,41,41,39,16,38,0,0],"gold":250,"neow_bonus":"THREE_ENEMY_KILL","is_daily":false,"chose_seed":false,"campfire_upgraded":4,"win_rate":0.0,"timestamp":1611017955,"path_taken":["M","M","?","M","M","R","E","R","T","?","M","R","E","?","R","BOSS","M","?","M","?","$","E","M","M","T","R","?","R","M","E","R","BOSS"],"items_purchased_type":["Relic","Relic"],"build_version":"2020-12-18","purchased_purges":1,"victory":false,"max_hp_per_floor":[66,66,66,66,66,66,66,66,66,66,66,66,66,66,66,66,66,66,66,66,76,76,76,76,76,76,76,76,76,76,76,76,76,76],"relic_stats":{"Sozu":2,"Blood Vial":2,"Centennial Puzzle":[24],"Dream Catcher":2,"Shovel":0,"counters":[18,83],"Whetstone":["Strike_G","Glass Knife"],"obtain_stats":[{"Sozu":17,"Blood Vial":31,"Centennial Puzzle":22,"Dream Catcher":23,"Pear":21,"Shovel":28,"Matryoshka":28,"NeowsBlessing":0,"Vajra":9,"Whetstone":22,"Akabeko":13,"Ring of the Snake":0},{"Sozu":8,"Blood Vial":17,"Centennial Puzzle":10,"Dream Catcher":11,"Pear":10,"Shovel":15,"Matryoshka":15,"NeowsBlessing":0,"Vajra":5,"Whetstone":10,"Akabeko":7,"Ring of the Snake":0},{"Sozu":32,"Blood Vial":67,"Centennial Puzzle":39,"Dream Catcher":41,"Pear":39,"Shovel":58,"Matryoshka":58,"NeowsBlessing":0,"Vajra":12,"Whetstone":39,"Akabeko":20,"Ring of the Snake":0}],"Ring of the Snake":[36]},"card_choices":[{"not_picked":["Underhanded Strike","Calculated Gamble"],"picked":"Dagger Spray","floor":1},{"not_picked":["Acrobatics","Dagger Throw"],"picked":"Predator","floor":2},{"not_picked":["Acrobatics","Bullet Time"],"picked":"Terror","floor":4},{"not_picked":["Tactician","Poisoned Stab"],"picked":"Dash","floor":5},{"not_picked":["Catalyst","Bane","Finisher"],"picked":"SKIP","floor":11},{"not_picked":["Finisher","Reflex"],"picked":"Poisoned Stab","floor":13},{"not_picked":["Burst","Unload"],"picked":"Glass Knife","floor":16},{"not_picked":["Choke","Dagger Throw"],"picked":"Acrobatics","floor":18},{"not_picked":["Backstab","Riddle With Holes","Slice"],"picked":"SKIP","floor":20},{"not_picked":["Bane","Deadly Poison"],"picked":"After Image","floor":23},{"not_picked":["Finisher","Expertise","All Out Attack+1"],"picked":"SKIP","floor":24},{"not_picked":["Cloak And Dagger","Underhanded Strike","Infinite Blades"],"picked":"SKIP","floor":25},{"not_picked":["Prepared+1","Sucker Punch"],"picked":"Blade Dance","floor":27},{"not_picked":["Underhanded Strike","Blade Dance"],"picked":"Backflip","floor":28},{"not_picked":["Masterful Stab","Setup","Dagger Throw"],"picked":"SKIP","floor":30},{"not_picked":["Concentrate","Eviscerate"],"picked":"PiercingWail","floor":31},{"not_picked":["All Out Attack","Setup"],"picked":"Blur","floor":32}],"player_experience":3930715,"relics_obtained":[{"floor":9,"key":"Vajra"},{"floor":13,"key":"Akabeko"},{"floor":23,"key":"Dream Catcher"},{"floor":28,"key":"Shovel"},{"floor":28,"key":"Matryoshka"},{"floor":31,"key":"Blood Vial"}],"event_choices":[{"damage_healed":0,"gold_gain":75,"player_choice":"Gather Gold","damage_taken":11,"max_hp_gain":0,"max_hp_loss":0,"event_name":"World of Goop","floor":3,"gold_loss":0},{"damage_healed":0,"gold_gain":0,"player_choice":"Fled","damage_taken":0,"max_hp_gain":0,"max_hp_loss":0,"event_name":"Scrap Ooze","floor":10,"gold_loss":0},{"damage_healed":0,"gold_gain":0,"cards_transformed":["Strike_G"],"player_choice":"Change","damage_taken":0,"max_hp_gain":0,"max_hp_loss":0,"event_name":"Living Wall","floor":14,"gold_loss":0,"cards_obtained":["Dodge and Roll"]},{"damage_healed":0,"gold_gain":0,"player_choice":"Read","damage_taken":0,"max_hp_gain":0,"max_hp_loss":0,"event_name":"The Library","floor":19,"gold_loss":0,"cards_obtained":["Leg Sweep"]},{"damage_healed":0,"gold_gain":0,"player_choice":"Opened","damage_taken":0,"relics_obtained":["Pear"],"max_hp_gain":0,"max_hp_loss":0,"event_name":"The Mausoleum","floor":21,"gold_loss":0,"cards_obtained":["Writhe"]},{"damage_healed":0,"gold_gain":0,"player_choice":"Fight","damage_taken":0,"max_hp_gain":0,"max_hp_loss":0,"event_name":"Colosseum","floor":28,"gold_loss":0},{"damage_healed":0,"gold_gain":0,"player_choice":"Fought Nobs","damage_taken":0,"max_hp_gain":0,"max_hp_loss":0,"event_name":"Colosseum","floor":28,"gold_loss":0}],"is_beta":true,"boss_relics":[{"not_picked":["SlaversCollar","WristBlade"],"picked":"Sozu"}],"items_purged_floors":[22],"is_endless":false,"potions_floor_spawned":[2,5,11,16,25,28,31],"killed_by":"Champ","ascension_level":20}}