{"host":"FirstDane","time":1611028061,"event":{"mods":["BaseMod","Bestiary","Highlight Path","Minty Spire (QoL Compilation)","Relic Stats","Slay the Relics Exporter"],"gold_per_floor":[111,127,127,127,8,42,52,52,52,68,96,96,114,134,134,209,209,222,50,67,67,67,93,93,127,201,230,8,8,34,54,54,131,131,146,161,181,197,222,252,252,278,305,305,323,323,359,398,410,422,434,446,458,71,99,99],"floor_reached":57,"language":"ENG","playtime":6831,"items_purged":["Pain","Strike_G"],"score":3210,"play_id":"b720bc13-c551-4c99-be90-1d3da49cec2f","local_time":"20210118214741","is_ascension_mode":true,"campfire_choices":[{"data":"Dash","floor":8,"key":"SMITH"},{"data":"Noxious Fumes","floor":12,"key":"SMITH"},{"data":"Neutralize","floor":15,"key":"SMITH"},{"data":"Bullet Time","floor":29,"key":"SMITH"},{"data":"Bane","floor":32,"key":"SMITH"},{"floor":41,"key":"RECALL"},{"floor":44,"key":"REST"},{"floor":49,"key":"REST"},{"floor":53,"key":"REST"}],"circlet_count":0,"master_deck":["AscendersBane","Strike_G+1","Strike_G+1","Strike_G","Defend_G","Defend_G","Defend_G","Defend_G","Defend_G","Survivor","Neutralize+1","Dash+1","Blade Dance","Noxious Fumes+1","Bullet Time+1","Bane+1","Acrobatics+1","Bouncing Flask+1","Venomology+1","Cloak And Dagger+1","Cloak And Dagger+1","Catalyst+1","Deadly Poison+1","Leg Sweep+1","Concentrate+1","Blur+1","Deadly Poison+1","Catalyst+1","PiercingWail+1","Wraith Form v2","Dark Shackles+1"],"relics":["Runic Pyramid","WarpedTongs","Ornamental Fan","Anchor","Toxic Egg 2","Black Star","PreservedInsect","Strawberry","Centennial Puzzle","Torii","Turnip","Regal Pillow","Pantograph","CeramicFish","Thread and Needle","Fusion Hammer","Tingsha","Art of War","Ancient Tea Set","Happy Flower","Whetstone","MawBank","Vajra","Medical Kit","Pear","InkBottle"],"acts_visited":["Exordium","TheCity","TheBeyond","TheEnding"],"potions_floor_usage":[11,18,20,23,23,25,27,27,31,33,33,37,38,40,42,47,50,56],"damage_taken":[{"damage":7,"enemies":"Small Slimes","floor":1,"turns":4},{"damage":0,"enemies":"Cultist","floor":2,"turns":4},{"damage":2,"enemies":"Lagavulin","floor":6,"turns":8},{"damage":0,"enemies":"Jaw Worm","floor":7,"turns":4},{"damage":0,"enemies":"Exordium Wildlife","floor":10,"turns":4},{"damage":2,"enemies":"3 Sentries","floor":11,"turns":6},{"damage":0,"enemies":"2 Fungi Beasts","floor":13,"turns":3},{"damage":0,"enemies":"Blue Slaver","floor":14,"turns":3},{"damage":0,"enemies":"The Guardian","floor":16,"turns":9},{"damage":1,"enemies":"Shell Parasite","floor":18,"turns":4},{"damage":0,"enemies":"3 Byrds","floor":20,"turns":4},{"damage":14,"enemies":"Slavers","floor":23,"turns":5},{"damage":0,"enemies":"Book of Stabbing","floor":25,"turns":4},{"damage":1,"enemies":"Slavers","floor":27,"turns":6},{"damage":1,"enemies":"Book of Stabbing","floor":30,"turns":5},{"damage":0,"enemies":"Sentry and Sphere","floor":31,"turns":4},{"damage":0,"enemies":"Collector","floor":33,"turns":7},{"damage":1,"enemies":"Orb Walker","floor":35,"turns":3},{"damage":0,"enemies":"3 Shapes","floor":36,"turns":4},{"damage":1,"enemies":"Sphere and 2 Shapes","floor":37,"turns":8},{"damage":1,"enemies":"Spire Growth","floor":38,"turns":4},{"damage":0,"enemies":"Mind Bloom Boss Battle","floor":39,"turns":6},{"damage":0,"enemies":"Giant Head","floor":40,"turns":6},{"damage":0,"enemies":"Nemesis","floor":42,"turns":5},{"damage":0,"enemies":"Maw","floor":45,"turns":6},{"damage":1,"enemies":"Giant Head","floor":47,"turns":5},{"damage":0,"enemies":"Sphere and 2 Shapes","floor":48,"turns":4},{"damage":12,"enemies":"Donu and Deca","floor":50,"turns":9},{"damage":11,"enemies":"Awakened One","floor":51,"turns":16},{"damage":14,"enemies":"Shield and Spear","floor":55,"turns":8},{"damage":2,"enemies":"The Heart","floor":56,"turns":6}],"seed_played":"-1604122599315549580","potions_obtained":[{"floor":1,"key":"Swift Potion"},{"floor":2,"key":"SpeedPotion"},{"floor":11,"key":"PowerPotion"},{"floor":23,"key":"Dexterity Potion"},{"floor":30,"key":"Swift Potion"},{"floor":31,"key":"Poison Potion"},{"floor":36,"key":"GhostInAJar"},{"floor":38,"key":"CunningPotion"},{"floor":47,"key":"LiquidMemories"}],"is_trial":false,"path_per_floor":["M","M","?","?","$","E","M","R","T","M","E","R","M","M","R","B",null,"M","$","M","?","?","E","?","E","T","E","$","R","E","M","R","B",null,"M","M","M","M","?","E","R","E","T","R","M","?","E","M","R","B","B",null,"R","$","E","B",null],"character_chosen":"THE_SILENT","items_purchased":["Noxious Fumes","PreservedInsect","Leg Sweep+1","Concentrate+1","Wraith Form v2","Medical Kit","Dark Shackles+1"],"campfire_rested":3,"item_purchase_floors":[5,19,28,28,54,54,54],"current_hp_per_floor":[52,52,45,45,45,43,43,43,43,43,41,41,41,41,41,41,60,59,59,59,59,59,52,52,52,52,51,51,51,50,50,50,73,73,72,72,71,70,73,73,73,73,73,73,73,73,72,72,73,61,62,70,73,73,69,81],"gold":99,"neow_bonus":"BOSS_RELIC","is_daily":false,"chose_seed":false,"campfire_upgraded":5,"win_rate":0.0,"timestamp":1611028061,"path_taken":["M","M","?","?","$","E","?","R","T","M","E","R","M","M","R","BOSS","M","$","M","?","?","E","?","E","T","E","?","R","E","M","R","BOSS","M","M","M","M","?","E","R","E","T","R","M","?","E","M","R","BOSS","BOSS","R","$","E","BOSS"],"items_purchased_type":["Card","Relic","Card","Card","Card","Relic","Card"],"build_version":"2020-12-18","purchased_purges":2,"victory":true,"max_hp_per_floor":[66,66,66,66,66,66,66,66,66,66,66,66,66,66,66,66,66,66,66,66,66,66,73,73,73,73,73,73,73,73,73,73,73,73,73,73,73,73,73,73,73,73,73,73,73,73,73,73,73,73,73,73,73,73,83,83],"relic_stats":{"Regal Pillow":0,"Torii":22,"Happy Flower":[18],"counters":[31,174],"CeramicFish":54,"Tingsha":[91],"PreservedInsect":556,"Whetstone":["Strike_G","Strike_G"],"MawBank":84,"Medical Kit":[6],"WarpedTongs":[152],"Centennial Puzzle":[30],"Ornamental Fan":[284],"Pantograph":52,"Turnip":[27],"Black Star":8,"Art of War":[14],"obtain_stats":[{"Regal Pillow":27,"Torii":25,"CeramicFish":30,"Vajra":47,"Whetstone":43,"Ancient Tea Set":42,"Centennial Puzzle":23,"Strawberry":23,"Pantograph":27,"Fusion Hammer":34,"Toxic Egg 2":11,"InkBottle":55,"Ring of the Snake":0,"Runic Pyramid":0,"Pear":55,"Happy Flower":42,"Thread and Needle":30,"Tingsha":39,"PreservedInsect":19,"MawBank":47,"Medical Kit":54,"WarpedTongs":4,"Anchor":9,"Ornamental Fan":6,"Turnip":25,"Black Star":17,"Art of War":40},{"Regal Pillow":14,"Torii":13,"CeramicFish":15,"Vajra":26,"Whetstone":24,"Ancient Tea Set":24,"Centennial Puzzle":12,"Strawberry":12,"Pantograph":14,"Fusion Hammer":17,"Toxic Egg 2":6,"InkBottle":30,"Ring of the Snake":0,"Runic Pyramid":0,"Pear":30,"Happy Flower":24,"Thread and Needle":15,"Tingsha":22,"PreservedInsect":10,"MawBank":26,"Medical Kit":29,"WarpedTongs":2,"Anchor":4,"Ornamental Fan":3,"Turnip":13,"Black Star":9,"Art of War":23},{"Regal Pillow":68,"Torii":62,"CeramicFish":73,"Vajra":131,"Whetstone":120,"Ancient Tea Set":120,"Centennial Puzzle":58,"Strawberry":58,"Pantograph":68,"Fusion Hammer":84,"Toxic Egg 2":30,"InkBottle":168,"Ring of the Snake":0,"Runic Pyramid":0,"Pear":168,"Happy Flower":120,"Thread and Needle":73,"Tingsha":109,"PreservedInsect":49,"MawBank":131,"Medical Kit":160,"WarpedTongs":8,"Anchor":20,"Ornamental Fan":16,"Turnip":62,"Black Star":45,"Art of War":115}],"InkBottle":[2]},"card_choices":[{"not_picked":["Heel Hook","Crippling Poison"],"picked":"Dash","floor":1},{"not_picked":["Backstab","Backflip"],"picked":"Blade Dance","floor":2},{"not_picked":["Catalyst","Cloak And Dagger"],"picked":"Bullet Time","floor":6},{"not_picked":["All Out Attack","Endless Agony"],"picked":"Bane","floor":7},{"not_picked":["Escape Plan","Quick Slash","Backflip"],"picked":"SKIP","floor":10},{"not_picked":["Caltrops","Poisoned Stab"],"picked":"Acrobatics+1","floor":11},{"not_picked":["PiercingWail+1","Bane"],"picked":"Bouncing Flask+1","floor":13},{"not_picked":["Flechettes","Dash","Distraction+1"],"picked":"SKIP","floor":14},{"not_picked":["Die Die Die","Tools of the Trade"],"picked":"Venomology+1","floor":16},{"not_picked":["Bane","Sucker Punch"],"picked":"Cloak And Dagger+1","floor":18},{"not_picked":["Slice+1","Backflip+1"],"picked":"Cloak And Dagger+1","floor":20},{"not_picked":["Underhanded Strike","Eviscerate"],"picked":"Catalyst+1","floor":23},{"not_picked":["Prepared+1","Poisoned Stab"],"picked":"Deadly Poison+1","floor":25},{"not_picked":["Flying Knee","All Out Attack+1","Tactician+1"],"picked":"SKIP","floor":27},{"not_picked":["Outmaneuver+1","Slice","A Thousand Cuts"],"picked":"SKIP","floor":30},{"not_picked":["Reflex+1","Backflip+1"],"picked":"Blur+1","floor":31},{"not_picked":["Sucker Punch","Heel Hook","Backstab"],"picked":"SKIP","floor":35},{"not_picked":["Setup+1","Cloak And Dagger+1","Flying Knee"],"picked":"SKIP","floor":36},{"not_picked":["Slice+1","Poisoned Stab"],"picked":"Deadly Poison+1","floor":37},{"not_picked":["Unload","Quick Slash","Prepared+1"],"picked":"SKIP","floor":38},{"not_picked":["Deflect+1","Sucker Punch","Terror+1"],"picked":"SKIP","floor":40},{"not_picked":["Choke","Masterful Stab","Finisher"],"picked":"SKIP","floor":42},{"not_picked":["Slice","Escape Plan+1","Deadly Poison+1"],"picked":"SKIP","floor":45},{"not_picked":["Calculated Gamble+1","Flying Knee"],"picked":"Catalyst+1","floor":47},{"not_picked":["Finisher+1","Dash"],"picked":"PiercingWail+1","floor":48},{"not_picked":["Sucker Punch","Flechettes","Outmaneuver+1"],"picked":"SKIP","floor":55}],"player_experience":3937128,"relics_obtained":[{"floor":6,"key":"Ornamental Fan"},{"floor":9,"key":"Anchor"},{"floor":11,"key":"Toxic Egg 2"},{"floor":23,"key":"Strawberry"},{"floor":23,"key":"Centennial Puzzle"},{"floor":25,"key":"Torii"},{"floor":25,"key":"Turnip"},{"floor":27,"key":"Regal Pillow"},{"floor":27,"key":"Pantograph"},{"floor":30,"key":"CeramicFish"},{"floor":30,"key":"Thread and Needle"},{"floor":39,"key":"Tingsha"},{"floor":40,"key":"Art of War"},{"floor":42,"key":"Ancient Tea Set"},{"floor":42,"key":"Happy Flower"},{"floor":43,"key":"Whetstone"},{"floor":47,"key":"MawBank"},{"floor":47,"key":"Vajra"},{"floor":55,"key":"Pear"},{"floor":55,"key":"InkBottle"}],"event_choices":[{"cards_removed":["Strike_G"],"damage_healed":0,"gold_gain":0,"player_choice":"Card Removal","damage_taken":7,"max_hp_gain":0,"max_hp_loss":0,"event_name":"Golden Wing","floor":3,"gold_loss":0},{"damage_healed":0,"gold_gain":0,"player_choice":"Rummage","damage_taken":0,"relics_obtained":["WarpedTongs"],"max_hp_gain":0,"max_hp_loss":0,"event_name":"Accursed Blacksmith","floor":4,"gold_loss":0,"cards_obtained":["Pain"]},{"damage_healed":0,"gold_gain":0,"player_choice":"Ignored","damage_taken":0,"max_hp_gain":0,"max_hp_loss":0,"event_name":"The Mausoleum","floor":22,"gold_loss":0},{"damage_healed":0,"gold_gain":0,"player_choice":"Ignored","damage_taken":0,"max_hp_gain":0,"max_hp_loss":0,"event_name":"Vampires","floor":24,"gold_loss":0},{"damage_healed":0,"gold_gain":0,"player_choice":"Fight","damage_taken":0,"max_hp_gain":0,"max_hp_loss":0,"event_name":"MindBloom","floor":39,"gold_loss":0},{"damage_healed":0,"gold_gain":0,"player_choice":"Ignored","damage_taken":0,"max_hp_gain":0,"max_hp_loss":0,"event_name":"Tomb of Lord Red Mask","floor":46,"gold_loss":0}],"is_beta":true,"boss_relics":[{"not_picked":["SlaversCollar","Cursed Key"],"picked":"Black Star"},{"not_picked":["Philosopher\u0027s Stone","Calling Bell"],"picked":"Fusion Hammer"}],"items_purged_floors":[5,28],"is_endless":false,"potions_floor_spawned":[1,2,11,23,30,31,36,37,38,39,40,47,55],"ascension_level":20}}