{"host":"3oax8yz66k5njorr","time":1611057621,"event":{"mods":["AchievementEnabler","BaseMod","Colored Map","Colored Powertips","DeckTracker","Minty Spire (QoL Compilation)","Rare Cards Sparkle"],"gold_per_floor":[117,117,127,57,69,69,104,68,115,189,189,189,207,46,46,146,146,156,176,176,176,176,176],"floor_reached":22,"language":"KOR","playtime":1184,"items_purged":[],"score":184,"play_id":"72ce55ac-98f2-442c-83e5-e95b78d50538","local_time":"20210119210021","is_ascension_mode":false,"campfire_choices":[{"data":"Zap","floor":6,"key":"SMITH"},{"data":"Dualcast","floor":12,"key":"SMITH"},{"floor":15,"key":"REST"}],"circlet_count":0,"master_deck":["Strike_B","Strike_B","Strike_B","Strike_B","Defend_B","Defend_B","Defend_B","Defend_B","Zap+1","Dualcast+1","Barrage","Streamline","Beam Cell","Go for the Eyes","Capacitor","Sweeping Beam","Self Repair","Auto Shields","Consume","Finesse","Electrodynamics","FTL","Conserve Battery","Coolheaded"],"relics":["Cracked Core","Happy Flower","Pen Nib","Toy Ornithopter","Singing Bowl","Inserter"],"acts_visited":["TheCity"],"potions_floor_usage":[16,21],"damage_taken":[{"damage":1,"enemies":"Cultist","floor":1,"turns":3},{"damage":8,"enemies":"Jaw Worm","floor":3,"turns":3},{"damage":2,"enemies":"2 Louse","floor":5,"turns":2},{"damage":35,"enemies":"3 Sentries","floor":7,"turns":7},{"damage":11,"enemies":"Red Slaver","floor":13,"turns":4},{"damage":33,"enemies":"Slime Boss","floor":16,"turns":10},{"damage":17,"enemies":"Spheric Guardian","floor":18,"turns":4},{"damage":27,"enemies":"2 Thieves","floor":19,"turns":4},{"damage":14,"enemies":"Snake Plant","floor":21,"turns":2},{"damage":36,"enemies":"Sentry and Sphere","floor":22,"turns":5}],"seed_played":"1350506259594091467","potions_obtained":[{"floor":1,"key":"Energy Potion"},{"floor":3,"key":"GamblersBrew"},{"floor":18,"key":"SmokeBomb"}],"is_trial":false,"path_per_floor":["M","?","M","$","M","R","E","$","T","T","?","R","M","$","R","B",null,"M","M","?","M","M"],"character_chosen":"DEFECT","items_purchased":["Beam Cell","Go for the Eyes","Self Repair","Consume","Finesse"],"campfire_rested":1,"item_purchase_floors":[4,4,8,14,14],"current_hp_per_floor":[74,74,66,66,64,64,29,29,29,29,29,29,25,25,47,26,75,65,45,45,36,0,0],"gold":176,"neow_bonus":"RANDOM_COMMON_RELIC","is_daily":false,"chose_seed":false,"campfire_upgraded":2,"win_rate":0.0,"timestamp":1611057621,"path_taken":["M","?","M","$","M","R","E","$","T","?","?","R","M","$","R","BOSS","M","M","?","M","M"],"items_purchased_type":["Card","Card","Card","Card","Card"],"build_version":"2020-12-22","purchased_purges":0,"victory":false,"max_hp_per_floor":[75,75,75,75,75,75,75,75,75,75,75,75,75,75,75,75,75,75,75,75,75,75,75],"card_choices":[{"not_picked":["Static Discharge","Leap"],"picked":"Barrage","floor":1},{"not_picked":["Rebound","Leap"],"picked":"Streamline","floor":3},{"not_picked":["Coolheaded","Sunder"],"picked":"Capacitor","floor":5},{"not_picked":["Beam Cell","Stack"],"picked":"Sweeping Beam","floor":7},{"not_picked":["Rebound","Beam Cell"],"picked":"Auto Shields","floor":13},{"not_picked":["Thunder Strike","Fission"],"picked":"Electrodynamics","floor":16},{"not_picked":["Gash+1","Rebound"],"picked":"FTL","floor":18},{"not_picked":["Go for the Eyes","Turbo"],"picked":"Conserve Battery","floor":19}],"player_experience":64453,"relics_obtained":[{"floor":7,"key":"Pen Nib"},{"floor":9,"key":"Toy Ornithopter"},{"floor":10,"key":"Singing Bowl"}],"event_choices":[{"damage_healed":0,"gold_gain":0,"player_choice":"Ignored","damage_taken":0,"max_hp_gain":0,"max_hp_loss":0,"event_name":"Liars Game","floor":2,"gold_loss":0},{"damage_healed":0,"gold_gain":0,"player_choice":"Ignored","damage_taken":0,"max_hp_gain":0,"max_hp_loss":0,"event_name":"NoteForYourself","floor":11,"gold_loss":0},{"damage_healed":0,"gold_gain":0,"player_choice":"Read","damage_taken":0,"max_hp_gain":0,"max_hp_loss":0,"event_name":"The Library","floor":20,"gold_loss":0,"cards_obtained":["Coolheaded"]}],"is_beta":false,"boss_relics":[{"not_picked":["Pandora\u0027s Box","Busted Crown"],"picked":"Inserter"}],"items_purged_floors":[],"is_endless":false,"potions_floor_spawned":[1,3,18,21],"killed_by":"Sentry and Sphere","ascension_level":0}}