{"host":"y193d0agu1dp5x1y","time":1611089062,"event":{"mods":["AchievementEnabler","BaseMod","Googly Eyes","Minty Spire (QoL Compilation)"],"gold_per_floor":[116,41,41,41,55,88,102,125,125,125,125,144,162,195,195,323,323,341,365,365,106,127,165,116,116,116],"floor_reached":25,"language":"ENG","playtime":1374,"items_purged":["Strike_P"],"score":282,"play_id":"3527866a-bf78-4fcc-9120-83bba5e5bc91","local_time":"20210119144422","is_ascension_mode":false,"campfire_choices":[{"floor":10.0,"key":"REST"},{"data":"BattleHymn","floor":15.0,"key":"SMITH"}],"circlet_count":0,"master_deck":["Strike_P","Strike_P","Defend_P+1","Defend_P","Eruption","Vigilance","ClearTheMind+1","TalkToTheHand","Halt","Sanctity","ForeignInfluence","FlurryOfBlows","BattleHymn+1","SandsOfTime+1","Vault+1","ReachHeaven+1","EmptyBody","Consecrate+1","MentalFortress","JustLucky","FlurryOfBlows","EmptyFist"],"relics":["PureWater","NeowsBlessing","Golden Idol","Oddly Smooth Stone","Pantograph","WarpedTongs","Mango","Astrolabe","Spirit Poop","Juzu Bracelet","Girya"],"acts_visited":["TheCity"],"potions_floor_usage":[16,23,23],"damage_taken":[{"damage":0.0,"enemies":"Cultist","floor":1.0,"turns":1.0},{"damage":0.0,"enemies":"Small Slimes","floor":5.0,"turns":1.0},{"damage":0.0,"enemies":"Lagavulin","floor":6.0,"turns":1.0},{"damage":0.0,"enemies":"2 Louse","floor":7.0,"turns":2.0},{"damage":29.0,"enemies":"Gremlin Gang","floor":8.0,"turns":8.0},{"damage":3.0,"enemies":"Large Slime","floor":12.0,"turns":4.0},{"damage":5.0,"enemies":"Exordium Thugs","floor":13.0,"turns":3.0},{"damage":2.0,"enemies":"Gremlin Nob","floor":14.0,"turns":2.0},{"damage":34,"enemies":"The Guardian","floor":16,"turns":6},{"damage":4,"enemies":"Spheric Guardian","floor":18,"turns":2},{"damage":13,"enemies":"Chosen","floor":19,"turns":4},{"damage":33,"enemies":"Centurion and Healer","floor":22,"turns":4},{"damage":12,"enemies":"Book of Stabbing","floor":23,"turns":4},{"damage":26,"enemies":"Slavers","floor":25,"turns":4}],"seed_played":"-638565548614824575","potions_obtained":[{"floor":1.0,"key":"CultistPotion"},{"floor":5.0,"key":"DistilledChaos"},{"floor":8.0,"key":"CultistPotion"},{"floor":12.0,"key":"Fire Potion"},{"floor":14.0,"key":"LiquidBronze"},{"floor":19,"key":"Block Potion"},{"floor":22,"key":"PowerPotion"}],"is_trial":false,"path_per_floor":["M","$","?","?","M","E","M","M","T","R","?","M","M","E","R","B",null,"M","M","?","$","M","E","$","E"],"character_chosen":"WATCHER","items_purchased":["MentalFortress","Juzu Bracelet","JustLucky","EmptyFist"],"campfire_rested":1,"item_purchase_floors":[21,21,21,24],"current_hp_per_floor":[72,72,58,40,40,40,40,11,11,32,32,29,24,36,36,27,86,82,69,69,69,36,24,24,0,0],"gold":116,"neow_bonus":"THREE_ENEMY_KILL","is_daily":false,"chose_seed":false,"campfire_upgraded":1,"win_rate":0.0,"timestamp":1611089062,"path_taken":["M","?","?","?","M","E","M","M","T","R","?","?","M","E","R","BOSS","M","M","?","$","M","E","$","E"],"items_purchased_type":["Card","Relic","Card","Card"],"build_version":"2020-12-22","purchased_purges":1,"victory":false,"max_hp_per_floor":[72,72,72,72,72,72,72,72,72,72,72,72,72,86,86,86,86,86,86,86,86,86,86,86,86,86],"card_choices":[{"not_picked":["PathToVictory","Weave"],"picked":"ClearTheMind","floor":1.0},{"not_picked":["JustLucky","BowlingBash"],"picked":"TalkToTheHand","floor":5.0},{"not_picked":["Weave","Fasting2","FlyingSleeves"],"picked":"SKIP","floor":6.0},{"not_picked":["Perseverance","EmptyBody"],"picked":"Halt","floor":7.0},{"not_picked":["Weave","Perseverance"],"picked":"Sanctity","floor":8.0},{"not_picked":["WheelKick","Protect"],"picked":"ForeignInfluence","floor":12.0},{"not_picked":["BattleHymn","Meditate"],"picked":"FlurryOfBlows","floor":13.0},{"not_picked":["Prostrate","SashWhip"],"picked":"BattleHymn","floor":14.0},{"not_picked":["FlyingSleeves","Fasting2"],"picked":"EmptyBody","floor":18},{"not_picked":["WaveOfTheHand","BattleHymn"],"picked":"Consecrate+1","floor":19},{"not_picked":["Protect+1","Consecrate"],"picked":"FlurryOfBlows","floor":22},{"not_picked":["FearNoEvil","TalkToTheHand","SashWhip"],"picked":"SKIP","floor":23}],"player_experience":130954,"relics_obtained":[{"floor":6.0,"key":"Oddly Smooth Stone"},{"floor":9.0,"key":"Pantograph"},{"floor":14.0,"key":"Mango"},{"floor":23,"key":"Girya"}],"event_choices":[{"damage_healed":0.0,"max_hp_gain":0.0,"max_hp_loss":0.0,"gold_gain":0.0,"event_name":"Shining Light","player_choice":"Entered Light","floor":3.0,"gold_loss":0.0,"damage_taken":14.0,"cards_upgraded":["ClearTheMind","Defend_P"]},{"damage_healed":0.0,"max_hp_gain":0.0,"max_hp_loss":0.0,"gold_gain":0.0,"event_name":"Golden Idol","player_choice":"Take Damage","floor":4.0,"gold_loss":0.0,"damage_taken":18.0,"relics_obtained":["Golden Idol"]},{"damage_healed":0.0,"max_hp_gain":0.0,"max_hp_loss":0.0,"gold_gain":0.0,"event_name":"Accursed Blacksmith","player_choice":"Rummage","floor":11.0,"gold_loss":0.0,"damage_taken":0.0,"relics_obtained":["WarpedTongs"],"cards_obtained":["Pain"]},{"cards_removed":["Pain"],"damage_healed":0,"gold_gain":0,"player_choice":"Offered Curse","damage_taken":0,"relics_obtained":["Spirit Poop"],"max_hp_gain":0,"max_hp_loss":0,"event_name":"Bonfire Elementals","floor":20,"gold_loss":0}],"is_beta":false,"boss_relics":[{"not_picked":["Sozu","Calling Bell"],"picked":"Astrolabe"}],"items_purged_floors":[2],"is_endless":false,"potions_floor_spawned":[1,5,8,12,14,19,22],"killed_by":"Slavers","ascension_level":0}}