{"host":"yvb207ks1sg3cxef","time":1611049554,"event":{"mods":["2.2 Compatiblity","BaseMod","Bestiary","Colored Powertips","Minty Spire (QoL Compilation)","Permanent Neow","Quick Restart","Relic Stats","StSLib"],"gold_per_floor":[115,115,132,132,31,31,46,46,46,76,89,108,121,156,156,229,229,247,258,277,293,305,340,374,374,374,400,400,400],"floor_reached":28,"language":"ENG","playtime":2042,"items_purged":["Strike_P"],"score":531,"play_id":"8ef647de-fa8c-40f0-8113-39896008f3ee","local_time":"20210119151554","is_ascension_mode":true,"campfire_choices":[{"data":"Eruption","floor":6,"key":"SMITH"},{"data":"Secret Technique","floor":8,"key":"SMITH"},{"data":"Meditate","floor":15,"key":"SMITH"},{"data":"LikeWater","floor":25,"key":"SMITH"}],"circlet_count":0,"master_deck":["AscendersBane","Strike_P","Strike_P+1","Strike_P+1","Defend_P","Defend_P+1","Defend_P+1","Defend_P+1","Eruption+1","Vigilance+1","Secret Technique+1","WheelKick","CrushJoints","SashWhip","InnerPeace","LikeWater+1","Meditate+1","Prostrate+1","Prostrate","LessonLearned","Protect+1","LikeWater","Scrawl","FlurryOfBlows","Adaptation+1","Prostrate","Halt+1"],"relics":["PureWater","Thread and Needle","Pantograph","Bag of Marbles","Cursed Key","Anchor","Red Mask","Damaru"],"acts_visited":["Exordium","TheCity"],"potions_floor_usage":[12,22,24,27],"damage_taken":[{"damage":1,"enemies":"2 Louse","floor":1,"turns":4},{"damage":0,"enemies":"Small Slimes","floor":3,"turns":2},{"damage":1,"enemies":"Jaw Worm","floor":7,"turns":4},{"damage":7,"enemies":"Gremlin Nob","floor":10,"turns":3},{"damage":2,"enemies":"Blue Slaver","floor":11,"turns":4},{"damage":0,"enemies":"Exordium Thugs","floor":12,"turns":4},{"damage":0,"enemies":"Large Slime","floor":13,"turns":4},{"damage":7,"enemies":"3 Sentries","floor":14,"turns":11},{"damage":0,"enemies":"Slime Boss","floor":16,"turns":6},{"damage":4,"enemies":"2 Thieves","floor":18,"turns":4},{"damage":0,"enemies":"Shell Parasite","floor":19,"turns":7},{"damage":1,"enemies":"Snake Plant","floor":20,"turns":6},{"damage":6,"enemies":"Chosen and Byrds","floor":21,"turns":11},{"damage":4,"enemies":"3 Cultists","floor":22,"turns":6},{"damage":10,"enemies":"Slavers","floor":23,"turns":10},{"damage":0,"enemies":"Masked Bandits","floor":24,"turns":9},{"damage":39,"enemies":"Gremlin Leader","floor":27,"turns":13},{"damage":8,"enemies":"Snake Plant","floor":28,"turns":4}],"seed_played":"6729728949661424392","potions_obtained":[{"floor":1,"key":"Block Potion"},{"floor":11,"key":"DuplicationPotion"},{"floor":12,"key":"Dexterity Potion"},{"floor":24,"key":"Weak Potion"},{"floor":27,"key":"StancePotion"}],"is_trial":false,"path_per_floor":["M","?","M","?","$","R","M","R","T","E","M","M","M","E","R","B",null,"M","M","M","M","M","E","?","R","T","E","M"],"character_chosen":"WATCHER","items_purchased":["SashWhip"],"campfire_rested":0,"item_purchase_floors":[5],"current_hp_per_floor":[46,51,51,36,36,36,35,35,35,28,26,26,26,19,19,44,69,65,65,64,58,54,44,44,44,44,5,0,0],"gold":400,"neow_bonus":"RANDOM_COLORLESS_2","is_daily":false,"chose_seed":false,"campfire_upgraded":4,"win_rate":0.0,"timestamp":1611049554,"path_taken":["M","?","M","?","$","R","M","R","T","E","M","M","M","E","R","BOSS","M","M","M","M","M","E","?","R","T","E","M"],"items_purchased_type":["Card"],"build_version":"2020-12-22","purchased_purges":1,"victory":false,"max_hp_per_floor":[72,77,77,77,77,77,77,77,77,77,77,77,77,77,77,77,77,77,77,77,77,77,77,77,77,77,77,77,77],"relic_stats":{"counters":[18,112],"Pantograph":25,"Cursed Key":0,"obtain_stats":[{"Anchor":23,"Pantograph":10,"Damaru":27,"Thread and Needle":9,"Bag of Marbles":14,"Red Mask":24,"PureWater":0,"Cursed Key":17},{"Anchor":15,"Pantograph":4,"Damaru":17,"Thread and Needle":3,"Bag of Marbles":8,"Red Mask":16,"PureWater":0,"Cursed Key":9},{"Anchor":86,"Pantograph":13,"Damaru":108,"Thread and Needle":10,"Bag of Marbles":36,"Red Mask":95,"PureWater":0,"Cursed Key":42}]},"card_choices":[{"not_picked":["Panache","Violence"],"picked":"Secret Technique","floor":0},{"not_picked":["FollowUp","Prostrate"],"picked":"WheelKick","floor":1},{"not_picked":["Prostrate","EmptyBody"],"picked":"CrushJoints","floor":3},{"not_picked":["SandsOfTime","CutThroughFate"],"picked":"InnerPeace","floor":7},{"not_picked":["BattleHymn","JustLucky"],"picked":"LikeWater","floor":10},{"not_picked":["Sanctity","EmptyFist"],"picked":"Meditate","floor":11},{"not_picked":["FlurryOfBlows","SashWhip"],"picked":"Prostrate","floor":12},{"not_picked":["InnerPeace","FollowUp"],"picked":"Prostrate","floor":13},{"not_picked":["Collect","FlyingSleeves","Indignation"],"picked":"SKIP","floor":14},{"not_picked":["Wish","Omniscience"],"picked":"LessonLearned","floor":16},{"not_picked":["Nirvana","Indignation"],"picked":"Protect","floor":18},{"not_picked":["Study","EmptyBody"],"picked":"LikeWater","floor":19},{"not_picked":["WindmillStrike","EmptyFist"],"picked":"Scrawl","floor":20},{"not_picked":["CarveReality","Conclude","ThirdEye"],"picked":"SKIP","floor":21},{"not_picked":["Weave","Worship"],"picked":"FlurryOfBlows","floor":22},{"not_picked":["Nirvana","DeusExMachina"],"picked":"Adaptation","floor":23},{"not_picked":["ThirdEye+1","EmptyBody"],"picked":"Prostrate","floor":24},{"not_picked":["EmptyFist","Evaluate"],"picked":"Halt+1","floor":27}],"player_experience":392881,"relics_obtained":[{"floor":9,"key":"Thread and Needle"},{"floor":10,"key":"Pantograph"},{"floor":14,"key":"Bag of Marbles"},{"floor":23,"key":"Anchor"},{"floor":24,"key":"Red Mask"},{"floor":27,"key":"Damaru"}],"event_choices":[{"damage_healed":0,"gold_gain":0,"player_choice":"Donut","damage_taken":0,"max_hp_gain":5,"max_hp_loss":0,"event_name":"Big Fish","floor":2,"gold_loss":0},{"damage_healed":0,"gold_gain":0,"player_choice":"Entered Light","damage_taken":15,"max_hp_gain":0,"max_hp_loss":0,"event_name":"Shining Light","floor":4,"gold_loss":0,"cards_upgraded":["Vigilance","Strike_P"]},{"damage_healed":0,"gold_gain":0,"player_choice":"Fought Bandits","damage_taken":0,"max_hp_gain":0,"max_hp_loss":0,"event_name":"Masked Bandits","floor":24,"gold_loss":0}],"is_beta":false,"boss_relics":[{"not_picked":["Busted Crown","Ectoplasm"],"picked":"Cursed Key"}],"items_purged_floors":[5],"is_endless":false,"potions_floor_spawned":[1,11,12,19,24,27],"killed_by":"Snake Plant","ascension_level":13}}