{"host":"l5xpox9cbdko122s","time":1611068065,"event":{"mods":["BaseMod","Minty Spire (QoL Compilation)"],"gold_per_floor":[110,185,254,268,282,282,294,294,294,40,97,128,53,53,53,148,148,168,168,168,168,181,181,196,50,50,50,50,50,50],"floor_reached":29,"language":"ENG","playtime":1378,"items_purged":["Defend_P"],"score":219,"play_id":"abacfb85-c483-4962-ae7a-341dd82fe357","local_time":"20210119095425","is_ascension_mode":false,"campfire_choices":[{"floor":6,"key":"RECALL"},{"data":"Eruption","floor":8,"key":"SMITH"},{"data":"EmptyFist","floor":15,"key":"SMITH"},{"data":"Halt","floor":23,"key":"SMITH"},{"data":"Vigilance","floor":27,"key":"SMITH"}],"circlet_count":0,"master_deck":["Strike_P","Strike_P","Strike_P","Defend_P","Defend_P","Defend_P","Eruption+1","Vigilance+1","EmptyFist+1","EmptyBody","Halt+1"],"relics":["Coffee Dripper","Bottled Flame","Pear","Darkstone Periapt","Happy Flower","CultistMask","SlaversCollar","Sling","Damaru"],"acts_visited":["Exordium","TheCity"],"potions_floor_usage":[7,12,12,18],"damage_taken":[{"damage":1,"enemies":"2 Louse","floor":1,"turns":2},{"damage":2,"enemies":"Jaw Worm","floor":4,"turns":4},{"damage":0,"enemies":"Cultist","floor":5,"turns":4},{"damage":5,"enemies":"Red Slaver","floor":7,"turns":3},{"damage":9,"enemies":"3 Sentries","floor":11,"turns":6},{"damage":11,"enemies":"3 Sentries","floor":12,"turns":6},{"damage":20,"enemies":"The Guardian","floor":16,"turns":13},{"damage":0,"enemies":"3 Byrds","floor":18,"turns":4},{"damage":37,"enemies":"Chosen","floor":22,"turns":6},{"damage":33,"enemies":"Centurion and Healer","floor":24,"turns":8},{"damage":12,"enemies":"Shelled Parasite and Fungi","floor":29,"turns":2}],"seed_played":"-8158804982546081804","potions_obtained":[{"floor":5,"key":"SkillPotion"},{"floor":7,"key":"LiquidBronze"},{"floor":11,"key":"BlessingOfTheForge"},{"floor":16,"key":"SkillPotion"},{"floor":22,"key":"CultistPotion"}],"is_trial":false,"path_per_floor":["M","?","T","M","M","R","M","R","T","$","?","E","$","?","R","B",null,"M","?","?","?","M","R","M","$","T","R","?","M"],"character_chosen":"WATCHER","items_purchased":["Pear","Sling"],"campfire_rested":0,"item_purchase_floors":[10,25],"current_hp_per_floor":[71,60,60,58,58,58,53,53,53,63,54,43,43,43,43,23,82,82,82,82,82,45,45,12,12,12,12,12,0,0],"gold":50,"neow_bonus":"BOSS_RELIC","is_daily":false,"chose_seed":false,"campfire_upgraded":4,"win_rate":0.0,"timestamp":1611068065,"path_taken":["M","?","?","M","M","R","?","R","T","?","?","E","$","?","R","BOSS","M","?","?","?","?","R","?","$","T","R","?","M"],"items_purchased_type":["Relic","Relic"],"build_version":"2020-12-22","purchased_purges":1,"victory":false,"max_hp_per_floor":[72,72,72,72,72,72,72,72,72,82,82,82,82,82,82,82,82,82,82,82,82,82,82,82,82,82,82,82,82,82],"card_choices":[{"not_picked":["Protect","Weave"],"picked":"EmptyFist","floor":1},{"not_picked":["Nirvana","PathToVictory","CarveReality"],"picked":"SKIP","floor":4},{"not_picked":["Indignation","TalkToTheHand","CarveReality"],"picked":"SKIP","floor":5},{"not_picked":["EmptyMind","FlurryOfBlows","Indignation"],"picked":"SKIP","floor":7},{"not_picked":["FollowUp","CarveReality"],"picked":"EmptyBody","floor":12},{"not_picked":["ThirdEye","SashWhip"],"picked":"Halt","floor":18},{"not_picked":["Halt","Adaptation","BattleHymn"],"picked":"SKIP","floor":22},{"not_picked":["Vengeance","BowlingBash","Evaluate+1"],"picked":"SKIP","floor":24}],"player_experience":127427,"relics_obtained":[{"floor":9,"key":"Bottled Flame"},{"floor":11,"key":"Darkstone Periapt"},{"floor":12,"key":"Happy Flower"},{"floor":26,"key":"Damaru"}],"event_choices":[{"damage_healed":0,"gold_gain":75,"player_choice":"Gather Gold","damage_taken":11,"max_hp_gain":0,"max_hp_loss":0,"event_name":"World of Goop","floor":2,"gold_loss":0},{"damage_healed":0,"gold_gain":0,"player_choice":"Searched \u00271\u0027 times","damage_taken":0,"max_hp_gain":0,"max_hp_loss":0,"event_name":"Dead Adventurer","floor":11,"gold_loss":0},{"damage_healed":0,"gold_gain":0,"player_choice":"Trade","damage_taken":0,"relics_obtained":["CultistMask"],"max_hp_gain":0,"max_hp_loss":0,"event_name":"FaceTrader","floor":14,"gold_loss":0},{"damage_healed":0,"gold_gain":0,"player_choice":"Ignored","damage_taken":0,"max_hp_gain":0,"max_hp_loss":0,"event_name":"Vampires","floor":19,"gold_loss":0},{"damage_healed":0,"gold_gain":0,"player_choice":"Ignored","damage_taken":0,"max_hp_gain":0,"max_hp_loss":0,"event_name":"Ghosts","floor":20,"gold_loss":0},{"damage_healed":0,"gold_gain":0,"player_choice":"Ignored","damage_taken":0,"max_hp_gain":0,"max_hp_loss":0,"event_name":"Duplicator","floor":21,"gold_loss":0},{"cards_removed":["Strike_P"],"damage_healed":0,"gold_gain":0,"player_choice":"Elegance","damage_taken":0,"max_hp_gain":0,"max_hp_loss":0,"event_name":"Back to Basics","floor":28,"gold_loss":0}],"is_beta":false,"boss_relics":[{"not_picked":["Ectoplasm","Runic Dome"],"picked":"SlaversCollar"}],"items_purged_floors":[13],"is_endless":false,"potions_floor_spawned":[5,7,11,16,22],"killed_by":"Shelled Parasite and Fungi","ascension_level":0}}