{"host":"dowi7cgbhepuzvpj","time":1611043909,"event":{"mods":["AchievementEnabler","BaseMod","Colored Map","Highlight Path","Keyboard Shortcuts","Minty Spire (QoL Compilation)","Permanent Neow","Quick Restart","StSLib","SuperFastMode"],"gold_per_floor":[114,114,31,45,57,57,57,76,76,91,159,193,193,208,208,208,208],"floor_reached":16,"language":"KOR","playtime":340,"items_purged":[],"score":204,"play_id":"90a26c34-d145-4c56-8a4b-01ddcc553066","local_time":"20210119171149","is_ascension_mode":true,"campfire_choices":[{"data":"Adrenaline","floor":6.0,"key":"SMITH"},{"data":"Noxious Fumes","floor":13,"key":"SMITH"},{"floor":15,"key":"REST"}],"circlet_count":0,"master_deck":["AscendersBane","Strike_G","Strike_G","Strike_G","Strike_G","Strike_G+1","Defend_G","Defend_G","Defend_G","Defend_G","Defend_G","Survivor","Neutralize+1","PiercingWail","Adrenaline+1","Dagger Throw+1","Deadly Poison","Noxious Fumes+1","Dagger Throw+1","Cloak And Dagger"],"relics":["Philosopher\u0027s Stone","Happy Flower","Molten Egg 2"],"acts_visited":["Exordium"],"potions_floor_usage":[12,12],"damage_taken":[{"damage":2.0,"enemies":"2 Louse","floor":1.0,"turns":2.0},{"damage":2.0,"enemies":"Cultist","floor":4.0,"turns":5.0},{"damage":0.0,"enemies":"Small Slimes","floor":5.0,"turns":4.0},{"damage":0,"enemies":"Looter","floor":8,"turns":3},{"damage":13,"enemies":"Exordium Wildlife","floor":10,"turns":5},{"damage":1,"enemies":"3 Sentries","floor":12,"turns":6},{"damage":13,"enemies":"2 Fungi Beasts","floor":14,"turns":3},{"damage":28,"enemies":"Slime Boss","floor":16,"turns":7}],"seed_played":"-1449735575621683083","potions_obtained":[{"floor":1.0,"key":"SteroidPotion"},{"floor":8,"key":"Explosive Potion"}],"is_trial":false,"path_per_floor":["M","?","$","M","M","R","?","M","T","M","?","E","R","M","R","B"],"character_chosen":"THE_SILENT","items_purchased":["Adrenaline"],"campfire_rested":1,"item_purchase_floors":[3],"current_hp_per_floor":[57,57,57,55,55,55,35,35,35,22,22,21,21,8,27,0,0],"gold":208,"neow_bonus":"BOSS_RELIC","is_daily":false,"chose_seed":false,"campfire_upgraded":2,"win_rate":0.0,"timestamp":1611043909,"path_taken":["M","?","$","M","?","R","?","M","T","M","?","E","R","M","R","BOSS"],"items_purchased_type":["Card"],"build_version":"2020-12-22","purchased_purges":0,"victory":false,"max_hp_per_floor":[66,66,66,66,66,66,66,66,66,66,66,66,66,66,66,66,66],"card_choices":[{"not_picked":["Slice","Infinite Blades"],"picked":"PiercingWail","floor":1.0},{"not_picked":["Reflex","Caltrops"],"picked":"Dagger Throw","floor":4.0},{"not_picked":["Sucker Punch","Outmaneuver","Endless Agony"],"picked":"SKIP","floor":5.0},{"not_picked":["Sucker Punch","Dagger Throw"],"picked":"Deadly Poison","floor":8},{"not_picked":["Masterful Stab","Well Laid Plans"],"picked":"Noxious Fumes","floor":10},{"not_picked":["Backstab+1","Expertise"],"picked":"Dagger Throw+1","floor":12},{"not_picked":["Flying Knee+1","Riddle With Holes+1"],"picked":"Cloak And Dagger","floor":14}],"player_experience":824939,"relics_obtained":[{"floor":9,"key":"Happy Flower"},{"floor":12,"key":"Molten Egg 2"}],"event_choices":[{"damage_healed":0.0,"max_hp_gain":0.0,"max_hp_loss":0.0,"gold_gain":0.0,"event_name":"Accursed Blacksmith","player_choice":"Forge","floor":2.0,"gold_loss":0.0,"damage_taken":0.0,"cards_upgraded":["Neutralize"]},{"damage_healed":0.0,"max_hp_gain":0.0,"max_hp_loss":0.0,"gold_gain":0.0,"event_name":"Shining Light","player_choice":"Entered Light","floor":7.0,"gold_loss":0.0,"damage_taken":20.0,"cards_upgraded":["Strike_G","Dagger Throw"]},{"damage_healed":0,"gold_gain":68,"player_choice":"Gained Gold","damage_taken":0,"max_hp_gain":0,"max_hp_loss":0,"event_name":"Golden Wing","floor":11,"gold_loss":0}],"is_beta":false,"boss_relics":[],"items_purged_floors":[],"is_endless":false,"potions_floor_spawned":[1,8,10],"killed_by":"Slime Boss","ascension_level":20}}