{"host":"zxd2l8an9de7z7b9","time":1611028697,"event":{"mods":["100% Spire Juice","2.2 Compatiblity","BaseMod","CapriCore","Colored Map","Colored Powertips","GungeonMod","Minty Spire (QoL Compilation)","Rare Cards Sparkle","Replay The Spire","StSLib","SuperFastMode"],"gold_per_floor":[111,124,74,119,136,136,136,136,136,150,177,177,177,196,196,298,298,316,316,330,330,346,346,373,373,373,373,373],"floor_reached":27,"language":"KOR","playtime":1671,"items_purged":[],"score":233,"play_id":"318b4b5f-910a-49af-a09e-a289fc6e5eeb","local_time":"20210119125817","is_ascension_mode":false,"campfire_choices":[{"data":"DemoMod:ShadowBullets","floor":6,"key":"SMITH"},{"data":"DemoMod:ConditionalReflex","floor":8,"key":"SMITH"},{"data":"DemoMod:ManualReload","floor":13,"key":"SMITH"},{"data":"DemoMod:HuntsMan","floor":15,"key":"SMITH"},{"floor":23,"key":"REST"},{"floor":25,"key":"REST"}],"circlet_count":0,"master_deck":["DemoMod:Strike_Huntress","DemoMod:Defend_Huntress","DemoMod:Defend_Huntress","DemoMod:Defend_Huntress","DemoMod:Defend_Huntress","DemoMod:Roll","DemoMod:ManualReload+1","DemoMod:CrossBow","DemoMod:BalloonGun","DemoMod:HuntsMan+1","DemoMod:ShadowBullets+1","DemoMod:ConditionalReflex+1","DemoMod:JK47+1","DemoMod:DoubleSwitch","DemoMod:Evolver","DemoMod:BattleInHaste","DemoMod:BulletBore","DemoMod:Polaris","DemoMod:GunslingerForm","DemoMod:MachoBrace"],"relics":["DemoMod:Dog","InkBottle","TungstenRod","Potion Belt","SlaversCollar","Kunai","DemoMod:LamentConfigurum","DemoMod:Relodestone"],"acts_visited":["Exordium","TheCity"],"potions_floor_usage":[11,16,16,24],"damage_taken":[{"damage":0,"enemies":"Small Slimes","floor":1,"turns":2},{"damage":0,"enemies":"Jaw Worm","floor":2,"turns":3},{"damage":0,"enemies":"Cultist","floor":4,"turns":4},{"damage":0,"enemies":"Lots of Slimes","floor":5,"turns":7},{"damage":3,"enemies":"Blue Slaver","floor":10,"turns":4},{"damage":19,"enemies":"Lagavulin","floor":11,"turns":7},{"damage":4,"enemies":"Exordium Wildlife","floor":14,"turns":2},{"damage":26,"enemies":"Hexaghost","floor":16,"turns":16},{"damage":0,"enemies":"Chosen","floor":18,"turns":4},{"damage":1,"enemies":"3 Byrds","floor":20,"turns":8},{"damage":8,"enemies":"Centurion and Healer","floor":22,"turns":9},{"damage":45,"enemies":"Slavers","floor":24,"turns":7},{"damage":22,"enemies":"Sentry and Sphere","floor":27,"turns":5}],"seed_played":"-264607439019186147","potions_obtained":[{"floor":1,"key":"Dexterity Potion"},{"floor":10,"key":"Ancient Potion"},{"floor":11,"key":"Languid Potion"},{"floor":22,"key":"Explosive Potion"},{"floor":24,"key":"ColorlessPotion"}],"is_trial":false,"path_per_floor":["M","M","?","M","M","R","?","R","T","M","E","T","R","M","R","B",null,"M","?","M","?","M","R","E","R","T","M"],"character_chosen":"HUNTRESS","items_purchased":[],"campfire_rested":2,"item_purchase_floors":[],"current_hp_per_floor":[70,70,70,70,70,70,70,70,70,67,48,48,48,44,44,18,70,70,38,37,37,29,50,5,26,26,4,4],"gold":373,"neow_bonus":"ONE_RANDOM_RARE_CARD","is_daily":false,"chose_seed":false,"campfire_upgraded":4,"win_rate":0.0,"timestamp":1611028697,"path_taken":["M","M","?","M","M","R","?","R","T","M","E","?","R","?","R","BOSS","M","?","M","?","M","R","E","R","T","M"],"items_purchased_type":[],"build_version":"2020-12-22","purchased_purges":0,"victory":false,"max_hp_per_floor":[70,70,70,70,70,70,70,70,70,70,70,70,70,70,70,70,70,70,70,70,70,70,70,70,70,70,70,70],"card_choices":[{"not_picked":["DemoMod:ConditionalReflex","DemoMod:Rummage"],"picked":"DemoMod:HuntsMan","floor":1},{"not_picked":["DemoMod:AC15","DemoMod:SAA"],"picked":"DemoMod:ShadowBullets","floor":2},{"not_picked":["DemoMod:DarkMarker","DemoMod:StickyCrossBow"],"picked":"DemoMod:ConditionalReflex","floor":4},{"not_picked":["DemoMod:BoxingGlove","DemoMod:Ejector"],"picked":"DemoMod:Purify","floor":5},{"not_picked":["DemoMod:BoxingGlove","DemoMod:Rummage"],"picked":"DemoMod:DoubleSwitch","floor":10},{"not_picked":["DemoMod:ChanceBullets","DemoMod:Unmoved"],"picked":"DemoMod:Evolver","floor":11},{"not_picked":["DemoMod:AWP","DemoMod:Rummage"],"picked":"DemoMod:BattleInHaste","floor":14},{"not_picked":["DemoMod:DarkMarker","DemoMod:SuppressiveFire"],"picked":"DemoMod:BulletBore","floor":16},{"not_picked":["DemoMod:StickyCrossBow","DemoMod:JK47"],"picked":"DemoMod:Polaris","floor":18},{"not_picked":["DemoMod:TeaPot","DemoMod:FastSwitch","DemoMod:GunstockTap"],"picked":"SKIP","floor":20},{"not_picked":["DemoMod:Ejector","DemoMod:PracticeMakesPerfect"],"picked":"DemoMod:GunslingerForm","floor":22},{"not_picked":["DemoMod:JK47","DemoMod:HardPowerCard"],"picked":"DemoMod:MachoBrace","floor":24}],"player_experience":333837,"relics_obtained":[{"floor":9,"key":"InkBottle"},{"floor":11,"key":"TungstenRod"},{"floor":12,"key":"Potion Belt"},{"floor":24,"key":"DemoMod:LamentConfigurum"},{"floor":26,"key":"DemoMod:Relodestone"}],"event_choices":[{"cards_removed":["DemoMod:Strike_Huntress"],"damage_healed":0,"gold_gain":0,"player_choice":"Card Removal","damage_taken":0,"max_hp_gain":0,"max_hp_loss":0,"event_name":"The Cleric","floor":3,"gold_loss":50},{"damage_healed":0,"gold_gain":0,"player_choice":"Opened","damage_taken":0,"relics_obtained":["Kunai"],"max_hp_gain":0,"max_hp_loss":0,"event_name":"The Mausoleum","floor":21,"gold_loss":0}],"is_beta":false,"boss_relics":[{"not_picked":["Replay:Drink Me","DemoMod:ElasticCartridgeClip"],"picked":"SlaversCollar"}],"items_purged_floors":[],"is_endless":false,"potions_floor_spawned":[1,10,11,22,24],"killed_by":"Sentry and Sphere","ascension_level":0}}