{"host":"v417sqk9t447evpw","time":1611067661,"event":{"mods":["2.2 Compatiblity","AchievementEnabler","BaseMod","DeckTracker","Highlight Path","Keyboard Shortcuts","Minty Spire (QoL Compilation)","Permanent Neow","Quick Restart","Replay The Spire","StSLib"],"gold_per_floor":[109,109,109,120,120,61,121,132,178,178,194,194,269,288,288,288,288,362,362,373,373,373],"floor_reached":21,"language":"KOR","playtime":560,"items_purged":[],"score":334,"play_id":"b4b8655b-b6e2-46a4-8276-2dc5af63476d","local_time":"20210119234741","is_ascension_mode":true,"campfire_choices":[{"data":"Zap","floor":10.0,"key":"SMITH"},{"floor":12.0,"key":"REST"},{"floor":17,"key":"REST"}],"circlet_count":0,"master_deck":["AscendersBane","Strike_B","Strike_B","Strike_B","Strike_B","Defend_B","Defend_B","Defend_B","Defend_B","Zap+1","Dualcast+1","Crystallizer","Barrage","Heatsinks","Cold Snap","Self Repair","ReplayTheSpireMod:System Scan","Gash","Cold Snap","Buffer","Compile Driver"],"relics":["Cracked Core","Sundial","Matryoshka","MealTicket","Regal Pillow","Black Star"],"acts_visited":["Exordium","TheCity"],"potions_floor_usage":[14,18],"damage_taken":[{"damage":0.0,"enemies":"Cultist","floor":1.0,"turns":3.0},{"damage":6.0,"enemies":"Small Slimes","floor":4.0,"turns":4.0},{"damage":38.0,"enemies":"Gremlin Nob","floor":7.0,"turns":5.0},{"damage":1.0,"enemies":"2 Louse","floor":8.0,"turns":3.0},{"damage":17.0,"enemies":"Looter","floor":11.0,"turns":3.0},{"damage":29,"enemies":"Gremlin Gang","floor":14,"turns":6},{"damage":30,"enemies":"Hexaghost","floor":18,"turns":9},{"damage":39,"enemies":"Shell Parasite","floor":20,"turns":12},{"damage":29,"enemies":"Chosen","floor":21,"turns":3}],"seed_played":"-626253812715008622","potions_obtained":[{"floor":4.0,"key":"CultistPotion"},{"floor":8.0,"key":"PowerPotion"},{"floor":14,"key":"SteroidPotion"}],"is_trial":false,"path_per_floor":["M","T","?","M","?","$","?","M","T","R","M","R","?","M","PTL","PTL","R","B",null,"M","M"],"character_chosen":"DEFECT","items_purchased":["Cold Snap"],"campfire_rested":2,"item_purchase_floors":[6],"current_hp_per_floor":[64,64,64,58,58,58,20,26,26,26,16,52,41,19,19,19,55,32,61,29,0,0],"gold":373,"neow_bonus":"THREE_CARDS","is_daily":false,"chose_seed":false,"campfire_upgraded":1,"win_rate":0.0,"timestamp":1611067661,"path_taken":["M","?","?","?","?","$","?","M","T","R","M","R","?","M","PTL","PTL","R","BOSS","M","M"],"items_purchased_type":["Card"],"build_version":"2020-12-22","purchased_purges":0,"victory":false,"max_hp_per_floor":[71,71,71,71,71,71,71,71,71,71,71,71,71,71,71,71,71,71,71,71,71,71],"card_choices":[{"not_picked":["Sweeping Beam","Redo"],"picked":"Crystallizer","floor":0.0},{"not_picked":["Beam Cell","FTL"],"picked":"Barrage","floor":1.0},{"not_picked":["Redo","Compile Driver"],"picked":"Heatsinks","floor":4.0},{"not_picked":["Chaos","Leap"],"picked":"Self Repair","floor":7.0},{"not_picked":["Ball Lightning","Sweeping Beam"],"picked":"ReplayTheSpireMod:System Scan","floor":8.0},{"not_picked":["Leap","Force Field"],"picked":"Gash","floor":11.0},{"not_picked":["Go for the Eyes","Rebound"],"picked":"Cold Snap","floor":14},{"not_picked":["Thunder Strike","Hyperbeam"],"picked":"Buffer","floor":18},{"not_picked":["Steam","Reprogram+1"],"picked":"Compile Driver","floor":20}],"player_experience":927020,"relics_obtained":[{"floor":2.0,"key":"Sundial"},{"floor":7.0,"key":"Matryoshka"},{"floor":9.0,"key":"MealTicket"},{"floor":9.0,"key":"Regal Pillow"}],"event_choices":[{"damage_healed":0.0,"max_hp_gain":0.0,"max_hp_loss":0.0,"gold_gain":0.0,"event_name":"Accursed Blacksmith","player_choice":"Forge","floor":3.0,"gold_loss":0.0,"damage_taken":0.0,"cards_upgraded":["Dualcast"]},{"damage_healed":0.0,"max_hp_gain":0.0,"max_hp_loss":0.0,"gold_gain":0.0,"event_name":"The Cleric","player_choice":"Leave","floor":5.0,"gold_loss":0.0,"damage_taken":0.0},{"damage_healed":0.0,"max_hp_gain":0.0,"max_hp_loss":0.0,"gold_gain":0.0,"event_name":"Dead Adventurer","player_choice":"Searched \u00271\u0027 times","floor":7.0,"gold_loss":0.0,"damage_taken":0.0},{"damage_healed":0.0,"max_hp_gain":0.0,"max_hp_loss":0.0,"gold_gain":75.0,"event_name":"World of Goop","player_choice":"Gather Gold","floor":13.0,"gold_loss":0.0,"damage_taken":11.0}],"is_beta":false,"boss_relics":[{"not_picked":["Replay:Ancient Bell","Fusion Hammer"],"picked":"Black Star"}],"items_purged_floors":[],"is_endless":false,"potions_floor_spawned":[4,8,11,14],"killed_by":"Chosen","ascension_level":20}}