{"host":"ypphcgdomtfqpc2w","time":1611067254,"event":{"mods":["BaseMod","DeckTracker","Minty Spire (QoL Compilation)","Relic Stats","StSLib"],"gold_per_floor":[117,192,210,91,109,141,141,174,174,174,189,217,234,204,204,277,277,289,289,289,300,31,62,62,77,103,133,151,151,178,191,191,265,265,281,336,57,57,57,57,57,82,82,82,82,107,119,131,131,131,131,131,131,18,50,50,50],"floor_reached":56,"language":"ENG","playtime":5065,"items_purged":["Defend_R","Decay"],"score":2202,"play_id":"22d05d0b-0416-4819-85e8-af83cb96427d","local_time":"20210119234054","is_ascension_mode":true,"campfire_choices":[{"data":"Armaments","floor":7.0,"key":"SMITH"},{"floor":10.0,"key":"REST"},{"floor":15.0,"key":"REST"},{"data":"Evolve","floor":24.0,"key":"SMITH"},{"data":"Shrug It Off","floor":29.0,"key":"SMITH"},{"floor":32.0,"key":"REST"},{"floor":40.0,"key":"REST"},{"data":"Shockwave","floor":45,"key":"SMITH"},{"floor":49,"key":"RECALL"},{"data":"Searing Blow","floor":53,"key":"PURGE"}],"circlet_count":0,"master_deck":["AscendersBane","Bash","Armaments+1","Evolve+1","Wild Strike","Shrug It Off+1","Thunderclap","Feed","Rampage","Battle Trance","Carnage","Impervious","Dropkick","Shockwave+1","Seeing Red","Power Through","Impervious+1","Sentinel","Power Through","Dual Wield+1","Impervious","Reaper","Reaper","Entrench+1","Body Slam","True Grit+1","Shrug It Off+1"],"relics":["Philosopher\u0027s Stone","Akabeko","HornCleat","Shuriken","Peace Pipe","Pandora\u0027s Box","Toy Ornithopter","Strawberry","Lantern","Calipers","Omamori","Calling Bell","Centennial Puzzle","Toxic Egg 2","Pocketwatch","Ginger","DollysMirror","Bottled Tornado","War Paint","Shovel","Orichalcum"],"acts_visited":["Exordium","TheCity","TheBeyond","TheEnding"],"potions_floor_usage":[42,42,48,56,56],"damage_taken":[{"damage":2.0,"enemies":"2 Louse","floor":1.0,"turns":3.0},{"damage":3.0,"enemies":"Jaw Worm","floor":3.0,"turns":3.0},{"damage":0.0,"enemies":"Cultist","floor":5.0,"turns":2.0},{"damage":32.0,"enemies":"Lagavulin","floor":6.0,"turns":6.0},{"damage":30.0,"enemies":"3 Sentries","floor":8.0,"turns":6.0},{"damage":0.0,"enemies":"3 Louse","floor":11.0,"turns":3.0},{"damage":0.0,"enemies":"Gremlin Nob","floor":12.0,"turns":3.0},{"damage":7.0,"enemies":"Exordium Thugs","floor":13.0,"turns":4.0},{"damage":0.0,"enemies":"Slime Boss","floor":16.0,"turns":5.0},{"damage":15.0,"enemies":"2 Thieves","floor":18.0,"turns":4.0},{"damage":1.0,"enemies":"Shell Parasite","floor":21.0,"turns":5.0},{"damage":16.0,"enemies":"Book of Stabbing","floor":23.0,"turns":5.0},{"damage":16.0,"enemies":"Centurion and Healer","floor":25.0,"turns":6.0},{"damage":0.0,"enemies":"Gremlin Leader","floor":27.0,"turns":9.0},{"damage":0.0,"enemies":"3 Cultists","floor":28.0,"turns":4.0},{"damage":12.0,"enemies":"Slavers","floor":30.0,"turns":6.0},{"damage":16.0,"enemies":"Snecko","floor":31.0,"turns":8.0},{"damage":45.0,"enemies":"Champ","floor":33.0,"turns":9.0},{"damage":0.0,"enemies":"Orb Walker","floor":35.0,"turns":4.0},{"damage":116.0,"enemies":"2 Orb Walkers","floor":36.0,"turns":10.0},{"damage":40,"enemies":"Giant Head","floor":42,"turns":10},{"damage":25,"enemies":"Mind Bloom Boss Battle","floor":46,"turns":11},{"damage":18,"enemies":"3 Darklings","floor":47,"turns":11},{"damage":24,"enemies":"Transient","floor":48,"turns":6},{"damage":18,"enemies":"Donu and Deca","floor":50,"turns":17},{"damage":3,"enemies":"Awakened One","floor":51,"turns":18},{"damage":0,"enemies":"Shield and Spear","floor":55,"turns":11},{"damage":172,"enemies":"The Heart","floor":56,"turns":12}],"seed_played":"1289543105985443299","potions_obtained":[{"floor":1.0,"key":"Regen Potion"},{"floor":3.0,"key":"PowerPotion"},{"floor":12.0,"key":"SkillPotion"},{"floor":14.0,"key":"DistilledChaos"},{"floor":16.0,"key":"SkillPotion"},{"floor":18.0,"key":"ColorlessPotion"},{"floor":25.0,"key":"EssenceOfSteel"},{"floor":28.0,"key":"Explosive Potion"},{"floor":31.0,"key":"SneckoOil"},{"floor":42,"key":"GamblersBrew"},{"floor":48,"key":"BloodPotion"},{"floor":55,"key":"LiquidBronze"}],"is_trial":false,"path_per_floor":["M","?","M","$","M","E","R","E","T","R","M","E","M","?","R","B",null,"M","?","?","M","$","E","R","M","T","E","M","R","E","M","R","B",null,"M","?","$","?","T","R","$","E","T","?","R","?","M","M","R","B","B",null,"R","$","E","B"],"character_chosen":"IRONCLAD","items_purchased":["Inflame","Toy Ornithopter","DollysMirror","Block Potion","BlessingOfTheForge","True Grit+1","SteroidPotion"],"campfire_rested":4,"item_purchase_floors":[4,22,37,37,37,54,54],"current_hp_per_floor":[66,55,52,52,52,20,20,5,5,27,27,27,20,20,42,42,67,55,55,55,57,57,57,57,45,45,49,52,52,48,36,69,29,90,94,1,1,1,1,36,36,32,32,32,32,79,126,102,102,112,129,133,133,133,134,0,0],"gold":50,"neow_bonus":"BOSS_RELIC","is_daily":false,"chose_seed":false,"campfire_upgraded":4,"win_rate":0.0,"timestamp":1611067254,"path_taken":["M","?","M","?","M","E","R","E","T","R","M","E","M","?","R","BOSS","M","?","?","M","$","E","R","M","T","E","M","R","E","M","R","BOSS","M","?","$","?","?","R","$","E","T","?","R","?","M","M","R","BOSS","BOSS","R","$","E","BOSS"],"items_purchased_type":["Card","Relic","Relic","Potion","Potion","Card","Potion"],"build_version":"2020-12-22","purchased_purges":2,"victory":false,"max_hp_per_floor":[75,75,75,75,75,75,75,75,75,75,75,75,75,75,75,75,75,78,78,78,81,81,92,92,96,96,100,103,103,106,110,110,110,110,114,118,118,118,118,118,118,118,118,118,118,122,126,126,126,130,134,134,134,134,134,134,134],"relic_stats":{"Peace Pipe":1,"Centennial Puzzle":[24],"Shovel":0,"counters":[28,201],"Shuriken":[45],"Pandora\u0027s Box":["Rampage","Battle Trance","Carnage","Impervious","Dropkick","Shockwave","Seeing Red","Power Through"],"Ginger":[3],"War Paint":["Dual Wield","Impervious"],"Orichalcum":[0],"obtain_stats":[{"Lantern":26,"Calipers":27,"Omamori":30,"Ginger":36,"Bottled Tornado":39,"War Paint":42,"Orichalcum":55,"Burning Blood":0,"Akabeko":6,"Peace Pipe":12,"Calling Bell":34,"Centennial Puzzle":34,"HornCleat":8,"Shovel":46,"Shuriken":9,"DollysMirror":37,"Strawberry":23,"Philosopher\u0027s Stone":0,"Pandora\u0027s Box":17,"Toxic Egg 2":34,"Toy Ornithopter":22,"Pocketwatch":34},{"Lantern":13,"Calipers":14,"Omamori":16,"Ginger":20,"Bottled Tornado":20,"War Paint":21,"Orichalcum":27,"Burning Blood":0,"Akabeko":4,"Peace Pipe":7,"Calling Bell":18,"Centennial Puzzle":18,"HornCleat":5,"Shovel":22,"Shuriken":5,"DollysMirror":20,"Strawberry":12,"Philosopher\u0027s Stone":0,"Pandora\u0027s Box":9,"Toxic Egg 2":18,"Toy Ornithopter":11,"Pocketwatch":18},{"Lantern":55,"Calipers":64,"Omamori":74,"Ginger":105,"Bottled Tornado":105,"War Paint":115,"Orichalcum":189,"Burning Blood":0,"Akabeko":14,"Peace Pipe":26,"Calling Bell":91,"Centennial Puzzle":91,"HornCleat":20,"Shovel":126,"Shuriken":20,"DollysMirror":105,"Strawberry":49,"Philosopher\u0027s Stone":0,"Pandora\u0027s Box":35,"Toxic Egg 2":91,"Toy Ornithopter":44,"Pocketwatch":91}],"Toy Ornithopter":35,"Pocketwatch":[174]},"card_choices":[{"not_picked":["Heavy Blade","Combust"],"picked":"Searing Blow","floor":1.0},{"not_picked":["Perfected Strike","Headbutt"],"picked":"Armaments","floor":3.0},{"not_picked":["Pommel Strike","Shockwave"],"picked":"Evolve","floor":5.0},{"not_picked":["Warcry","Entrench"],"picked":"Wild Strike","floor":6.0},{"not_picked":["Clash","Perfected Strike","Flex"],"picked":"SKIP","floor":8.0},{"not_picked":["Anger","Havoc"],"picked":"Shrug It Off","floor":11.0},{"not_picked":["Clothesline","Twin Strike","Warcry"],"picked":"SKIP","floor":12.0},{"not_picked":["Twin Strike","Headbutt"],"picked":"Thunderclap","floor":13.0},{"not_picked":["Fiend Fire","Impervious"],"picked":"Feed","floor":16.0},{"not_picked":["Combust+1","Body Slam","Cleave+1"],"picked":"SKIP","floor":18.0},{"not_picked":["Havoc","Headbutt"],"picked":"Sentinel","floor":21.0},{"not_picked":["Evolve","Havoc"],"picked":"Power Through","floor":23.0},{"not_picked":["Wild Strike","Pommel Strike","Pummel"],"picked":"SKIP","floor":25.0},{"not_picked":["Pommel Strike","Rupture","Ghostly Armor"],"picked":"SKIP","floor":27.0},{"not_picked":["Headbutt","Rupture"],"picked":"Dual Wield","floor":28.0},{"not_picked":["Bloodletting+1","Metallicize","Body Slam"],"picked":"SKIP","floor":30.0},{"not_picked":["Bloodletting+1","Metallicize","Body Slam"],"picked":"SKIP","floor":30.0},{"not_picked":["Spot Weakness","Power Through+1"],"picked":"Impervious","floor":31.0},{"not_picked":["Offering","Exhume"],"picked":"Reaper","floor":33.0},{"not_picked":["Clothesline","Warcry+1","Flex+1"],"picked":"SKIP","floor":35.0},{"not_picked":["Body Slam","Brutality","Headbutt"],"picked":"SKIP","floor":42},{"not_picked":["Spot Weakness+1","Shrug It Off+1"],"picked":"Entrench+1","floor":46},{"not_picked":["Battle Trance+1","Heavy Blade"],"picked":"Body Slam","floor":47},{"not_picked":["Warcry+1","Twin Strike+1","Anger"],"picked":"SKIP","floor":48},{"not_picked":["Perfected Strike","Dropkick"],"picked":"Shrug It Off+1","floor":55}],"player_experience":2061140,"relics_obtained":[{"floor":6.0,"key":"Akabeko"},{"floor":8.0,"key":"HornCleat"},{"floor":9.0,"key":"Shuriken"},{"floor":12.0,"key":"Peace Pipe"},{"floor":23.0,"key":"Strawberry"},{"floor":26.0,"key":"Lantern"},{"floor":27.0,"key":"Calipers"},{"floor":30.0,"key":"Omamori"},{"floor":34.0,"key":"Centennial Puzzle"},{"floor":34.0,"key":"Toxic Egg 2"},{"floor":34.0,"key":"Pocketwatch"},{"floor":36.0,"key":"Ginger"},{"floor":39.0,"key":"Bottled Tornado"},{"floor":42,"key":"War Paint"},{"floor":46,"key":"Shovel"},{"floor":55,"key":"Orichalcum"}],"event_choices":[{"damage_healed":0.0,"max_hp_gain":0.0,"max_hp_loss":0.0,"gold_gain":75.0,"event_name":"World of Goop","player_choice":"Gather Gold","floor":2.0,"gold_loss":0.0,"damage_taken":11.0},{"damage_healed":0.0,"max_hp_gain":0.0,"max_hp_loss":0.0,"gold_gain":0.0,"event_name":"The Woman in Blue","player_choice":"Bought 2 Potions","floor":14.0,"gold_loss":0.0,"damage_taken":0.0},{"damage_healed":0.0,"max_hp_gain":0.0,"max_hp_loss":0.0,"gold_gain":0.0,"event_name":"Forgotten Altar","player_choice":"Smashed Altar","floor":19.0,"gold_loss":0.0,"damage_taken":0.0,"cards_obtained":["Decay"]},{"damage_healed":0.0,"max_hp_gain":0.0,"max_hp_loss":0.0,"gold_gain":0.0,"event_name":"Duplicator","player_choice":"Copied","floor":20.0,"gold_loss":0.0,"damage_taken":0.0,"cards_obtained":["Impervious"]},{"damage_healed":0.0,"max_hp_gain":0.0,"max_hp_loss":0.0,"gold_gain":0.0,"event_name":"Mysterious Sphere","player_choice":"Fight","floor":36.0,"gold_loss":0.0,"damage_taken":0.0},{"cards_removed":["Inflame"],"damage_healed":0.0,"max_hp_gain":0.0,"max_hp_loss":0.0,"gold_gain":0.0,"event_name":"Falling","player_choice":"Removed Power","floor":38.0,"gold_loss":0.0,"damage_taken":0.0},{"damage_healed":0,"gold_gain":0,"player_choice":"Ignored","damage_taken":0,"max_hp_gain":0,"max_hp_loss":0,"event_name":"Tomb of Lord Red Mask","floor":44,"gold_loss":0},{"damage_healed":0,"gold_gain":0,"player_choice":"Fight","damage_taken":0,"max_hp_gain":0,"max_hp_loss":0,"event_name":"MindBloom","floor":46,"gold_loss":0}],"is_beta":false,"boss_relics":[{"not_picked":["SlaversCollar","Sozu"],"picked":"Pandora\u0027s Box"},{"not_picked":["SacredBark","Snecko Eye"],"picked":"Calling Bell"}],"items_purged_floors":[4,22],"is_endless":false,"potions_floor_spawned":[1,3,12,16,18,25,28,31,42,48,55],"killed_by":"The Heart","ascension_level":20}}