{"host":"o54aw4mfims5m8ve","time":1611073043,"event":{"mods":["BaseMod","Downfall","Minty Spire (QoL Compilation)","StSLib"],"gold_per_floor":[99,111,123,137,147,172,221,238,54,54,70,70,70,70],"floor_reached":12,"language":"ENG","playtime":1236,"items_purged":["bronze:Strike"],"score":82,"play_id":"d0c9c8cc-3430-4f6d-8d2c-7a4bf3687562","local_time":"20210119161723","is_ascension_mode":false,"campfire_choices":[{"data":"bronze:Goto","floor":1,"key":"SMITH"}],"circlet_count":0,"master_deck":["bronze:Strike","bronze:Strike","bronze:Strike","bronze:Defend","bronze:Defend","bronze:Defend","bronze:Defend","bronze:Replicate","bronze:Goto+1","bronze:WhirlingStrike","bronze:Iterate","bronze:BitShift","bronze:Backtrace","bronze:CleanCode+1","bronze:Repulsor+1","bronze:Invalidate","bronze:Flail","bronze:WildBeam"],"relics":["bronze:BronzeCore","Frozen Egg 2","Potion Belt","downfall:BrokenWingStatue"],"acts_visited":["Exordium"],"potions_floor_usage":[],"damage_taken":[{"damage":0,"enemies":"2 Louse","floor":2,"turns":3},{"damage":1,"enemies":"Jaw Worm","floor":3,"turns":3},{"damage":1,"enemies":"Cultist","floor":4,"turns":3},{"damage":7,"enemies":"Blue Slaver","floor":5,"turns":3},{"damage":17,"enemies":"3 Sentries","floor":6,"turns":6},{"damage":17,"enemies":"Exordium Thugs","floor":8,"turns":4},{"damage":0,"enemies":"downfall:FleeingMerchant","floor":9,"turns":4},{"damage":9,"enemies":"Exordium Wildlife","floor":11,"turns":4},{"damage":26,"enemies":"Lagavulin","floor":12,"turns":4}],"seed_played":"7840660147519135560","potions_obtained":[{"floor":4,"key":"FearPotion"},{"floor":5,"key":"sneckomod:MuddlingPotion"},{"floor":11,"key":"Explosive Potion"}],"is_trial":false,"path_per_floor":["R","M","M","M","M","E","T","M","$","?","M","E"],"character_chosen":"THE_AUTOMATON","items_purchased":["bronze:Invalidate","bronze:Flail"],"campfire_rested":0,"item_purchase_floors":[9,9],"current_hp_per_floor":[77,77,76,75,68,51,51,34,34,34,25,0,0,0],"gold":70,"neow_bonus":"TEN_PERCENT_HP_BONUS","is_daily":false,"chose_seed":false,"campfire_upgraded":1,"win_rate":0.0,"timestamp":1611073043,"path_taken":["R","M","M","M","M","E","T","M","$","?","M","E"],"items_purchased_type":["Card","Card"],"build_version":"2020-12-22","purchased_purges":1,"victory":false,"max_hp_per_floor":[77,77,77,77,77,77,77,77,77,77,77,77,77,77],"card_choices":[{"not_picked":["bronze:Invalidate","bronze:FollowUp"],"picked":"bronze:WhirlingStrike","floor":2},{"not_picked":["bronze:Turbo","bronze:Shield"],"picked":"bronze:Iterate","floor":3},{"not_picked":["bronze:ForceShield","bronze:DelayedGuard"],"picked":"bronze:BitShift","floor":4},{"not_picked":["bronze:ForceShield","bronze:WhirlingStrike","bronze:Deprecate"],"picked":"SKIP","floor":5},{"not_picked":["bronze:Invalidate","bronze:Iterate"],"picked":"bronze:Backtrace","floor":6},{"not_picked":["bronze:DelayedGuard","bronze:BronzeOrb"],"picked":"bronze:CleanCode+1","floor":8},{"not_picked":["bronze:Iterate","bronze:AlphaBuild"],"picked":"bronze:Repulsor+1","floor":9},{"not_picked":["bronze:ForLoop","bronze:Return"],"picked":"bronze:WildBeam","floor":11}],"player_experience":147911,"relics_obtained":[{"floor":6,"key":"Frozen Egg 2"},{"floor":7,"key":"Potion Belt"}],"event_choices":[],"is_beta":false,"boss_relics":[],"items_purged_floors":[9],"is_endless":false,"potions_floor_spawned":[4,5,11],"killed_by":"Lagavulin","ascension_level":0}}