{"host":"zv753xhrtese558r","time":1611031702,"event":{"mods":["2.2 Compatiblity","AchievementEnabler","BaseMod","Bestiary","Better Match","Better Note","Better Skull","Better Third Choice","BetterRewards","Colored Map","Colored Powertips","Googly Eyes","Infinite Spire","Minty Spire (QoL Compilation)","Spicy Shops","StSLib"],"gold_per_floor":[115,115,115,44,60,60,104,104,104,116,147,193,205,235,247,382,394,429,441,378,390,402,445,457,485,497,424,406,418,450,486,498,510,510],"floor_reached":33,"language":"ENG","playtime":1860,"items_purged":["Injury"],"score":427,"play_id":"38f62132-971a-4f87-b31f-dead1a1c63e2","local_time":"20210118204822","is_ascension_mode":true,"campfire_choices":[{"floor":6,"key":"REST"},{"floor":8,"key":"REST"},{"floor":15,"key":"REST"},{"floor":24,"key":"REST"},{"floor":29,"key":"REST"},{"floor":32,"key":"REST"}],"circlet_count":0,"master_deck":["Strike_P","Strike_P","Strike_P","Strike_P","Defend_P","Defend_P","Defend_P","Defend_P","Eruption","Vigilance","Protect","CarveReality","Consecrate","Blasphemy","EmptyBody","FlyingSleeves","CrushJoints","Ragnarok","SandsOfTime","Parasite","Regret","infinitespire:SevenWalls","Devotion","FlurryOfBlows","Worship"],"relics":["PureWater","TungstenRod","ClockworkSouvenir","infinitespire:ShieldingShard","Matryoshka","Golden Idol","Boot","MawBank","Juzu Bracelet","Art of War","SlaversCollar","FossilizedHelix","Torii","PreservedInsect","Smiling Mask","Mercury Hourglass"],"acts_visited":["Exordium","TheCity"],"potions_floor_usage":[7,12,16,23,25,25,30,31],"damage_taken":[{"damage":0,"enemies":"2 Louse","floor":1,"turns":2},{"damage":2,"enemies":"Jaw Worm","floor":5,"turns":4},{"damage":25,"enemies":"3 Sentries","floor":7,"turns":4},{"damage":0,"enemies":"Small Slimes","floor":11,"turns":2},{"damage":36,"enemies":"Lagavulin","floor":12,"turns":5},{"damage":0,"enemies":"2 Fungi Beasts","floor":14,"turns":3},{"damage":16,"enemies":"Slime Boss","floor":16,"turns":8},{"damage":28,"enemies":"3 Byrds","floor":18,"turns":6},{"damage":55,"enemies":"Slavers","floor":23,"turns":7},{"damage":3,"enemies":"2 Thieves","floor":25,"turns":5},{"damage":46,"enemies":"Centurion and Healer","floor":30,"turns":5},{"damage":7,"enemies":"Snake Plant","floor":31,"turns":3},{"damage":52,"enemies":"Automaton","floor":33,"turns":8}],"seed_played":"1518461942450173770","potions_obtained":[{"floor":7,"key":"Block Potion"},{"floor":12,"key":"Ancient Potion"},{"floor":16,"key":"SpeedPotion"},{"floor":18,"key":"GamblersBrew"},{"floor":23,"key":"SteroidPotion"},{"floor":28,"key":"FairyPotion"},{"floor":28,"key":"Ancient Potion"}],"is_trial":false,"path_per_floor":["M","?","?","$","M","R","E","R","T","?","M","E","?","M","R","B",null,"M","AVR","?","?","?","E","R","M","T","?","?","R","M","M","R","B"],"character_chosen":"WATCHER","items_purchased":["TungstenRod","ClockworkSouvenir","infinitespire:ShieldingShard","Matryoshka","PowerPotion","SteroidPotion","CarveReality"],"campfire_rested":6,"item_purchase_floors":[0,0,0,0,0,0,4],"current_hp_per_floor":[36,36,36,36,34,55,30,51,51,51,51,15,33,33,54,38,72,44,44,44,44,67,12,32,29,29,29,29,49,3,20,40,0,0],"gold":510,"neow_bonus":"","is_daily":false,"chose_seed":false,"campfire_upgraded":0,"win_rate":0.0,"timestamp":1611031702,"path_taken":["M","?","?","$","M","R","E","R","T","?","M","E","?","M","R","BOSS","M","AVR","?","?","?","E","R","M","T","?","?","R","M","M","R","BOSS"],"items_purchased_type":["Relic","Relic","Relic","Relic","Potion","Potion","Card"],"build_version":"2020-12-22","purchased_purges":1,"victory":false,"max_hp_per_floor":[72,72,72,72,72,72,72,72,72,72,72,72,72,72,72,72,72,72,72,69,69,69,69,69,69,69,69,69,69,69,69,69,69,69],"card_choices":[{"not_picked":["JustLucky","Halt"],"picked":"Protect","floor":1},{"not_picked":["Adaptation","BowlingBash"],"picked":"Consecrate","floor":5},{"not_picked":["Protect","EmptyFist"],"picked":"Blasphemy","floor":7},{"not_picked":["Crescendo","Indignation"],"picked":"EmptyBody","floor":11},{"not_picked":["Swivel","Crescendo"],"picked":"FlyingSleeves","floor":12},{"not_picked":["Fasting2","CutThroughFate"],"picked":"CrushJoints","floor":14},{"not_picked":["LessonLearned","MasterReality"],"picked":"Ragnarok","floor":16},{"not_picked":["BowlingBash","Fasting2"],"picked":"SandsOfTime","floor":18},{"not_picked":["infinitespire:Menacing","infinitespire:Gouge"],"picked":"infinitespire:SevenWalls","floor":21},{"not_picked":["ReachHeaven","DevaForm"],"picked":"Devotion","floor":23},{"not_picked":["FlyingSleeves","JustLucky"],"picked":"FlurryOfBlows","floor":25},{"not_picked":["Swivel+1","Sanctity"],"picked":"Worship","floor":30},{"not_picked":["Crescendo","WaveOfTheHand","Study"],"picked":"SKIP","floor":31}],"player_experience":367863,"relics_obtained":[{"floor":7,"key":"Boot"},{"floor":9,"key":"MawBank"},{"floor":9,"key":"Juzu Bracelet"},{"floor":12,"key":"Art of War"},{"floor":23,"key":"Torii"},{"floor":26,"key":"PreservedInsect"},{"floor":26,"key":"Smiling Mask"}],"event_choices":[{"damage_healed":0,"gold_gain":0,"player_choice":"Ignored","damage_taken":0,"max_hp_gain":0,"max_hp_loss":0,"event_name":"Golden Wing","floor":2,"gold_loss":0},{"damage_healed":0,"gold_gain":0,"player_choice":"Take Wound","damage_taken":0,"relics_obtained":["Golden Idol"],"max_hp_gain":0,"max_hp_loss":0,"event_name":"Golden Idol","floor":3,"gold_loss":0,"cards_obtained":["Injury"]},{"damage_healed":0,"gold_gain":0,"player_choice":"Ignored","damage_taken":116,"max_hp_gain":0,"max_hp_loss":0,"event_name":"betterThird:BetterSerpent","floor":10,"gold_loss":0},{"damage_healed":18,"gold_gain":0,"player_choice":"Healed and dodged fight","damage_taken":0,"max_hp_gain":0,"max_hp_loss":0,"event_name":"Mushrooms","floor":13,"gold_loss":0,"cards_obtained":["Parasite"]},{"cards_removed":["Parasite"],"damage_healed":0,"gold_gain":0,"player_choice":"Gave Gold","damage_taken":0,"max_hp_gain":0,"max_hp_loss":0,"event_name":"Beggar","floor":20,"gold_loss":75},{"damage_healed":23,"gold_gain":0,"player_choice":"Heal","damage_taken":0,"max_hp_gain":0,"max_hp_loss":0,"event_name":"The Library","floor":22,"gold_loss":0},{"damage_healed":0,"gold_gain":0,"player_choice":"Obtained Relic","damage_taken":0,"relics_obtained":["Mercury Hourglass"],"max_hp_gain":0,"max_hp_loss":0,"event_name":"Addict","floor":27,"gold_loss":85},{"damage_healed":0,"gold_gain":0,"player_choice":"Bought 2 Potions","damage_taken":0,"max_hp_gain":0,"max_hp_loss":0,"event_name":"The Woman in Blue","floor":28,"gold_loss":0}],"is_beta":false,"boss_relics":[{"not_picked":["Runic Pyramid","Pandora\u0027s Box"],"picked":"SlaversCollar"}],"items_purged_floors":[19],"is_endless":false,"potions_floor_spawned":[7,12,16,18,23],"killed_by":"Automaton","ascension_level":3}}