{"host":"z9811rt50ti81n54","time":1611025877,"event":{"mods":["BaseMod","Better Match","Better Skull","Better Third Choice","Minty Spire (QoL Compilation)","Permanent Neow","StSLib","SuperFastMode"],"gold_per_floor":[117,136,136,49,65,65,82,82,82,111,36,71,71,107,107,231,231,245,288,311,331,331,331,182,202,202,202,202,220,235,250,250,346,346,365,379,479,94,112,112,130,130,202,218,296,296,72,85,85,85],"floor_reached":51,"language":"ENG","playtime":1930,"items_purged":["Strike_B","Dualcast","Loop","Writhe"],"score":694,"play_id":"16dc8eb5-1440-4ad9-868c-18469e7d2a87","local_time":"20210119121117","is_ascension_mode":false,"campfire_choices":[{"data":"Zap","floor":6,"key":"SMITH"},{"floor":15,"key":"REST"},{"data":"Buffer","floor":23,"key":"SMITH"},{"floor":32,"key":"REST"},{"data":"Echo Form","floor":42,"key":"SMITH"},{"data":"Heatsinks","floor":46,"key":"SMITH"},{"data":"Seek","floor":49,"key":"SMITH"}],"circlet_count":0,"master_deck":["Zap+1","Capacitor","Gash","Genetic Algorithm","Gash","Sweeping Beam","Skim","Leap","Steam","Machine Learning","Conserve Battery","Core Surge","Doom and Gloom+1","Capacitor","Echo Form+1","Self Repair","Buffer+1","Gash","Ball Lightning","Self Repair+1","Amplify","Go for the Eyes+1","Heatsinks+1","Chill","Electrodynamics","Scrape+1","Coolheaded+1","Parasite","Seek+1"],"relics":["Cracked Core","Meat on the Bone","Ice Cream","Dream Catcher","Bloody Idol","Bird Faced Urn","Pandora\u0027s Box","Red Mask","Turnip","Cursed Key","Blue Candle","Bag of Preparation","Pen Nib","Ornamental Fan","InkBottle"],"acts_visited":["Exordium","TheCity","TheBeyond"],"potions_floor_usage":[10,18,19,21,33,33,41,50,50,50],"damage_taken":[{"damage":6,"enemies":"Jaw Worm","floor":1,"turns":3},{"damage":5,"enemies":"Cultist","floor":2,"turns":4},{"damage":0,"enemies":"Small Slimes","floor":5,"turns":3},{"damage":4,"enemies":"2 Fungi Beasts","floor":7,"turns":3},{"damage":30,"enemies":"Gremlin Nob","floor":10,"turns":4},{"damage":8,"enemies":"Lagavulin","floor":12,"turns":6},{"damage":18,"enemies":"Gremlin Nob","floor":14,"turns":4},{"damage":21,"enemies":"The Guardian","floor":16,"turns":10},{"damage":10,"enemies":"2 Thieves","floor":18,"turns":4},{"damage":67,"enemies":"Masked Bandits","floor":19,"turns":5},{"damage":3,"enemies":"Spheric Guardian","floor":20,"turns":6},{"damage":16,"enemies":"Snake Plant","floor":21,"turns":5},{"damage":15,"enemies":"Snecko","floor":25,"turns":5},{"damage":31,"enemies":"Shelled Parasite and Fungi","floor":29,"turns":7},{"damage":30,"enemies":"Cultist and Chosen","floor":30,"turns":6},{"damage":37,"enemies":"Snake Plant","floor":31,"turns":6},{"damage":14,"enemies":"Collector","floor":33,"turns":8},{"damage":11,"enemies":"3 Shapes","floor":35,"turns":5},{"damage":14,"enemies":"Orb Walker","floor":36,"turns":3},{"damage":13,"enemies":"Writhing Mass","floor":39,"turns":6},{"damage":0,"enemies":"Jaw Worm Horde","floor":41,"turns":4},{"damage":3,"enemies":"Transient","floor":44,"turns":5},{"damage":1,"enemies":"Maw","floor":48,"turns":6},{"damage":44,"enemies":"Awakened One","floor":50,"turns":9}],"seed_played":"2826047846630881292","potions_obtained":[{"floor":1,"key":"FearPotion"},{"floor":12,"key":"PotionOfCapacity"},{"floor":16,"key":"Energy Potion"},{"floor":18,"key":"SneckoOil"},{"floor":20,"key":"LiquidBronze"},{"floor":25,"key":"Weak Potion"},{"floor":33,"key":"LiquidBronze"},{"floor":36,"key":"SkillPotion"}],"is_trial":false,"path_per_floor":["M","M","?","$","M","R","M","?","T","E","$","E","?","E","R","B",null,"M","?","M","M","?","R","$","M","T","?","?","M","M","M","R","B",null,"M","M","?","$","M","?","M","R","T","M","T","R","$","M","R","B",null],"character_chosen":"DEFECT","items_purchased":["Genetic Algorithm","Gash","FocusPotion","Blue Candle","DistilledChaos"],"campfire_rested":2,"item_purchase_floors":[4,4,24,38,47],"current_hp_per_floor":[69,64,64,64,64,64,60,65,65,47,47,51,31,25,49,44,80,80,38,67,72,72,72,72,80,80,80,80,80,67,75,80,80,80,80,80,80,80,80,31,58,58,63,80,80,80,80,80,80,59],"gold":85,"neow_bonus":"REMOVE_CARD","is_daily":false,"chose_seed":false,"campfire_upgraded":5,"win_rate":0.0,"timestamp":1611025877,"path_taken":["M","M","?","$","M","R","?","?","T","E","$","E","?","E","R","BOSS","M","?","M","M","?","R","$","?","T","?","?","M","M","M","R","BOSS","M","M","?","?","M","?","?","R","T","M","?","R","?","M","R","BOSS"],"items_purchased_type":["Card","Card","Potion","Relic","Potion"],"build_version":"2020-12-22","purchased_purges":4,"victory":true,"max_hp_per_floor":[75,75,75,75,75,75,75,80,80,80,80,80,80,80,80,80,80,80,80,80,80,80,80,80,80,80,80,80,80,80,80,80,80,80,80,80,80,80,80,80,80,80,80,80,80,80,80,80,80,80],"card_choices":[{"not_picked":["Aggregate","Cold Snap"],"picked":"Capacitor","floor":1},{"not_picked":["Leap","Cold Snap"],"picked":"Gash","floor":2},{"not_picked":["Chaos","Stack"],"picked":"Sweeping Beam","floor":5},{"not_picked":["Genetic Algorithm","Undo"],"picked":"Skim","floor":7},{"not_picked":["Rebound","Capacitor"],"picked":"Leap","floor":10},{"not_picked":["Cold Snap","Redo"],"picked":"Steam","floor":12},{"not_picked":["Steam","Go for the Eyes"],"picked":"Machine Learning","floor":14},{"not_picked":["Stack","Beam Cell"],"picked":"Conserve Battery","floor":15},{"not_picked":["Seek","Biased Cognition"],"picked":"Core Surge","floor":16},{"not_picked":["Go for the Eyes","Recycle"],"picked":"Gash","floor":18},{"not_picked":["Leap","Chill"],"picked":"Ball Lightning","floor":20},{"not_picked":["Recycle","Force Field"],"picked":"Self Repair+1","floor":21},{"not_picked":["Scrape","Cold Snap"],"picked":"Amplify","floor":25},{"not_picked":["Streamline","Leap","Loop"],"picked":"SKIP","floor":29},{"not_picked":["Auto Shields","Go for the Eyes+1","Gash"],"picked":"SKIP","floor":30},{"not_picked":["Auto Shields","Gash"],"picked":"Go for the Eyes+1","floor":30},{"not_picked":["Barrage","Go for the Eyes"],"picked":"Heatsinks","floor":31},{"not_picked":["Coolheaded","Streamline"],"picked":"Chill","floor":32},{"not_picked":["Reboot","Rainbow"],"picked":"Electrodynamics","floor":33},{"not_picked":["Chaos","Rebound"],"picked":"Scrape+1","floor":35},{"not_picked":["Blizzard","Stack","Doom and Gloom"],"picked":"SKIP","floor":36},{"not_picked":["Sweeping Beam","Rebound+1","Conserve Battery"],"picked":"SKIP","floor":39},{"not_picked":["Stack","Melter+1","Genetic Algorithm"],"picked":"SKIP","floor":41},{"not_picked":["Compile Driver+1","Ball Lightning+1"],"picked":"Coolheaded+1","floor":44},{"not_picked":["Conserve Battery+1","Redo+1"],"picked":"Seek","floor":48}],"player_experience":397806,"relics_obtained":[{"floor":9,"key":"Meat on the Bone"},{"floor":10,"key":"Ice Cream"},{"floor":12,"key":"Dream Catcher"},{"floor":14,"key":"Bird Faced Urn"},{"floor":19,"key":"Red Mask"},{"floor":26,"key":"Turnip"},{"floor":43,"key":"Ornamental Fan"},{"floor":45,"key":"InkBottle"}],"event_choices":[{"damage_healed":0,"gold_gain":0,"player_choice":"Ignored","damage_taken":0,"max_hp_gain":0,"max_hp_loss":0,"event_name":"NoteForYourself","floor":3,"gold_loss":0},{"damage_healed":0,"gold_gain":0,"player_choice":"Donut","damage_taken":0,"max_hp_gain":5,"max_hp_loss":0,"event_name":"Big Fish","floor":8,"gold_loss":0},{"damage_healed":0,"gold_gain":0,"player_choice":"Take Damage","damage_taken":20,"relics_obtained":["Golden Idol"],"max_hp_gain":0,"max_hp_loss":0,"event_name":"Golden Idol","floor":13,"gold_loss":0},{"damage_healed":0,"gold_gain":0,"player_choice":"Fought Bandits","damage_taken":0,"max_hp_gain":0,"max_hp_loss":0,"event_name":"Masked Bandits","floor":19,"gold_loss":0},{"damage_healed":0,"gold_gain":0,"player_choice":"Ignored","damage_taken":0,"max_hp_gain":0,"max_hp_loss":0,"event_name":"Vampires","floor":22,"gold_loss":0},{"damage_healed":0,"gold_gain":0,"player_choice":"Adaptability","damage_taken":0,"max_hp_gain":0,"max_hp_loss":0,"event_name":"betterThird:BetterWriting","floor":27,"gold_loss":0},{"damage_healed":0,"gold_gain":0,"player_choice":"Gave Idol","damage_taken":0,"relics_obtained":["Bloody Idol"],"max_hp_gain":0,"max_hp_loss":0,"event_name":"Forgotten Altar","floor":28,"relics_lost":["Golden Idol"],"gold_loss":0},{"damage_healed":0,"gold_gain":100,"player_choice":"Pray","damage_taken":0,"max_hp_gain":0,"max_hp_loss":0,"event_name":"Golden Shrine","floor":37,"gold_loss":0},{"damage_healed":0,"gold_gain":0,"player_choice":"RE UP RE ","damage_taken":55,"relics_obtained":["Bag of Preparation","Pen Nib"],"max_hp_gain":0,"max_hp_loss":0,"event_name":"betterSkull:BetterSkull","floor":40,"gold_loss":0,"cards_upgraded":["Doom and Gloom"]}],"is_beta":false,"boss_relics":[{"not_picked":["Coffee Dripper","Tiny House"],"picked":"Pandora\u0027s Box"},{"not_picked":["Velvet Choker","Calling Bell"],"picked":"Cursed Key"}],"items_purged_floors":[11,24,38,47],"is_endless":false,"potions_floor_spawned":[1,12,16,18,20,25,33,36],"ascension_level":0}}