{"host":"sdjng9zhqonqi3uc","time":1611081746,"event":{"mods":["2.2 Compatiblity","AchievementEnabler","BaseMod","Better Third Choice","BetterRewards","Colored Powertips","Downfall","Hero for Fun","Minty Spire (QoL Compilation)","Quick Restart","Shop Mod","Spicy Shops","StSLib","Td1madao Mod","The Animator","The Cursed","The Servant 0.9.4"],"gold_per_floor":[21,34,34,34,46,46,79,79,126,126,143,161,86,100,100,196,196,210,210,210,210,224,224,253,264,264,282,316,335,364,364,364,462,462,472,485,835,308,308,318,347,363,390,390,419,269,269,302,302,302],"floor_reached":51,"language":"ENG","playtime":408,"items_purged":["Blood for Blood","downfall:Bewildered","Defend_Y","Defend_Y"],"score":1756,"play_id":"f2971115-0e32-446f-b28f-a4975b7dc567","local_time":"20210119194226","is_ascension_mode":true,"campfire_choices":[{"data":"Strike_Y","floor":6,"key":"SMITH"},{"data":"Strike_Y","floor":8,"key":"SMITH"},{"data":"Strike_Y","floor":15,"key":"SMITH"},{"floor":23,"key":"REST"},{"floor":32,"key":"RECALL"}],"circlet_count":0,"master_deck":["Strike_Y+1","Strike_Y+1","Strike_Y+1","Strike_Y+1","Strike_Y+1","Defend_Y","Defend_Y","Defend_Y","Slap","Slap+1","Serious_Punch"],"relics":["Cape","Akabeko","Tiny Chest","Ice Cream","Fusion Hammer","Enchiridion","MutagenicStrength","Letter Opener","Frozen Egg 2","Incense Burner","Bag of Marbles","StoneCalendar","sneckomod:BabySnecko","Coffee Dripper","Old Coin","WingedGreaves","Singing Bowl","Boot","Toy Ornithopter","Darkstone Periapt","Art of War"],"acts_visited":["Exordium","TheCity","TheBeyond"],"potions_floor_usage":[],"damage_taken":[{"damage":0,"enemies":"Cultist","floor":1,"turns":1},{"damage":0,"enemies":"Small Slimes","floor":2,"turns":1},{"damage":0,"enemies":"Jaw Worm","floor":5,"turns":1},{"damage":0,"enemies":"Lagavulin","floor":7,"turns":1},{"damage":0,"enemies":"2 Fungi Beasts","floor":11,"turns":1},{"damage":0,"enemies":"3 Louse","floor":12,"turns":2},{"damage":0,"enemies":"Exordium Thugs","floor":14,"turns":1},{"damage":0,"enemies":"The Guardian","floor":16,"turns":1},{"damage":0,"enemies":"Shell Parasite","floor":18,"turns":1},{"damage":0,"enemies":"Spheric Guardian","floor":22,"turns":1},{"damage":0,"enemies":"Book of Stabbing","floor":24,"turns":1},{"damage":0,"enemies":"Snake Plant","floor":25,"turns":1},{"damage":0,"enemies":"Snecko","floor":27,"turns":1},{"damage":0,"enemies":"Slavers","floor":28,"turns":1},{"damage":0,"enemies":"Chosen and Byrds","floor":29,"turns":1},{"damage":0,"enemies":"Gremlin Leader","floor":30,"turns":1},{"damage":0,"enemies":"Champ","floor":33,"turns":1},{"damage":0,"enemies":"3 Darklings","floor":35,"turns":1},{"damage":0,"enemies":"Orb Walker","floor":36,"turns":1},{"damage":0,"enemies":"Mind Bloom Boss Battle","floor":37,"turns":1},{"damage":0,"enemies":"Maw","floor":40,"turns":1},{"damage":0,"enemies":"Nemesis","floor":41,"turns":1},{"damage":0,"enemies":"Sphere and 2 Shapes","floor":42,"turns":2},{"damage":0,"enemies":"Giant Head","floor":45,"turns":1},{"damage":0,"enemies":"Nemesis","floor":48,"turns":1},{"damage":0,"enemies":"Awakened One","floor":50,"turns":2}],"seed_played":"-1459957327033189045","potions_obtained":[{"floor":1,"key":"FairyPotion"},{"floor":14,"key":"DistilledChaos"},{"floor":16,"key":"hexamod:SoulburnPotion"}],"is_trial":false,"path_per_floor":["M","M","$","?","M","R","E","R","T","?","M","M","$","M","R","B",null,"M","?","?","T","M","R","E","M","T","M","E","M","E","?","R","B",null,"M","M","?","$","T","M","E","M","T","R","E","$","?","E","R","B",null],"character_chosen":"OPM","items_purchased":["WingedGreaves"],"campfire_rested":1,"item_purchase_floors":[38],"current_hp_per_floor":[999,999,999,999,999,999,999,999,999,999,999,999,999,999,999,999,999,999,999,999,999,999,999,999,999,999,999,999,999,999,999,999,999,999,999,999,999,999,999,1001,1003,1005,1005,1005,1005,1005,955,955,955,955],"gold":302,"neow_bonus":"","is_daily":false,"chose_seed":false,"campfire_upgraded":3,"win_rate":0.0,"timestamp":1611081746,"path_taken":["M","M","?","?","M","R","E","R","T","?","M","M","$","M","R","BOSS","M","?","?","?","M","R","E","M","T","?","E","M","E","?","R","BOSS","M","M","?","$","?","M","E","M","T","R","E","$","?","E","R","BOSS"],"items_purchased_type":["Relic"],"build_version":"2020-12-22","purchased_purges":4,"victory":true,"max_hp_per_floor":[999,999,999,999,999,999,999,999,999,999,999,999,999,999,999,999,999,999,999,999,999,999,999,999,999,999,999,999,999,999,999,999,999,999,999,999,999,999,999,1001,1003,1005,1005,1005,1005,1005,955,955,955,955],"card_choices":[{"not_picked":["Do_Nothing","Wear_Disguise","Yawn"],"picked":"SKIP","floor":1},{"not_picked":["Hop","Yawn","Side_Hop"],"picked":"SKIP","floor":2},{"not_picked":["Do_Nothing","Slap","Wear_Disguise"],"picked":"SKIP","floor":5},{"not_picked":["Hop","Consecutive_Normal_Punch","Side_Hop"],"picked":"SKIP","floor":7},{"not_picked":["Yawn","Ignore","Side_Hop"],"picked":"SKIP","floor":11},{"not_picked":["Do_Nothing","Toss_Stone"],"picked":"Slap","floor":12},{"not_picked":["Do_Nothing","Terrifying_Presence","Yawn"],"picked":"SKIP","floor":14},{"not_picked":["Yawn","Hop"],"picked":"Slap+1","floor":18},{"not_picked":["Slap","Yawn","Ignore"],"picked":"SKIP","floor":22},{"not_picked":["Side_Hop","Consecutive_Normal_Punch","Wear_Disguise+1"],"picked":"SKIP","floor":24},{"not_picked":["Ignore","Hop","Slap"],"picked":"SKIP","floor":25},{"not_picked":["Serious_Side_Hops","Hop","Ignore+1"],"picked":"SKIP","floor":27},{"not_picked":["Serious_Side_Hops","Side_Hop+1","Normal_Punch"],"picked":"SKIP","floor":28},{"not_picked":["Side_Hop","Ignore","Slap+1"],"picked":"SKIP","floor":29},{"not_picked":["Hop","Do_Nothing","Yawn"],"picked":"SKIP","floor":30},{"not_picked":["Terrifying_Presence+1","Serious_Side_Hops"],"picked":"Serious_Punch","floor":33},{"not_picked":["Normal_Punch","Yawn+1","Consecutive_Normal_Punch+1"],"picked":"SKIP","floor":35},{"not_picked":["Slap+1","Yawn","Ignore+1"],"picked":"SKIP","floor":36},{"not_picked":["Slap+1","Side_Hop","Ignore"],"picked":"Singing Bowl","floor":40},{"not_picked":["Side_Hop+1","Ignore+1","Get_Hopes_Up"],"picked":"Singing Bowl","floor":41},{"not_picked":["Toss_Stone+1","Hop","Side_Hop"],"picked":"Singing Bowl","floor":42},{"not_picked":["Do_Nothing+1","Consecutive_Normal_Punch","Normal_Punch"],"picked":"SKIP","floor":45},{"not_picked":["Side_Hop+1","Hop+1","Yawn+1"],"picked":"SKIP","floor":48}],"player_experience":343167,"relics_obtained":[{"floor":7,"key":"Akabeko"},{"floor":9,"key":"Tiny Chest"},{"floor":19,"key":"Enchiridion"},{"floor":21,"key":"Letter Opener"},{"floor":24,"key":"Frozen Egg 2"},{"floor":26,"key":"Incense Burner"},{"floor":28,"key":"Bag of Marbles"},{"floor":30,"key":"StoneCalendar"},{"floor":37,"key":"Old Coin"},{"floor":39,"key":"Singing Bowl"},{"floor":41,"key":"Boot"},{"floor":43,"key":"Toy Ornithopter"},{"floor":45,"key":"Darkstone Periapt"},{"floor":48,"key":"Art of War"}],"event_choices":[{"damage_healed":999,"gold_gain":0,"player_choice":"Upgrade","damage_taken":200,"max_hp_gain":0,"max_hp_loss":999,"event_name":"betterThird:BetterShining","floor":4,"gold_loss":0,"cards_upgraded":["Strike_Y","Strike_Y"]},{"damage_healed":0,"gold_gain":0,"player_choice":"Obtained Book","damage_taken":16,"max_hp_gain":0,"max_hp_loss":0,"event_name":"Cursed Tome","floor":19,"gold_loss":0},{"damage_healed":0,"gold_gain":0,"player_choice":"Inject Mutagens","damage_taken":0,"relics_obtained":["MutagenicStrength"],"max_hp_gain":0,"max_hp_loss":0,"event_name":"Drug Dealer","floor":20,"gold_loss":0},{"damage_healed":0,"gold_gain":0,"player_choice":"Fight","damage_taken":0,"max_hp_gain":0,"max_hp_loss":0,"event_name":"MindBloom","floor":37,"gold_loss":0},{"damage_healed":0,"gold_gain":0,"player_choice":"Max HP","damage_taken":0,"max_hp_gain":0,"max_hp_loss":50,"event_name":"Winding Halls","floor":47,"gold_loss":0}],"is_beta":false,"boss_relics":[{"not_picked":["bronze:MakeshiftBattery","SacredBark"],"picked":"Fusion Hammer"},{"not_picked":["Sozu","Cursed Key"],"picked":"Coffee Dripper"}],"items_purged_floors":[13,38,38,46],"is_endless":false,"potions_floor_spawned":[1,14,16,18,24,29,33,37,41,42,48],"ascension_level":5}}