{"host":"e6sgj53qqwx3piqv","time":1611077912,"event":{"mods":["AchievementEnabler","Aspiration","BaseMod","BetterRewards","Colored Powertips","Downfall","Hermit","Hubris","Infinite Spire","Minty Spire (QoL Compilation)","Quick Restart","Rare Cards Sparkle","Shop Mod","StSLib","The Cursed","The Disciple","The Jungle","The Runesmith"],"gold_per_floor":[112,112,112,112,130,159,28,28,28,39,13,32,52,81,81,180,180,195,195,207,226,242,242,242,242,242,257,257,289,299,309,309,414,414,434,446,466,482,482,482,0,0,0,0,0,11,11,23,23,23],"floor_reached":51,"language":"ENG","playtime":2249,"items_purged":[],"score":781,"play_id":"3bcd4da8-e811-4237-b234-00b7aa127d91","local_time":"20210119123832","is_ascension_mode":false,"campfire_choices":[{"data":"Electrodynamics","floor":8.0,"key":"SMITH"},{"data":"Zap","floor":15.0,"key":"SMITH"},{"data":"Static Discharge","floor":23.0,"key":"SMITH"},{"data":"infinitespire:Fortify","floor":25.0,"key":"SMITH"},{"data":"Turbo","floor":32.0,"key":"SMITH"},{"data":"Sweeping Beam","floor":40.0,"key":"SMITH"},{"data":"Lockon","floor":42.0,"key":"SMITH"},{"data":"infinitespire:Oblivion","floor":47.0,"key":"SMITH"},{"data":"Dramatic Entrance","floor":49.0,"key":"SMITH"}],"circlet_count":0,"master_deck":["Strike_B","Strike_B","Strike_B","Strike_B","Defend_B","Defend_B","Defend_B","Defend_B","Zap+1","Dualcast","Steam Power","Ball Lightning","Conserve Battery","Electrodynamics+1","Ball Lightning","Sweeping Beam+1","Redo","Cold Snap","Static Discharge+1","Machine Learning+1","Creative AI+1","Static Discharge+1","infinitespire:Fortify+1","Glacier+1","Turbo+1","hubris:Ukulele+1","hubris:PowerSurge+1","Self Repair+1","Compile Driver+1","Hello World+1","Scrape","Biased Cognition+1","Cold Snap","FTL+1","Static Discharge+1","Static Discharge+1","Lockon+1","Conserve Battery","hubris:Ukulele","infinitespire:Oblivion+1","Dramatic Entrance+1","Dark Shackles","hubris:Insight","hubris:PowerSurge+1","Melter"],"relics":["Cracked Core","NeowsBlessing","Pocketwatch","aspiration:TomeofQuesting","Runesmith:Nanobots","Frozen Egg 2","SacredBark","hubris:FunFungus","aspiration:FetidBarrel","hubris:SphereOfDissonance","Coffee Dripper","hubris:Icosahedron","Gremlin Horn","infinitespire:Bottled Soul","aspiration:HatOfInfinitePower"],"acts_visited":["Exordium","TheCity","TheBeyond"],"potions_floor_usage":[],"damage_taken":[{"damage":0.0,"enemies":"Small Slimes","floor":1.0,"turns":1.0},{"damage":0.0,"enemies":"Jaw Worm","floor":5.0,"turns":1.0},{"damage":0.0,"enemies":"Gremlin Nob","floor":6.0,"turns":1.0},{"damage":0.0,"enemies":"2 Louse","floor":10.0,"turns":2.0},{"damage":7.0,"enemies":"Blue Slaver","floor":12.0,"turns":2.0},{"damage":3.0,"enemies":"Exordium Thugs","floor":13.0,"turns":2.0},{"damage":17.0,"enemies":"Lagavulin","floor":14.0,"turns":4.0},{"damage":34.0,"enemies":"The Guardian","floor":16.0,"turns":10.0},{"damage":22.0,"enemies":"3 Byrds","floor":18.0,"turns":3.0},{"damage":8.0,"enemies":"Spheric Guardian","floor":20.0,"turns":3.0},{"damage":8.0,"enemies":"Chosen and Byrds","floor":21.0,"turns":4.0},{"damage":3.0,"enemies":"Snake Plant","floor":22.0,"turns":4.0},{"damage":6.0,"enemies":"Cultist and Chosen","floor":27.0,"turns":3.0},{"damage":0.0,"enemies":"Slavers","floor":29.0,"turns":3.0},{"damage":17.0,"enemies":"Chosen and Byrds","floor":30.0,"turns":4.0},{"damage":13.0,"enemies":"Centurion and Healer","floor":31.0,"turns":3.0},{"damage":20.0,"enemies":"Automaton","floor":33.0,"turns":5.0},{"damage":7.0,"enemies":"Orb Walker","floor":35.0,"turns":3.0},{"damage":11.0,"enemies":"3 Shapes","floor":36.0,"turns":4.0},{"damage":0.0,"enemies":"Jaw Worm Horde","floor":37.0,"turns":3.0},{"damage":6.0,"enemies":"Transient","floor":38.0,"turns":5.0},{"damage":9.0,"enemies":"Spire Growth","floor":46.0,"turns":3.0},{"damage":5.0,"enemies":"Maw","floor":48.0,"turns":4.0},{"damage":31,"enemies":"hubris:GrandSnecko","floor":50,"turns":12}],"seed_played":"-2327111501521919317","potions_obtained":[{"floor":10.0,"key":"SteroidPotion"},{"floor":14.0,"key":"LiquidBronze"},{"floor":20.0,"key":"sneckomod:MuddlingPotion"},{"floor":22.0,"key":"DistilledChaos"},{"floor":30.0,"key":"Regen Potion"},{"floor":35.0,"key":"Swift Potion"},{"floor":36.0,"key":"Explosive Potion"}],"is_trial":false,"path_per_floor":["M","?","T","?","M","E","$","R","T","M","$","M","M","E","R","B",null,"M","AVR","M","M","M","R","?","R","T","M","?","E","M","M","R","B",null,"M","M","M","M","?","R","$","R","T","AVR","?","M","R","M","R","B",null],"character_chosen":"DEFECT","items_purchased":["Electrodynamics","Ball Lightning","Redo","Gremlin Horn","Static Discharge+1","Lockon","Conserve Battery","hubris:Ukulele"],"campfire_rested":0,"item_purchase_floors":[7,7,11,41,41,41,41,41],"current_hp_per_floor":[75,75,75,75,75,75,75,75,75,75,75,68,65,48,48,14,75,53,53,45,37,34,34,34,34,34,28,25,35,28,44,44,24,75,75,64,64,68,68,68,68,68,68,68,58,50,50,55,55,39],"gold":23,"neow_bonus":"THREE_ENEMY_KILL","is_daily":false,"chose_seed":false,"campfire_upgraded":9,"win_rate":0.0,"timestamp":1611077912,"path_taken":["M","?","?","?","M","E","$","R","T","M","?","M","?","E","R","BOSS","M","AVR","M","M","?","R","?","R","T","M","?","E","?","M","R","BOSS","M","?","M","M","?","R","$","R","T","AVR","?","M","R","M","R","BOSS"],"items_purchased_type":["Card","Card","Card","Relic","Card","Card","Card","Card"],"build_version":"2020-12-22","purchased_purges":0,"victory":true,"max_hp_per_floor":[75,75,75,75,75,75,75,75,75,75,75,75,75,75,75,75,75,75,75,75,75,75,75,75,75,75,75,75,75,75,75,75,75,75,75,75,75,75,75,75,75,75,75,75,75,75,75,75,75,75],"card_choices":[{"not_picked":["Streamline","Compile Driver"],"picked":"Steam Power","floor":1.0},{"not_picked":["Leap","Beam Cell"],"picked":"Ball Lightning","floor":5.0},{"not_picked":["Stack","Leap"],"picked":"Conserve Battery","floor":6.0},{"not_picked":["Hologram","Cold Snap"],"picked":"Sweeping Beam","floor":10.0},{"not_picked":["Gash","Turbo"],"picked":"Cold Snap","floor":12.0},{"not_picked":["Streamline","Hello World"],"picked":"Static Discharge","floor":13.0},{"not_picked":["Redo","Buffer+1"],"picked":"Machine Learning+1","floor":14.0},{"not_picked":["Fission","Thunder Strike"],"picked":"Creative AI+1","floor":16.0},{"not_picked":["Lockon","Leap"],"picked":"Static Discharge+1","floor":18.0},{"not_picked":["Rebound","Steam"],"picked":"Glacier+1","floor":20.0},{"not_picked":["Go for the Eyes+1","Barrage"],"picked":"Turbo","floor":21.0},{"not_picked":["Conserve Battery","Leap"],"picked":"hubris:Ukulele+1","floor":22.0},{"not_picked":["Consume","Steam Power"],"picked":"Self Repair+1","floor":27.0},{"not_picked":["Reprogram","Consume"],"picked":"Compile Driver+1","floor":29.0},{"not_picked":["Conserve Battery","Barrage"],"picked":"Hello World+1","floor":30.0},{"not_picked":["Compile Driver+1","Sweeping Beam"],"picked":"Scrape","floor":31.0},{"not_picked":["hubris:SpecializedCircuitry+1","Rainbow"],"picked":"Biased Cognition+1","floor":33.0},{"not_picked":["Rebound+1","Streamline"],"picked":"Cold Snap","floor":35.0},{"not_picked":["Stack+1","Go for the Eyes+1"],"picked":"FTL+1","floor":36.0},{"not_picked":["Ball Lightning","Rip and Tear"],"picked":"Static Discharge+1","floor":37.0},{"not_picked":["Rebound+1","Hologram","Streamline+1"],"picked":"SKIP","floor":38.0},{"not_picked":["The Bomb","Madness"],"picked":"Dramatic Entrance","floor":45.0},{"not_picked":["Dramatic Entrance","Enlightenment"],"picked":"Dark Shackles","floor":45.0},{"not_picked":["Enlightenment","Forethought"],"picked":"hubris:Insight","floor":45.0},{"not_picked":["Sunder","Cold Snap+1"],"picked":"hubris:PowerSurge+1","floor":46.0},{"not_picked":["Self Repair+1","Steam+1"],"picked":"Melter","floor":48.0}],"player_experience":175227,"relics_obtained":[{"floor":3.0,"key":"Pocketwatch"},{"floor":6.0,"key":"aspiration:TomeofQuesting"},{"floor":9.0,"key":"Runesmith:Nanobots"},{"floor":14.0,"key":"Frozen Egg 2"},{"floor":26.0,"key":"aspiration:FetidBarrel"},{"floor":29.0,"key":"hubris:SphereOfDissonance"},{"floor":43.0,"key":"infinitespire:Bottled Soul"}],"event_choices":[{"damage_healed":0.0,"max_hp_gain":0.0,"max_hp_loss":0.0,"gold_gain":0.0,"event_name":"The Cleric","player_choice":"Leave","floor":2.0,"gold_loss":0.0,"damage_taken":0.0},{"damage_healed":0.0,"max_hp_gain":0.0,"max_hp_loss":0.0,"gold_gain":0.0,"event_name":"Liars Game","player_choice":"Ignored","floor":4.0,"gold_loss":0.0,"damage_taken":0.0},{"damage_healed":0.0,"max_hp_gain":0.0,"max_hp_loss":0.0,"gold_gain":0.0,"event_name":"The Library","player_choice":"Read","floor":24.0,"gold_loss":0.0,"damage_taken":0.0,"cards_obtained":["hubris:PowerSurge"]},{"damage_healed":0.0,"max_hp_gain":0.0,"max_hp_loss":0.0,"gold_gain":0.0,"event_name":"Designer","player_choice":"Punched","floor":28.0,"gold_loss":0.0,"damage_taken":3.0},{"damage_healed":0.0,"max_hp_gain":0.0,"max_hp_loss":0.0,"gold_gain":0.0,"event_name":"SensoryStone","player_choice":"Memory 3","floor":45.0,"gold_loss":0.0,"damage_taken":10.0}],"is_beta":false,"boss_relics":[{"not_picked":["hubris:VirtuousBlindfold","hubris:TerracottaHorce"],"picked":"SacredBark"},{"not_picked":["aspiration:WatcherSkillbook","Cursed Key"],"picked":"Coffee Dripper"}],"items_purged_floors":[],"is_endless":false,"potions_floor_spawned":[10,14,20,22,27,30,35,36],"ascension_level":0}}