{"host":"6gwm7y0tp7acoxay","time":1611035554,"event":{"mods":["BaseMod","Colored Map","Keyboard Shortcuts","Minty Spire (QoL Compilation)","Quick Restart","StSLib","SuperFastMode","everything is the same but u backflip on backflip"],"gold_per_floor":[119,119,119,119,119,151,151,186,186,204,204,204,218,246,246,320,320,333,383,47,63,63,89,119,119,119,169,194,219,219,235,235,310,310,321,346,346,271,171,201,212,237,260,135,135,167,192,192,192,192,192,192,192,31,31,31,31],"floor_reached":56,"language":"KOR","playtime":2428,"items_purged":["Rampage","Headbutt","Inflame"],"score":2127,"play_id":"ceaaeb5f-7f34-43fe-9617-57287aa8122b","local_time":"20210119145234","daily_mods":["SealedDeck","Heirloom","Flight"],"is_ascension_mode":true,"campfire_choices":[{"data":"Armaments","floor":7.0,"key":"SMITH"},{"data":"Seeing Red","floor":15.0,"key":"SMITH"},{"floor":25.0,"key":"REST"},{"floor":30.0,"key":"REST"},{"floor":32.0,"key":"RECALL"},{"floor":45.0,"key":"REST"},{"floor":49.0,"key":"REST"},{"floor":53.0,"key":"REST"}],"circlet_count":0,"master_deck":["AscendersBane","True Grit","Shockwave","Pommel Strike+1","Seeing Red+1","Second Wind","Uppercut+1","Power Through","Armaments+1","Dropkick+1","Berserk+1","Feel No Pain+1","Feed","Dual Wield","Immolate","Disarm","Rage","Dropkick+1"],"relics":["Burning Blood","Ginger","Ancient Tea Set","FaceOfCleric","Boot","Frozen Egg 2","Omamori","Orichalcum","Fusion Hammer","ClockworkSouvenir","Lantern","Nunchaku","Torii","Toy Ornithopter","Oddly Smooth Stone","Gambling Chip","Meat on the Bone","Paper Frog","Centennial Puzzle","Unceasing Top","Akabeko","MealTicket","Whetstone"],"acts_visited":["Exordium","TheCity","TheBeyond","TheEnding"],"potions_floor_usage":[55],"damage_taken":[{"damage":0.0,"enemies":"Cultist","floor":1.0,"turns":2.0},{"damage":38.0,"enemies":"3 Sentries","floor":6.0,"turns":8.0},{"damage":17.0,"enemies":"Gremlin Nob","floor":8.0,"turns":4.0},{"damage":0.0,"enemies":"Jaw Worm","floor":10.0,"turns":3.0},{"damage":0.0,"enemies":"2 Louse","floor":13.0,"turns":3.0},{"damage":10.0,"enemies":"Lagavulin","floor":14.0,"turns":5.0},{"damage":7.0,"enemies":"The Guardian","floor":16.0,"turns":9.0},{"damage":0.0,"enemies":"Spheric Guardian","floor":18.0,"turns":3.0},{"damage":9.0,"enemies":"Chosen","floor":21.0,"turns":5.0},{"damage":27.0,"enemies":"Gremlin Leader","floor":23.0,"turns":8.0},{"damage":42.0,"enemies":"Book of Stabbing","floor":24.0,"turns":7.0},{"damage":22.0,"enemies":"Gremlin Leader","floor":28.0,"turns":5.0},{"damage":30.0,"enemies":"Book of Stabbing","floor":29.0,"turns":6.0},{"damage":9.0,"enemies":"Snake Plant","floor":31.0,"turns":4.0},{"damage":31.0,"enemies":"Champ","floor":33.0,"turns":10.0},{"damage":12.0,"enemies":"3 Darklings","floor":35.0,"turns":3.0},{"damage":27.0,"enemies":"Mind Bloom Boss Battle","floor":36.0,"turns":11.0},{"damage":40.0,"enemies":"Giant Head","floor":40.0,"turns":8.0},{"damage":21.0,"enemies":"3 Shapes","floor":41.0,"turns":4.0},{"damage":10.0,"enemies":"Nemesis","floor":42.0,"turns":7.0},{"damage":71.0,"enemies":"Reptomancer","floor":46.0,"turns":8.0},{"damage":83.0,"enemies":"Nemesis","floor":47.0,"turns":9.0},{"damage":60.0,"enemies":"Time Eater","floor":50.0,"turns":17.0},{"damage":9.0,"enemies":"Awakened One","floor":51.0,"turns":13.0},{"damage":110,"enemies":"Shield and Spear","floor":55,"turns":8},{"damage":54,"enemies":"The Heart","floor":56,"turns":2}],"seed_played":"-3165518016742874650","potions_obtained":[{"floor":6.0,"key":"SpeedPotion"},{"floor":13.0,"key":"FairyPotion"},{"floor":24.0,"key":"SkillPotion"},{"floor":28.0,"key":"SteroidPotion"},{"floor":40.0,"key":"FearPotion"},{"floor":47.0,"key":"SmokeBomb"}],"is_trial":true,"path_per_floor":["M","$","?","?","?","E","R","E","T","M","T","?","M","E","R","B",null,"M","?","$","M","?","E","E","R","T","?","E","E","R","M","R","B",null,"M","?","?","$","$","E","M","E","T","$","R","E","E","T","R","B","B",null,"R","$","E","B"],"character_chosen":"IRONCLAD","items_purchased":["ClockworkSouvenir","Feed","Whetstone"],"campfire_rested":5,"item_purchase_floors":[20,20,54],"current_hp_per_floor":[74,74,39,64,64,33,33,23,23,30,30,30,37,34,34,34,69,76,76,76,77,77,61,26,53,53,53,42,19,48,49,49,29,88,91,78,78,78,78,49,51,60,60,60,99,52,33,33,72,31,41,111,134,134,48,0,0],"gold":31,"neow_bonus":"","is_daily":false,"chose_seed":false,"campfire_upgraded":2,"win_rate":0.0,"timestamp":1611035554,"path_taken":["M","?","?","?","?","E","R","E","T","?","?","?","?","E","R","BOSS","M","?","$","?","?","E","E","R","T","?","E","E","R","M","R","BOSS","M","?","?","$","$","E","?","E","T","$","R","E","E","?","R","BOSS","BOSS","R","$","E","BOSS"],"items_purchased_type":["Relic","Card","Relic"],"build_version":"2020-12-22","purchased_purges":3,"victory":false,"max_hp_per_floor":[75,75,75,75,75,76,76,77,77,78,78,78,79,80,80,81,81,82,82,82,86,86,91,92,92,92,92,97,98,98,102,102,107,107,111,119,119,119,119,124,129,130,130,130,130,131,132,132,132,133,134,134,134,134,135,135,135],"card_choices":[{"not_picked":["Flex","Anger"],"picked":"Rampage","floor":1.0},{"not_picked":["Sentinel","Wild Strike"],"picked":"Armaments","floor":6.0},{"not_picked":["Armaments","Cleave"],"picked":"Dropkick","floor":8.0},{"not_picked":["Rupture+1","Combust+1","Flame Barrier"],"picked":"SKIP","floor":10.0},{"not_picked":["Armaments","Flame Barrier","Sentinel"],"picked":"SKIP","floor":13.0},{"not_picked":["Thunderclap","Anger","Armaments"],"picked":"SKIP","floor":14.0},{"not_picked":["Barricade+1","Brutality+1"],"picked":"Berserk+1","floor":16.0},{"not_picked":["Intimidate","Sword Boomerang"],"picked":"Feel No Pain+1","floor":18.0},{"not_picked":["Thunderclap","Shrug It Off"],"picked":"Dual Wield","floor":21.0},{"not_picked":["Anger","Perfected Strike"],"picked":"Immolate","floor":23.0},{"not_picked":["True Grit","Sword Boomerang","Feel No Pain+1"],"picked":"SKIP","floor":24.0},{"not_picked":["Second Wind","Juggernaut+1","Havoc"],"picked":"SKIP","floor":28.0},{"not_picked":["Pommel Strike","Body Slam"],"picked":"Disarm","floor":29.0},{"not_picked":["Sever Soul","Twin Strike"],"picked":"Rage","floor":31.0},{"not_picked":["Cleave","Perfected Strike","Anger"],"picked":"SKIP","floor":35.0},{"not_picked":["Cleave+1","Wild Strike","Havoc"],"picked":"SKIP","floor":40.0},{"not_picked":["Cleave+1","Entrench","Anger+1"],"picked":"SKIP","floor":41.0},{"not_picked":["Searing Blow","Twin Strike"],"picked":"Dropkick","floor":42.0},{"not_picked":["Ghostly Armor","Juggernaut+1","Clash+1"],"picked":"SKIP","floor":46.0},{"not_picked":["Pommel Strike","True Grit","Perfected Strike+1"],"picked":"SKIP","floor":47.0}],"player_experience":4423510,"relics_obtained":[{"floor":6.0,"key":"Boot"},{"floor":8.0,"key":"Frozen Egg 2"},{"floor":11.0,"key":"Omamori"},{"floor":14.0,"key":"Orichalcum"},{"floor":23.0,"key":"Lantern"},{"floor":24.0,"key":"Nunchaku"},{"floor":26.0,"key":"Torii"},{"floor":28.0,"key":"Toy Ornithopter"},{"floor":29.0,"key":"Oddly Smooth Stone"},{"floor":36.0,"key":"Gambling Chip"},{"floor":40.0,"key":"Meat on the Bone"},{"floor":42.0,"key":"Paper Frog"},{"floor":43.0,"key":"Centennial Puzzle"},{"floor":46.0,"key":"Unceasing Top"},{"floor":47.0,"key":"Akabeko"},{"floor":48.0,"key":"MealTicket"}],"event_choices":[{"damage_healed":0.0,"max_hp_gain":0.0,"max_hp_loss":0.0,"gold_gain":0.0,"event_name":"Scrap Ooze","player_choice":"Success","floor":3.0,"gold_loss":0.0,"damage_taken":35.0,"relics_obtained":["Ancient Tea Set"]},{"damage_healed":25.0,"max_hp_gain":0.0,"max_hp_loss":0.0,"gold_gain":0.0,"event_name":"Big Fish","player_choice":"Banana","floor":4.0,"gold_loss":0.0,"damage_taken":0.0},{"damage_healed":0.0,"max_hp_gain":0.0,"max_hp_loss":0.0,"gold_gain":0.0,"event_name":"FaceTrader","player_choice":"Trade","floor":5.0,"gold_loss":0.0,"damage_taken":0.0,"relics_obtained":["FaceOfCleric"]},{"damage_healed":0.0,"max_hp_gain":0.0,"max_hp_loss":0.0,"gold_gain":0.0,"event_name":"Upgrade Shrine","player_choice":"Upgraded","floor":12.0,"gold_loss":0.0,"damage_taken":0.0,"cards_upgraded":["Uppercut"]},{"damage_healed":0.0,"max_hp_gain":0.0,"max_hp_loss":0.0,"gold_gain":100.0,"event_name":"The Joust","player_choice":"Bet on Murderer","floor":19.0,"gold_loss":50.0,"damage_taken":0.0},{"cards_removed":["Sword Boomerang"],"damage_healed":0.0,"max_hp_gain":0.0,"max_hp_loss":0.0,"gold_gain":0.0,"event_name":"Back to Basics","player_choice":"Elegance","floor":22.0,"gold_loss":0.0,"damage_taken":0.0},{"damage_healed":0.0,"max_hp_gain":0.0,"max_hp_loss":0.0,"gold_gain":50.0,"event_name":"Nest","player_choice":"Stole From Cult","floor":27.0,"gold_loss":0.0,"damage_taken":0.0},{"damage_healed":0.0,"max_hp_gain":0.0,"max_hp_loss":0.0,"gold_gain":0.0,"event_name":"MindBloom","player_choice":"Fight","floor":36.0,"gold_loss":0.0,"damage_taken":0.0},{"damage_healed":0.0,"max_hp_gain":0.0,"max_hp_loss":0.0,"gold_gain":0.0,"event_name":"Upgrade Shrine","player_choice":"Upgraded","floor":37.0,"gold_loss":0.0,"damage_taken":0.0,"cards_upgraded":["Dropkick"]}],"is_beta":false,"boss_relics":[{"not_picked":["Ectoplasm","Runic Pyramid"],"picked":"Fusion Hammer"},{"not_picked":[]}],"items_purged_floors":[38,39,44],"is_endless":false,"potions_floor_spawned":[6,13,16,23,24,28,33,40,42,47,55],"killed_by":"The Heart","ascension_level":20}}