{"host":"ydg0vn0pu4pubmdt","time":1611049441,"event":{"mods":["AchievementEnabler","BaseMod","Colored Map","Gold Saver","Minty Spire (QoL Compilation)","Quick Restart","SuperFastMode"],"gold_per_floor":[241,166,136,151,168,200,200,225,251,251,251,265,265,137,137,234,234,248,248,260,210,230,230,241,241,241,191,211,311,311,410,410,505,505,520,575,189,204,224,224,256,256,282,282,282,307,15,34,34,34],"floor_reached":51,"language":"KOR","playtime":1718,"items_purged":["Strike_B","Strike_B","Amplify","Leap"],"score":1042,"play_id":"708ca9e1-73e7-439f-8725-eb253af73f93","local_time":"20210119184401","is_ascension_mode":true,"campfire_choices":[{"data":"Zap","floor":7.0,"key":"SMITH"},{"floor":11.0,"key":"REST"},{"data":"Zap","floor":13.0,"key":"SMITH"},{"data":"Dualcast","floor":15.0,"key":"SMITH"},{"data":"Steam Power","floor":23.0,"key":"SMITH"},{"data":"Genetic Algorithm","floor":25.0,"key":"SMITH"},{"floor":32.0,"key":"REST"},{"data":"Defragment","floor":40.0,"key":"SMITH"},{"data":"Biased Cognition","floor":42.0,"key":"SMITH"},{"data":"Fission","floor":44.0,"key":"SMITH"},{"floor":49,"key":"REST"}],"circlet_count":0,"master_deck":["AscendersBane","Zap+1","Dualcast+1","Genetic Algorithm+1","Undo","All For One","Gash","Zap+1","Gash","Capacitor","Thunder Strike","Steam","Electrodynamics","Conserve Battery+1","Steam Power+1","Static Discharge+1","Reinforced Body+1","Redo+1","Core Surge+1","Fission+1","Defragment+1","FTL+1","BootSequence","Loop+1","Biased Cognition+1","Steam+1","Seek"],"relics":["Cracked Core","Happy Flower","Lantern","Smiling Mask","Pandora\u0027s Box","Bottled Lightning","CaptainsWheel","Question Card","MutagenicStrength","Runic Pyramid","Torii","Sundial","Whetstone","Bag of Marbles","Blue Candle","ClockworkSouvenir"],"acts_visited":["Exordium","TheCity","TheBeyond"],"potions_floor_usage":[50],"damage_taken":[{"damage":4.0,"enemies":"Jaw Worm","floor":1.0,"turns":3.0},{"damage":1.0,"enemies":"Cultist","floor":4.0,"turns":3.0},{"damage":1.0,"enemies":"Small Slimes","floor":5.0,"turns":4.0},{"damage":22.0,"enemies":"Lagavulin","floor":6.0,"turns":7.0},{"damage":7.0,"enemies":"Gremlin Nob","floor":8.0,"turns":4.0},{"damage":1.0,"enemies":"Red Slaver","floor":12.0,"turns":2.0},{"damage":28.0,"enemies":"Hexaghost","floor":16.0,"turns":6.0},{"damage":0.0,"enemies":"3 Byrds","floor":18.0,"turns":1.0},{"damage":7.0,"enemies":"Chosen","floor":20.0,"turns":5.0},{"damage":12.0,"enemies":"3 Cultists","floor":22.0,"turns":4.0},{"damage":9.0,"enemies":"Shelled Parasite and Fungi","floor":24.0,"turns":4.0},{"damage":0.0,"enemies":"Cultist and Chosen","floor":28.0,"turns":3.0},{"damage":12.0,"enemies":"Colosseum Slavers","floor":29.0,"turns":3.0},{"damage":16.0,"enemies":"Colosseum Nobs","floor":29.0,"turns":3.0},{"damage":19.0,"enemies":"Collector","floor":33.0,"turns":5.0},{"damage":0.0,"enemies":"3 Shapes","floor":35.0,"turns":4.0},{"damage":8.0,"enemies":"2 Orb Walkers","floor":36.0,"turns":4.0},{"damage":1.0,"enemies":"3 Darklings","floor":38.0,"turns":3.0},{"damage":2.0,"enemies":"Transient","floor":39.0,"turns":5.0},{"damage":18.0,"enemies":"Reptomancer","floor":41.0,"turns":5.0},{"damage":2,"enemies":"Giant Head","floor":46,"turns":6},{"damage":0,"enemies":"Maw","floor":48,"turns":5},{"damage":16,"enemies":"Time Eater","floor":50,"turns":6}],"seed_played":"-8968161678891716080","potions_obtained":[{"floor":3.0,"key":"LiquidBronze"},{"floor":3.0,"key":"SneckoOil"},{"floor":4.0,"key":"SpeedPotion"},{"floor":5.0,"key":"AttackPotion"},{"floor":8.0,"key":"CultistPotion"},{"floor":18.0,"key":"DuplicationPotion"},{"floor":35.0,"key":"DistilledChaos"},{"floor":46,"key":"Energy Potion"},{"floor":48,"key":"Weak Potion"}],"is_trial":false,"path_per_floor":["M","$","?","M","M","E","R","E","T","?","R","M","R","$","R","B",null,"M","?","M","$","M","R","M","R","T","$","M","?","?","?","R","B",null,"M","?","$","M","M","R","E","R","T","R","?","E","$","M","R","B",null],"character_chosen":"DEFECT","items_purchased":["Capacitor","Sundial","FTL","BootSequence","ClockworkSouvenir","Seek"],"campfire_rested":3,"item_purchase_floors":[14,37,37,37,47,47],"current_hp_per_floor":[46,46,46,45,44,22,22,15,15,15,37,36,36,36,36,8,58,58,58,51,51,39,39,30,30,30,30,30,2,2,2,24,5,58,58,50,50,49,47,47,29,29,29,29,29,27,27,27,48,32],"gold":34,"neow_bonus":"REMOVE_TWO","is_daily":false,"chose_seed":false,"campfire_upgraded":8,"win_rate":0.0,"timestamp":1611049441,"path_taken":["M","$","?","M","?","E","R","E","T","?","R","M","R","?","R","BOSS","M","?","M","$","M","R","M","R","T","$","M","?","?","?","R","BOSS","M","?","$","M","M","R","E","R","T","R","?","E","?","M","R","BOSS"],"items_purchased_type":["Card","Relic","Card","Card","Relic","Card"],"build_version":"2020-12-22","purchased_purges":4,"victory":true,"max_hp_per_floor":[75,75,75,75,75,75,75,75,75,75,75,75,75,75,75,75,75,75,75,75,75,75,75,75,75,75,75,75,75,75,75,75,75,75,75,75,75,75,75,75,75,75,75,75,71,71,71,71,71,71],"card_choices":[{"not_picked":["Redo","Chill"],"picked":"Genetic Algorithm","floor":1.0},{"not_picked":["Chill","Redo"],"picked":"Undo","floor":4.0},{"not_picked":["Rebound","Recycle","Go for the Eyes"],"picked":"SKIP","floor":5.0},{"not_picked":["Darkness","Turbo"],"picked":"All For One","floor":6.0},{"not_picked":["Beam Cell","Ball Lightning"],"picked":"Gash","floor":8.0},{"not_picked":["Steam","Melter"],"picked":"Gash","floor":12.0},{"not_picked":["Machine Learning","Hyperbeam"],"picked":"Thunder Strike","floor":16.0},{"not_picked":["Hologram","Stack"],"picked":"Conserve Battery+1","floor":18.0},{"not_picked":["Barrage","Coolheaded"],"picked":"Steam Power","floor":20.0},{"not_picked":["Streamline","Rainbow"],"picked":"Static Discharge+1","floor":22.0},{"not_picked":["Streamline+1","Stack+1"],"picked":"Reinforced Body+1","floor":24.0},{"not_picked":["Stack","Barrage"],"picked":"Redo+1","floor":28.0},{"not_picked":["Gash","Cold Snap"],"picked":"Core Surge","floor":29.0},{"not_picked":["Echo Form","Core Surge","Machine Learning"],"picked":"Fission","floor":33.0},{"not_picked":["Conserve Battery+1","Sweeping Beam","Stack+1","Chaos+1"],"picked":"SKIP","floor":35.0},{"not_picked":["Skim+1","Beam Cell+1","Leap"],"picked":"Defragment","floor":36.0},{"not_picked":["Hologram+1","Stack","Consume+1","Go for the Eyes+1"],"picked":"SKIP","floor":38.0},{"not_picked":["Hologram+1","Reprogram+1","Leap"],"picked":"Loop+1","floor":39.0},{"not_picked":["Consume+1","Gash+1","Compile Driver"],"picked":"Biased Cognition","floor":41.0},{"not_picked":["Leap","Ball Lightning","Hologram+1"],"picked":"Steam+1","floor":46},{"not_picked":["Coolheaded+1","FTL","Redo","Chill"],"picked":"SKIP","floor":48}],"player_experience":486863,"relics_obtained":[{"floor":6.0,"key":"Happy Flower"},{"floor":8.0,"key":"Lantern"},{"floor":9.0,"key":"Smiling Mask"},{"floor":26.0,"key":"Bottled Lightning"},{"floor":29.0,"key":"CaptainsWheel"},{"floor":29.0,"key":"Question Card"},{"floor":36.0,"key":"Torii"},{"floor":41.0,"key":"Whetstone"},{"floor":43.0,"key":"Bag of Marbles"},{"floor":46,"key":"Blue Candle"}],"event_choices":[{"damage_healed":0.0,"max_hp_gain":0.0,"max_hp_loss":0.0,"gold_gain":0.0,"event_name":"The Woman in Blue","player_choice":"Bought 2 Potions","floor":3.0,"gold_loss":0.0,"damage_taken":0.0},{"damage_healed":0.0,"max_hp_gain":0.0,"max_hp_loss":0.0,"gold_gain":0.0,"event_name":"Match and Keep!","player_choice":"1 cards matched","floor":10.0,"gold_loss":0.0,"damage_taken":0.0,"cards_obtained":["Zap"]},{"damage_healed":0.0,"max_hp_gain":0.0,"max_hp_loss":0.0,"gold_gain":0.0,"event_name":"Vampires","player_choice":"Ignored","floor":19.0,"gold_loss":0.0,"damage_taken":0.0},{"damage_healed":0.0,"max_hp_gain":0.0,"max_hp_loss":0.0,"gold_gain":0.0,"event_name":"Colosseum","player_choice":"Fight","floor":29.0,"gold_loss":0.0,"damage_taken":0.0},{"damage_healed":0.0,"max_hp_gain":0.0,"max_hp_loss":0.0,"gold_gain":0.0,"event_name":"Colosseum","player_choice":"Fought Nobs","floor":29.0,"gold_loss":0.0,"damage_taken":0.0},{"damage_healed":0.0,"max_hp_gain":0.0,"max_hp_loss":0.0,"gold_gain":0.0,"event_name":"Drug Dealer","player_choice":"Inject Mutagens","floor":30.0,"gold_loss":0.0,"damage_taken":0.0,"relics_obtained":["MutagenicStrength"]},{"damage_healed":0.0,"max_hp_gain":0.0,"max_hp_loss":0.0,"gold_gain":99.0,"event_name":"Nest","player_choice":"Stole From Cult","floor":31.0,"gold_loss":0.0,"damage_taken":0.0},{"damage_healed":0.0,"max_hp_gain":0.0,"max_hp_loss":0.0,"gold_gain":0.0,"event_name":"Mysterious Sphere","player_choice":"Fight","floor":36.0,"gold_loss":0.0,"damage_taken":0.0},{"damage_healed":0.0,"max_hp_gain":0.0,"max_hp_loss":4.0,"gold_gain":0.0,"event_name":"Winding Halls","player_choice":"Max HP","floor":45.0,"gold_loss":0.0,"damage_taken":0.0}],"is_beta":false,"boss_relics":[{"not_picked":["Tiny House","SlaversCollar"],"picked":"Pandora\u0027s Box"},{"not_picked":["Calling Bell","Busted Crown"],"picked":"Runic Pyramid"}],"items_purged_floors":[2,14,21,27],"is_endless":false,"potions_floor_spawned":[4,5,8,18,20,24,29,35,46,48],"ascension_level":10}}