{"host":"1z4hbl9vfqrhg136","time":1611089644,"event":{"mods":["BaseMod","Minty Spire (QoL Compilation)"],"gold_per_floor":[115,135,153,78,96,96,125,125,125,151,151,169,194,208,208,285,285,300,300,300,320,70,70,70],"floor_reached":23,"language":"ENG","playtime":1535,"items_purged":[],"score":422,"play_id":"6f41246b-d43b-442c-9252-b9af7eb82e97","local_time":"20210119205404","is_ascension_mode":true,"campfire_choices":[{"floor":6,"key":"REST"},{"data":"Lockon","floor":11,"key":"SMITH"},{"data":"Defragment","floor":15,"key":"SMITH"}],"circlet_count":0,"master_deck":["AscendersBane","Strike_B","Strike_B","Strike_B","Defend_B","Defend_B","Defend_B","Zap","Dualcast","Lockon+1","Glacier","Go for the Eyes","Sweeping Beam","Barrage","Buffer","Defragment+1","Echo Form","Ball Lightning","Stack","Compile Driver+1"],"relics":["Philosopher\u0027s Stone","Ornamental Fan","Pear","Ginger","StrikeDummy","Peace Pipe","Cursed Key","DataDisk"],"acts_visited":["Exordium","TheCity"],"potions_floor_usage":[10,16,21,23,23],"damage_taken":[{"damage":7,"enemies":"Cultist","floor":1,"turns":4},{"damage":3,"enemies":"Jaw Worm","floor":2,"turns":2},{"damage":14,"enemies":"2 Louse","floor":3,"turns":4},{"damage":11,"enemies":"Lots of Slimes","floor":5,"turns":6},{"damage":9,"enemies":"Lagavulin","floor":7,"turns":8},{"damage":4,"enemies":"3 Sentries","floor":10,"turns":9},{"damage":16,"enemies":"Gremlin Gang","floor":12,"turns":4},{"damage":7,"enemies":"Lagavulin","floor":13,"turns":6},{"damage":1,"enemies":"Looter","floor":14,"turns":3},{"damage":22,"enemies":"The Guardian","floor":16,"turns":10},{"damage":6,"enemies":"Shell Parasite","floor":18,"turns":6},{"damage":9,"enemies":"2 Thieves","floor":21,"turns":4},{"damage":30,"enemies":"Slavers","floor":23,"turns":2}],"seed_played":"2829086695743110675","potions_obtained":[{"floor":2,"key":"Energy Potion"},{"floor":7,"key":"FocusPotion"},{"floor":10,"key":"SpeedPotion"},{"floor":14,"key":"Explosive Potion"},{"floor":18,"key":"Fire Potion"}],"is_trial":false,"path_per_floor":["M","M","M","?","M","R","E","T","T","E","R","M","E","M","R","B",null,"M","?","?","M","$","E"],"character_chosen":"DEFECT","items_purchased":["DataDisk","DistilledChaos"],"campfire_rested":1,"item_purchase_floors":[22,22],"current_hp_per_floor":[57,54,40,40,29,50,41,51,51,47,47,31,24,23,23,1,61,55,32,32,23,23,0,0],"gold":70,"neow_bonus":"BOSS_RELIC","is_daily":false,"chose_seed":false,"campfire_upgraded":2,"win_rate":0.0,"timestamp":1611089644,"path_taken":["M","M","?","?","M","R","E","?","T","E","R","M","E","?","R","BOSS","M","?","?","?","$","E"],"items_purchased_type":["Relic","Potion"],"build_version":"2020-12-22","purchased_purges":0,"victory":false,"max_hp_per_floor":[71,71,71,71,71,71,71,81,81,81,81,81,81,81,81,81,81,81,86,86,86,86,86,86],"card_choices":[{"not_picked":["Redo","Stack"],"picked":"Lockon","floor":1},{"not_picked":["Recycle","Go for the Eyes"],"picked":"Glacier","floor":2},{"not_picked":["Rebound","Beam Cell"],"picked":"Go for the Eyes","floor":3},{"not_picked":["Steam Power","Go for the Eyes","Chaos"],"picked":"SKIP","floor":5},{"not_picked":["Conserve Battery","Hologram"],"picked":"Sweeping Beam","floor":7},{"not_picked":["Coolheaded","Redo"],"picked":"Barrage","floor":10},{"not_picked":["Stack","Turbo","Fusion"],"picked":"SKIP","floor":12},{"not_picked":["FTL","Rebound"],"picked":"Buffer","floor":13},{"not_picked":["Barrage","Cold Snap"],"picked":"Defragment","floor":14},{"not_picked":["Fission","All For One"],"picked":"Echo Form","floor":16},{"not_picked":["Double Energy","Steam"],"picked":"Ball Lightning","floor":18},{"not_picked":["Cold Snap","Hello World"],"picked":"Compile Driver+1","floor":21}],"player_experience":1900614,"relics_obtained":[{"floor":7,"key":"Ornamental Fan"},{"floor":8,"key":"Pear"},{"floor":9,"key":"Ginger"},{"floor":10,"key":"StrikeDummy"},{"floor":13,"key":"Peace Pipe"}],"event_choices":[{"cards_removed":["Strike_B"],"damage_healed":0,"gold_gain":0,"player_choice":"Card Removal","damage_taken":0,"max_hp_gain":0,"max_hp_loss":0,"event_name":"The Cleric","floor":4,"gold_loss":75},{"damage_healed":0,"gold_gain":0,"player_choice":"Shed Blood","damage_taken":28,"max_hp_gain":5,"max_hp_loss":0,"event_name":"Forgotten Altar","floor":19,"gold_loss":0},{"damage_healed":0,"gold_gain":0,"cards_transformed":["Defend_B"],"player_choice":"Transformed","damage_taken":0,"max_hp_gain":0,"max_hp_loss":0,"event_name":"Transmorgrifier","floor":20,"gold_loss":0,"cards_obtained":["Stack"]}],"is_beta":false,"boss_relics":[{"not_picked":["Sozu","Busted Crown"],"picked":"Cursed Key"}],"items_purged_floors":[],"is_endless":false,"potions_floor_spawned":[2,7,10,14,18],"killed_by":"Slavers","ascension_level":20}}