{"host":"h15mxg6fckhg46bu","time":1611039885,"event":{"mods":["BaseMod","Block Reminder","Minty Spire (QoL Compilation)","StSLib"],"gold_per_floor":[112,187,204,10,30,65,65,76,76,110,23,23,42,42,42,161,161,179,200,215,165,183,183,208,208,208],"floor_reached":25,"language":"ENG","playtime":3560,"items_purged":[],"score":258,"play_id":"01e0bc43-d078-426f-90a7-aa07b5afb08a","local_time":"20210119010445","is_ascension_mode":true,"campfire_choices":[{"floor":7.0,"key":"REST"},{"floor":12.0,"key":"REST"},{"floor":15.0,"key":"REST"},{"floor":23,"key":"REST"}],"circlet_count":0,"master_deck":["Eruption","Vigilance+1","SignatureMove","Worship","Collect","SpiritShield+1","DeceiveReality","Ragnarok","SignatureMove","FearNoEvil","ThirdEye","SashWhip","Panacea","Sanctity","Worship","BowlingBash","BowlingBash","Swivel","BowlingBash","Bandage Up","Alpha","Injury","Devotion","WheelKick","PathToVictory","LikeWater+1","Halt+1","Prostrate"],"relics":["Pandora\u0027s Box","War Paint","White Beast Statue","StoneCalendar","Golden Idol","Sozu"],"acts_visited":["Exordium","TheCity"],"potions_floor_usage":[25],"damage_taken":[{"damage":0.0,"enemies":"2 Louse","floor":1.0,"turns":3.0},{"damage":0.0,"enemies":"Jaw Worm","floor":3.0,"turns":4.0},{"damage":0.0,"enemies":"Cultist","floor":5.0,"turns":2.0},{"damage":29.0,"enemies":"3 Sentries","floor":6.0,"turns":7.0},{"damage":5.0,"enemies":"Looter","floor":8.0,"turns":3.0},{"damage":39.0,"enemies":"Gremlin Nob","floor":10.0,"turns":5.0},{"damage":0.0,"enemies":"Blue Slaver","floor":13.0,"turns":2.0},{"damage":20.0,"enemies":"Hexaghost","floor":16.0,"turns":6.0},{"damage":23,"enemies":"2 Thieves","floor":18,"turns":4},{"damage":4,"enemies":"Spheric Guardian","floor":19,"turns":3},{"damage":18,"enemies":"Chosen and Byrds","floor":20,"turns":6},{"damage":26,"enemies":"Centurion and Healer","floor":22,"turns":7},{"damage":16,"enemies":"Snake Plant","floor":24,"turns":4},{"damage":30,"enemies":"Shelled Parasite and Fungi","floor":25,"turns":2}],"seed_played":"-6711568953763787889","potions_obtained":[{"floor":3.0,"key":"AttackPotion"},{"floor":10.0,"key":"CultistPotion"},{"floor":13.0,"key":"StancePotion"},{"floor":16.0,"key":"BlessingOfTheForge"}],"is_trial":false,"path_per_floor":["M","?","M","$","M","E","R","M","T","E","$","R","M","?","R","B",null,"M","M","M","?","M","R","M","M"],"character_chosen":"WATCHER","items_purchased":["Panacea","Sanctity","Worship","Bandage Up"],"campfire_rested":4,"item_purchase_floors":[4,4,4,11],"current_hp_per_floor":[72,61,61,61,61,32,53,48,48,9,9,30,34,34,55,39,72,53,53,39,39,17,38,26,0,0],"gold":208,"neow_bonus":"BOSS_RELIC","is_daily":false,"chose_seed":false,"campfire_upgraded":0,"win_rate":0.0,"timestamp":1611039885,"path_taken":["M","?","M","$","M","E","R","M","T","E","$","R","M","?","R","BOSS","M","M","M","?","M","R","M","M"],"items_purchased_type":["Card","Card","Card","Card"],"build_version":"2020-12-22","purchased_purges":0,"victory":false,"max_hp_per_floor":[72,72,72,72,72,72,72,72,72,72,72,72,72,72,72,72,72,72,72,72,72,72,72,72,72,72],"card_choices":[{"not_picked":["Halt","ForeignInfluence"],"picked":"ThirdEye","floor":1.0},{"not_picked":["Halt","FlurryOfBlows"],"picked":"SashWhip","floor":3.0},{"not_picked":["Meditate","BattleHymn"],"picked":"BowlingBash","floor":5.0},{"not_picked":["Crescendo","WheelKick"],"picked":"BowlingBash","floor":6.0},{"not_picked":["CarveReality","Consecrate"],"picked":"Swivel","floor":8.0},{"not_picked":["EmptyBody","WaveOfTheHand"],"picked":"BowlingBash","floor":10.0},{"not_picked":["FollowUp","Evaluate"],"picked":"Alpha","floor":13.0},{"not_picked":["LessonLearned","Establishment"],"picked":"Devotion","floor":16.0},{"not_picked":["InnerPeace","FlurryOfBlows"],"picked":"WheelKick","floor":18},{"not_picked":["CarveReality","Halt"],"picked":"PathToVictory","floor":19},{"not_picked":["Halt","SandsOfTime"],"picked":"LikeWater+1","floor":20},{"not_picked":["InnerPeace","ClearTheMind"],"picked":"Halt+1","floor":22},{"not_picked":["FollowUp","EmptyMind"],"picked":"Prostrate","floor":24}],"player_experience":3854865,"relics_obtained":[{"floor":6.0,"key":"War Paint"},{"floor":9.0,"key":"White Beast Statue"},{"floor":10.0,"key":"StoneCalendar"}],"event_choices":[{"damage_healed":0.0,"max_hp_gain":0.0,"max_hp_loss":0.0,"gold_gain":75.0,"event_name":"World of Goop","player_choice":"Gather Gold","floor":2.0,"gold_loss":0.0,"damage_taken":11.0},{"damage_healed":0.0,"max_hp_gain":0.0,"max_hp_loss":0.0,"gold_gain":0.0,"event_name":"Golden Idol","player_choice":"Take Wound","floor":14.0,"gold_loss":0.0,"damage_taken":0.0,"relics_obtained":["Golden Idol"],"cards_obtained":["Injury"]},{"damage_healed":0,"gold_gain":0,"player_choice":"Bet on Owner","damage_taken":0,"max_hp_gain":0,"max_hp_loss":0,"event_name":"The Joust","floor":21,"gold_loss":50}],"is_beta":false,"boss_relics":[{"not_picked":["Snecko Eye","Runic Dome"],"picked":"Sozu"}],"items_purged_floors":[],"is_endless":false,"potions_floor_spawned":[3,10,13,16,18,19,20,22,24],"killed_by":"Shelled Parasite and Fungi","ascension_level":4}}