{"host":"gbjphby09ecsfbbs","time":1611093511,"event":{"mods":["AchievementEnabler","BaseMod","Downfall","GifTheSpireLib","Minty Spire (QoL Compilation)","StSLib","The Animator","The Bug Knight","The Cursed","The Saiyan","The Servant 0.9.4","Yuri Mod"],"gold_per_floor":[96,11,25,43,57,90,90,126,126,200,223,223,188,288,288,414,414,432,287,307,11,11,45,0,24,24,24,40,65,65,85,85,210,210,245,39,39,59,77,121,121,121,121],"floor_reached":42,"language":"ENG","playtime":4797,"items_purged":["Saiyan:SAIYA_Defend","Saiyan:SAIYA_Strike","Saiyan:PlotArmor"],"score":508,"play_id":"4646cce1-2945-498c-a03d-ac014fed155c","local_time":"20210119135831","is_ascension_mode":false,"campfire_choices":[{"floor":12.0,"key":"REST"},{"floor":15.0,"key":"RECALL"},{"floor":27.0,"key":"REST"},{"floor":30.0,"key":"REST"},{"floor":32.0,"key":"REST"},{"floor":41,"key":"REST"}],"circlet_count":0,"master_deck":["Saiyan:SAIYA_Strike","Saiyan:SAIYA_Strike","Saiyan:SAIYA_Defend","Saiyan:SAIYA_Defend","Saiyan:EnergyBlast","Saiyan:KaioKen","Saiyan:RuthlessBlow","Saiyan:PowerUp","Saiyan:DrainingStrike","Saiyan:Quickening","Saiyan:Planning","Saiyan:FingerParry","Saiyan:DoubleMasenko","Saiyan:FinalFlash","Saiyan:Planning","Saiyan:GhostAttack","Saiyan:Furor","Saiyan:Flurry","Saiyan:ExpandingShockwave","Saiyan:KameHameHa","Saiyan:Endure+1","Saiyan:PressOn+1","Saiyan:TheBomb","Saiyan:TurtleShell+1","Saiyan:ConcussiveBlow","Saiyan:HyperTimeChamber","Saiyan:DragonFist+1","Saiyan:SaiyanHubris+1","Saiyan:Makankosappo"],"relics":["SaiyanSoul","SaiyanHeart","Bronze Scales","Golden Idol","HornCleat","Matryoshka","Runic Pyramid","Oddly Smooth Stone","Pantograph","Centennial Puzzle","PreservedInsect","Torii","Empty Cage","Pen Nib"],"acts_visited":["Exordium","TheCity","TheBeyond"],"potions_floor_usage":[],"damage_taken":[{"damage":0.0,"enemies":"2 Louse","floor":1.0,"turns":2.0},{"damage":1.0,"enemies":"Small Slimes","floor":3.0,"turns":3.0},{"damage":1.0,"enemies":"Cultist","floor":4.0,"turns":4.0},{"damage":8.0,"enemies":"Exordium Thugs","floor":5.0,"turns":5.0},{"damage":22.0,"enemies":"Lagavulin","floor":6.0,"turns":8.0},{"damage":16.0,"enemies":"Gremlin Nob","floor":8.0,"turns":3.0},{"damage":0.0,"enemies":"Large Slime","floor":11.0,"turns":5.0},{"damage":20.0,"enemies":"Hexaghost","floor":16.0,"turns":15.0},{"damage":22.0,"enemies":"2 Thieves","floor":18.0,"turns":4.0},{"damage":13.0,"enemies":"Shell Parasite","floor":20.0,"turns":5.0},{"damage":23.0,"enemies":"Slavers","floor":23.0,"turns":8.0},{"damage":3.0,"enemies":"Centurion and Healer","floor":25.0,"turns":7.0},{"damage":24.0,"enemies":"Sentry and Sphere","floor":28.0,"turns":6.0},{"damage":0.0,"enemies":"Chosen and Byrds","floor":29.0,"turns":3.0},{"damage":12.0,"enemies":"Snecko","floor":31.0,"turns":6.0},{"damage":57.0,"enemies":"Collector","floor":33.0,"turns":8.0},{"damage":12.0,"enemies":"Orb Walker","floor":35.0,"turns":5.0},{"damage":27.0,"enemies":"3 Darklings","floor":38.0,"turns":3.0},{"damage":11,"enemies":"Jaw Worm Horde","floor":39,"turns":5},{"damage":37,"enemies":"Nemesis","floor":40,"turns":7},{"damage":32,"enemies":"4 Shapes","floor":42,"turns":3}],"seed_played":"-2524604461972143835","potions_obtained":[{"floor":3.0,"key":"Strength Potion"},{"floor":4.0,"key":"FearPotion"},{"floor":16.0,"key":"sneckomod:MuddlingPotion"},{"floor":20.0,"key":"SkillPotion"},{"floor":23.0,"key":"champ:CounterPotion"},{"floor":31.0,"key":"ColorlessPotion"},{"floor":38.0,"key":"Regen Potion"},{"floor":39,"key":"Dexterity Potion"}],"is_trial":false,"path_per_floor":["M","$","M","M","M","E","?","E","T","?","M","R","?","?","R","B",null,"M","$","M","$","T","E","?","M","T","R","M","M","R","M","R","B",null,"M","$","?","M","M","E","R","M"],"character_chosen":"SAIYAJIN","items_purchased":["Saiyan:DrainingStrike","Saiyan:PlotArmor","Saiyan:Teleport","Saiyan:ExpandingShockwave","Oddly Smooth Stone","Saiyan:ConcussiveBlow"],"campfire_rested":5,"item_purchase_floors":[2,2,19,21,21,36],"current_hp_per_floor":[67,67,67,67,61,41,23,7,7,7,9,31,49,49,49,31,77,57,57,46,46,46,25,25,22,22,46,24,26,52,40,66,30,87,76,76,76,49,39,3,30,0,0],"gold":121,"neow_bonus":"TEN_PERCENT_HP_BONUS","is_daily":false,"chose_seed":false,"campfire_upgraded":0,"win_rate":0.0,"timestamp":1611093511,"path_taken":["M","$","M","M","M","E","?","E","T","?","M","R","?","?","R","BOSS","M","?","M","$","?","E","?","M","T","R","M","M","R","M","R","BOSS","M","$","?","?","M","E","R","M"],"items_purchased_type":["Card","Card","Card","Card","Relic","Card"],"build_version":"2020-12-22","purchased_purges":3,"victory":false,"max_hp_per_floor":[67,67,68,69,71,73,73,73,73,73,75,75,75,75,75,77,77,79,79,81,81,81,83,83,83,83,83,85,87,87,87,87,87,87,88,88,88,88,89,90,90,90,90],"card_choices":[{"not_picked":["Saiyan:AugmentedBlast","Saiyan:DragonFist"],"picked":"Saiyan:PowerUp","floor":1.0},{"not_picked":["Saiyan:SaiyanHubris","Saiyan:TurtleShell"],"picked":"Saiyan:Quickening","floor":3.0},{"not_picked":["Saiyan:SpiritSword","Saiyan:PowerUp"],"picked":"Saiyan:Planning","floor":4.0},{"not_picked":["Saiyan:Twize","Saiyan:PowerUp"],"picked":"Saiyan:FingerParry","floor":5.0},{"not_picked":["Saiyan:CCCapsule","Saiyan:Quickening"],"picked":"Saiyan:DoubleMasenko","floor":6.0},{"not_picked":["Saiyan:Quickening","Saiyan:Scouter"],"picked":"Saiyan:FinalFlash","floor":8.0},{"not_picked":["Saiyan:SuperSaiyanThree","Saiyan:PlotArmor"],"picked":"Saiyan:Planning","floor":11.0},{"not_picked":["Saiyan:HyperTimeChamber","Saiyan:SolarFlare"],"picked":"Saiyan:GhostAttack","floor":16.0},{"not_picked":["Saiyan:SpiritSword+1","Saiyan:Reset"],"picked":"Saiyan:Furor","floor":18.0},{"not_picked":["Saiyan:Twize+1","Saiyan:DragonFist"],"picked":"Saiyan:Flurry","floor":20.0},{"not_picked":["Saiyan:BackAttack+1","Saiyan:HyperTimeChamber"],"picked":"Saiyan:KameHameHa","floor":23.0},{"not_picked":["Saiyan:Flurry+1","Saiyan:Taunt","Saiyan:KiExplosion+1"],"picked":"SKIP","floor":25.0},{"not_picked":["Saiyan:RemoveWeights","Saiyan:FingerParry+1"],"picked":"Saiyan:Endure+1","floor":28.0},{"not_picked":["Saiyan:ExpandingShockwave","Saiyan:Flurry"],"picked":"Saiyan:PressOn+1","floor":29.0},{"not_picked":["Saiyan:RemoveWeights+1","Saiyan:PlotArmor+1","Saiyan:Quickening"],"picked":"SKIP","floor":31.0},{"not_picked":["Saiyan:SenzuBean","Saiyan:TransfigurationBeam"],"picked":"Saiyan:TheBomb","floor":33.0},{"not_picked":["Saiyan:KiExplosion+1","Saiyan:Flurry"],"picked":"Saiyan:TurtleShell+1","floor":35.0},{"not_picked":["Saiyan:Afterimage","Saiyan:KiStrike+1"],"picked":"Saiyan:DragonFist+1","floor":38.0},{"not_picked":["Saiyan:DragonRadar","Saiyan:Endure"],"picked":"Saiyan:SaiyanHubris+1","floor":39},{"not_picked":["Saiyan:Kienzan","Saiyan:ExtremeSpeed+1"],"picked":"Saiyan:Makankosappo","floor":40}],"player_experience":74569,"relics_obtained":[{"floor":6.0,"key":"Bronze Scales"},{"floor":8.0,"key":"HornCleat"},{"floor":9.0,"key":"Matryoshka"},{"floor":22.0,"key":"Pantograph"},{"floor":23.0,"key":"Centennial Puzzle"},{"floor":26.0,"key":"PreservedInsect"},{"floor":26.0,"key":"Torii"},{"floor":40,"key":"Pen Nib"}],"event_choices":[{"damage_healed":0.0,"max_hp_gain":0.0,"max_hp_loss":0.0,"gold_gain":0.0,"event_name":"Golden Idol","player_choice":"Take Damage","floor":7.0,"gold_loss":0.0,"damage_taken":18.0,"relics_obtained":["Golden Idol"]},{"damage_healed":0.0,"max_hp_gain":0.0,"max_hp_loss":0.0,"gold_gain":74.0,"event_name":"Golden Wing","player_choice":"Gained Gold","floor":10.0,"gold_loss":0.0,"damage_taken":0.0},{"damage_healed":18.0,"max_hp_gain":0.0,"max_hp_loss":0.0,"gold_gain":0.0,"event_name":"The Cleric","player_choice":"Healed","floor":13.0,"gold_loss":35.0,"damage_taken":0.0},{"damage_healed":0.0,"max_hp_gain":0.0,"max_hp_loss":0.0,"gold_gain":100.0,"event_name":"Wheel of Change","player_choice":"Gold","floor":14.0,"gold_loss":0.0,"damage_taken":0.0},{"damage_healed":0.0,"max_hp_gain":0.0,"max_hp_loss":0.0,"gold_gain":0.0,"event_name":"Masked Bandits","player_choice":"Paid Fearfully","floor":24.0,"gold_loss":45.0,"damage_taken":0.0},{"damage_healed":0.0,"max_hp_gain":0.0,"max_hp_loss":0.0,"gold_gain":0.0,"cards_transformed":["Saiyan:Teleport"],"event_name":"Transmorgrifier","player_choice":"Transformed","floor":37.0,"gold_loss":0.0,"damage_taken":0.0,"cards_obtained":["Saiyan:HyperTimeChamber"]}],"is_beta":false,"boss_relics":[{"not_picked":["Black Star","Velvet Choker"],"picked":"Runic Pyramid"},{"not_picked":["SacredBark","Philosopher\u0027s Stone"],"picked":"Empty Cage"}],"items_purged_floors":[19,21,36],"is_endless":false,"potions_floor_spawned":[3,4,16,20,23,31,38,39],"killed_by":"4 Shapes","ascension_level":0}}