{"host":"lehz9p79pih88cc3","time":1611077675,"event":{"mods":["AchievementEnabler","Act Like it!","Ascension Reborn","Aspiration","BaseMod","Better Note","Better Skull","Better Third Choice","CapriCore","Defuse TimeMaze Blight","Disable Question Mark Monsters","Emptier Cage","GungeonMod","Infinite Spire","Koishi","Marisa????????","Minty Spire (QoL Compilation)","Permanent Neow","Quick Restart","Reimu??????","Relic Stats","Remilia??????","Replay The Spire","SacredBarkPlus","Shop Mod","StSLib","The Administrix","The Animator","The Immortal","The Runesmith","The Servant 0.9.4","Transform Curses","Uncapped"],"gold_per_floor":[209,240,111,128,148,176,231,231,301,336,346,346,358,390,390,390,390],"floor_reached":16,"language":"ENG","playtime":1053,"items_purged":[],"score":154,"play_id":"04346fa5-6364-48fa-8d6f-d63d83392654","local_time":"20210119123435","is_ascension_mode":true,"campfire_choices":[{"floor":8,"key":"REST"},{"floor":15,"key":"REST"}],"circlet_count":0,"master_deck":["DemoMod:Strike_Huntress","DemoMod:Strike_Huntress","DemoMod:Strike_Huntress","DemoMod:Defend_Huntress","DemoMod:Defend_Huntress","DemoMod:Defend_Huntress","DemoMod:Defend_Huntress","DemoMod:Roll","DemoMod:ManualReload","DemoMod:RustySidearm","DemoMod:CrossBow","DemoMod:ShadowBullets","DemoMod:JK47","DemoMod:HuntsMan","DemoMod:ThirdPartyController","DemoMod:HungryBullets"],"relics":["DemoMod:Dog","Regal Pillow","DemoMod:MonsterBlood","Juzu Bracelet","Garlic","Replay:Bottled Snecko","Chameleon Ring","BranchBurnRelic"],"acts_visited":["Exordium"],"potions_floor_usage":[14,14,16,16],"damage_taken":[{"damage":1,"enemies":"Cultist","floor":1,"turns":3},{"damage":5,"enemies":"Small Slimes","floor":2,"turns":11},{"damage":7,"enemies":"Small Slimes","floor":4,"turns":11},{"damage":1,"enemies":"2 Louse","floor":5,"turns":2},{"damage":32,"enemies":"Gremlin Nob","floor":6,"turns":5},{"damage":4,"enemies":"2 Fungi Beasts","floor":7,"turns":4},{"damage":20,"enemies":"Replay:BlueRogue","floor":10,"turns":8},{"damage":4,"enemies":"3 Louse","floor":11,"turns":3},{"damage":10,"enemies":"Red Slaver","floor":13,"turns":2},{"damage":0,"enemies":"Gremlin Nob","floor":14,"turns":5},{"damage":83,"enemies":"Hexaghost","floor":16,"turns":16}],"seed_played":"-2548844048148084357","potions_obtained":[{"floor":1,"key":"Dexterity Potion"},{"floor":4,"key":"BlessingOfTheForge"},{"floor":5,"key":"Doom Potion"},{"floor":6,"key":"LifebloodPotion"},{"floor":11,"key":"DistilledChaos"},{"floor":14,"key":"Explosive Potion"}],"is_trial":false,"path_per_floor":["M","?","$","M","M","E","M","R","T","E","M","?","M","E","R","B"],"character_chosen":"HUNTRESS","items_purchased":["DemoMod:ShadowBullets","DemoMod:JK47"],"campfire_rested":2,"item_purchase_floors":[3,3],"current_hp_per_floor":[69,71,71,64,63,31,27,65,65,45,41,41,31,31,69,0,0],"gold":390,"neow_bonus":"HUNDRED_GOLD","is_daily":false,"chose_seed":false,"campfire_upgraded":0,"win_rate":0.0,"timestamp":1611077675,"path_taken":["M","?","$","M","M","E","M","R","T","E","M","?","M","E","R","BOSS"],"items_purchased_type":["Card","Card"],"build_version":"2020-12-22","purchased_purges":0,"victory":false,"max_hp_per_floor":[70,77,77,77,77,77,77,77,77,77,77,77,77,77,77,77,77],"relic_stats":{"Regal Pillow":30,"counters":[11,70],"Juzu Bracelet":0,"obtain_stats":[{"BranchBurnRelic":15,"Regal Pillow":2,"Chameleon Ring":14,"DemoMod:Dog":0,"DemoMod:MonsterBlood":2,"Dead Branch":10,"DemoMod:GlassGuonStoneRelic":1,"Juzu Bracelet":4,"Garlic":9,"Replay:Bottled Snecko":12},{"BranchBurnRelic":10,"Regal Pillow":2,"Chameleon Ring":10,"DemoMod:Dog":0,"DemoMod:MonsterBlood":2,"Dead Branch":7,"DemoMod:GlassGuonStoneRelic":1,"Juzu Bracelet":3,"Garlic":6,"Replay:Bottled Snecko":8},{"BranchBurnRelic":54,"Regal Pillow":14,"Chameleon Ring":54,"DemoMod:Dog":0,"DemoMod:MonsterBlood":14,"Dead Branch":44,"DemoMod:GlassGuonStoneRelic":3,"Juzu Bracelet":25,"Garlic":36,"Replay:Bottled Snecko":47}]},"card_choices":[{"not_picked":["DemoMod:GunstockTap","DemoMod:RadGun"],"picked":"DemoMod:DirectionalPad","floor":1},{"not_picked":["DemoMod:CursedBullets","DemoMod:SAA"],"picked":"DemoMod:DirectionalPad","floor":2},{"not_picked":["DemoMod:StickyCrossBow","DemoMod:JK47"],"picked":"DemoMod:HuntsMan","floor":4},{"not_picked":["DemoMod:StickyCrossBow","DemoMod:AC15","DemoMod:Unmoved"],"picked":"SKIP","floor":5},{"not_picked":["DemoMod:JK47","DemoMod:GunstockTap","DemoMod:Ejector"],"picked":"SKIP","floor":6},{"not_picked":["DemoMod:SAA","DemoMod:Unmoved"],"picked":"DemoMod:ThirdPartyController","floor":7},{"not_picked":["DemoMod:FastSwitch","DemoMod:SpreadAmmo","DemoMod:MegaHand"],"picked":"SKIP","floor":10},{"not_picked":["DemoMod:SkilledReload","DemoMod:JK47"],"picked":"DemoMod:HungryBullets","floor":11},{"not_picked":["DemoMod:AWP","DemoMod:TableSutra","DemoMod:Unity"],"picked":"SKIP","floor":13},{"not_picked":["DemoMod:TableSutra","DemoMod:GunstockTap","DemoMod:MachoBrace"],"picked":"SKIP","floor":14}],"player_experience":291120,"relics_obtained":[{"floor":2,"key":"Regal Pillow"},{"floor":2,"key":"DemoMod:MonsterBlood"},{"floor":4,"key":"Juzu Bracelet"},{"floor":9,"key":"Garlic"},{"floor":10,"key":"Dead Branch"},{"floor":14,"key":"Chameleon Ring"}],"event_choices":[],"is_beta":false,"boss_relics":[],"items_purged_floors":[],"is_endless":false,"potions_floor_spawned":[1,4,5,6,11,14],"killed_by":"Hexaghost","ascension_level":1}}