{"host":"7fyy23rucerupe6i","time":1611044596,"event":{"mods":["BaseMod","Downfall","Minty Spire (QoL Compilation)","StSLib"],"gold_per_floor":[99,99,109,128,128,28,53,203,203,113,132,157,57,89,99,195,195,195,210,228,245,245,245,245,345,345,361,56,69,69,80,99,202,202,202,222,238,248,267,267,345,395,414,763,763,788,788,148,163,163],"floor_reached":51,"language":"ZHS","playtime":3734,"items_purged":["downfall:Icky","J.A.X."],"score":841,"play_id":"09b56a96-9c23-4363-a3ea-50f4e418b1b5","local_time":"20210119162316","is_ascension_mode":false,"campfire_choices":[{"floor":1.0,"key":"RECALL"},{"data":"champ:Backstep","floor":6.0,"key":"SMITH"},{"data":"champ:Execute","floor":9.0,"key":"SMITH"},{"data":"champ:IgnorePain","floor":13.0,"key":"SMITH"},{"data":"champ:StrikeOfGenius","floor":18,"key":"SMITH"},{"data":"champ:CalledShot","floor":26,"key":"SMITH"},{"data":"1","floor":30,"key":"LIFT"},{"data":"2","floor":35,"key":"LIFT"},{"data":"3","floor":45,"key":"LIFT"},{"data":"champ:Duel","floor":47,"key":"SMITH"}],"circlet_count":0,"master_deck":["champ:Strike","champ:Strike","champ:Strike","champ:Defend","champ:Defend","champ:Defend","champ:Execute+1","champ:Taunt","champ:RecklessLeap","champ:Backstep+1","champ:IgnorePain+1","champ:IronFortress","champ:StrikeOfGenius+1","champ:CalledShot+1","champ:Duel+1","champ:CrookedStrike","champ:Haymaker","champ:VampiricStrike","champ:BerserkersShout+1","champ:UltimateStance","champ:ShieldWall+1","champ:EndlessRage"],"relics":["champ:ChampionCrown","downfall:HeartBlessingRed","Guardian:PocketSentry","Mercury Hourglass","downfall:HeartBlessingGreen","Question Card","Snecko Eye","Nilry\u0027s Codex","champ:DefensiveTrainingManual","MutagenicStrength","Girya","Coffee Dripper","The Courier","CaptainsWheel","Old Coin","Mummified Hand","Nunchaku","Letter Opener","Bronze Scales","Shuriken","Unceasing Top"],"acts_visited":["Exordium","TheCity","TheBeyond"],"potions_floor_usage":[29,33,33,40,44],"damage_taken":[{"damage":21.0,"enemies":"Jaw Worm","floor":3.0,"turns":4.0},{"damage":16.0,"enemies":"Cultist","floor":4.0,"turns":3.0},{"damage":20.0,"enemies":"downfall:FleeingMerchant","floor":10.0,"turns":4.0},{"damage":10.0,"enemies":"Small Slimes","floor":11.0,"turns":2.0},{"damage":22.0,"enemies":"Gremlin Nob","floor":12.0,"turns":4.0},{"damage":25.0,"enemies":"3 Sentries","floor":14.0,"turns":5.0},{"damage":0.0,"enemies":"Blue Slaver","floor":15.0,"turns":3.0},{"damage":85.0,"enemies":"SI_SHIV_ARCHETYPE","floor":16.0,"turns":8.0},{"damage":21,"enemies":"Shell Parasite","floor":19,"turns":3},{"damage":43,"enemies":"3 Byrds","floor":20,"turns":4},{"damage":10,"enemies":"Snecko","floor":21,"turns":4},{"damage":50,"enemies":"downfall:Augmenter","floor":25,"turns":4},{"damage":13,"enemies":"3 Cultists","floor":27,"turns":3},{"damage":20,"enemies":"downfall:FleeingMerchant","floor":28,"turns":4},{"damage":19,"enemies":"Centurion and Healer","floor":29,"turns":5},{"damage":0,"enemies":"Shelled Parasite and Fungi","floor":31,"turns":4},{"damage":10,"enemies":"3 Cultists","floor":32,"turns":4},{"damage":17,"enemies":"IC_MUSHROOM_ARCHETYPE","floor":33,"turns":5},{"damage":13,"enemies":"3 Darklings","floor":36,"turns":3},{"damage":10,"enemies":"3 Shapes","floor":37,"turns":3},{"damage":26,"enemies":"Spire Growth","floor":38,"turns":4},{"damage":20,"enemies":"3 Darklings","floor":39,"turns":4},{"damage":0,"enemies":"Jaw Worm Horde","floor":40,"turns":2},{"damage":51,"enemies":"Jaw Worm Horde","floor":42,"turns":4},{"damage":35,"enemies":"Maw","floor":43,"turns":5},{"damage":19,"enemies":"2 Orb Walkers","floor":44,"turns":4},{"damage":55,"enemies":"Giant Head","floor":46,"turns":5},{"damage":10,"enemies":"downfall:FleeingMerchant","floor":48,"turns":4},{"damage":20,"enemies":"Sphere and 2 Shapes","floor":49,"turns":3},{"damage":10,"enemies":"DF_ARCHETYPE_ORBS","floor":50,"turns":5}],"seed_played":"-788662634869542125","potions_obtained":[{"floor":2.0,"key":"Regen Potion"},{"floor":2.0,"key":"DuplicationPotion"},{"floor":2.0,"key":"GamblersBrew"},{"floor":3.0,"key":"CultistPotion"},{"floor":11.0,"key":"Fire Potion"},{"floor":15.0,"key":"SneckoOil"},{"floor":21,"key":"SmokeBomb"},{"floor":29,"key":"Ancient Potion"},{"floor":31,"key":"SteroidPotion"},{"floor":36,"key":"Fire Potion"},{"floor":37,"key":"BlessingOfTheForge"},{"floor":42,"key":"BlessingOfTheForge"},{"floor":46,"key":"Explosive Potion"}],"is_trial":false,"path_per_floor":["R","?","M","M","?","R","T","?","R","$","M","E","R","E","M","B",null,"R","M","M","M","?","T","T","?","R","M","$","M","R","M","M","B",null,"R","M","M","M","M","M","T","?","M","?","R","E","R","$","M","B",null],"character_chosen":"THE_CHAMP","items_purchased":["Girya","Nunchaku","Letter Opener","Bronze Scales","Shuriken","Unceasing Top"],"campfire_rested":0,"item_purchase_floors":[28,48,48,48,48,48],"current_hp_per_floor":[99,99,98,97,102,102,102,102,102,102,102,90,90,90,90,60,104,104,103,80,80,64,64,64,49,49,46,36,41,41,41,41,34,104,104,101,101,85,75,75,75,69,79,60,60,70,70,70,60,75],"gold":163,"neow_bonus":"TEN_PERCENT_HP_BONUS","is_daily":false,"chose_seed":false,"campfire_upgraded":6,"win_rate":0.0,"timestamp":1611044596,"path_taken":["R","?","M","?","?","R","T","?","R","$","M","E","R","E","M","BOSS","R","M","M","M","?","?","T","?","R","?","?","M","R","M","M","BOSS","R","M","?","M","M","?","T","?","M","?","R","E","R","$","M","BOSS"],"items_purchased_type":["Relic","Relic","Relic","Relic","Relic","Relic"],"build_version":"2020-12-22","purchased_purges":2,"victory":true,"max_hp_per_floor":[99,99,99,99,104,104,104,104,104,104,104,104,104,104,104,104,104,104,104,104,104,104,104,104,104,104,104,104,104,104,104,104,104,104,104,104,104,104,104,104,104,104,104,104,104,104,104,104,104,104],"card_choices":[{"not_picked":["champ:TornadoPunch","champ:FanOfKnives"],"picked":"champ:RecklessLeap","floor":3.0},{"not_picked":["champ:FanOfKnives","champ:BerserkersShout"],"picked":"champ:Backstep","floor":4.0},{"not_picked":["champ:Haymaker","champ:DefensiveShout","champ:Backstep"],"picked":"SKIP","floor":10.0},{"not_picked":["champ:AdrenalArmor","champ:Shatter","champ:Backstep"],"picked":"SKIP","floor":11.0},{"not_picked":["champ:PreciseThrust","champ:EnGarde"],"picked":"champ:IgnorePain","floor":12.0},{"not_picked":["champ:Parry","champ:SetATrap","champ:EnGarde"],"picked":"SKIP","floor":14.0},{"not_picked":["champ:EndlessRage","champ:ShieldSlam","champ:GutPunch"],"picked":"champ:IronFortress","floor":15.0},{"not_picked":["champ:HeavySlash","champ:CheapShot","champ:Devastate"],"picked":"champ:StrikeOfGenius","floor":16.0},{"not_picked":["champ:ShieldSlam+1","champ:CrownThrow+1","champ:EnGarde+1"],"picked":"champ:CalledShot","floor":19},{"not_picked":["champ:EndlessRage+1","champ:DefensiveShout","champ:StanceDance+1"],"picked":"champ:Duel","floor":20},{"not_picked":["champ:StanceDance","champ:Parry","champ:SkillfulDodge+1","champ:Encircle+1"],"picked":"SKIP","floor":21},{"not_picked":[],"picked":"J.A.X.","floor":25},{"not_picked":["champ:PreciseThrust","champ:ShieldThrow","champ:CrookedStrike","champ:DefensiveShout"],"picked":"SKIP","floor":27},{"not_picked":["champ:BladeFlurry","champ:Haymaker+1","champ:IronFortress","champ:FlashCut+1"],"picked":"SKIP","floor":28},{"not_picked":["champ:PreciseThrust","champ:FaceSlap","champ:SetATrap+1","champ:FanOfKnives"],"picked":"SKIP","floor":29},{"not_picked":["champ:Lariat","champ:Backstep","champ:RapidStrikes","champ:FanOfKnives+1"],"picked":"SKIP","floor":31},{"not_picked":["champ:AdrenalArmor+1","champ:Shatter","champ:TornadoPunch","champ:CrookedStrike"],"picked":"SKIP","floor":32},{"not_picked":["champ:HoldFirm","champ:SwordThrow","champ:StrikeOfGenius"],"picked":"champ:VampiricStrike","floor":33},{"not_picked":["champ:CrookedStrike+1","champ:FocusedDefense","champ:Shatter+1","champ:Circumvent+1"],"picked":"SKIP","floor":36},{"not_picked":["champ:Backstep","champ:GladiatorStyle","champ:BladeFlurry","champ:GutPunch+1"],"picked":"SKIP","floor":37},{"not_picked":["champ:RapidStrikes","champ:BladeFlurry","champ:Circumvent"],"picked":"champ:BerserkersShout+1","floor":38},{"not_picked":["champ:Endure+1","champ:EnGarde","champ:SkillfulDodge+1","champ:EndlessRage+1"],"picked":"SKIP","floor":39},{"not_picked":["champ:BladeFlurry","champ:ShieldSlam+1","champ:Haymaker"],"picked":"champ:UltimateStance","floor":43},{"not_picked":["champ:FanOfKnives","champ:StanceDance+1","champ:TornadoPunch+1"],"picked":"champ:ShieldWall+1","floor":44},{"not_picked":["champ:Encircle","champ:PerfectedStrike","champ:PreciseThrust+1"],"picked":"champ:EndlessRage","floor":46},{"not_picked":["champ:SetATrap+1","champ:FocusedBerserking+1","champ:RapidStrikes","champ:RisingSlash+1"],"picked":"SKIP","floor":48},{"not_picked":["champ:FanOfKnives","champ:ShieldThrow","champ:TornadoPunch+1","champ:Backstep+1"],"picked":"SKIP","floor":49}],"player_experience":409097,"relics_obtained":[{"floor":7.0,"key":"Guardian:PocketSentry"},{"floor":12.0,"key":"Mercury Hourglass"},{"floor":14.0,"key":"Question Card"},{"floor":22,"key":"Nilry\u0027s Codex"},{"floor":24,"key":"champ:DefensiveTrainingManual"},{"floor":25,"key":"MutagenicStrength"},{"floor":41,"key":"The Courier"},{"floor":42,"key":"CaptainsWheel"},{"floor":44,"key":"Old Coin"},{"floor":46,"key":"Mummified Hand"}],"event_choices":[{"damage_healed":0.0,"max_hp_gain":0.0,"max_hp_loss":0.0,"gold_gain":0.0,"event_name":"Lab","player_choice":"Got Potions","floor":2.0,"gold_loss":0.0,"damage_taken":0.0},{"damage_healed":0.0,"max_hp_gain":5.0,"max_hp_loss":0.0,"gold_gain":0.0,"event_name":"Big Fish","player_choice":"Donut","floor":5.0,"gold_loss":0.0,"damage_taken":0.0},{"damage_healed":0,"gold_gain":0,"player_choice":"Fight","damage_taken":0,"max_hp_gain":0,"max_hp_loss":0,"event_name":"Mysterious Sphere","floor":44,"gold_loss":0}],"is_beta":false,"boss_relics":[{"not_picked":["Pandora\u0027s Box","Velvet Choker"],"picked":"Snecko Eye"},{"not_picked":["Fusion Hammer","bronze:MakeshiftBattery"],"picked":"Coffee Dripper"}],"items_purged_floors":[10,48],"is_endless":false,"potions_floor_spawned":[3,11,15,21,29,31,32,36,37,38,42,46],"ascension_level":0}}