{"host":"iml8x8es9od4zowg","time":1611060920,"event":{"mods":["2.2 Compatiblity","BaseMod","Marisa£¨Ùöéë¡¡Øª×âÞÞ£©","Minty Spire (QoL Compilation)","StSLib","Td1madao Mod","The Jungle","¡¼?Úª?ø«¡½REMEMod"],"gold_per_floor":[19,32,32,50,50,81,81,125,198,123,123,123,123],"floor_reached":12,"language":"KOR","playtime":755,"items_purged":["Strike_C"],"score":90,"play_id":"4189bc8c-7c5c-437b-85cd-021e7ad9d8c9","local_time":"20210119215520","is_ascension_mode":true,"campfire_choices":[{"floor":7,"key":"REST"},{"floor":11,"key":"REST"}],"circlet_count":0,"master_deck":["Strike_C","Strike_C","Strike_C","Defend_C","Defend_C","Defend_C","Defend_C","Knight Kick","OortCloud","Perfect Defend"],"relics":["Apod","REME_ComplimentaryCards","WingedGreaves","Golden Idol","Cola","Regal Pillow","Mummified Hand"],"acts_visited":["Exordium"],"potions_floor_usage":[6,8,12],"damage_taken":[{"damage":12.0,"enemies":"2 Louse","floor":1.0,"turns":4.0},{"damage":3,"enemies":"Small Slimes","floor":2,"turns":4},{"damage":0,"enemies":"Cultist","floor":4,"turns":5},{"damage":37,"enemies":"Lagavulin","floor":6,"turns":10},{"damage":15,"enemies":"Gremlin Nob","floor":8,"turns":6},{"damage":38,"enemies":"Lagavulin","floor":12,"turns":13}],"seed_played":"8317537995468784967","potions_obtained":[{"floor":1,"key":"LiquidBronze"},{"floor":4,"key":"FearPotion"},{"floor":6,"key":"FearPotion"}],"is_trial":false,"path_per_floor":["M","M","?","M","?","E","R","E","T","$","R","E"],"character_chosen":"TD1MADAO_CLASS","items_purchased":[],"campfire_rested":2,"item_purchase_floors":[],"current_hp_per_floor":[58,55,55,55,48,11,30,15,15,15,49,11,11],"gold":123,"neow_bonus":"ONE_RARE_RELIC","is_daily":false,"chose_seed":false,"campfire_upgraded":0,"win_rate":0.0,"timestamp":1611060920,"path_taken":["M","M","?","M","?","E","R","E","T","$","R","E"],"items_purchased_type":[],"build_version":"2020-12-22","purchased_purges":1,"victory":false,"max_hp_per_floor":[70,70,65,65,65,65,65,65,65,65,65,65,65],"card_choices":[{"not_picked":["Fire Up","Paralysis","Coercion"],"picked":"SKIP","floor":1},{"not_picked":["Light Attack","Fire Blade","Revenge"],"picked":"SKIP","floor":2},{"not_picked":["Oblique Hack","Provocative","Preloading"],"picked":"SKIP","floor":4},{"not_picked":["Reinforcement Parts","Provocative"],"picked":"Perfect Defend","floor":6},{"not_picked":["Twin Teeth","New Defend Magic","Three Hit"],"picked":"SKIP","floor":8}],"player_experience":550754,"relics_obtained":[{"floor":6,"key":"Cola"},{"floor":8,"key":"Regal Pillow"},{"floor":9,"key":"Mummified Hand"}],"event_choices":[{"damage_healed":0,"gold_gain":0,"player_choice":"Lose Max HP","damage_taken":0,"relics_obtained":["Golden Idol"],"max_hp_gain":0,"max_hp_loss":5,"event_name":"Golden Idol","floor":3,"gold_loss":0},{"cards_removed":["Chip"],"damage_healed":0,"gold_gain":0,"player_choice":"Card Removal","damage_taken":7,"max_hp_gain":0,"max_hp_loss":0,"event_name":"Golden Wing","floor":5,"gold_loss":0}],"is_beta":false,"boss_relics":[],"items_purged_floors":[10],"is_endless":false,"potions_floor_spawned":[1,4,6],"killed_by":"Lagavulin","ascension_level":1}}