{"host":"f5mjulaw5aqlqmd7","time":1611027038,"event":{"mods":["Act Like it!","BaseMod","Colored Map","GifTheSpireLib","Hallownest","Minty Spire (QoL Compilation)","StSLib","The Bug Knight"],"gold_per_floor":[118,131,144,163,163,190,204,33,33,33,66,66,78,96,96,193,193,206,239,257,257,257,257],"floor_reached":22,"language":"ENG","playtime":2358,"items_purged":[],"score":223,"play_id":"94437f6e-0c51-4fa8-9148-8fb0d467e0e7","local_time":"20210118223038","is_ascension_mode":false,"campfire_choices":[{"floor":10,"key":"REST"},{"floor":15,"key":"REST"}],"circlet_count":0,"master_deck":["HollowMod:NailStrikeStart","HollowMod:NailStrikeStart","HollowMod:NailStrikeStart","HollowMod:QuickDashStart","HollowMod:QuickDashStart","HollowMod:QuickDashStart","HollowMod:QuickDashStart","HollowMod:FocusHealStart","HollowMod:PogoStrike","HollowMod:DoubleDash","HollowMod:HowlingWraiths","HollowMod:BaldurShell","HollowMod:PerfectDash","HollowMod:CornifersMapStart","HollowMod:HowlingWraiths","HollowMod:ChannelNail","HollowMod:GreatSlash","HollowMod:GoodIntentions","HollowMod:HeavyBlow","HollowMod:QuirrelsAssistance","HollowMod:theNailsmith","HollowMod:DesolateDive","HollowMod:ChannelNail","HollowMod:SiblingsSouls+1","HollowMod:CloakDash"],"relics":["HollowMod:VesselMask","NeowsBlessing","Toy Ornithopter","HollowMod:LifeEnderRelic","Lizard Tail","Torii","Black Star","HollowMod:GreatKnightMask"],"acts_visited":["Exordium","TheCity"],"potions_floor_usage":[],"damage_taken":[{"damage":0,"enemies":"Cultist","floor":1,"turns":1},{"damage":0,"enemies":"2 Louse","floor":2,"turns":1},{"damage":0,"enemies":"Small Slimes","floor":3,"turns":1},{"damage":8,"enemies":"Exordium Wildlife","floor":4,"turns":2},{"damage":40,"enemies":"Gremlin Nob","floor":6,"turns":6},{"damage":11,"enemies":"Lots of Slimes","floor":7,"turns":2},{"damage":22,"enemies":"3 Sentries","floor":11,"turns":5},{"damage":2,"enemies":"Looter","floor":13,"turns":5},{"damage":9,"enemies":"2 Fungi Beasts","floor":14,"turns":4},{"damage":37,"enemies":"The Guardian","floor":16,"turns":16},{"damage":56,"enemies":"3 Byrds","floor":18,"turns":9},{"damage":0,"enemies":"HollowMod:Zote","floor":19,"turns":2},{"damage":55,"enemies":"Chosen","floor":20,"turns":10},{"damage":18,"enemies":"3 Cultists","floor":22,"turns":3}],"seed_played":"1166059491590790059","potions_obtained":[{"floor":4,"key":"SkillPotion"},{"floor":7,"key":"Explosive Potion"},{"floor":11,"key":"CultistPotion"}],"is_trial":false,"path_per_floor":["M","M","M","M","?","E","M","$","T","R","E","$","M","M","R","B",null,"M","?","M","?","M"],"character_chosen":"THE_BUGKNIGHT","items_purchased":["HollowMod:ChannelNail","HollowMod:GreatSlash","ColorlessPotion"],"campfire_rested":2,"item_purchase_floors":[8,8,8],"current_hp_per_floor":[75,75,75,67,67,33,22,22,22,44,22,22,20,11,33,6,75,19,19,7,7,0,0],"gold":257,"neow_bonus":"THREE_ENEMY_KILL","is_daily":false,"chose_seed":false,"campfire_upgraded":0,"win_rate":0.0,"timestamp":1611027038,"path_taken":["M","M","M","M","?","E","M","$","T","R","E","?","M","M","R","BOSS","M","?","M","?","M"],"items_purchased_type":["Card","Card","Potion"],"build_version":"2020-12-22","purchased_purges":0,"victory":false,"max_hp_per_floor":[75,75,75,75,75,75,75,75,75,75,75,75,75,75,75,75,75,75,75,75,75,75,75],"card_choices":[{"not_picked":["HollowMod:GoodIntentions","HollowMod:CornifersMapStart"],"picked":"HollowMod:DoubleDash","floor":1},{"not_picked":["HollowMod:BrokenVessel","HollowMod:FastStrike"],"picked":"HollowMod:HowlingWraiths","floor":2},{"not_picked":["HollowMod:InfectedCysts","HollowMod:DoubleDash"],"picked":"HollowMod:BaldurShell","floor":3},{"not_picked":["HollowMod:NewLittleFool","HollowMod:DoubleDash"],"picked":"HollowMod:PerfectDash","floor":4},{"not_picked":["HollowMod:InfectedCysts","HollowMod:LifebloodCore"],"picked":"HollowMod:CornifersMapStart","floor":6},{"not_picked":["HollowMod:DoubleDash","HollowMod:GreatSlash"],"picked":"HollowMod:HowlingWraiths","floor":7},{"not_picked":["HollowMod:AbyssShriek","HollowMod:VengefulVoid"],"picked":"HollowMod:GoodIntentions","floor":11},{"not_picked":["HollowMod:NewLittleFool","HollowMod:ChannelNail"],"picked":"HollowMod:HeavyBlow","floor":13},{"not_picked":["HollowMod:CrystalDash","HollowMod:DescendingDark"],"picked":"HollowMod:QuirrelsAssistance","floor":14},{"not_picked":["HollowMod:MidwifesHunger","HollowMod:ElderbugsWisdom"],"picked":"HollowMod:theNailsmith","floor":16},{"not_picked":["HollowMod:HeavyBlow+1","HollowMod:DashSlash"],"picked":"HollowMod:DesolateDive","floor":18},{"not_picked":["HollowMod:WraithStrike+1","HollowMod:NewJinnsSoul"],"picked":"HollowMod:ChannelNail","floor":19},{"not_picked":["HollowMod:ChannelNail","HollowMod:NewJinnsSoul"],"picked":"HollowMod:SiblingsSouls+1","floor":20}],"player_experience":35061,"relics_obtained":[{"floor":6,"key":"HollowMod:LifeEnderRelic"},{"floor":9,"key":"Lizard Tail"},{"floor":11,"key":"Torii"},{"floor":19,"key":"HollowMod:GreatKnightMask"}],"event_choices":[{"damage_healed":0,"gold_gain":0,"player_choice":"Gave Potion","damage_taken":0,"relics_obtained":["Toy Ornithopter"],"max_hp_gain":0,"max_hp_loss":0,"event_name":"WeMeetAgain","floor":5,"gold_loss":0},{"damage_healed":0,"gold_gain":0,"cards_transformed":["HollowMod:NailStrikeStart"],"player_choice":"Transformed","damage_taken":0,"max_hp_gain":0,"max_hp_loss":0,"event_name":"Transmorgrifier","floor":21,"gold_loss":0,"cards_obtained":["HollowMod:CloakDash"]}],"is_beta":false,"boss_relics":[{"not_picked":["Snecko Eye","Busted Crown"],"picked":"Black Star"}],"items_purged_floors":[],"is_endless":false,"potions_floor_spawned":[4,7,11,14,16,19],"killed_by":"3 Cultists","ascension_level":0}}