{"host":"mmqs5ul2bvb60kyc","time":1611020563,"event":{"mods":["AchievementEnabler","BaseMod","Colored Map","Colored Powertips","Minty Spire (QoL Compilation)","Quick Restart","StSLib"],"gold_per_floor":[417,431,444,71,71,71,102,102,102,127,127,55,55,66,66,140,140,160,97,97,109,128,128,43,43,66,66,77,96,114,39,39,110,110,124,135,145,156,175,175,201,201,249,265,265,34,34,44,44,44,44,44,44,79,79],"floor_reached":56,"language":"ZHS","playtime":4534,"items_purged":["Strike_G","Regret","Strike_G","Strike_G","Bullet Time"],"score":2145,"play_id":"4255c02d-81a7-483d-b2e3-5795fb113d0b","local_time":"20210119094243","is_ascension_mode":true,"campfire_choices":[{"data":"Neutralize","floor":6.0,"key":"SMITH"},{"floor":8.0,"key":"REST"},{"floor":11.0,"key":"REST"},{"data":"Prepared","floor":15.0,"key":"SMITH"},{"data":"Acrobatics","floor":23.0,"key":"SMITH"},{"data":"Prepared","floor":25.0,"key":"SMITH"},{"data":"Well Laid Plans","floor":27.0,"key":"SMITH"},{"data":"Calculated Gamble","floor":32.0,"key":"SMITH"},{"data":"Tactician","floor":40,"key":"SMITH"},{"data":"Reflex","floor":42,"key":"SMITH"},{"floor":47,"key":"RECALL"},{"data":"Acrobatics","floor":49,"key":"SMITH"},{"data":"Choke","floor":52,"key":"SMITH"}],"circlet_count":0,"master_deck":["AscendersBane","Survivor","Neutralize+1","Deflect","Eviscerate","Escape Plan","Acrobatics+1","Well Laid Plans+1","Prepared+1","Phantasmal Killer","Prepared+1","Ghostly","Ghostly","Ghostly","Blade Dance","Infinite Blades","Calculated Gamble+1","Prepared","All Out Attack","Tools of the Trade","Endless Agony","PiercingWail","Skewer","Choke+1","Reflex+1","Tactician+1","Prepared+1","Malaise","Madness","Madness","Acrobatics+1","Tactician"],"relics":["Ring of the Snake","Old Coin","Membership Card","Torii","Ice Cream","TungstenRod","Incense Burner","Tough Bandages","Philosopher\u0027s Stone","Calipers","Pandora\u0027s Box","Vajra","PreservedInsect","Bottled Lightning","Mummified Hand"],"acts_visited":["Exordium","TheCity","TheBeyond","TheEnding"],"potions_floor_usage":[55,55],"damage_taken":[{"damage":0.0,"enemies":"Small Slimes","floor":1.0,"turns":3.0},{"damage":0.0,"enemies":"Cultist","floor":2.0,"turns":5.0},{"damage":0.0,"enemies":"2 Louse","floor":3.0,"turns":3.0},{"damage":36.0,"enemies":"Gremlin Nob","floor":7.0,"turns":6.0},{"damage":11.0,"enemies":"3 Sentries","floor":10.0,"turns":8.0},{"damage":0.0,"enemies":"Blue Slaver","floor":14.0,"turns":6.0},{"damage":23.0,"enemies":"Slime Boss","floor":16.0,"turns":22.0},{"damage":0.0,"enemies":"Spheric Guardian","floor":18.0,"turns":5.0},{"damage":0.0,"enemies":"3 Byrds","floor":21.0,"turns":9.0},{"damage":0.0,"enemies":"Centurion and Healer","floor":22.0,"turns":8.0},{"damage":0.0,"enemies":"Chosen and Byrds","floor":28.0,"turns":6.0},{"damage":0.0,"enemies":"Snecko","floor":29.0,"turns":3.0},{"damage":0.0,"enemies":"Snake Plant","floor":30.0,"turns":6.0},{"damage":0.0,"enemies":"Champ","floor":33.0,"turns":9.0},{"damage":0.0,"enemies":"Orb Walker","floor":35.0,"turns":3.0},{"damage":0,"enemies":"3 Darklings","floor":36,"turns":5},{"damage":0,"enemies":"Writhing Mass","floor":37,"turns":7},{"damage":0,"enemies":"Maw","floor":38,"turns":6},{"damage":0,"enemies":"Jaw Worm Horde","floor":39,"turns":3},{"damage":0,"enemies":"Giant Head","floor":41,"turns":5},{"damage":0,"enemies":"3 Darklings","floor":44,"turns":4},{"damage":0,"enemies":"Writhing Mass","floor":48,"turns":4},{"damage":0,"enemies":"Donu and Deca","floor":50,"turns":5},{"damage":0,"enemies":"Shield and Spear","floor":54,"turns":4},{"damage":28,"enemies":"The Heart","floor":55,"turns":7}],"seed_played":"5016655711496337289","potions_obtained":[{"floor":3.0,"key":"ColorlessPotion"},{"floor":7.0,"key":"Strength Potion"},{"floor":10.0,"key":"FearPotion"},{"floor":13.0,"key":"Energy Potion"},{"floor":33.0,"key":"PowerPotion"},{"floor":44,"key":"SteroidPotion"}],"is_trial":false,"path_per_floor":["M","M","M","$","?","R","E","R","T","E","R","$","?","M","R","B",null,"M","$","?","M","M","R","?","R","T","R","M","M","M","$","R","B",null,"M","M","M","M","M","R","E","R","T","M","?","$","R","M","R","B",null,"R","$","E","B",null],"character_chosen":"THE_SILENT","items_purchased":["Membership Card","Torii","Well Laid Plans","Bottled Lightning"],"campfire_rested":2,"item_purchase_floors":[4,4,12,46],"current_hp_per_floor":[44,44,44,44,44,44,8,27,27,16,35,35,35,35,35,12,53,53,53,33,33,33,33,33,33,33,33,33,33,33,33,33,33,33,33,33,33,33,33,33,33,33,33,33,28,28,28,28,28,28,32,32,32,32,4],"gold":79,"neow_bonus":"ONE_RARE_RELIC","is_daily":false,"chose_seed":false,"campfire_upgraded":10,"win_rate":0.0,"timestamp":1611020563,"path_taken":["M","M","M","$","?","R","E","R","T","E","R","$","?","M","R","BOSS","M","?","?","M","M","R","?","R","T","R","M","M","M","?","R","BOSS","M","M","?","M","M","R","E","R","T","M","?","$","R","M","R","BOSS","R","$","E","BOSS"],"items_purchased_type":["Relic","Relic","Card","Relic"],"build_version":"2020-12-22","purchased_purges":5,"victory":true,"max_hp_per_floor":[66,66,66,66,66,66,66,66,66,66,66,66,66,66,66,66,66,66,66,33,33,33,33,33,33,33,33,33,33,33,33,33,33,33,33,33,33,33,33,33,33,33,33,33,33,33,33,33,33,33,33,33,33,33,33],"card_choices":[{"not_picked":["Underhanded Strike","Dodge and Roll"],"picked":"Deflect","floor":1.0},{"not_picked":["Endless Agony","Deflect"],"picked":"Eviscerate","floor":2.0},{"not_picked":["Skewer","All Out Attack","Quick Slash"],"picked":"SKIP","floor":3.0},{"not_picked":["Catalyst","Prepared"],"picked":"Escape Plan","floor":7.0},{"not_picked":["PiercingWail","Quick Slash"],"picked":"Acrobatics","floor":10.0},{"not_picked":["Poisoned Stab","Outmaneuver"],"picked":"Prepared","floor":14.0},{"not_picked":["A Thousand Cuts","Corpse Explosion"],"picked":"Phantasmal Killer","floor":16.0},{"not_picked":["Backflip","Deflect"],"picked":"Prepared","floor":18.0},{"not_picked":["Concentrate","Bane"],"picked":"Blade Dance","floor":21.0},{"not_picked":["Backflip","Deadly Poison"],"picked":"Infinite Blades","floor":22.0},{"not_picked":["Flying Knee","A Thousand Cuts"],"picked":"Calculated Gamble","floor":28.0},{"not_picked":["Quick Slash","Cloak And Dagger+1","Backflip"],"picked":"SKIP","floor":29.0},{"not_picked":["Eviscerate+1","Endless Agony"],"picked":"Prepared","floor":30.0},{"not_picked":["Slice","Skewer","Sucker Punch"],"picked":"SKIP","floor":35.0},{"not_picked":["Slice+1","Dagger Throw"],"picked":"Reflex","floor":36},{"not_picked":["Blade Dance","Well Laid Plans+1","Prepared"],"picked":"SKIP","floor":37},{"not_picked":["Blur","Escape Plan"],"picked":"Tactician","floor":38},{"not_picked":["Deadly Poison","Flying Knee"],"picked":"Prepared+1","floor":39},{"not_picked":["Dagger Spray","Masterful Stab"],"picked":"Malaise","floor":41},{"not_picked":["Blade Dance","Backstab","PiercingWail"],"picked":"SKIP","floor":44},{"not_picked":["PiercingWail","Heel Hook"],"picked":"Acrobatics","floor":48},{"not_picked":["Distraction","Bane+1"],"picked":"Tactician","floor":54}],"player_experience":279349,"relics_obtained":[{"floor":7.0,"key":"TungstenRod"},{"floor":9.0,"key":"Incense Burner"},{"floor":10.0,"key":"Tough Bandages"},{"floor":41,"key":"Vajra"},{"floor":43,"key":"PreservedInsect"},{"floor":54,"key":"Mummified Hand"}],"event_choices":[{"damage_healed":0.0,"max_hp_gain":0.0,"max_hp_loss":0.0,"gold_gain":0.0,"event_name":"Big Fish","player_choice":"Box","floor":5.0,"gold_loss":0.0,"damage_taken":0.0,"relics_obtained":["Ice Cream"],"cards_obtained":["Regret"]},{"damage_healed":0.0,"max_hp_gain":0.0,"max_hp_loss":0.0,"gold_gain":0.0,"event_name":"Lab","player_choice":"Got Potions","floor":13.0,"gold_loss":0.0,"damage_taken":0.0},{"damage_healed":0.0,"max_hp_gain":0.0,"max_hp_loss":33.0,"gold_gain":0.0,"event_name":"Ghosts","player_choice":"Became a Ghost","floor":20.0,"gold_loss":0.0,"damage_taken":0.0,"cards_obtained":["Ghostly","Ghostly","Ghostly"]},{"damage_healed":0.0,"max_hp_gain":0.0,"max_hp_loss":0.0,"gold_gain":0.0,"event_name":"Addict","player_choice":"Obtained Relic","floor":24.0,"gold_loss":85.0,"damage_taken":0.0,"relics_obtained":["Calipers"]},{"damage_healed":0,"gold_gain":0,"player_choice":"Embrace Madness","damage_taken":6,"max_hp_gain":0,"max_hp_loss":0,"event_name":"Winding Halls","floor":45,"gold_loss":0,"cards_obtained":["Madness","Madness"]}],"is_beta":false,"boss_relics":[{"not_picked":["Fusion Hammer","Empty Cage"],"picked":"Philosopher\u0027s Stone"},{"not_picked":["WristBlade","Coffee Dripper"],"picked":"Pandora\u0027s Box"}],"items_purged_floors":[4,12,19,31,46],"is_endless":false,"potions_floor_spawned":[3,7,10,21,33,37,38,44,54],"ascension_level":16}}