{"host":"tjq6rykv202u6iqx","time":1611075205,"event":{"mods":["AchievementEnabler","BaseMod","Minty Spire (QoL Compilation)","Rare Cards Sparkle","Relic Stats"],"gold_per_floor":[18,35,54,73,73,73,92,92,92,125,125,150,150,184,184,256,256,274,229,229,229,41,41,41],"floor_reached":23,"language":"ENG","playtime":5536,"items_purged":[],"score":433,"play_id":"2f623ac5-f0a1-4dca-a661-b51913a013d5","local_time":"20210119105325","is_ascension_mode":true,"campfire_choices":[{"data":"Clothesline","floor":6.0,"key":"SMITH"},{"data":"Bludgeon","floor":8.0,"key":"SMITH"},{"data":"Wild Strike","floor":11.0,"key":"SMITH"},{"data":"Bash","floor":13.0,"key":"SMITH"},{"data":"True Grit","floor":15.0,"key":"SMITH"}],"circlet_count":0,"master_deck":["AscendersBane","Strike_R","Strike_R","Strike_R","Strike_R","Defend_R","Defend_R","Defend_R","Bash+1","Twin Strike","Clothesline+1","True Grit+1","Burning Pact","Shrug It Off","Wild Strike+1","Bludgeon+1","Reaper","Impervious","Dark Embrace","Iron Wave+1","Swift Strike","Spot Weakness"],"relics":["Burning Blood","Ornamental Fan","Peace Pipe","Unceasing Top","Centennial Puzzle","Red Skull","Black Star","Tiny Chest"],"acts_visited":["Exordium","TheCity"],"potions_floor_usage":[23,23],"damage_taken":[{"damage":7.0,"enemies":"Jaw Worm","floor":1.0,"turns":3.0},{"damage":6.0,"enemies":"2 Louse","floor":2.0,"turns":2.0},{"damage":11.0,"enemies":"Small Slimes","floor":3.0,"turns":5.0},{"damage":10.0,"enemies":"Blue Slaver","floor":4.0,"turns":5.0},{"damage":6.0,"enemies":"Large Slime","floor":7.0,"turns":6.0},{"damage":0.0,"enemies":"Gremlin Nob","floor":10.0,"turns":2.0},{"damage":11.0,"enemies":"3 Sentries","floor":12.0,"turns":4.0},{"damage":17.0,"enemies":"Gremlin Nob","floor":14.0,"turns":4.0},{"damage":23.0,"enemies":"The Guardian","floor":16.0,"turns":11.0},{"damage":36.0,"enemies":"Spheric Guardian","floor":18.0,"turns":7.0},{"damage":18,"enemies":"2 Thieves","floor":19,"turns":5},{"damage":34,"enemies":"Slavers","floor":23,"turns":1}],"seed_played":"-7234207889506077559","potions_obtained":[{"floor":2.0,"key":"FearPotion"},{"floor":4.0,"key":"Strength Potion"},{"floor":10.0,"key":"Regen Potion"},{"floor":16.0,"key":"PowerPotion"}],"is_trial":false,"path_per_floor":["M","M","M","M","?","R","M","R","T","E","R","E","R","E","R","B",null,"M","M","?","?","$","E"],"character_chosen":"IRONCLAD","items_purchased":["Swift Strike","Spot Weakness"],"campfire_rested":0,"item_purchase_floors":[22,22],"current_hp_per_floor":[67,67,62,58,47,47,47,47,47,53,53,48,48,41,41,27,63,33,28,28,28,28,0,0],"gold":41,"neow_bonus":"TRANSFORM_TWO_CARDS","is_daily":false,"chose_seed":false,"campfire_upgraded":5,"win_rate":0.0,"timestamp":1611075205,"path_taken":["M","M","M","M","?","R","M","R","T","E","R","E","R","E","R","BOSS","M","M","?","?","$","E"],"items_purchased_type":["Card","Card"],"build_version":"2020-12-22","purchased_purges":0,"victory":false,"max_hp_per_floor":[75,75,75,75,75,75,75,75,75,75,75,75,75,75,75,75,75,75,75,75,75,75,75,75],"relic_stats":{"Peace Pipe":0,"Centennial Puzzle":[15],"counters":[12,55],"Ornamental Fan":[12],"Tiny Chest":0,"Black Star":0,"obtain_stats":[{"Peace Pipe":9,"Centennial Puzzle":12,"Ornamental Fan":5,"Tiny Chest":20,"Black Star":17,"Burning Blood":0,"Unceasing Top":10,"Red Skull":14},{"Peace Pipe":5,"Centennial Puzzle":7,"Ornamental Fan":4,"Tiny Chest":11,"Black Star":9,"Burning Blood":0,"Unceasing Top":6,"Red Skull":8},{"Peace Pipe":21,"Centennial Puzzle":27,"Ornamental Fan":15,"Tiny Chest":54,"Black Star":42,"Burning Blood":0,"Unceasing Top":23,"Red Skull":31}],"Burning Blood":66,"Unceasing Top":[0]},"card_choices":[{"not_picked":["Wild Strike","Burning Pact"],"picked":"True Grit","floor":1.0},{"not_picked":["Sword Boomerang","Perfected Strike"],"picked":"Burning Pact","floor":2.0},{"not_picked":["Headbutt","Flex"],"picked":"Shrug It Off","floor":3.0},{"not_picked":["Warcry","Clash"],"picked":"Wild Strike","floor":4.0},{"not_picked":["Evolve","Pommel Strike"],"picked":"Bludgeon","floor":7.0},{"not_picked":["Armaments","Havoc","Power Through"],"picked":"SKIP","floor":10.0},{"not_picked":["Armaments","Havoc","Power Through"],"picked":"SKIP","floor":10.0},{"not_picked":["Heavy Blade","Warcry"],"picked":"Reaper","floor":12.0},{"not_picked":["Sword Boomerang","Searing Blow","Twin Strike"],"picked":"SKIP","floor":14.0},{"not_picked":["Fiend Fire","Bludgeon"],"picked":"Impervious","floor":16.0},{"not_picked":["Thunderclap","Flex"],"picked":"Dark Embrace","floor":18.0},{"not_picked":["Dark Embrace","True Grit"],"picked":"Iron Wave+1","floor":19}],"player_experience":823820,"relics_obtained":[{"floor":9.0,"key":"Peace Pipe"},{"floor":10.0,"key":"Unceasing Top"},{"floor":12.0,"key":"Centennial Puzzle"},{"floor":14.0,"key":"Red Skull"}],"event_choices":[{"damage_healed":0.0,"max_hp_gain":0.0,"max_hp_loss":0.0,"gold_gain":0.0,"event_name":"Scrap Ooze","player_choice":"Success","floor":5.0,"gold_loss":0.0,"damage_taken":11.0,"relics_obtained":["Ornamental Fan"]},{"damage_healed":0,"gold_gain":0,"player_choice":"Opened","damage_taken":0,"relics_obtained":["Tiny Chest"],"max_hp_gain":0,"max_hp_loss":0,"event_name":"The Mausoleum","floor":20,"gold_loss":0,"cards_obtained":["Writhe"]},{"cards_removed":["Writhe"],"damage_healed":0,"gold_gain":0,"player_choice":"Purged","damage_taken":0,"max_hp_gain":0,"max_hp_loss":0,"event_name":"Purifier","floor":21,"gold_loss":0}],"is_beta":false,"boss_relics":[{"not_picked":["Empty Cage","Sozu"],"picked":"Black Star"}],"items_purged_floors":[],"is_endless":false,"potions_floor_spawned":[2,4,10,16],"killed_by":"Slavers","ascension_level":17}}