{"host":"vyjryxuuuxkt43k4","time":1611019725,"event":{"mods":["AchievementEnabler","BaseMod","Colored Map","DeckTracker","Keyboard Shortcuts","Minty Spire (QoL Compilation)","Permanent Neow","Quick Restart","Rare Cards Sparkle","StSLib","SuperFastMode","everything is the same but u backflip on backflip"],"gold_per_floor":[110,128,128,128,90,115,115,131,131,165,16,42,71,83,95,179,191,218,230,259,25,125,151,167,167,167,167,181,181,181],"floor_reached":29,"language":"KOR","playtime":968,"items_purged":["Decay"],"score":431,"play_id":"2f63a912-5e84-4627-ad14-863beebf9fa6","local_time":"20210119102845","is_ascension_mode":true,"campfire_choices":[{"data":"Immolate","floor":7,"key":"SMITH"},{"data":"Seeing Red","floor":15,"key":"SMITH"},{"data":"Barricade","floor":25,"key":"SMITH"},{"data":"Armaments","floor":27,"key":"SMITH"}],"circlet_count":0,"master_deck":["AscendersBane","Strike_R","Strike_R","Defend_R","Defend_R","Defend_R","Defend_R","Bash","Immolate+1","Dual Wield","Shrug It Off+1","Wild Strike+1","Spot Weakness","Fire Breathing","Power Through","Headbutt","Seeing Red+1","Barricade+1","Armaments+1","Mayhem","Dark Embrace","Uppercut"],"relics":["Burning Blood","Meat on the Bone","Ornamental Fan","White Beast Statue","Lantern","MawBank","Torii","Velvet Choker","Calipers","Incense Burner"],"acts_visited":["Exordium","TheCity"],"potions_floor_usage":[6,8,13,16,20,23,24,29,29],"damage_taken":[{"damage":3,"enemies":"2 Louse","floor":1,"turns":2},{"damage":8,"enemies":"Small Slimes","floor":2,"turns":3},{"damage":11,"enemies":"3 Sentries","floor":6,"turns":6},{"damage":12,"enemies":"Jaw Worm","floor":8,"turns":2},{"damage":24,"enemies":"Gremlin Nob","floor":10,"turns":4},{"damage":10,"enemies":"Lagavulin","floor":12,"turns":5},{"damage":0,"enemies":"Large Slime","floor":13,"turns":2},{"damage":34,"enemies":"Slime Boss","floor":16,"turns":7},{"damage":16,"enemies":"Chosen","floor":18,"turns":6},{"damage":0,"enemies":"3 Byrds","floor":20,"turns":2},{"damage":16,"enemies":"Slavers","floor":23,"turns":4},{"damage":39,"enemies":"Snake Plant","floor":24,"turns":6},{"damage":12,"enemies":"Centurion and Healer","floor":28,"turns":6},{"damage":36,"enemies":"Gremlin Leader","floor":29,"turns":2}],"seed_played":"5207743894005179811","potions_obtained":[{"floor":1,"key":"EssenceOfSteel"},{"floor":8,"key":"BloodPotion"},{"floor":12,"key":"Weak Potion"},{"floor":13,"key":"Dexterity Potion"},{"floor":16,"key":"EssenceOfSteel"},{"floor":18,"key":"Weak Potion"},{"floor":20,"key":"ColorlessPotion"},{"floor":23,"key":"Block Potion"},{"floor":24,"key":"Strength Potion"},{"floor":28,"key":"LiquidBronze"}],"is_trial":false,"path_per_floor":["M","M","?","?","$","E","R","M","T","E","$","E","M","?","R","B",null,"M","?","M","$","?","E","M","R","T","R","M","E"],"character_chosen":"IRONCLAD","items_purchased":["Spot Weakness","Lantern","Mayhem"],"campfire_rested":0,"item_purchase_floors":[5,11,21],"current_hp_per_floor":[72,70,63,49,49,44,44,64,64,46,46,54,60,48,48,32,62,52,52,58,58,58,48,27,27,27,27,33,0,0],"gold":181,"neow_bonus":"TRANSFORM_TWO_CARDS","is_daily":false,"chose_seed":false,"campfire_upgraded":4,"win_rate":0.0,"timestamp":1611019725,"path_taken":["M","M","?","?","?","E","R","M","T","E","$","E","M","?","R","BOSS","M","?","?","$","?","E","?","R","T","R","M","E"],"items_purchased_type":["Card","Relic","Card"],"build_version":"2020-12-22","purchased_purges":1,"victory":false,"max_hp_per_floor":[72,72,72,72,72,72,72,72,72,72,72,72,72,72,72,72,72,72,72,72,72,72,72,72,72,72,72,72,72,72],"card_choices":[{"not_picked":["Spot Weakness","Evolve"],"picked":"Shrug It Off","floor":1},{"not_picked":["Sword Boomerang","Dropkick"],"picked":"Wild Strike","floor":2},{"not_picked":["Shrug It Off","Metallicize"],"picked":"Fire Breathing","floor":6},{"not_picked":["Perfected Strike","Sword Boomerang"],"picked":"Power Through","floor":8},{"not_picked":["Shrug It Off","Warcry","Infernal Blade"],"picked":"SKIP","floor":10},{"not_picked":["Carnage","Impervious"],"picked":"Headbutt","floor":12},{"not_picked":["Rage","Wild Strike"],"picked":"Seeing Red","floor":13},{"not_picked":["Brutality","Immolate"],"picked":"Barricade","floor":16},{"not_picked":["Dropkick","Sword Boomerang"],"picked":"Armaments","floor":18},{"not_picked":["Ghostly Armor","Sword Boomerang","Pommel Strike"],"picked":"SKIP","floor":20},{"not_picked":["Spot Weakness","Havoc+1"],"picked":"Dark Embrace","floor":23},{"not_picked":["Cleave","Warcry"],"picked":"Uppercut","floor":24},{"not_picked":["Thunderclap","Warcry","Pommel Strike"],"picked":"SKIP","floor":28}],"player_experience":351991,"relics_obtained":[{"floor":6,"key":"Meat on the Bone"},{"floor":9,"key":"Ornamental Fan"},{"floor":10,"key":"White Beast Statue"},{"floor":12,"key":"MawBank"},{"floor":23,"key":"Calipers"},{"floor":26,"key":"Incense Burner"}],"event_choices":[{"cards_removed":["Strike_R"],"damage_healed":0,"gold_gain":0,"player_choice":"Card Removal","damage_taken":7,"max_hp_gain":0,"max_hp_loss":0,"event_name":"Golden Wing","floor":3,"gold_loss":0},{"damage_healed":0,"gold_gain":0,"player_choice":"Entered Light","damage_taken":14,"max_hp_gain":0,"max_hp_loss":0,"event_name":"Shining Light","floor":4,"gold_loss":0,"cards_upgraded":["Wild Strike","Shrug It Off"]},{"damage_healed":0,"gold_gain":0,"player_choice":"Success","damage_taken":12,"relics_obtained":["Torii"],"max_hp_gain":0,"max_hp_loss":0,"event_name":"Scrap Ooze","floor":14,"gold_loss":0},{"damage_healed":0,"gold_gain":0,"player_choice":"Cursed","damage_taken":0,"max_hp_gain":0,"max_hp_loss":0,"event_name":"Wheel of Change","floor":19,"gold_loss":0,"cards_obtained":["Decay"]},{"damage_healed":0,"gold_gain":100,"player_choice":"Pray","damage_taken":0,"max_hp_gain":0,"max_hp_loss":0,"event_name":"Golden Shrine","floor":22,"gold_loss":0}],"is_beta":false,"boss_relics":[{"not_picked":["Pandora\u0027s Box","Runic Pyramid"],"picked":"Velvet Choker"}],"items_purged_floors":[21],"is_endless":false,"potions_floor_spawned":[1,8,12,13,16,18,20,23,24,28],"killed_by":"Gremlin Leader","ascension_level":13}}