{"host":"8anlmvy5ylhozj27","time":1611080596,"event":{"mods":["2.2 Compatiblity","Act Like it!","Aspiration","BaseMod","Best Route Mod","Better Match","Better Note","Better Sensory Stone","Better Skull","Better Third Choice","BetterRewards","Block Reminder","Colored Map","Colored Powertips","Conspire","Curses Come First","Duelist Mod","Energized Spire","GifTheSpireLib","Gold Saver","Halation","Hermit","Highlight Path","Hubris","Infinite Spire","Ironclad Rager","Minty Spire (QoL Compilation)","Permanent Neow","Quick Restart","Rare Cards Sparkle","Replay The Spire","Robot Space Explorer","Spicy Shops","StSLib","Stuff the Spire","The Bladedancer","The Blue Laboratory","The Disciple","The Exalted","The Necromancer","The Sage","Transform Curses","Wandering Minibosses","vexMod"],"gold_per_floor":[116,116,135,155,167,167,167],"floor_reached":6,"language":"FRA","playtime":558,"items_purged":["Parasite"],"score":38,"play_id":"88f1b497-59d4-44fe-82d3-ea69eeec2630","local_time":"20210119192316","is_ascension_mode":false,"campfire_choices":[],"circlet_count":0,"master_deck":["Strike_B","Strike_B","Strike_B","Strike_B","Defend_B","Defend_B","Defend_B","Defend_B","Zap","Dualcast","Capacitor","ReplayTheSpireMod:Brewmster","StuffTheSpire:LoadUp","Leap","Steam","Redo","Redo"],"relics":["Cracked Core","vexMod:FocusSash","Potion Belt","hubris:GlazedTorus","Ice Cream","hubris:Towel"],"acts_visited":["Exordium"],"potions_floor_usage":[1,3,3,3,4,4,5,5,6,6,6,6],"damage_taken":[{"damage":11,"enemies":"Jaw Worm","floor":1,"turns":4},{"damage":2,"enemies":"2 Louse","floor":3,"turns":4},{"damage":0,"enemies":"Small Slimes","floor":4,"turns":4},{"damage":17,"enemies":"Exordium Thugs","floor":5,"turns":4},{"damage":12,"enemies":"3 Sentries","floor":6,"turns":2}],"seed_played":"6203129431911941610","potions_obtained":[{"floor":1,"key":"blueLaboratory:BubblePotion"},{"floor":5,"key":"blueLaboratory:ConsumingVoid"}],"is_trial":false,"path_per_floor":["M","?","M","M","M","E"],"character_chosen":"DEFECT","items_purchased":["Capacitor","ReplayTheSpireMod:Brewmster","vexMod:FocusSash","Potion Belt","hubris:GlazedTorus","StuffTheSpire:LoadUp"],"campfire_rested":0,"item_purchase_floors":[0,0,0,0,0,0],"current_hp_per_floor":[29,29,27,27,10,0,0],"gold":167,"neow_bonus":"","is_daily":false,"chose_seed":false,"campfire_upgraded":0,"win_rate":0.0,"timestamp":1611080596,"path_taken":["M","?","M","M","M","E"],"items_purchased_type":["Card","Card","Relic","Relic","Relic","Card"],"build_version":"2020-12-22","purchased_purges":1,"victory":false,"max_hp_per_floor":[72,72,72,72,72,72,72],"card_choices":[{"not_picked":["Beam Cell","Streamline"],"picked":"Leap","floor":1},{"not_picked":["Go for the Eyes","Reinforced Body"],"picked":"Steam","floor":3},{"not_picked":["Steam Power","Barrage"],"picked":"Redo","floor":4},{"not_picked":["Barrage","Reinforced Body"],"picked":"Redo","floor":5}],"player_experience":181845,"relics_obtained":[],"event_choices":[],"is_beta":false,"boss_relics":[],"items_purged_floors":[0],"is_endless":false,"potions_floor_spawned":[1,5],"killed_by":"3 Sentries","ascension_level":0}}