{"host":"f5n4tidiz2n5sooh","time":1611032852,"event":{"mods":["BaseMod","Colored Map","Minty Spire (QoL Compilation)","Relic Stats","Slay the Relics Exporter","StSLib"],"gold_per_floor":[119,136,152,227,65,65,99,99,125,125,137,137,152,212,212,286,286,301,6,6,16,16,16,34,34,58,93,93,93,93],"floor_reached":29,"language":"ENG","playtime":1395,"items_purged":["Strike_B"],"score":582,"play_id":"9372ac05-3847-4b4b-82ca-24a46a02b673","local_time":"20210118230732","is_ascension_mode":true,"campfire_choices":[{"data":"Beam Cell","floor":6,"key":"SMITH"},{"data":"Ball Lightning","floor":8,"key":"SMITH"},{"data":"Zap","floor":10,"key":"SMITH"},{"data":"Loop","floor":15,"key":"SMITH"},{"data":"Biased Cognition","floor":23,"key":"SMITH"},{"data":"Loop","floor":25,"key":"SMITH"}],"circlet_count":0,"master_deck":["AscendersBane","Defend_B+1","Defend_B+1","Defend_B+1","Defend_B+1","Zap+1","Dualcast","Ball Lightning+1","Beam Cell+1","Compile Driver","Loop+1","Echo Form","Conserve Battery+1","Hello World+1","Reinforced Body+1","Go for the Eyes","Biased Cognition+1","Glacier","Loop+1","Biased Cognition"],"relics":["Coffee Dripper","Oddly Smooth Stone","DataDisk","Blood Vial","Astrolabe","Strawberry","Symbiotic Virus"],"acts_visited":["Exordium","TheCity"],"potions_floor_usage":[11,16,18,24,27,29],"damage_taken":[{"damage":5,"enemies":"Small Slimes","floor":1,"turns":3},{"damage":0,"enemies":"2 Louse","floor":2,"turns":3},{"damage":2,"enemies":"Jaw Worm","floor":3,"turns":2},{"damage":36,"enemies":"3 Sentries","floor":7,"turns":10},{"damage":8,"enemies":"3 Louse","floor":11,"turns":3},{"damage":5,"enemies":"Looter","floor":13,"turns":2},{"damage":0,"enemies":"Slime Boss","floor":16,"turns":5},{"damage":32,"enemies":"2 Thieves","floor":18,"turns":4},{"damage":3,"enemies":"Chosen","floor":21,"turns":4},{"damage":1,"enemies":"Shelled Parasite and Fungi","floor":24,"turns":8},{"damage":22,"enemies":"Slavers","floor":27,"turns":6},{"damage":12,"enemies":"Colosseum Slavers","floor":28,"turns":4},{"damage":25,"enemies":"Book of Stabbing","floor":29,"turns":3}],"seed_played":"-7796656885606102238","potions_obtained":[{"floor":3,"key":"Regen Potion"},{"floor":7,"key":"EssenceOfDarkness"},{"floor":16,"key":"ColorlessPotion"},{"floor":18,"key":"ColorlessPotion"},{"floor":21,"key":"DuplicationPotion"},{"floor":27,"key":"LiquidBronze"}],"is_trial":false,"path_per_floor":["M","M","M","?","$","R","E","R","T","R","M","?","M","?","R","B",null,"M","$","?","M","?","R","M","R","T","E","?","E"],"character_chosen":"DEFECT","items_purchased":["Oddly Smooth Stone","Biased Cognition","Glacier","Block Potion"],"campfire_rested":0,"item_purchase_floors":[5,19,19,19],"current_hp_per_floor":[59,59,57,46,46,46,10,10,10,10,13,13,10,10,10,12,56,26,26,40,39,39,39,40,40,47,27,17,0,0],"gold":93,"neow_bonus":"BOSS_RELIC","is_daily":false,"chose_seed":false,"campfire_upgraded":6,"win_rate":0.0,"timestamp":1611032852,"path_taken":["M","M","M","?","$","R","E","R","T","R","M","?","M","?","R","BOSS","M","$","?","M","?","R","M","R","T","E","?","E"],"items_purchased_type":["Relic","Card","Card","Potion"],"build_version":"2020-12-22","purchased_purges":1,"victory":false,"max_hp_per_floor":[71,71,71,71,71,71,71,71,71,71,71,71,71,71,71,71,71,71,71,71,71,71,71,71,71,78,78,78,78,78],"relic_stats":{"Blood Vial":18,"counters":[13,56],"Astrolabe":["Conserve Battery","Hello World","Reinforced Body"],"obtain_stats":[{"Blood Vial":9,"DataDisk":7,"Astrolabe":17,"Strawberry":26,"Oddly Smooth Stone":5,"Coffee Dripper":0,"Cracked Core":0,"Symbiotic Virus":27},{"Blood Vial":4,"DataDisk":4,"Astrolabe":7,"Strawberry":10,"Oddly Smooth Stone":3,"Coffee Dripper":0,"Cracked Core":0,"Symbiotic Virus":11},{"Blood Vial":18,"DataDisk":18,"Astrolabe":28,"Strawberry":43,"Oddly Smooth Stone":8,"Coffee Dripper":0,"Cracked Core":0,"Symbiotic Virus":49}]},"card_choices":[{"not_picked":["Turbo","Sweeping Beam"],"picked":"Ball Lightning","floor":1},{"not_picked":["Redo","Conserve Battery"],"picked":"Beam Cell","floor":2},{"not_picked":["Steam","Rebound","Blizzard"],"picked":"SKIP","floor":3},{"not_picked":["Turbo","Redo","Beam Cell"],"picked":"SKIP","floor":7},{"not_picked":["Rip and Tear","Gash"],"picked":"Compile Driver","floor":11},{"not_picked":["Compile Driver","Aggregate"],"picked":"Loop","floor":13},{"not_picked":["Rainbow","All For One"],"picked":"Echo Form","floor":16},{"not_picked":["Steam","Gash"],"picked":"Go for the Eyes","floor":18},{"not_picked":["Conserve Battery","Go for the Eyes","Compile Driver"],"picked":"SKIP","floor":21},{"not_picked":["Chill","Cold Snap"],"picked":"Loop","floor":24},{"not_picked":["Conserve Battery","Rebound"],"picked":"Biased Cognition","floor":27}],"player_experience":2016789,"relics_obtained":[{"floor":7,"key":"DataDisk"},{"floor":9,"key":"Blood Vial"},{"floor":26,"key":"Strawberry"},{"floor":27,"key":"Symbiotic Virus"}],"event_choices":[{"damage_healed":0,"gold_gain":75,"player_choice":"Gather Gold","damage_taken":11,"max_hp_gain":0,"max_hp_loss":0,"event_name":"World of Goop","floor":4,"gold_loss":0},{"damage_healed":0,"gold_gain":0,"player_choice":"Ignored","damage_taken":0,"max_hp_gain":0,"max_hp_loss":0,"event_name":"Shining Light","floor":12,"gold_loss":0},{"damage_healed":0,"gold_gain":60,"player_choice":"Gained Gold","damage_taken":0,"max_hp_gain":0,"max_hp_loss":0,"event_name":"Golden Wing","floor":14,"gold_loss":0},{"damage_healed":14,"gold_gain":0,"player_choice":"Heal","damage_taken":0,"max_hp_gain":0,"max_hp_loss":0,"event_name":"The Library","floor":20,"gold_loss":0},{"damage_healed":0,"gold_gain":0,"player_choice":"Simplicity","damage_taken":0,"max_hp_gain":0,"max_hp_loss":0,"event_name":"Back to Basics","floor":22,"gold_loss":0,"cards_upgraded":["Defend_B","Defend_B","Defend_B","Defend_B"]},{"damage_healed":0,"gold_gain":0,"player_choice":"Fight","damage_taken":0,"max_hp_gain":0,"max_hp_loss":0,"event_name":"Colosseum","floor":28,"gold_loss":0},{"damage_healed":0,"gold_gain":0,"player_choice":"Fled From Nobs","damage_taken":0,"max_hp_gain":0,"max_hp_loss":0,"event_name":"Colosseum","floor":28,"gold_loss":0}],"is_beta":false,"boss_relics":[{"not_picked":["Nuclear Battery","Runic Dome"],"picked":"Astrolabe"}],"items_purged_floors":[19],"is_endless":false,"potions_floor_spawned":[3,7,16,18,21,27],"killed_by":"Book of Stabbing","ascension_level":20}}