{"host":"2ica2wc1gg7guzbw","time":1611064746,"event":{"mods":["BaseMod","Colored Map","Minty Spire (QoL Compilation)","Replay The Spire","Shop Mod","StSLib"],"gold_per_floor":[114,124,172,187,204,230,230,263,263,299,299,311,342,342,342,415,415,427,477,53,70,83,109,159,192,216,279,17,67,99,119,119,193,193,206,256,306,231,242,242,258,35,83,100,150,150,181,198,198,198,198,198,198,20,50,50,50],"floor_reached":56,"language":"RUS","playtime":2669,"items_purged":["Decay"],"score":1610,"play_id":"38be2683-0815-4d3f-ab3b-4075cd40a84e","local_time":"20210119175906","is_ascension_mode":true,"campfire_choices":[{"floor":7.0,"key":"REST"},{"floor":11.0,"key":"REST"},{"floor":15.0,"key":"RECALL"},{"floor":32.0,"key":"REST"},{"floor":40.0,"key":"REST"},{"floor":46.0,"key":"REST"},{"floor":49.0,"key":"REST"},{"floor":53.0,"key":"REST"}],"circlet_count":0,"master_deck":["AscendersBane","Strike_B+1","Strike_B+1","Strike_B+1","Strike_B+1","Defend_B+1","Defend_B+1","Defend_B+1","Zap","Dualcast","Ball Lightning","Cold Snap","Machine Learning","Conserve Battery","Ball Lightning","Streamline","Cold Snap","Leap","Go for the Eyes","Electrodynamics","FIFO Queue","Electrodynamics","Defragment","Darkness+1","ReplayTheSpireMod:Calculation Training+1","Go for the Eyes","Go for the Eyes+1","Scrape+1","Defragment","Rainbow","ReplayTheSpireMod:Splinters","ReplayTheSpireMod:Splinters","Auto Shields","Glacier","Turbo","Ball Lightning+1","Echo Form","Conserve Battery","Steam+1","Turbo","Undo","Echo Form","Compile Driver","Cold Snap","Hello World+1"],"relics":["Cracked Core","NeowsBlessing","Anchor","Prayer Wheel","Bronze Scales","Divine Protection","ReplayTheSpireMod:Ninjato","FossilizedHelix","SsserpentHead","Fusion Hammer","Raider\u0027s Mask","ReplayTheSpireMod:TigerMarble","Ice Cream","Replay:PocketPolymizer","Quantum Egg","Pantograph","Replay:Ancient Bell","Replay:Wax Seal","Replay:WaspNest","Replay:Towering Pillar of Hats","Bag of Preparation","Potion Belt","Replay:Accelerometer"],"acts_visited":["Exordium","TheCity","TheBeyond","TheEnding"],"potions_floor_usage":[55,55,55,55],"damage_taken":[{"damage":0.0,"enemies":"Cultist","floor":1.0,"turns":1.0},{"damage":0.0,"enemies":"Small Slimes","floor":2.0,"turns":1.0},{"damage":0.0,"enemies":"Jaw Worm","floor":4.0,"turns":1.0},{"damage":0.0,"enemies":"Large Slime","floor":5.0,"turns":4.0},{"damage":30.0,"enemies":"Gremlin Nob","floor":6.0,"turns":4.0},{"damage":19.0,"enemies":"3 Sentries","floor":8.0,"turns":8.0},{"damage":0.0,"enemies":"Red Slaver","floor":12.0,"turns":2.0},{"damage":0.0,"enemies":"Lagavulin","floor":13.0,"turns":7.0},{"damage":7.0,"enemies":"Hexaghost","floor":16.0,"turns":9.0},{"damage":2.0,"enemies":"2 Thieves","floor":18.0,"turns":4.0},{"damage":0.0,"enemies":"Chosen","floor":21.0,"turns":5.0},{"damage":0.0,"enemies":"Snecko","floor":22.0,"turns":5.0},{"damage":0.0,"enemies":"Gremlin Leader","floor":23.0,"turns":5.0},{"damage":5.0,"enemies":"Slavers","floor":25.0,"turns":4.0},{"damage":0.0,"enemies":"Centurion and Healer","floor":27.0,"turns":5.0},{"damage":22.0,"enemies":"Book of Stabbing","floor":30.0,"turns":5.0},{"damage":0.0,"enemies":"Snake Plant","floor":31.0,"turns":4.0},{"damage":36.0,"enemies":"Champ","floor":33.0,"turns":9.0},{"damage":0.0,"enemies":"3 Shapes","floor":35.0,"turns":4.0},{"damage":0.0,"enemies":"Orb Walker","floor":39.0,"turns":4.0},{"damage":0.0,"enemies":"4 Shapes","floor":41.0,"turns":4.0},{"damage":30.0,"enemies":"3 Darklings","floor":44.0,"turns":6.0},{"damage":36.0,"enemies":"Reptomancer","floor":47.0,"turns":6.0},{"damage":0.0,"enemies":"Jaw Worm Horde","floor":48.0,"turns":6.0},{"damage":29.0,"enemies":"Replay:Hell Engine","floor":50.0,"turns":13.0},{"damage":63.0,"enemies":"Donu and Deca","floor":51.0,"turns":10.0},{"damage":65,"enemies":"Shield and Spear","floor":55,"turns":6},{"damage":80,"enemies":"The Heart","floor":56,"turns":3}],"seed_played":"790739820853100060","potions_obtained":[{"floor":2.0,"key":"Milkshake"},{"floor":8.0,"key":"Swift Potion"},{"floor":12.0,"key":"Elixir"},{"floor":21.0,"key":"SmokeBomb"},{"floor":22.0,"key":"Energy Potion"},{"floor":30.0,"key":"Elixir"},{"floor":33.0,"key":"Regen Potion"},{"floor":39.0,"key":"SmokeBomb"},{"floor":41.0,"key":"SkillPotion"},{"floor":48.0,"key":"Languid Potion"}],"is_trial":false,"path_per_floor":["M","M","T","M","M","E","R","E","T","?","R","M","E","?","R","B",null,"M","$","$","M","M","E","?","E","T","M","$","?","E","M","R","B",null,"M","?","?","$","M","R","M","$","T","M","?","R","E","M","R","B","B",null,"R","$","E","B"],"character_chosen":"DEFECT","items_purchased":["FIFO Queue","Raider\u0027s Mask","ReplayTheSpireMod:TigerMarble","Quantum Egg","Echo Form","Conserve Battery","Energy Potion","Regen Potion","Elixir"],"campfire_rested":7,"item_purchase_floors":[20,20,20,28,42,42,54,54,54],"current_hp_per_floor":[64,64,64,64,64,34,55,36,36,8,29,29,29,29,29,22,59,57,57,57,57,57,57,57,52,52,52,52,52,30,30,51,35,62,62,62,62,62,62,67,67,67,67,37,37,57,21,21,41,52,4,51,67,67,14,0,0],"gold":50,"neow_bonus":"THREE_ENEMY_KILL","is_daily":false,"chose_seed":false,"campfire_upgraded":0,"win_rate":0.0,"timestamp":1611064746,"path_taken":["M","?","?","M","M","E","R","E","T","?","R","?","E","?","R","BOSS","M","?","$","M","M","E","?","E","T","?","$","?","E","M","R","BOSS","M","?","?","$","M","R","M","$","T","M","?","R","E","M","R","BOSS","BOSS","R","$","E","BOSS"],"items_purchased_type":["Card","Relic","Relic","Relic","Card","Card","Potion","Potion","Potion"],"build_version":"2020-12-22","purchased_purges":1,"victory":false,"max_hp_per_floor":[71,71,71,71,71,71,71,71,71,71,71,71,71,71,71,71,71,71,71,71,71,71,71,71,71,71,71,71,71,71,71,71,71,71,71,67,67,67,67,67,67,67,67,67,67,67,67,67,67,67,67,67,67,67,67,67,67],"card_choices":[{"not_picked":["Redo","Cold Snap"],"picked":"Ball Lightning","floor":1.0},{"not_picked":["Turbo","Go for the Eyes"],"picked":"Cold Snap","floor":2.0},{"not_picked":["Coolheaded","Sweeping Beam"],"picked":"Machine Learning","floor":4.0},{"not_picked":["Go for the Eyes","Cold Snap"],"picked":"Conserve Battery","floor":5.0},{"not_picked":["Stack","Redo","Genetic Algorithm"],"picked":"SKIP","floor":6.0},{"not_picked":["Barrage","Conserve Battery"],"picked":"Ball Lightning","floor":8.0},{"not_picked":["Redo","Go for the Eyes"],"picked":"Streamline","floor":10.0},{"not_picked":["Steam","Coolheaded"],"picked":"Cold Snap","floor":10.0},{"not_picked":["Thunder Strike","Time Bomb"],"picked":"Leap","floor":12.0},{"not_picked":["Go for the Eyes","Rebound","Crystallizer"],"picked":"SKIP","floor":12.0},{"not_picked":["Streamline","Redo"],"picked":"Go for the Eyes","floor":13.0},{"not_picked":["Fission","All For One"],"picked":"Electrodynamics","floor":16.0},{"not_picked":["Beam Cell","ReplayGash","BasicCrystalCard"],"picked":"SKIP","floor":18.0},{"not_picked":["Compile Driver","Steam","Gash"],"picked":"SKIP","floor":18.0},{"not_picked":["Leap","Panic Button"],"picked":"Electrodynamics","floor":21.0},{"not_picked":["Turbo","Gash","Panic Button"],"picked":"SKIP","floor":21.0},{"not_picked":["Double Energy","Gash"],"picked":"Defragment","floor":22.0},{"not_picked":["BasicCrystalCard+1","Rebound"],"picked":"Darkness+1","floor":22.0},{"not_picked":["Streamline","Conserve Battery"],"picked":"Sunder","floor":23.0},{"not_picked":["Rebound","Conserve Battery"],"picked":"ReplayTheSpireMod:Calculation Training+1","floor":25.0},{"not_picked":["Go for the Eyes","Stack","Compile Driver+1"],"picked":"SKIP","floor":27.0},{"not_picked":["Go for the Eyes+1","Stack","Genetic Algorithm"],"picked":"SKIP","floor":27.0},{"not_picked":["Stack","Compile Driver+1"],"picked":"Go for the Eyes","floor":27.0},{"not_picked":["Stack","Genetic Algorithm"],"picked":"Go for the Eyes+1","floor":27.0},{"not_picked":["Gash","Stack","Multi-Cast"],"picked":"SKIP","floor":30.0},{"not_picked":["Doom and Gloom","Static Discharge"],"picked":"Scrape+1","floor":31.0},{"not_picked":["Gash","Steam+1","Redo"],"picked":"SKIP","floor":31.0},{"not_picked":["Machine Learning","ReplayTheSpireMod:Omega Cannon"],"picked":"Rainbow","floor":33.0},{"not_picked":["Injury","Parasite"],"picked":"ReplayTheSpireMod:Splinters","floor":34.0},{"not_picked":["CommonCold","Amnesia"],"picked":"ReplayTheSpireMod:Splinters","floor":34.0},{"not_picked":["Parasite","Normality"],"picked":"Decay","floor":34.0},{"not_picked":["Gash","Beam Cell"],"picked":"Auto Shields","floor":35.0},{"not_picked":["Ball Lightning","Panic Button","Doom and Gloom"],"picked":"SKIP","floor":35.0},{"not_picked":["Gash","FTL"],"picked":"Glacier","floor":39.0},{"not_picked":["ReplayTheSpireMod:Fabricate Wheel","Streamline"],"picked":"Turbo","floor":39.0},{"not_picked":["Go for the Eyes+1","ReplayTheSpireMod:Repulse"],"picked":"Ball Lightning+1","floor":41.0},{"not_picked":["Aggregate+1","BasicCrystalCard","Barrage+1"],"picked":"SKIP","floor":41.0},{"not_picked":["BasicCrystalCard","ReplaySort"],"picked":"Steam+1","floor":44.0},{"not_picked":["Cold Snap+1","BasicCrystalCard+1"],"picked":"Turbo","floor":44.0},{"not_picked":["Darkness","Capacitor"],"picked":"Echo Form","floor":47.0},{"not_picked":["BasicCrystalCard","Sunder"],"picked":"Compile Driver","floor":48.0},{"not_picked":["Rebound","Gash+1"],"picked":"Cold Snap","floor":48.0},{"not_picked":["Gash","Multi-Cast"],"picked":"Hello World+1","floor":55}],"player_experience":923705,"relics_obtained":[{"floor":3.0,"key":"Anchor"},{"floor":6.0,"key":"Prayer Wheel"},{"floor":8.0,"key":"Bronze Scales"},{"floor":9.0,"key":"Divine Protection"},{"floor":10.0,"key":"ReplayTheSpireMod:Ninjato"},{"floor":13.0,"key":"FossilizedHelix"},{"floor":23.0,"key":"Ice Cream"},{"floor":25.0,"key":"Replay:PocketPolymizer"},{"floor":30.0,"key":"Pantograph"},{"floor":43.0,"key":"Bag of Preparation"},{"floor":47.0,"key":"Potion Belt"},{"floor":55,"key":"Replay:Accelerometer"}],"event_choices":[{"damage_healed":0.0,"max_hp_gain":0.0,"max_hp_loss":0.0,"gold_gain":0.0,"event_name":"FaceTrader","player_choice":"Trade","floor":14.0,"gold_loss":0.0,"damage_taken":0.0,"relics_obtained":["SsserpentHead"]},{"damage_healed":0.0,"max_hp_gain":0.0,"max_hp_loss":0.0,"gold_gain":0.0,"event_name":"Ghosts","player_choice":"Ignored","floor":24.0,"gold_loss":0.0,"damage_taken":0.0},{"damage_healed":0.0,"max_hp_gain":0.0,"max_hp_loss":0.0,"gold_gain":0.0,"event_name":"Back to Basics","player_choice":"Simplicity","floor":29.0,"gold_loss":0.0,"damage_taken":0.0,"cards_upgraded":["Strike_B","Strike_B","Strike_B","Strike_B","Defend_B","Defend_B","Defend_B","Defend_B"]},{"damage_healed":0.0,"max_hp_gain":0.0,"max_hp_loss":4.0,"gold_gain":0.0,"event_name":"Winding Halls","player_choice":"Max HP","floor":36.0,"gold_loss":0.0,"damage_taken":0.0},{"cards_removed":["Sunder"],"damage_healed":0.0,"max_hp_gain":0.0,"max_hp_loss":0.0,"gold_gain":0.0,"event_name":"Falling","player_choice":"Removed Attack","floor":37.0,"gold_loss":0.0,"damage_taken":0.0},{"damage_healed":0.0,"max_hp_gain":0.0,"max_hp_loss":0.0,"gold_gain":0.0,"event_name":"Match and Keep!","player_choice":"1 cards matched","floor":45.0,"gold_loss":0.0,"damage_taken":0.0,"cards_obtained":["Undo"]}],"is_beta":false,"boss_relics":[{"not_picked":["Tiny House","Empty Cage"],"picked":"Fusion Hammer"},{"not_picked":["Philosopher\u0027s Stone","Astrolabe"],"picked":"Replay:Ancient Bell"},{"not_picked":["Nunchaku","Gremlin Food"],"picked":"Replay:Wax Seal"},{"not_picked":["Eternal Feather","Onion Ring"],"picked":"Replay:WaspNest"},{"not_picked":["Emotion Chip","Ginger"],"picked":"Replay:Towering Pillar of Hats"}],"items_purged_floors":[38],"is_endless":false,"potions_floor_spawned":[2,8,12,21,22,30,33,39,41,48],"killed_by":"The Heart","ascension_level":20}}