{"host":"9j9ju8r45kuhshxi","time":1611015758,"event":{"mods":["BaseMod","Colored Map","Colored Powertips","Highlight Path","Minty Spire (QoL Compilation)","Replay The Spire","Ryuuou龙王","StSLib","[功能]功能增强和修复MOD"],"gold_per_floor":[118,93,93,93,113,139,139,170,249,278,278,291,366,397,397,468,468,486,466,466,483,483,517,517,547,619,637,622,656,636,662,662,738,738,753,728,728,608,664,664,1695,1695,1695,2720,2720,2720,3747,4766,4766,5766,5766,5766,5761,6788,7788],"floor_reached":56,"language":"ZHS","playtime":2224,"items_purged":["Strike_R","Strike_R","Strike_R","Defend_R","Defend_R","Strike_R","Life Link","Havoc+1","Purity+1","Infernal Blade","Brutality+1","Apotheosis+1","Flex","Power Through+1","Disarm","ReplayTheSpireMod:Trickstab+1","Sword Boomerang","Dropkick","Blood for Blood","Exhume+1","Evolve+1","Shrug It Off+1","Magnetism+1","Clothesline+1","Barricade+1","Spot Weakness+1","Brutality+1","Carnage+1","Strike_R+1","Bash+1","ReplayTheSpireMod:Limb From Limb+1","Power Through+1","Flex+1","Thunderclap+1","Sadistic Nature+1","Violence+1","Juggernaut+1","Limit Break+1","Demonic Infusion+1","Rupture+1","Limit Break+1","Flex+1","Defy Death+1","Disarm+1","Body Slam+1","Regret"],"score":2499,"play_id":"f38a3189-ac51-4801-aee0-d18941eb1fe2","local_time":"20210119082238","is_ascension_mode":true,"campfire_choices":[{"floor":7.0,"key":"RECALL"},{"data":"Heavy Blade","floor":24.0,"key":"SMITH"},{"data":"Searing Blow+1","floor":32.0,"key":"SMITH"},{"data":"Ryuuou:NotRegret","floor":40,"key":"SMITH"}],"circlet_count":0,"master_deck":["AscendersBane","Bludgeon+1","Heavy Blade+1","Double Tap+1","Searing Blow+5","Hemogenesis+1","Whirlwind+1","Warcry+1","Ryuuou:NotRegret+1","Shrug It Off+1","Uppercut+1","Thunderclap+1","Fire Breathing+1","ReplayTheSpireMod:Muscle Training+1","Offering+1","Pummel+1"],"relics":["Burning Blood","TheAbacus","Golden Egg","Art of War","HandDrill","Pen Nib","Mirror","StrikeDummy","Juzu Bracelet","Replay:Multitool","Happy Flower","ReplayTheSpireMod:DimensionalGlitch","Brimstone","Self Forming Clay","Letter Opener","MutagenicStrength","Replay:PocketPolymizer","Ice Cream","ReplayTheSpireMod:Shallot","Ginger","Torii","Guide Book","Garlic","Shuriken","ReplayTheSpireMod:Ninjato","ReplayTheSpireMod:ShopPack","Pantograph","Replay:Grab Bag","Cursed Key","Philosopher\u0027s Stone","Honey Jar","ReplayTheSpireMod:Lightbulb","DollysMirror","Charon\u0027s Ashes","Eternal Feather","Orrery","BranchBurnRelic","Bottled Flame","Darkstone Periapt","Boot","HornCleat","Chemical X","Toy Ornithopter","Sundial","Pondfish Scales"],"acts_visited":["Exordium","TheCity","TheBeyond","TheEnding"],"potions_floor_usage":[47,55,55],"damage_taken":[{"damage":0.0,"enemies":"Cultist","floor":1.0,"turns":3.0},{"damage":0.0,"enemies":"Small Slimes","floor":5.0,"turns":1.0},{"damage":0.0,"enemies":"Gremlin Nob","floor":6.0,"turns":3.0},{"damage":0.0,"enemies":"3 Sentries","floor":8.0,"turns":2.0},{"damage":0.0,"enemies":"Lagavulin","floor":10.0,"turns":2.0},{"damage":0.0,"enemies":"Jaw Worm","floor":12.0,"turns":1.0},{"damage":0.0,"enemies":"Gremlin Nob","floor":14.0,"turns":1.0},{"damage":6.0,"enemies":"Fading Forest","floor":16.0,"turns":1.0},{"damage":3.0,"enemies":"Chosen","floor":18.0,"turns":2.0},{"damage":0.0,"enemies":"2 Thieves","floor":21.0,"turns":1.0},{"damage":0.0,"enemies":"Slavers","floor":23.0,"turns":1.0},{"damage":10.0,"enemies":"Gremlin Leader","floor":25.0,"turns":2.0},{"damage":3.0,"enemies":"Snecko","floor":27.0,"turns":2.0},{"damage":0.0,"enemies":"Book of Stabbing","floor":29.0,"turns":1.0},{"damage":16.0,"enemies":"Slavers","floor":31.0,"turns":2.0},{"damage":0.0,"enemies":"Automaton","floor":33.0,"turns":1.0},{"damage":18,"enemies":"3 Shapes","floor":35,"turns":1},{"damage":0,"enemies":"R_Hoarder","floor":41,"turns":1},{"damage":0,"enemies":"Giant Head","floor":44,"turns":1},{"damage":0,"enemies":"R_Hoarder","floor":47,"turns":1},{"damage":0,"enemies":"3 Darklings","floor":48,"turns":1},{"damage":0,"enemies":"Replay:Hell Engine","floor":50,"turns":1},{"damage":0,"enemies":"Shield and Spear","floor":54,"turns":1},{"damage":2,"enemies":"The Heart","floor":55,"turns":3}],"seed_played":"6356032581064597525","potions_obtained":[{"floor":1.0,"key":"Block Potion"},{"floor":1.0,"key":"Dexterity Potion"},{"floor":5.0,"key":"PowerPotion"},{"floor":6.0,"key":"LiquidMemories"},{"floor":6.0,"key":"Dexterity Potion"},{"floor":10.0,"key":"Fruit Juice"},{"floor":10.0,"key":"Fire Potion"},{"floor":10.0,"key":"Languid Potion"},{"floor":14.0,"key":"SkillPotion"},{"floor":16.0,"key":"LiquidMemories"},{"floor":16.0,"key":"ElixirPotion"},{"floor":21.0,"key":"ColorlessPotion"},{"floor":23.0,"key":"EssenceOfSteel"},{"floor":23.0,"key":"Weak Potion"},{"floor":25.0,"key":"LiquidBronze"},{"floor":27.0,"key":"DistilledChaos"},{"floor":29.0,"key":"Languid Potion"},{"floor":31.0,"key":"Strength Potion"},{"floor":35,"key":"HeartOfIron"},{"floor":35,"key":"SmokeBomb"},{"floor":39,"key":"FearPotion"},{"floor":39,"key":"CultistPotion"},{"floor":39,"key":"Doom Potion"},{"floor":41,"key":"Weak Potion"},{"floor":44,"key":"Languid Potion"},{"floor":44,"key":"Venom Potion"},{"floor":47,"key":"Block Potion"},{"floor":47,"key":"BloodPotion"},{"floor":48,"key":"ColorlessPotion"},{"floor":54,"key":"Explosive Potion"}],"is_trial":false,"path_per_floor":["M","$","?","$","M","E","R","E","T","E","R","M","?","E","R","B",null,"M","$","?","M","?","E","R","E","T","M","$","E","$","E","R","B",null,"M","$","?","$","?","R","E","R","T","E","?","R","E","M","R_BF","B",null,"R","$","E","B",null],"character_chosen":"IRONCLAD","items_purchased":["TheAbacus","Golden Egg","Art of War","Shrug It Off","Clothesline","Magnetism","HandDrill","Pen Nib","Mirror","Bludgeon","Fruit Juice","Explosive Potion","Cursed Concoction","Brimstone","Self Forming Clay","Letter Opener","Spot Weakness","Apotheosis","Havoc","Whirlwind","Purity","Ginger","Torii","Carnage","Warcry","Evolve","Guide Book","Shuriken","ReplayTheSpireMod:Ninjato","Flex","Power Through","Thunderclap","ReplayTheSpireMod:ShopPack","ReplayTheSpireMod:Lightbulb","Dead Branch","Demonic Infusion","Rupture","DollysMirror","Adrenaline Potion","Charon\u0027s Ashes","Eternal Feather","Orrery","Chemical X","Toy Ornithopter","Sundial","SteroidPotion"],"campfire_rested":0,"item_purchase_floors":[2,2,2,2,2,2,4,4,4,4,4,4,4,19,19,19,19,19,19,19,19,28,28,28,28,28,28,30,30,30,30,30,30,36,36,36,36,36,36,38,38,38,53,53,53,53],"current_hp_per_floor":[78,78,78,83,85,85,85,85,85,90,90,90,79,85,85,90,90,90,90,90,90,72,75,75,68,68,74,74,77,77,70,70,90,94,85,85,95,95,72,78,85,95,95,95,95,95,95,95,95,95,95,95,95,95,95],"gold":7788,"neow_bonus":"UPGRADE_CARD","is_daily":false,"chose_seed":false,"campfire_upgraded":3,"win_rate":0.0,"timestamp":1611015758,"path_taken":["M","$","?","$","M","E","R","E","T","E","R","M","?","E","R","BOSS","M","$","?","M","?","E","R","E","T","M","$","E","?","E","R","BOSS","M","$","?","$","?","R","E","R","T","E","?","R","E","M","R_BF","BOSS","R","$","E","BOSS"],"items_purchased_type":["Relic","Relic","Relic","Card","Card","Card","Relic","Relic","Relic","Card","Potion","Potion","Potion","Relic","Relic","Relic","Card","Card","Card","Card","Card","Relic","Relic","Card","Card","Card","Relic","Relic","Relic","Card","Card","Card","Relic","Relic","Relic","Card","Card","Relic","Potion","Relic","Relic","Relic","Relic","Relic","Relic","Potion"],"build_version":"2020-12-22","purchased_purges":46,"victory":true,"max_hp_per_floor":[80,80,80,85,85,85,85,85,85,90,90,90,90,90,90,90,90,90,90,90,90,95,95,95,95,95,95,95,95,95,95,95,95,95,95,95,95,95,95,95,95,95,95,95,95,95,95,95,95,95,95,95,95,95,95],"card_choices":[{"not_picked":["Wild Strike","Armaments"],"picked":"ReplayTheSpireMod:Limb From Limb","floor":1.0},{"not_picked":["Abandon","Armaments"],"picked":"Heavy Blade","floor":5.0},{"not_picked":["Headbutt","ReplayTheSpireMod:Strike From Hell"],"picked":"Infernal Blade","floor":6.0},{"not_picked":["Wild Strike","Rupture"],"picked":"Double Tap","floor":8.0},{"not_picked":["ReplayTheSpireMod:Strike From Hell","Shrug It Off","Headbutt"],"picked":"SKIP","floor":10.0},{"not_picked":["Anger","Seeing Red"],"picked":"Searing Blow","floor":12.0},{"not_picked":["Whirlwind","Disarm"],"picked":"Hemogenesis","floor":14.0},{"not_picked":["Fiend Fire","Barricade"],"picked":"Brutality","floor":16.0},{"not_picked":["Uppercut","Second Wind"],"picked":"Sword Boomerang","floor":18.0},{"not_picked":["Run Through","Intimidate"],"picked":"Flex","floor":21.0},{"not_picked":["Wild Strike","ReplayTheSpireMod:Stacked","True Grit"],"picked":"SKIP","floor":23.0},{"not_picked":["Disarm","Power Through"],"picked":"Blood for Blood","floor":25.0},{"not_picked":["Shrug It Off","Sentinel"],"picked":"Infernal Blade","floor":27.0},{"not_picked":["Armaments","Heavy Blade"],"picked":"Disarm","floor":29.0},{"not_picked":["Metamorphosis","Poisoned Strike"],"picked":"Sadistic Nature","floor":30.0},{"not_picked":["Mind Blast","HandOfGreedLower"],"picked":"Violence","floor":30.0},{"not_picked":["Replay:Parry","Mind Blast"],"picked":"ReplayTheSpireMod:Trickstab","floor":30.0},{"not_picked":["Body Slam","Clothesline"],"picked":"Exhume","floor":31.0},{"not_picked":["Offering","Bludgeon"],"picked":"Limit Break","floor":33.0},{"not_picked":["Rampage","Twin Strike","Headbutt"],"picked":"Dropkick","floor":35},{"not_picked":["Reckless Charge+1","Twin Strike","Armaments"],"picked":"Defy Death","floor":38},{"not_picked":["Headbutt","Clash","Iron Wave+1"],"picked":"Flex","floor":38},{"not_picked":["Fire Breathing","Battle Trance","True Grit"],"picked":"Shrug It Off","floor":38},{"not_picked":["Reaper","ReplayTheSpireMod:Stacked","Havoc+1"],"picked":"Disarm","floor":38},{"not_picked":["ReplayTheSpireMod:Stacked","Perfected Strike","Flex+1"],"picked":"Body Slam","floor":38},{"not_picked":["Shrug It Off","Seeing Red","Power Through"],"picked":"Uppercut+1","floor":39},{"not_picked":["Double Tap","Anger","Iron Wave+1"],"picked":"Thunderclap","floor":41},{"not_picked":["Abandon+1","Armaments+1","Clash"],"picked":"ReplayReversal","floor":44},{"not_picked":["Rage+1","True Grit+1","Warcry"],"picked":"ReplayTheSpireMod:Muscle Training","floor":47},{"not_picked":["Spot Weakness","Armaments","Havoc"],"picked":"Fire Breathing+1","floor":48},{"not_picked":["Seeing Red","Entrench+1","Sentinel+1"],"picked":"Pummel+1","floor":54}],"player_experience":156949,"relics_obtained":[{"floor":6.0,"key":"StrikeDummy"},{"floor":8.0,"key":"Juzu Bracelet"},{"floor":10.0,"key":"Replay:Multitool"},{"floor":14.0,"key":"Happy Flower"},{"floor":23.0,"key":"Replay:PocketPolymizer"},{"floor":25.0,"key":"Ice Cream"},{"floor":26.0,"key":"ReplayTheSpireMod:Shallot"},{"floor":29.0,"key":"Garlic"},{"floor":31.0,"key":"Pantograph"},{"floor":41,"key":"Bottled Flame"},{"floor":43,"key":"Darkstone Periapt"},{"floor":44,"key":"Boot"},{"floor":47,"key":"HornCleat"},{"floor":54,"key":"Pondfish Scales"}],"event_choices":[{"damage_healed":0.0,"max_hp_gain":0.0,"max_hp_loss":0.0,"gold_gain":75.0,"event_name":"World of Goop","player_choice":"Gather Gold","floor":13.0,"gold_loss":0.0,"damage_taken":11.0},{"damage_healed":0.0,"max_hp_gain":0.0,"max_hp_loss":0.0,"gold_gain":0.0,"event_name":"Drug Dealer","player_choice":"Inject Mutagens","floor":20.0,"gold_loss":0.0,"damage_taken":0.0,"relics_obtained":["MutagenicStrength"]},{"damage_healed":0.0,"max_hp_gain":5.0,"max_hp_loss":0.0,"gold_gain":0.0,"event_name":"Forgotten Altar","player_choice":"Shed Blood","floor":22.0,"gold_loss":0.0,"damage_taken":23.0},{"damage_healed":0,"gold_gain":0,"player_choice":"Ignored","damage_taken":0,"max_hp_gain":0,"max_hp_loss":0,"event_name":"Tomb of Lord Red Mask","floor":45,"gold_loss":0}],"is_beta":false,"boss_relics":[{"not_picked":["Velvet Choker","Replay:Drink Me"],"picked":"ReplayTheSpireMod:DimensionalGlitch"},{"not_picked":["SlaversCollar","Pandora\u0027s Box"],"picked":"Replay:Grab Bag"},{"not_picked":["Ooze Armor","ChewingGum"],"picked":"Cursed Key"},{"not_picked":["Fusion Hammer","Sozu"],"picked":"Philosopher\u0027s Stone"},{"not_picked":["Snecko Eye","Kintsugi"],"picked":"Honey Jar"}],"items_purged_floors":[2,2,2,2,2,19,19,19,19,28,28,28,30,30,30,30,36,36,36,36,36,38,38,38,38,38,38,38,38,38,38,38,38,38,38,38,38,38,38,38,38,38,38,38,38,53],"is_endless":false,"potions_floor_spawned":[1,1,5,6,6,10,10,10,14,14,16,16,18,21,23,23,25,25,25,27,29,31,33,33,33,35,35,41,44,44,47,47,48,54],"ascension_level":13}}