{"host":"3zmssa4s99zhxek5","time":1611100287,"event":{"mods":["AchievementEnabler","BaseMod","Minty Spire (QoL Compilation)","Permanent Neow","Relic Stats"],"gold_per_floor":[113,188,208,261,261,261,186,220,291,302,13,13,33,50,50,121,121,136,186,198,198,212,212,242,242,242],"floor_reached":25,"language":"KOR","playtime":3427,"items_purged":["Strike_B"],"score":442,"play_id":"d6b43e11-6d00-4f89-925c-04bf8f65e7b4","local_time":"20210120085127","is_ascension_mode":true,"campfire_choices":[{"data":"Lockon","floor":6.0,"key":"SMITH"},{"data":"Coolheaded","floor":15.0,"key":"SMITH"},{"floor":23,"key":"REST"}],"circlet_count":0,"master_deck":["AscendersBane","Defend_B+1","Defend_B","Defend_B+1","Defend_B","Zap","Dualcast","Lockon+1","Coolheaded","Doom and Gloom+1","Coolheaded+1","Core Surge","Coolheaded+1","Steam","Conserve Battery"],"relics":["Cracked Core","Happy Flower","Art of War","StoneCalendar","Bottled Flame","TheAbacus","Black Star","Turnip","War Paint"],"acts_visited":["Exordium","TheCity"],"potions_floor_usage":[18,24,24],"damage_taken":[{"damage":0.0,"enemies":"2 Louse","floor":1.0,"turns":3.0},{"damage":4.0,"enemies":"Jaw Worm","floor":3.0,"turns":3.0},{"damage":19.0,"enemies":"3 Sentries","floor":8.0,"turns":5.0},{"damage":0.0,"enemies":"Small Slimes","floor":10.0,"turns":1.0},{"damage":2.0,"enemies":"Red Slaver","floor":13.0,"turns":4.0},{"damage":1.0,"enemies":"2 Fungi Beasts","floor":14.0,"turns":3.0},{"damage":6.0,"enemies":"Hexaghost","floor":16.0,"turns":7.0},{"damage":18,"enemies":"2 Thieves","floor":18,"turns":4},{"damage":13,"enemies":"Shell Parasite","floor":20,"turns":7},{"damage":10,"enemies":"Centurion and Healer","floor":22,"turns":8},{"damage":38,"enemies":"Slavers","floor":24,"turns":3},{"damage":2,"enemies":"Snake Plant","floor":25,"turns":2}],"seed_played":"7995014563721804050","potions_obtained":[{"floor":1.0,"key":"AttackPotion"},{"floor":3.0,"key":"ColorlessPotion"},{"floor":13.0,"key":"SpeedPotion"},{"floor":14.0,"key":"Fire Potion"},{"floor":20,"key":"PowerPotion"},{"floor":24,"key":"FearPotion"}],"is_trial":false,"path_per_floor":["M","?","M","T","?","R","?","E","T","M","$","?","M","M","R","B",null,"M","?","M","?","M","R","E","M"],"character_chosen":"DEFECT","items_purchased":["TheAbacus","SkillPotion"],"campfire_rested":1,"item_purchase_floors":[11,11],"current_hp_per_floor":[64,53,49,49,49,49,49,30,30,30,30,30,28,27,27,21,59,41,41,28,28,18,39,1,0,0],"gold":242,"neow_bonus":"RANDOM_COMMON_RELIC","is_daily":false,"chose_seed":false,"campfire_upgraded":2,"win_rate":0.0,"timestamp":1611100287,"path_taken":["M","?","M","?","?","R","?","E","T","M","$","?","M","?","R","BOSS","M","?","M","?","M","R","E","?"],"items_purchased_type":["Relic","Potion"],"build_version":"2020-12-22","purchased_purges":1,"victory":false,"max_hp_per_floor":[71,71,71,71,71,71,71,71,71,71,71,71,71,71,71,71,71,71,71,71,71,71,71,71,71,71],"relic_stats":{"TheAbacus":[108],"Happy Flower":[16],"counters":[12,50],"StoneCalendar":[84],"Turnip":[2],"Art of War":[9],"Black Star":1,"War Paint":["Defend_B","Defend_B"],"obtain_stats":[{"Bottled Flame":9,"TheAbacus":11,"Happy Flower":0,"StoneCalendar":8,"Turnip":24,"Art of War":4,"Black Star":17,"War Paint":24,"Cracked Core":0},{"Bottled Flame":3,"TheAbacus":4,"Happy Flower":0,"StoneCalendar":3,"Turnip":11,"Art of War":2,"Black Star":7,"War Paint":11,"Cracked Core":0},{"Bottled Flame":11,"TheAbacus":12,"Happy Flower":0,"StoneCalendar":11,"Turnip":48,"Art of War":6,"Black Star":26,"War Paint":48,"Cracked Core":0}]},"card_choices":[{"not_picked":["Barrage","Turbo"],"picked":"Lockon","floor":1.0},{"not_picked":["Rebound","Double Energy"],"picked":"Coolheaded","floor":3.0},{"not_picked":["Storm","White Noise","Redo"],"picked":"SKIP","floor":8.0},{"not_picked":["Stack","Redo","Ball Lightning"],"picked":"SKIP","floor":10.0},{"not_picked":["Steam Power","Heatsinks","Redo"],"picked":"SKIP","floor":13.0},{"not_picked":["Fusion","Recycle"],"picked":"Coolheaded","floor":14.0},{"not_picked":["Fission","Rainbow"],"picked":"Core Surge","floor":16.0},{"not_picked":["Cold Snap","Darkness"],"picked":"Coolheaded+1","floor":18},{"not_picked":["Rebound","Turbo"],"picked":"Steam","floor":20},{"not_picked":["Consume","Core Surge","Cold Snap"],"picked":"SKIP","floor":22},{"not_picked":["White Noise","Leap"],"picked":"Conserve Battery","floor":24}],"player_experience":1530246,"relics_obtained":[{"floor":4.0,"key":"Art of War"},{"floor":8.0,"key":"StoneCalendar"},{"floor":9.0,"key":"Bottled Flame"},{"floor":24,"key":"Turnip"},{"floor":24,"key":"War Paint"}],"event_choices":[{"damage_healed":0.0,"max_hp_gain":0.0,"max_hp_loss":0.0,"gold_gain":75.0,"event_name":"World of Goop","player_choice":"Gather Gold","floor":2.0,"gold_loss":0.0,"damage_taken":11.0},{"damage_healed":0.0,"max_hp_gain":0.0,"max_hp_loss":0.0,"gold_gain":0.0,"cards_transformed":["Strike_B"],"event_name":"Living Wall","player_choice":"Change","floor":5.0,"gold_loss":0.0,"damage_taken":0.0,"cards_obtained":["Doom and Gloom"]},{"cards_removed":["Strike_B"],"damage_healed":0.0,"max_hp_gain":0.0,"max_hp_loss":0.0,"gold_gain":0.0,"event_name":"The Cleric","player_choice":"Card Removal","floor":7.0,"gold_loss":75.0,"damage_taken":0.0},{"damage_healed":0.0,"max_hp_gain":0.0,"max_hp_loss":0.0,"gold_gain":0.0,"event_name":"Accursed Blacksmith","player_choice":"Forge","floor":12.0,"gold_loss":0.0,"damage_taken":0.0,"cards_upgraded":["Doom and Gloom"]},{"damage_healed":0,"gold_gain":50,"player_choice":"Stole From Cult","damage_taken":0,"max_hp_gain":0,"max_hp_loss":0,"event_name":"Nest","floor":19,"gold_loss":0},{"cards_removed":["Strike_B"],"damage_healed":0,"gold_gain":0,"player_choice":"Offered Basic","damage_taken":0,"max_hp_gain":0,"max_hp_loss":0,"event_name":"Bonfire Elementals","floor":21,"gold_loss":0}],"is_beta":false,"boss_relics":[{"not_picked":["Inserter","Fusion Hammer"],"picked":"Black Star"}],"items_purged_floors":[11],"is_endless":false,"potions_floor_spawned":[1,3,13,14,20,24],"killed_by":"Snake Plant","ascension_level":20}}