{"host":"81ky99ge2noxnhld","time":1611068579,"event":{"mods":["Act Like it!","BaseMod","Friendly Minions","Hallownest","Hermit","HornydragonMod","Minty Spire (QoL Compilation)","SOS¡]´µ¤Ú?¤§¤l¡^","StSLib","Youmu¡]»î¾z§¯?¡^"],"gold_per_floor":[117,117,139,64,87,120,95,95,122,156,156,156,156,188,188,318,318,332,83,96,124,124,124,124],"floor_reached":23,"language":"ZHS","playtime":1913,"items_purged":["hermit:Defend_Hermit","hermit:Snapshot"],"score":201,"play_id":"353bb039-ded5-45f7-90db-1e1dc321a5d4","local_time":"20210119230259","is_ascension_mode":false,"campfire_choices":[{"data":"hermit:Scavenge","floor":8,"key":"SMITH"},{"data":"hermit:Covet","floor":11,"key":"SMITH"},{"floor":15,"key":"REST"}],"circlet_count":0,"master_deck":["hermit:Strike_Hermit","hermit:Strike_Hermit","hermit:Strike_Hermit","hermit:Strike_Hermit","hermit:Defend_Hermit","hermit:Defend_Hermit","hermit:Defend_Hermit","hermit:Covet+1","hermit:Scavenge+1","hermit:LuckOfTheDraw","hermit:Ricochet","hermit:Grudge","Injury","hermit:Vantage","hermit:HighNoon","hermit:Shortfuse","hermit:LoneWolf","Decay"],"relics":["hermit:Momento","PreservedInsect","Oddly Smooth Stone","Ornamental Fan","Golden Idol","Coffee Dripper"],"acts_visited":["Exordium","TheCity"],"potions_floor_usage":[5,6,6,12,18,20],"damage_taken":[{"damage":4,"enemies":"2 Louse","floor":1,"turns":3},{"damage":2,"enemies":"Cultist","floor":3,"turns":4},{"damage":1,"enemies":"Jaw Worm","floor":5,"turns":4},{"damage":4,"enemies":"Gremlin Nob","floor":6,"turns":3},{"damage":10,"enemies":"Looter","floor":7,"turns":4},{"damage":18,"enemies":"3 Sentries","floor":10,"turns":7},{"damage":0,"enemies":"Large Slime","floor":12,"turns":1},{"damage":0,"enemies":"3 Louse","floor":14,"turns":2},{"damage":75,"enemies":"Hexaghost","floor":16,"turns":15},{"damage":0,"enemies":"3 Byrds","floor":18,"turns":5},{"damage":17,"enemies":"Chosen","floor":20,"turns":7},{"damage":31,"enemies":"3 Cultists","floor":21,"turns":6},{"damage":17,"enemies":"Book of Stabbing","floor":23,"turns":4}],"seed_played":"5168503695905071543","potions_obtained":[{"floor":5,"key":"EntropicBrew"},{"floor":6,"key":"FairyPotion"},{"floor":16,"key":"PowerPotion"},{"floor":18,"key":"ColorlessPotion"}],"is_trial":false,"path_per_floor":["M","?","M","$","M","E","M","R","T","E","R","M","?","M","R","B",null,"M","$","M","M","?","E"],"character_chosen":"HERMIT","items_purchased":["hermit:Shortfuse","hermit:LoneWolf"],"campfire_rested":1,"item_purchase_floors":[19,19],"current_hp_per_floor":[71,71,69,69,68,64,54,54,54,36,36,36,36,36,58,6,75,75,75,58,27,27,10,10],"gold":124,"neow_bonus":"RANDOM_COMMON_RELIC","is_daily":false,"chose_seed":false,"campfire_upgraded":2,"win_rate":0.0,"timestamp":1611068579,"path_taken":["M","?","M","?","M","E","M","R","T","E","R","M","?","M","R","BOSS","M","$","M","M","?","E"],"items_purchased_type":["Card","Card"],"build_version":"2020-12-22","purchased_purges":2,"victory":false,"max_hp_per_floor":[75,75,75,75,75,75,75,75,75,75,75,75,75,75,75,75,75,75,75,75,75,75,75,75],"card_choices":[{"not_picked":["hermit:Ricochet","hermit:Headshot"],"picked":"hermit:Scavenge","floor":1},{"not_picked":["hermit:LowProfile","hermit:Ricochet","hermit:Coalescence"],"picked":"SKIP","floor":3},{"not_picked":["hermit:Feint","hermit:Dissolve"],"picked":"hermit:LuckOfTheDraw","floor":5},{"not_picked":["hermit:LowProfile","hermit:Snipe","hermit:WideOpen"],"picked":"SKIP","floor":6},{"not_picked":["hermit:LowProfile","hermit:NoHoldsBarred"],"picked":"hermit:Ricochet","floor":7},{"not_picked":["hermit:Snipe","hermit:Spite"],"picked":"hermit:Grudge","floor":10},{"not_picked":["hermit:WideOpen","hermit:Roulette"],"picked":"hermit:Vantage","floor":14},{"not_picked":["hermit:DeadOrAlive","hermit:FinalCanter"],"picked":"hermit:HighNoon","floor":16},{"not_picked":["hermit:NoHoldsBarred+1","hermit:FullyLoaded","hermit:ItchyTrigger"],"picked":"SKIP","floor":18},{"not_picked":["hermit:Roulette","hermit:Snipe","hermit:Ricochet"],"picked":"SKIP","floor":20},{"not_picked":["hermit:Misfire","hermit:TakeAim","hermit:Ricochet"],"picked":"SKIP","floor":21}],"player_experience":98304,"relics_obtained":[{"floor":6,"key":"Oddly Smooth Stone"},{"floor":10,"key":"Ornamental Fan"}],"event_choices":[{"damage_healed":0,"gold_gain":0,"player_choice":"Ignored","damage_taken":0,"max_hp_gain":0,"max_hp_loss":0,"event_name":"NoteForYourself","floor":2,"gold_loss":0},{"damage_healed":0,"gold_gain":0,"player_choice":"Take Wound","damage_taken":0,"relics_obtained":["Golden Idol"],"max_hp_gain":0,"max_hp_loss":0,"event_name":"Golden Idol","floor":13,"gold_loss":0,"cards_obtained":["Injury"]},{"damage_healed":0,"gold_gain":0,"player_choice":"Smashed Altar","damage_taken":0,"max_hp_gain":0,"max_hp_loss":0,"event_name":"Forgotten Altar","floor":22,"gold_loss":0,"cards_obtained":["Decay"]}],"is_beta":false,"boss_relics":[{"not_picked":["Runic Pyramid","Ectoplasm"],"picked":"Coffee Dripper"}],"items_purged_floors":[4,19],"is_endless":false,"potions_floor_spawned":[5,6,16,18],"killed_by":"Book of Stabbing","ascension_level":0}}