{"host":"928gv66myv2vlnsd","time":1611070669,"event":{"mods":["BaseMod","Minty Spire (QoL Compilation)","StSLib"],"gold_per_floor":[160,235,249,268,268,284,284,303,303,303,303,303],"floor_reached":11,"language":"ENG","playtime":325,"items_purged":[],"score":127,"play_id":"aa0ec8d8-096a-4c0b-aab3-f06ed5c08f3b","local_time":"20210119103749","is_ascension_mode":true,"campfire_choices":[{"floor":10,"key":"REST"}],"circlet_count":0,"master_deck":["AscendersBane","Strike_R","Strike_R","Strike_R","Strike_R","Strike_R","Defend_R+1","Defend_R","Defend_R","Defend_R","Bash","Disarm","Whirlwind","Sword Boomerang","Headbutt","Demon Form","Decay","Shrug It Off"],"relics":["Tiny House","InkBottle","Mummified Hand"],"acts_visited":["Exordium"],"potions_floor_usage":[8],"damage_taken":[{"damage":2,"enemies":"Small Slimes","floor":1,"turns":4},{"damage":0,"enemies":"Jaw Worm","floor":3,"turns":6},{"damage":6,"enemies":"Cultist","floor":4,"turns":5},{"damage":5,"enemies":"2 Fungi Beasts","floor":6,"turns":6},{"damage":13,"enemies":"Blue Slaver","floor":8,"turns":6},{"damage":38,"enemies":"3 Sentries","floor":11,"turns":4}],"seed_played":"9093316246970233661","potions_obtained":[{"floor":0,"key":"SmokeBomb"},{"floor":1,"key":"SmokeBomb"},{"floor":4,"key":"Fire Potion"}],"is_trial":false,"path_per_floor":["M","?","M","M","?","M","?","M","T","R","E"],"character_chosen":"IRONCLAD","items_purchased":[],"campfire_rested":1,"item_purchase_floors":[],"current_hp_per_floor":[71,60,60,54,28,23,23,10,10,34,0,0],"gold":303,"neow_bonus":"BOSS_RELIC","is_daily":false,"chose_seed":false,"campfire_upgraded":0,"win_rate":0.0,"timestamp":1611070669,"path_taken":["M","?","M","M","?","M","?","?","T","R","E"],"items_purchased_type":[],"build_version":"2020-12-22","purchased_purges":0,"victory":false,"max_hp_per_floor":[80,80,80,80,80,80,80,80,80,80,80,80],"card_choices":[{"not_picked":["Seeing Red","Uppercut"],"picked":"Disarm","floor":0},{"not_picked":["Headbutt","Clash"],"picked":"Whirlwind","floor":1},{"not_picked":["Clothesline","Havoc"],"picked":"Sword Boomerang","floor":3},{"not_picked":["Wild Strike","Perfected Strike"],"picked":"Headbutt","floor":4},{"not_picked":["Warcry","Searing Blow"],"picked":"Demon Form","floor":6},{"not_picked":["Burning Pact","Warcry"],"picked":"Shrug It Off","floor":8}],"player_experience":1251806,"relics_obtained":[{"floor":9,"key":"Mummified Hand"}],"event_choices":[{"damage_healed":0,"gold_gain":75,"player_choice":"Gather Gold","damage_taken":11,"max_hp_gain":0,"max_hp_loss":0,"event_name":"World of Goop","floor":2,"gold_loss":0},{"damage_healed":0,"gold_gain":0,"player_choice":"Success","damage_taken":26,"relics_obtained":["InkBottle"],"max_hp_gain":0,"max_hp_loss":0,"event_name":"Scrap Ooze","floor":5,"gold_loss":0},{"damage_healed":0,"gold_gain":0,"player_choice":"Cursed","damage_taken":0,"max_hp_gain":0,"max_hp_loss":0,"event_name":"Wheel of Change","floor":7,"gold_loss":0,"cards_obtained":["Decay"]}],"is_beta":false,"boss_relics":[],"items_purged_floors":[],"is_endless":false,"potions_floor_spawned":[1,4,6],"killed_by":"3 Sentries","ascension_level":19}}