{"host":"7fomwthvpaeu368e","time":1611067083,"event":{"mods":["ATMod(∞¢Ë™Mod)","AchievementEnabler","Act Like it!","Arknights The Spire","Astrologer","BaseMod","Downfall","Gensokyo","Highlight Path","KinomotoSakuraMod(ƒæ÷Æ±æ”£)","KomeijiMod","Marisa£®ÏF”Í°°ƒß¿Ì…≥£©","Minty Spire (QoL Compilation)","Remilia£®¿Ÿ√◊¿Ú—«£©","StSLib","The Administrix","The Alterego","The Bug Knight","The Cursed","The Gatherer","The Hierophant","The Runesmith","The Servant 0.9.4","WarShipGirlsR/’ΩΩ¢…Ÿ≈ÆR mod","Youmu£®ªÍ∆«—˝√Œ£©","Yuri Mod","[IsaacMod]“‘»ˆº‚À˛"],"gold_per_floor":[118,118,135,135,153,190,190,40,64,75,75,250,274,290,290,408,408,455,126,126,77,124,124,205,258,258],"floor_reached":25,"language":"ZHS","playtime":3036,"items_purged":["Doubt"],"score":221,"play_id":"767bea06-dfdf-460d-b7db-a92e7c93414f","local_time":"20210119223803","is_ascension_mode":false,"campfire_choices":[{"data":"Redo","floor":7,"key":"SMITH"},{"data":"Dualcast","floor":11,"key":"SMITH"},{"data":"AT_WarpDrive","floor":15,"key":"SMITH"},{"floor":23,"key":"REST"}],"circlet_count":0,"master_deck":["Strike_B","Strike_B","Strike_B","Strike_B","Defend_B","Defend_B","Defend_B","Defend_B","Zap","Dualcast+1","EpicFetus","Cold Snap","Redo+1","AT_WarpDrive+1","Beam Cell","Conserve Battery","Multi-Cast","Darkness","BootSequence","AT_ThreeBodyProblem","AT_EMC2+1","Hello World+1"],"relics":["Cracked Core","AT_ATBox","HushsDoor","SalivaCoin","AT_SpeedBoots","TheAbacus","HowToJump","Runesmith:UraniumAnvil","Lee\u0027s Waffle","AT_MibuBalloonWealth"],"acts_visited":["Exordium","TheCity"],"potions_floor_usage":[16,16,16,24,25],"damage_taken":[{"damage":0,"enemies":"2 Louse","floor":1,"turns":2},{"damage":0,"enemies":"Cultist","floor":3,"turns":3},{"damage":0,"enemies":"Small Slimes","floor":5,"turns":3},{"damage":3,"enemies":"HollowMod:MossKnight","floor":6,"turns":10},{"damage":0,"enemies":"Red Slaver","floor":10,"turns":1},{"damage":12,"enemies":"Blue Slaver","floor":13,"turns":3},{"damage":0,"enemies":"Large Slime","floor":14,"turns":5},{"damage":17,"enemies":"Slime Boss","floor":16,"turns":5},{"damage":19,"enemies":"Shell Parasite","floor":18,"turns":9},{"damage":33,"enemies":"Spheric Guardian","floor":22,"turns":6},{"damage":52,"enemies":"Gremlin Leader","floor":24,"turns":7},{"damage":31,"enemies":"3 Cultists","floor":25,"turns":4}],"seed_played":"-2109272797848960186","potions_obtained":[{"floor":1,"key":"FocusPotion"},{"floor":3,"key":"EssenceOfSteel"},{"floor":6,"key":"Explosive Potion"},{"floor":18,"key":"SteroidPotion"}],"is_trial":false,"path_per_floor":["M","?","M","$","M","E","R","$","T","M","R","?","M","M","R","B",null,"M","$","?","$","M","R","E","M"],"character_chosen":"DEFECT","items_purchased":["TheAbacus","BootSequence","AT_ThreeBodyProblem","Lee\u0027s Waffle","BlessingOfTheForge"],"campfire_rested":1,"item_purchase_floors":[8,19,19,19,21],"current_hp_per_floor":[82,82,82,82,82,79,79,79,79,79,79,79,67,67,67,50,82,63,89,89,89,56,82,30,0,0],"gold":258,"neow_bonus":"TEN_PERCENT_HP_BONUS","is_daily":false,"chose_seed":false,"campfire_upgraded":3,"win_rate":0.0,"timestamp":1611067083,"path_taken":["M","?","M","?","M","E","R","$","T","M","R","?","?","M","R","BOSS","M","$","?","$","M","R","E","M"],"items_purchased_type":["Relic","Card","Card","Relic","Potion"],"build_version":"2020-12-22","purchased_purges":1,"victory":false,"max_hp_per_floor":[82,82,82,82,82,82,82,82,82,82,82,82,82,82,82,82,82,82,89,89,89,89,89,89,89,89],"card_choices":[{"not_picked":[],"picked":"EpicFetus","floor":0},{"not_picked":["Bomb","Steam"],"picked":"Cold Snap","floor":1},{"not_picked":["AT_HeatAcrobatics","Barrage"],"picked":"Bomb","floor":3},{"not_picked":["AT_ThreeBodyProblem","Gash"],"picked":"Redo","floor":5},{"not_picked":["Gash","Coolheaded"],"picked":"AT_WarpDrive","floor":6},{"not_picked":["Reboot","AT_HeatAcrobatics"],"picked":"Beam Cell","floor":10},{"not_picked":["Pulse","Barrage"],"picked":"Conserve Battery","floor":13},{"not_picked":["Defragment","Ball Lightning"],"picked":"Bomb","floor":14},{"not_picked":["Biased Cognition","All For One"],"picked":"Multi-Cast","floor":16},{"not_picked":["Leap","Heatsinks"],"picked":"Darkness","floor":18},{"not_picked":["Skim","Hologram"],"picked":"AT_EMC2+1","floor":22},{"not_picked":["Consume","Tempest+1"],"picked":"Hello World+1","floor":24}],"player_experience":19791,"relics_obtained":[{"floor":6,"key":"AT_SpeedBoots"},{"floor":9,"key":"HowToJump"},{"floor":24,"key":"AT_MibuBalloonWealth"}],"event_choices":[{"damage_healed":0,"gold_gain":175,"player_choice":"AGREE","damage_taken":0,"max_hp_gain":0,"max_hp_loss":0,"event_name":"Liars Game","floor":12,"gold_loss":0,"cards_obtained":["Doubt"]}],"is_beta":false,"boss_relics":[{"not_picked":["Ectoplasm","Sozu"],"picked":"Runesmith:UraniumAnvil"},{"not_picked":[]}],"items_purged_floors":[19],"is_endless":false,"potions_floor_spawned":[1,3,6,18],"killed_by":"3 Cultists","ascension_level":0}}