{"host":"q0qnzbgdx8oqogg9","time":1611022905,"event":{"mods":["BaseMod","Minty Spire (QoL Compilation)","Slay-I","StSLib"],"gold_per_floor":[215,232,307,10,30,30,40,40,63,13,33,58,58,76,76,181,181,192,192,204,204,223,258,274,309,309,309,31,43,43,62,62,161,161,175,175,188,204,204,204,235,235,235,255,130,155,178,178,178],"floor_reached":48,"language":"ENG","playtime":1996,"items_purged":["Strike_R","Pain","Strike_R"],"score":708,"play_id":"d20c3485-d74e-46d0-a885-39e6d0195e87","local_time":"20210118212145","is_ascension_mode":true,"campfire_choices":[{"data":"Uppercut","floor":6.0,"key":"SMITH"},{"data":"Conserve Battery","floor":8.0,"key":"SMITH"},{"data":"Bash","floor":15.0,"key":"SMITH"},{"floor":32.0,"key":"REST"},{"floor":40.0,"key":"REST"}],"circlet_count":0,"master_deck":["Strike_R+1","Defend_R","Defend_R","Defend_R","Bash+1","Cleave","Anger","Uppercut+1","Conserve Battery+1","Dagger Throw+1","Cold Snap","BowlingBash","Backflip","Burst","CarveReality","Metallicize","Power Through","Echo Form","Impatience","Carnage","Clothesline+1","Demon Form","Cold Snap","Dark Shackles+1","Blur","Coolheaded","Purity+1"],"relics":["Burning Blood","PrismaticShard","Juzu Bracelet","Art of War","Velvet Choker","Whetstone","Bag of Marbles","Tiny Chest","WarpedTongs","Snecko Eye","Strawberry","CeramicFish","Mercury Hourglass"],"acts_visited":["Exordium","TheCity","TheBeyond"],"potions_floor_usage":[],"damage_taken":[{"damage":0.0,"enemies":"Small Slimes","floor":1.0,"turns":3.0},{"damage":8.0,"enemies":"Jaw Worm","floor":2.0,"turns":4.0},{"damage":0.0,"enemies":"2 Louse","floor":5.0,"turns":2.0},{"damage":2.0,"enemies":"Blue Slaver","floor":7.0,"turns":3.0},{"damage":11.0,"enemies":"3 Louse","floor":11.0,"turns":3.0},{"damage":11.0,"enemies":"3 Sentries","floor":12.0,"turns":6.0},{"damage":5.0,"enemies":"Red Slaver","floor":14.0,"turns":3.0},{"damage":39.0,"enemies":"The Guardian","floor":16.0,"turns":17.0},{"damage":4.0,"enemies":"2 Thieves","floor":18.0,"turns":3.0},{"damage":10.0,"enemies":"Spheric Guardian","floor":20.0,"turns":4.0},{"damage":6.0,"enemies":"Centurion and Healer","floor":22.0,"turns":7.0},{"damage":7.0,"enemies":"Slavers","floor":23.0,"turns":6.0},{"damage":10.0,"enemies":"Snecko","floor":24.0,"turns":6.0},{"damage":8.0,"enemies":"Book of Stabbing","floor":25.0,"turns":6.0},{"damage":11.0,"enemies":"Snake Plant","floor":29.0,"turns":6.0},{"damage":23.0,"enemies":"Centurion and Healer","floor":31.0,"turns":6.0},{"damage":32.0,"enemies":"Collector","floor":33.0,"turns":11.0},{"damage":31.0,"enemies":"3 Darklings","floor":35.0,"turns":5.0},{"damage":2.0,"enemies":"3 Shapes","floor":37.0,"turns":5.0},{"damage":21.0,"enemies":"Jaw Worm Horde","floor":38.0,"turns":4.0},{"damage":12.0,"enemies":"Nemesis","floor":41.0,"turns":5.0},{"damage":38.0,"enemies":"Transient","floor":44.0,"turns":5.0},{"damage":28.0,"enemies":"Writhing Mass","floor":46.0,"turns":6.0},{"damage":15,"enemies":"Jaw Worm Horde","floor":47,"turns":4},{"damage":32,"enemies":"Reptomancer","floor":48,"turns":2}],"seed_played":"-1275541209616491206","potions_obtained":[{"floor":1.0,"key":"Ancient Potion"},{"floor":2.0,"key":"AttackPotion"},{"floor":12.0,"key":"DuplicationPotion"},{"floor":16.0,"key":"Energy Potion"},{"floor":20.0,"key":"Block Potion"},{"floor":22.0,"key":"LiquidMemories"},{"floor":24.0,"key":"DistilledChaos"},{"floor":29.0,"key":"LiquidBronze"},{"floor":33.0,"key":"ElixirPotion"},{"floor":35.0,"key":"DistilledChaos"},{"floor":38.0,"key":"Regen Potion"},{"floor":41.0,"key":"Ancient Potion"}],"is_trial":false,"path_per_floor":["M","M","?","$","M","R","M","R","T","?","M","E","?","M","R","B",null,"M","?","M","?","M","E","M","E","T","?","$","M","?","M","R","B",null,"M","?","M","M","T","R","E","?","T","M","$","M","M","E"],"character_chosen":"IRONCLAD","items_purchased":["Uppercut","PrismaticShard","Impatience","Carnage"],"campfire_rested":2,"item_purchase_floors":[4,4,28,28],"current_hp_per_floor":[78,76,65,65,71,71,75,75,75,75,70,65,58,59,59,26,67,69,69,65,65,65,64,60,58,58,58,58,53,53,36,60,34,69,44,44,48,33,40,66,60,60,60,28,28,21,12,0,0],"gold":178,"neow_bonus":"HUNDRED_GOLD","is_daily":false,"chose_seed":false,"campfire_upgraded":3,"win_rate":0.0,"timestamp":1611022905,"path_taken":["M","M","?","$","M","R","M","R","T","?","M","E","?","M","R","BOSS","M","?","M","?","M","E","M","E","T","?","$","M","?","M","R","BOSS","M","?","M","M","?","R","E","?","T","M","$","M","M","E"],"items_purchased_type":["Card","Relic","Card","Card"],"build_version":"2020-12-22","purchased_purges":3,"victory":false,"max_hp_per_floor":[80,80,80,80,80,80,80,80,80,80,80,80,80,80,80,80,80,80,80,80,80,80,80,80,80,80,80,80,80,80,80,80,80,80,80,80,80,80,87,87,87,83,83,83,83,83,83,83,83],"card_choices":[{"not_picked":["Shockwave","Pommel Strike"],"picked":"Cleave","floor":1.0},{"not_picked":["Dual Wield","Thunderclap"],"picked":"Anger","floor":2.0},{"not_picked":["Quick Slash","Compile Driver"],"picked":"Conserve Battery","floor":5.0},{"not_picked":["Dagger Spray","Crescendo"],"picked":"Dagger Throw","floor":7.0},{"not_picked":["Dagger Throw","Beam Cell"],"picked":"Cold Snap","floor":11.0},{"not_picked":["Sadistic Nature","Distraction"],"picked":"BowlingBash","floor":12.0},{"not_picked":["Turbo","SashWhip"],"picked":"Backflip","floor":14.0},{"not_picked":["Transmutation","Establishment"],"picked":"Burst","floor":16.0},{"not_picked":["EmptyMind","Flying Knee","Acrobatics"],"picked":"SKIP","floor":18.0},{"not_picked":["Go for the Eyes","Static Discharge"],"picked":"CarveReality","floor":20.0},{"not_picked":["Barrage","Evaluate+1"],"picked":"Power Through","floor":22.0},{"not_picked":["Barrage","WreathOfFlame"],"picked":"Echo Form","floor":23.0},{"not_picked":["Flying Knee","Underhanded Strike","WindmillStrike"],"picked":"SKIP","floor":24.0},{"not_picked":["Accuracy+1","Concentrate","Prepared"],"picked":"SKIP","floor":25.0},{"not_picked":["Headbutt","BowlingBash+1","Dagger Throw"],"picked":"SKIP","floor":29.0},{"not_picked":["Brutality","EmptyFist"],"picked":"Clothesline+1","floor":31.0},{"not_picked":["Omniscience","Mayhem"],"picked":"Demon Form","floor":33.0},{"not_picked":["Spot Weakness+1","WindmillStrike"],"picked":"Cold Snap","floor":35.0},{"not_picked":["ReachHeaven","Sword Boomerang+1"],"picked":"Dark Shackles+1","floor":37.0},{"not_picked":["Fusion+1","Riddle With Holes"],"picked":"Blur","floor":38.0},{"not_picked":["Magnetism","CarveReality","Heel Hook"],"picked":"SKIP","floor":41.0},{"not_picked":["Crescendo+1","All Out Attack+1","Gash"],"picked":"SKIP","floor":44.0},{"not_picked":["Scrape","PathToVictory"],"picked":"Coolheaded","floor":46.0},{"not_picked":["Streamline+1","Eviscerate"],"picked":"Purity+1","floor":47}],"player_experience":234056,"relics_obtained":[{"floor":9.0,"key":"Juzu Bracelet"},{"floor":12.0,"key":"Art of War"},{"floor":23.0,"key":"Whetstone"},{"floor":25.0,"key":"Bag of Marbles"},{"floor":26.0,"key":"Tiny Chest"},{"floor":39.0,"key":"Strawberry"},{"floor":41.0,"key":"CeramicFish"},{"floor":43.0,"key":"Mercury Hourglass"}],"event_choices":[{"damage_healed":0.0,"max_hp_gain":0.0,"max_hp_loss":0.0,"gold_gain":75.0,"event_name":"World of Goop","player_choice":"Gather Gold","floor":3.0,"gold_loss":0.0,"damage_taken":11.0},{"cards_removed":["Strike_R"],"damage_healed":0.0,"max_hp_gain":0.0,"max_hp_loss":0.0,"gold_gain":0.0,"event_name":"The Cleric","player_choice":"Card Removal","floor":10.0,"gold_loss":50.0,"damage_taken":0.0},{"cards_removed":["Strike_R"],"damage_healed":0.0,"max_hp_gain":0.0,"max_hp_loss":0.0,"gold_gain":0.0,"event_name":"Golden Wing","player_choice":"Card Removal","floor":13.0,"gold_loss":0.0,"damage_taken":7.0},{"damage_healed":0.0,"max_hp_gain":0.0,"max_hp_loss":0.0,"gold_gain":0.0,"event_name":"The Mausoleum","player_choice":"Ignored","floor":19.0,"gold_loss":0.0,"damage_taken":0.0},{"damage_healed":0.0,"max_hp_gain":0.0,"max_hp_loss":0.0,"gold_gain":0.0,"event_name":"The Library","player_choice":"Read","floor":21.0,"gold_loss":0.0,"damage_taken":0.0,"cards_obtained":["Metallicize"]},{"damage_healed":0.0,"max_hp_gain":0.0,"max_hp_loss":0.0,"gold_gain":0.0,"event_name":"Accursed Blacksmith","player_choice":"Rummage","floor":27.0,"gold_loss":0.0,"damage_taken":0.0,"relics_obtained":["WarpedTongs"],"cards_obtained":["Pain"]},{"damage_healed":0.0,"max_hp_gain":0.0,"max_hp_loss":0.0,"gold_gain":0.0,"event_name":"Vampires","player_choice":"Ignored","floor":30.0,"gold_loss":0.0,"damage_taken":0.0},{"cards_removed":["Defend_R"],"damage_healed":0.0,"max_hp_gain":0.0,"max_hp_loss":0.0,"gold_gain":0.0,"event_name":"Falling","player_choice":"Removed Skill","floor":36.0,"gold_loss":0.0,"damage_taken":0.0},{"damage_healed":0.0,"max_hp_gain":0.0,"max_hp_loss":4.0,"gold_gain":0.0,"event_name":"Winding Halls","player_choice":"Max HP","floor":42.0,"gold_loss":0.0,"damage_taken":0.0}],"is_beta":false,"boss_relics":[{"not_picked":["Tiny House","Black Blood"],"picked":"Velvet Choker"},{"not_picked":["Calling Bell","Fusion Hammer"],"picked":"Snecko Eye"}],"items_purged_floors":[4,28,45],"is_endless":false,"potions_floor_spawned":[1,2,12,16,20,22,24,29,33,35,38,41],"killed_by":"Reptomancer","ascension_level":8}}