{"host":"goj2s4fnav97bn09","time":1611068167,"event":{"mods":["AchievementEnabler","Act Like it!","BaseMod","Colored Map","GifTheSpireLib","Hermit","Infinite Spire","Minty Spire (QoL Compilation)","Replay The Spire","StSLib","The Hierophant","The Servant 0.9.4"],"gold_per_floor":[112,37,37,51,51,86,86,86,86,86,86],"floor_reached":10,"language":"ENG","playtime":284,"items_purged":["Strike_G"],"score":116,"play_id":"ee7d24bd-e748-426e-9e09-f3d4ea8d9680","local_time":"20210119085607","is_ascension_mode":true,"campfire_choices":[{"data":"infinitespire:FutureSight","floor":7,"key":"SMITH"}],"circlet_count":0,"master_deck":["Strike_G","Strike_G","Strike_G","Strike_G","Defend_G","Defend_G","Defend_G","Defend_G","Defend_G","Survivor","Neutralize","Hidden Blade","infinitespire:FutureSight+1","Crippling Poison","Heel Hook"],"relics":["Ring of the Snake","NeowsBlessing","Replay:Rubber Ducky","infinitespire:Magic Flask"],"acts_visited":["Exordium"],"potions_floor_usage":[10,10],"damage_taken":[{"damage":0,"enemies":"2 Louse","floor":1,"turns":1},{"damage":0,"enemies":"Jaw Worm","floor":4,"turns":1},{"damage":0,"enemies":"3 Sentries","floor":6,"turns":2},{"damage":51,"enemies":"Lagavulin","floor":10,"turns":11}],"seed_played":"9006146029940063587","potions_obtained":[{"floor":4,"key":"Adrenaline Potion"},{"floor":6,"key":"Block Potion"},{"floor":8,"key":"Energy Potion"},{"floor":8,"key":"Doom Potion"}],"is_trial":false,"path_per_floor":["M","$","?","M","$","E","R","?","T","E"],"character_chosen":"THE_SILENT","items_purchased":[],"campfire_rested":0,"item_purchase_floors":[],"current_hp_per_floor":[63,63,47,47,47,47,47,47,47,0,0],"gold":86,"neow_bonus":"THREE_ENEMY_KILL","is_daily":false,"chose_seed":false,"campfire_upgraded":1,"win_rate":0.0,"timestamp":1611068167,"path_taken":["M","$","?","M","$","E","R","?","T","E"],"items_purchased_type":[],"build_version":"2020-12-22","purchased_purges":1,"victory":false,"max_hp_per_floor":[70,70,70,70,70,70,70,70,70,70,70],"card_choices":[{"not_picked":["Dagger Spray","Quick Slash"],"picked":"Hidden Blade","floor":1},{"not_picked":["ReplayTheSpireMod:Haul","ReplayTheSpireMod:Echoes of Time"],"picked":"infinitespire:FutureSight","floor":3},{"not_picked":["Finisher","Bane"],"picked":"Crippling Poison","floor":4},{"not_picked":["Sucker Punch","Quick Slash"],"picked":"Heel Hook","floor":6}],"player_experience":337161,"relics_obtained":[{"floor":6,"key":"Replay:Rubber Ducky"},{"floor":9,"key":"infinitespire:Magic Flask"}],"event_choices":[{"damage_healed":0,"gold_gain":0,"player_choice":"Got Potions","damage_taken":0,"max_hp_gain":0,"max_hp_loss":0,"event_name":"Lab","floor":8,"gold_loss":0}],"is_beta":false,"boss_relics":[],"items_purged_floors":[2],"is_endless":false,"potions_floor_spawned":[4,6],"killed_by":"Lagavulin","ascension_level":6}}