{"host":"sav7uxregyirlf69","time":1611061504,"event":{"mods":["AchievementEnabler","BaseMod","Colored Map","DeckTracker","Keyboard Shortcuts","Minty Spire (QoL Compilation)","READ ME - Guardian Mod","StSLib","SuperFastMode"],"gold_per_floor":[114,39,50,70,83,83,117,117,165,199,199,3,23,43,43,43,43],"floor_reached":16,"language":"KOR","playtime":208,"items_purged":["Writhe"],"score":224,"play_id":"83decaaf-9132-48e0-bdd5-5428ec49dce1","local_time":"20210119220504","is_ascension_mode":true,"campfire_choices":[{"data":"Fire Breathing","floor":6,"key":"SMITH"},{"floor":8,"key":"REST"},{"data":"Dark Embrace","floor":15,"key":"SMITH"}],"circlet_count":0,"master_deck":["AscendersBane","Strike_R","Strike_R","Strike_R","Strike_R","Strike_R","Defend_R","Defend_R","Defend_R","Defend_R","Bash","Second Wind","Twin Strike","Fire Breathing+1","Wild Strike","Disarm","Dark Embrace+1","Reckless Charge"],"relics":["Burning Blood","Turnip","The Courier","Tiny Chest","Potion Belt","Lantern"],"acts_visited":["Exordium"],"potions_floor_usage":[10,14],"damage_taken":[{"damage":1,"enemies":"2 Louse","floor":1,"turns":2},{"damage":4,"enemies":"Jaw Worm","floor":3,"turns":5},{"damage":3,"enemies":"Small Slimes","floor":4,"turns":4},{"damage":7,"enemies":"Looter","floor":5,"turns":4},{"damage":70,"enemies":"Lagavulin","floor":7,"turns":9},{"damage":20,"enemies":"3 Sentries","floor":10,"turns":4},{"damage":4,"enemies":"2 Fungi Beasts","floor":13,"turns":3},{"damage":6,"enemies":"Blue Slaver","floor":14,"turns":3},{"damage":31,"enemies":"Slime Boss","floor":16,"turns":3}],"seed_played":"-1094359347215016084","potions_obtained":[{"floor":1,"key":"Swift Potion"},{"floor":5,"key":"Ancient Potion"},{"floor":10,"key":"Fire Potion"}],"is_trial":false,"path_per_floor":["M","$","M","M","M","R","E","R","T","E","?","$","M","M","R","B"],"character_chosen":"IRONCLAD","items_purchased":["Dark Embrace","Lantern"],"campfire_rested":1,"item_purchase_floors":[12,12],"current_hp_per_floor":[73,73,75,75,74,74,10,32,32,18,18,18,20,20,20,0,0],"gold":43,"neow_bonus":"ONE_RARE_RELIC","is_daily":false,"chose_seed":false,"campfire_upgraded":2,"win_rate":0.0,"timestamp":1611061504,"path_taken":["M","$","M","M","M","R","E","R","T","E","?","?","M","M","R","BOSS"],"items_purchased_type":["Card","Relic"],"build_version":"2020-12-22","purchased_purges":1,"victory":false,"max_hp_per_floor":[75,75,75,75,75,75,75,75,75,75,75,75,75,75,75,75,75],"card_choices":[{"not_picked":["Havoc","Cleave"],"picked":"Second Wind","floor":1},{"not_picked":["Bloodletting","Rupture","Clothesline"],"picked":"SKIP","floor":3},{"not_picked":["Clash","Thunderclap"],"picked":"Twin Strike","floor":4},{"not_picked":["Cleave","Shrug It Off"],"picked":"Fire Breathing","floor":5},{"not_picked":["Cleave","Dropkick"],"picked":"Wild Strike","floor":7},{"not_picked":["Reaper","Limit Break"],"picked":"Disarm","floor":10},{"not_picked":["Flex","Armaments"],"picked":"Reckless Charge","floor":13},{"not_picked":["Entrench","Reckless Charge","Thunderclap"],"picked":"SKIP","floor":14}],"player_experience":1319871,"relics_obtained":[{"floor":7,"key":"The Courier"},{"floor":9,"key":"Tiny Chest"},{"floor":10,"key":"Potion Belt"}],"event_choices":[{"damage_healed":0,"gold_gain":0,"player_choice":"Ignored","damage_taken":0,"max_hp_gain":0,"max_hp_loss":0,"event_name":"Shining Light","floor":11,"gold_loss":0}],"is_beta":false,"boss_relics":[],"items_purged_floors":[2],"is_endless":false,"potions_floor_spawned":[1,5,10],"killed_by":"Slime Boss","ascension_level":20}}