{"host":"ln76an1o32p2wxtf","time":1611047882,"event":{"mods":["AchievementEnabler","Act Like it!","BaseMod","BetterRewards","Colored Powertips","Energized Spire","GifTheSpireLib","Infinite Spire","Minty Spire (QoL Compilation)","Shop Mod","StSLib"],"gold_per_floor":[113,113,133,58,71,71,99,114,114,144,144,169,169,119,119,119,119],"floor_reached":16,"language":"ENG","playtime":743,"items_purged":["Defend_R"],"score":124,"play_id":"63e6820c-9dc0-4097-aab8-43c1e56fb444","local_time":"20210119171802","is_ascension_mode":true,"campfire_choices":[{"floor":6.0,"key":"RECALL"},{"floor":11.0,"key":"REST"},{"floor":15,"key":"REST"}],"circlet_count":0,"master_deck":["Strike_R","Strike_R+1","Strike_R","Defend_R","Defend_R","Defend_R","Bash","Bloodletting","Battle Trance","Armaments","Rampage","Brutality+1"],"relics":["Burning Blood","PreservedInsect","Ornamental Fan","infinitespire:Beetle Shell"],"acts_visited":["Exordium"],"potions_floor_usage":[],"damage_taken":[{"damage":1.0,"enemies":"Small Slimes","floor":1.0,"turns":3.0},{"damage":2.0,"enemies":"Jaw Worm","floor":3.0,"turns":5.0},{"damage":4.0,"enemies":"2 Louse","floor":5.0,"turns":3.0},{"damage":49.0,"enemies":"Gremlin Nob","floor":7.0,"turns":5.0},{"damage":12.0,"enemies":"Gremlin Gang","floor":8.0,"turns":6.0},{"damage":29.0,"enemies":"Lagavulin","floor":10.0,"turns":6.0},{"damage":5.0,"enemies":"Gremlin Nob","floor":12.0,"turns":3.0},{"damage":56,"enemies":"Hexaghost","floor":16,"turns":8}],"seed_played":"-4919438348440070733","potions_obtained":[{"floor":5.0,"key":"Fruit Juice"},{"floor":12,"key":"CultistPotion"}],"is_trial":false,"path_per_floor":["M","?","M","$","M","R","E","M","T","E","R","E","?","?","R","B"],"character_chosen":"IRONCLAD","items_purchased":[],"campfire_rested":2,"item_purchase_floors":[],"current_hp_per_floor":[88,81,85,85,87,87,49,43,43,20,47,48,29,29,56,0,0],"gold":119,"neow_bonus":"TEN_PERCENT_HP_BONUS","is_daily":false,"chose_seed":false,"campfire_upgraded":0,"win_rate":0.0,"timestamp":1611047882,"path_taken":["M","?","M","$","M","R","E","M","T","E","R","E","?","?","R","BOSS"],"items_purchased_type":[],"build_version":"2020-12-22","purchased_purges":1,"victory":false,"max_hp_per_floor":[88,88,88,88,88,88,93,93,93,93,93,93,93,93,93,93,93],"card_choices":[{"not_picked":["Warcry","Searing Blow"],"picked":"Bloodletting","floor":1.0},{"not_picked":["Sword Boomerang","Body Slam","Headbutt"],"picked":"SKIP","floor":3.0},{"not_picked":["Wild Strike","Combust"],"picked":"Battle Trance","floor":5.0},{"not_picked":["Wild Strike","Bludgeon"],"picked":"Armaments","floor":7.0},{"not_picked":["Pommel Strike","Armaments"],"picked":"Rampage","floor":8.0},{"not_picked":["Disarm","Clothesline","Iron Wave"],"picked":"SKIP","floor":10.0},{"not_picked":["Burning Pact","Havoc"],"picked":"Brutality","floor":12}],"player_experience":739535,"relics_obtained":[{"floor":7.0,"key":"PreservedInsect"},{"floor":10.0,"key":"Ornamental Fan"},{"floor":12,"key":"infinitespire:Beetle Shell"}],"event_choices":[{"cards_removed":["Strike_R"],"damage_healed":0.0,"max_hp_gain":0.0,"max_hp_loss":0.0,"gold_gain":0.0,"event_name":"Golden Wing","player_choice":"Card Removal","floor":2.0,"gold_loss":0.0,"damage_taken":7.0},{"damage_healed":0,"gold_gain":0,"player_choice":"Entered Light","damage_taken":19,"max_hp_gain":0,"max_hp_loss":0,"event_name":"Shining Light","floor":13,"gold_loss":0,"cards_upgraded":["Brutality","Strike_R"]},{"cards_removed":["Strike_R"],"damage_healed":0,"gold_gain":0,"player_choice":"Card Removal","damage_taken":0,"max_hp_gain":0,"max_hp_loss":0,"event_name":"The Cleric","floor":14,"gold_loss":50}],"is_beta":false,"boss_relics":[],"items_purged_floors":[4],"is_endless":false,"potions_floor_spawned":[5,12],"killed_by":"Hexaghost","ascension_level":1}}