{"host":"w9ajzzu5ci5rchgs","time":1611030233,"event":{"mods":["AchievementEnabler","Act Like it!","BaseMod","BetterRewards","Card Forge","Colored Map","Colored Powertips","Defuse TimeMaze Blight","Downfall","Faster Ascension Climbing","Gensokyo","Halation","Hallownest","Hubris","Infinite Spire","Minty Spire (QoL Compilation)","Permanent Neow","Quick Restart","Remilia??????","Spikes Relics","StSLib","The Bug Knight","vexMod"],"gold_per_floor":[117,133,148,148,148,177,177,205,205,215,227,227,227,247,247,348,348,366,366,66,66,85,117,117,117,117],"floor_reached":25,"language":"ENG","playtime":1454,"items_purged":[],"score":281,"play_id":"3968edde-100b-4220-9fc2-a1dc2ed70635","local_time":"20210118232353","is_ascension_mode":false,"campfire_choices":[{"data":"HollowMod:GreatSlash","floor":13,"key":"SMITH"},{"floor":15,"key":"RECALL"},{"floor":24,"key":"REST"}],"circlet_count":0,"master_deck":["HollowMod:NailStrikeStart+1","HollowMod:NailStrikeStart+1","HollowMod:NailStrikeStart+1","HollowMod:NailStrikeStart+1","HollowMod:PogoStrike+1","HollowMod:LifebloodCocoon+1","Feed+1","Limit Break+1","Spot Weakness+1","Echo Form+1","White Noise+1","Bite+1","HollowMod:GreatSlash+1","hubris:DuctTapeCard","HollowMod:CloakDash","HollowMod:SoulSplash+1","Necronomicurse","HollowMod:NewLastStag+1","HollowMod:TaintedHusks"],"relics":["HollowMod:VesselMask","Hammer of Thor","Seething Fire","Anvil of the Gods","Happy Flower","Hallownest:SalubrasBlessingRelic","Question Card","hubris:DuctTape","ShockBauble","Hallownest:SheosBrushRelic","halation:IncompleteEncyclopedia","Necronomicon","Blood Vial"],"acts_visited":["Exordium","TheCity"],"potions_floor_usage":[],"damage_taken":[{"damage":15,"enemies":"Hallownest:2_Tiktiks_and_1_Crawlid","floor":1,"turns":5},{"damage":1,"enemies":"Hallownest:monsterHuskWarrior","floor":2,"turns":3},{"damage":2,"enemies":"Hallownest:monsterAspidMother","floor":3,"turns":4},{"damage":27,"enemies":"Hallownest:eliteCrystalGuardian","floor":6,"turns":5},{"damage":11,"enemies":"Hallownest:eliteVengeflyKing","floor":8,"turns":5},{"damage":5,"enemies":"Hallownest:1_Baldur_1_Crawlid_1_Warrior","floor":10,"turns":3},{"damage":7,"enemies":"Hallownest:Guard_and_Warrior","floor":11,"turns":2},{"damage":8,"enemies":"Hallownest:Wandering_and_Horned","floor":14,"turns":3},{"damage":11,"enemies":"Hallownest:BossBrokenVessel","floor":16,"turns":3},{"damage":27,"enemies":"2 Thieves","floor":18,"turns":3},{"damage":7,"enemies":"Spheric Guardian","floor":22,"turns":3},{"damage":27,"enemies":"Gremlin Leader","floor":23,"turns":3},{"damage":55,"enemies":"Nightmare","floor":25,"turns":4}],"seed_played":"7986490756498384033","potions_obtained":[{"floor":6,"key":"SneckoOil"},{"floor":8,"key":"infinitespire:BlackPotion"},{"floor":16,"key":"hexamod:SoulburnPotion"}],"is_trial":false,"path_per_floor":["M","?","M","?","$","E","T","E","T","M","M","?","R","M","R","B",null,"M","?","?","$","M","E","R","NM"],"character_chosen":"THE_BUGKNIGHT","items_purchased":[],"campfire_rested":1,"item_purchase_floors":[],"current_hp_per_floor":[68,67,71,71,71,44,44,46,46,44,44,44,44,43,43,35,87,60,44,44,44,40,17,46,0,0],"gold":117,"neow_bonus":"RANDOM_COMMON_RELIC","is_daily":false,"chose_seed":false,"campfire_upgraded":1,"win_rate":0.0,"timestamp":1611030233,"path_taken":["M","?","M","?","$","E","?","E","T","?","M","?","R","M","R","BOSS","M","?","?","?","M","E","R","NM"],"items_purchased_type":[],"build_version":"2020-12-22","purchased_purges":0,"victory":false,"max_hp_per_floor":[75,75,75,75,75,75,75,79,79,79,83,83,83,87,87,87,87,87,87,87,87,87,91,93,93,93],"card_choices":[{"not_picked":["HollowMod:VengefulVoid","HollowMod:MawleksShell"],"picked":"HollowMod:VengefulSpirit","floor":1},{"not_picked":["HollowMod:CycloneSlash","HollowMod:HeavyBlow"],"picked":"HollowMod:LifebloodCocoon","floor":2},{"not_picked":["HollowMod:HowlingWraiths","HollowMod:GoodIntentions"],"picked":"HollowMod:GreatSlash","floor":3},{"not_picked":["HollowMod:ShapeofUnn","HollowMod:WraithStrike","HollowMod:LifebloodCore"],"picked":"SKIP","floor":6},{"not_picked":["HollowMod:HuntersJournal","HollowMod:SoulShaman","HollowMod:SoulVessel"],"picked":"HollowMod:CloakDash","floor":8},{"not_picked":["HollowMod:SoulVessel","HollowMod:MonarchWings","HollowMod:ChannelNail","HollowMod:VengefulVoid"],"picked":"SKIP","floor":10},{"not_picked":["HollowMod:MonarchWings","HollowMod:CornifersMapStart","HollowMod:CloakDash","HollowMod:PureNailStrike"],"picked":"SKIP","floor":11},{"not_picked":["HollowMod:InfectedCysts","HollowMod:NewInfectedGuardian","HollowMod:DescendingDark","HollowMod:SoulSplash"],"picked":"SKIP","floor":14},{"not_picked":["HollowMod:SiblingsSouls","HollowMod:SharpenedNail","HollowMod:GoodIntentions"],"picked":"HollowMod:SoulSplash+1","floor":18},{"not_picked":["HollowMod:InfectedCysts","HollowMod:SoulVessel","HollowMod:GrimmsGift","HollowMod:RecoilStrike"],"picked":"SKIP","floor":22},{"not_picked":["HollowMod:CornifersMapStart","HollowMod:SharpenedShadows","HollowMod:ElderbugsWisdom"],"picked":"HollowMod:TaintedHusks","floor":23}],"player_experience":165938,"relics_obtained":[{"floor":6,"key":"Question Card"},{"floor":7,"key":"hubris:DuctTape"},{"floor":8,"key":"ShockBauble"},{"floor":19,"key":"Necronomicon"},{"floor":23,"key":"Blood Vial"}],"event_choices":[{"damage_healed":0,"gold_gain":0,"player_choice":"Obtained Book","damage_taken":16,"max_hp_gain":0,"max_hp_loss":0,"event_name":"Cursed Tome","floor":19,"gold_loss":0}],"is_beta":false,"boss_relics":[{"not_picked":["Black Star","halation:Risk"],"picked":"halation:IncompleteEncyclopedia"}],"items_purged_floors":[],"is_endless":false,"potions_floor_spawned":[6,8,16,23],"killed_by":"Nightmare","ascension_level":0}}