{"host":"r0e4s450fexxrjel","time":1611072659,"event":{"mods":["AchievementEnabler","Act Like it!","AlwaysNeverKeys","Bard","BaseMod","Better Third Choice","ChefMod","Colored Map","Conspire","Dota2Spire","Energized Spire","Evolution","Friendly Minions","GifTheSpireLib","Gold Saver","Hubris","Infinite Spire","Minty Spire (QoL Compilation)","Pale of the Ancients","RRrroohrrRGHHhhh!!","Replay The Spire","Shop Mod","StSLib","The Druid"],"gold_per_floor":[756,514,514,514,528,528,561,561,561,590,608,608,628,403,403,510,510,530,532,214,237,255,255,290,305,330,330,361,34,34,50,50,151,151,182,205,205,205,260,312,312,312,336,336,372,430,432,472,472,612,612,664,664,707,720,720,777,831,831,831,831,831,891,891,981,981,1130,1130,1218,1299,1381,1381,1468,1572,1672,1672,1672,1789,1789,1789,1905,1266,1266,1396,1396,1496,1496,1482,1442,1542,1542,1657,1769,1769,1769,1893,2012,2150,2303,2303,2496,2496,2634,2769,2769,2769,2769,2898,2898,2921,2921,3136,3136,3348,3551,3628,3633,3633],"floor_reached":117,"language":"DEU","playtime":3813,"items_purged":[],"score":3311,"play_id":"7505f684-a54f-41fe-a969-cb3062983a6b","local_time":"20210119171059","is_ascension_mode":false,"campfire_choices":[{"data":"Neutralize","floor":6,"key":"SMITH"},{"data":"Blade Dance","floor":8,"key":"SMITH"},{"data":"Cloak And Dagger","floor":15,"key":"SMITH"},{"floor":23,"key":"REST"},{"data":"rorgmod:Accuracy","floor":27,"key":"SMITH"},{"floor":30,"key":"REST"},{"data":"ReplayUltimateDefense","floor":32,"key":"SMITH"},{"floor":42,"key":"REST"},{"floor":49,"key":"REST"},{"data":"rorgmod:Wraith Form 2","floor":59,"key":"SMITH"},{"data":"infinitespire:Punishment","floor":62,"key":"SMITH"},{"data":"Footwork","floor":66,"key":"SMITH"},{"data":"infinitespire:Punishment","floor":76,"key":"SMITH"},{"data":"rorgmod:Accuracy","floor":79,"key":"SMITH"},{"data":"Apotheosis","floor":83,"key":"SMITH"},{"data":"Sadistic Nature","floor":91,"key":"SMITH"},{"data":"ReplayTheSpireMod:Speed Training","floor":95,"key":"SMITH"},{"floor":100,"key":"DIG"},{"data":"Dramatic Entrance","floor":107,"key":"SMITH"},{"data":"Calculated Gamble","floor":109,"key":"SMITH"}],"circlet_count":0,"master_deck":["Quick Slash+1","Flying Knee","Dagger Spray+1","Bane","Poisoned Stab+1","Dodge and Roll+1","Cloak And Dagger+1","Defend_G+1","Defend_G","Defend_G+1","Survivor","Neutralize","Neutralize+1","Blade Dance+1","Blade Dance+1","Escape Plan","rorgmod:Accuracy+1","rorgmod:Accuracy+1","Sadistic Nature+1","Calculated Gamble+1","Cloak And Dagger+1","ReplayUltimateDefense+1","Fluid Movement","rorgmod:Wraith Form 2+1","Dodge and Roll+1","Blade Dance","Dramatic Entrance+1","Distraction+1","Choke","Neutralize+1","Poisoned Stab","infinitespire:Punishment+1","Acrobatics+1","rorgmod:Storm of Steel","Cloak And Dagger","Escape Plan","A Thousand Cuts","Heel Hook","Footwork+1","PiercingWail","infinitespire:Punishment+1","Poisoned Stab+1","Sucker Punch+1","J.A.X.","Poisoned Stab+1","Flying Knee","ReplayTheSpireMod:Speed Training+1","Apotheosis+1","ReplayTheSpireMod:Scrap Shanks","Deadly Poison","Outmaneuver+1","Heel Hook","Dagger Spray","Acrobatics+1","Hidden Blade+1","After Image","rorgmod:Tendon Slice+1","hubris:TrickCloak","Dagger Spray","Dodge and Roll"],"relics":["bard:BagPipes","EVO:Axolotl","Shuriken","infinitespire:Cubic Diamond","Art of War","infinitespire:Midas Blood","White Beast Statue","ClockworkSouvenir","Replay:Bronze Core","Paper Crane","Potion Belt","Bag of Marbles","Calipers","Strawberry","infinitespire:EvilPickle","Ring of Chaos","Thread and Needle","ReplayFunnel","hubris:Backtick","WristBlade","hubris:GlazedTorus","Pen Nib","Onion Ring","energizedSpire:OgreHead","Dota2Spire:MagicBottle","infinitespire:Lychee Nut","Regal Pillow","Black Star","Whetstone","PreservedInsect","SacredBark","infinitespire:CheckeredPen","Simple Rune","Iron Hammer","InkBottle","Snake Skull","Ancient Tea Set","infinitespire:EvilPickle","Dota2Spire:RefresherOrb","hubris:Towel","BargainBundle","Anchor","Dota2Spire:EchoSabre","Replay:Wanted Poster","Prayer Wheel","infinitespire:Lucky Rock","hubris:ToyBattleship","CaptainsWheel","infinitespire:Beetle Shell","infinitespire:WardingShard","conspire:RunicOctahedron","paleoftheancients:Timepiece","paleoftheancients:KeyRelic","CultistMask","Gremlin Horn","paleoftheancients:SoulOfTheHexaghost","Vajra"],"acts_visited":["Exordium","TheCity","TheBeyond","Exordium","TheCity","TheBeyond","TheBeyond","Exordium"],"potions_floor_usage":[24,25,28,33,33,40,40,45,46,50,50,50,55,58,67,67,71,71,74,74,74,81,81,84,84,101,101],"damage_taken":[{"damage":0,"enemies":"Cultist","floor":1,"turns":2},{"damage":0,"enemies":"Jaw Worm","floor":5,"turns":2},{"damage":0,"enemies":"Lagavulin","floor":7,"turns":4},{"damage":0,"enemies":"Gremlin Nob","floor":10,"turns":3},{"damage":0,"enemies":"Small Slimes","floor":11,"turns":1},{"damage":0,"enemies":"Gremlin Gang","floor":13,"turns":3},{"damage":31,"enemies":"Hexaghost","floor":16,"turns":5},{"damage":6,"enemies":"Shell Parasite","floor":18,"turns":3},{"damage":16,"enemies":"2 Thieves","floor":21,"turns":3},{"damage":0,"enemies":"Snake Plant","floor":22,"turns":4},{"damage":15,"enemies":"Nightmare","floor":24,"turns":7},{"damage":2,"enemies":"3 Cultists","floor":25,"turns":4},{"damage":17,"enemies":"Slavers","floor":28,"turns":3},{"damage":0,"enemies":"Snecko","floor":31,"turns":4},{"damage":0,"enemies":"Pondfish","floor":33,"turns":6},{"damage":6,"enemies":"3 Darklings","floor":35,"turns":4},{"damage":0,"enemies":"Orb Walker","floor":36,"turns":3},{"damage":26,"enemies":"2 Orb Walkers","floor":39,"turns":5},{"damage":0,"enemies":"Nightmare","floor":40,"turns":9},{"damage":8,"enemies":"Maw","floor":45,"turns":5},{"damage":0,"enemies":"Giant Head","floor":46,"turns":6},{"damage":0,"enemies":"Spire Growth","floor":48,"turns":2},{"damage":12,"enemies":"Donu and Deca","floor":50,"turns":6},{"damage":0,"enemies":"2 Louse","floor":52,"turns":1},{"damage":0,"enemies":"Small Slimes","floor":54,"turns":2},{"damage":26,"enemies":"conspire:MimicChest","floor":55,"turns":3},{"damage":0,"enemies":"Gremlin Nob","floor":57,"turns":1},{"damage":0,"enemies":"Jaw Worm","floor":58,"turns":2},{"damage":2,"enemies":"Looter","floor":63,"turns":2},{"damage":0,"enemies":"Nightmare_Alpha","floor":65,"turns":1},{"damage":0,"enemies":"Hexaghost","floor":67,"turns":2},{"damage":0,"enemies":"Shell Parasite","floor":69,"turns":1},{"damage":0,"enemies":"Spheric Guardian","floor":70,"turns":1},{"damage":4,"enemies":"Chosen and Byrds","floor":71,"turns":2},{"damage":14,"enemies":"Snake Plant","floor":73,"turns":3},{"damage":0,"enemies":"Slavers","floor":74,"turns":3},{"damage":0,"enemies":"Snecko","floor":75,"turns":1},{"damage":5,"enemies":"Gremlin Leader","floor":78,"turns":3},{"damage":0,"enemies":"Chosen and Byrds","floor":81,"turns":2},{"damage":11,"enemies":"Pondfish","floor":84,"turns":6},{"damage":6,"enemies":"3 Shapes","floor":86,"turns":1},{"damage":3,"enemies":"R_Hoarder","floor":92,"turns":3},{"damage":0,"enemies":"Orb Walker","floor":93,"turns":1},{"damage":3,"enemies":"Nemesis","floor":96,"turns":3},{"damage":0,"enemies":"Spire Growth","floor":97,"turns":3},{"damage":0,"enemies":"Sphere and 2 Shapes","floor":98,"turns":1},{"damage":0,"enemies":"4 Shapes","floor":99,"turns":1},{"damage":3,"enemies":"Awakened One","floor":101,"turns":5},{"damage":3,"enemies":"Awakened One","floor":103,"turns":2},{"damage":3,"enemies":"Awakened One","floor":104,"turns":2},{"damage":1,"enemies":"Awakened One","floor":108,"turns":1},{"damage":3,"enemies":"paleoftheancients:N","floor":112,"turns":3},{"damage":0,"enemies":"Small Slimes","floor":114,"turns":1},{"damage":0,"enemies":"Cultist","floor":117,"turns":1}],"seed_played":"4991202459278050901","potions_obtained":[{"floor":10,"key":"Dota2Spire:HealingSalve"},{"floor":11,"key":"FearPotion"},{"floor":13,"key":"SteroidPotion"},{"floor":18,"key":"Strength Potion"},{"floor":24,"key":"Dota2Spire:HealingSalve"},{"floor":25,"key":"BlessingOfTheForge"},{"floor":28,"key":"FearPotion"},{"floor":31,"key":"Strength Potion"},{"floor":33,"key":"Reflective Coating"},{"floor":35,"key":"Elixir"},{"floor":36,"key":"DuplicationPotion"},{"floor":39,"key":"Block Potion"},{"floor":40,"key":"GamblersBrew"},{"floor":45,"key":"Milkshake"},{"floor":46,"key":"Weak Potion"},{"floor":48,"key":"Dota2Spire:Clarity"},{"floor":50,"key":"Energy Potion"},{"floor":52,"key":"conspire:TimeTravelPotion"},{"floor":54,"key":"Dota2Spire:Clarity"},{"floor":55,"key":"Dota2Spire:Clarity"},{"floor":57,"key":"FearPotion"},{"floor":58,"key":"LiquidBronze"},{"floor":61,"key":"PowerPotion"},{"floor":67,"key":"Weak Potion"},{"floor":69,"key":"Elixir"},{"floor":71,"key":"FearPotion"},{"floor":73,"key":"FearPotion"},{"floor":74,"key":"SpeedPotion"},{"floor":75,"key":"SpeedPotion"},{"floor":78,"key":"Dota2Spire:Clarity"},{"floor":81,"key":"ColorlessPotion"},{"floor":84,"key":"Block Potion"},{"floor":86,"key":"Strength Potion"},{"floor":98,"key":"PowerPotion"},{"floor":99,"key":"PowerPotion"},{"floor":101,"key":"FairyPotion"},{"floor":103,"key":"Poison Potion"}],"is_trial":false,"path_per_floor":["M","$","?","?","M","R","E","R","T","E","M","?","M","$","R","B",null,"M","?","$","M","M","R","NM","M","T","R","E","$","R","M","R","B",null,"M","M","?","?","?","NM","AVR","R","T","?","M","E","?","M","R_BF","B",null,"M","?","M","?","?","E","M","R","T","?","R","M","AVR","NM","R","B",null,"M","M","M","?","M","E","M","R","T","E","R","?","M","$","R","B",null,"M","?","$","?","AVR","R","E","M","T","R","E","M","M","M","R_BF","B",null,"M","M","$","T","R","M","R","T","?","B",null,"M","?","?","M"],"character_chosen":"THE_SILENT","items_purchased":["Shuriken","rorgmod:Accuracy","ClockworkSouvenir","Calculated Gamble","Paper Crane","ReplayUltimateDefense","Strawberry","Apotheosis","Snake Skull","ReplayTheSpireMod:Scrap Shanks","Ancient Tea Set","CultistPotion","BargainBundle","Anchor","Dota2Spire:EchoSabre"],"campfire_rested":4,"item_purchase_floors":[2,14,14,20,20,29,29,82,82,82,82,82,88,88,88],"current_hp_per_floor":[70,70,70,70,70,70,70,70,70,70,70,70,70,70,70,39,70,64,58,58,42,42,63,48,55,55,55,38,45,68,68,68,68,77,71,71,71,71,45,45,45,68,68,68,60,60,41,41,64,52,77,77,77,77,77,77,57,57,57,57,57,57,55,55,55,55,57,57,57,57,53,53,43,48,48,48,48,48,48,48,51,51,51,46,57,51,51,51,51,51,51,53,53,53,53,54,57,57,57,57,57,57,57,56,56,56,56,56,56,56,56,57,57,57,43,32,32,32],"gold":3633,"neow_bonus":"RANDOM_EVENT","is_daily":false,"chose_seed":false,"campfire_upgraded":15,"win_rate":0.0,"timestamp":1611072659,"path_taken":["M","?","?","?","?","R","E","R","T","E","M","?","M","$","R","BOSS","M","?","?","M","M","R","NM","M","T","R","E","$","R","M","R","BOSS","M","M","?","?","?","NM","AVR","R","T","?","?","E","?","M","R_BF","BOSS","M","?","M","?","?","E","M","R","T","?","R","M","AVR","NM","R","BOSS","M","M","?","?","M","E","M","R","T","E","R","?","M","$","R","BOSS","M","?","$","?","AVR","R","E","?","T","R","E","M","M","M","R_BF","BOSS","M","M","?","T","R","M","R","T","?","BOSS","M","?","?","M"],"items_purchased_type":["Relic","Card","Relic","Card","Relic","Card","Relic","Card","Relic","Card","Relic","Potion","Relic","Relic","Relic"],"build_version":"2020-12-22","purchased_purges":0,"victory":false,"max_hp_per_floor":[70,70,70,70,70,70,70,70,70,70,70,70,70,70,70,70,70,70,70,70,70,70,70,70,70,70,70,70,77,77,77,77,77,77,77,77,77,77,77,77,77,77,77,77,77,77,77,77,77,77,77,77,77,77,77,77,57,57,57,57,57,57,57,57,57,57,57,57,57,57,57,57,57,57,57,57,57,57,57,57,57,57,57,57,57,57,57,57,57,57,57,57,57,57,57,57,57,57,57,57,57,57,57,57,57,57,57,57,57,57,57,57,57,57,57,57,57,57],"card_choices":[{"not_picked":["Heel Hook","Draining Mist","rorgmod:Prepared"],"picked":"SKIP","floor":1},{"not_picked":["Quick Slash","Hidden Blade"],"picked":"Blade Dance","floor":5},{"not_picked":["Eviscerate","Dodge and Roll"],"picked":"Blade Dance","floor":7},{"not_picked":["Predator","Doppelganger"],"picked":"Escape Plan","floor":10},{"not_picked":["ReplayTheSpireMod:Tripwire","Acrobatics","ReplayTheSpireMod:Shiv Toss"],"picked":"SKIP","floor":11},{"not_picked":["Flechettes","Quick Slash"],"picked":"rorgmod:Accuracy","floor":13},{"not_picked":["Doppelganger","infinitespire:Neurotoxin"],"picked":"Sadistic Nature","floor":16},{"not_picked":["Acrobatics+1","Draining Mist","Deflect"],"picked":"SKIP","floor":18},{"not_picked":["Flying Knee","Quick Slash","Eviscerate+1"],"picked":"SKIP","floor":21},{"not_picked":["Blade Dance","Outmaneuver","Draining Mist"],"picked":"SKIP","floor":22},{"not_picked":["Outmaneuver","Dagger Throw","Blade Dance"],"picked":"SKIP","floor":24},{"not_picked":["Flechettes","Blade Dance"],"picked":"Cloak And Dagger+1","floor":25},{"not_picked":["Deflect","Choke","Dagger Throw+1"],"picked":"SKIP","floor":28},{"not_picked":["rorgmod:Slice+1","rorgmod:Tendon Slice"],"picked":"Fluid Movement","floor":31},{"not_picked":["Poison Darts","rorgmod:Tools of the Trade"],"picked":"rorgmod:Wraith Form 2","floor":33},{"not_picked":["Quick Slash","Tactician+1"],"picked":"Dodge and Roll+1","floor":35},{"not_picked":["Acrobatics+1","hubris:SlightOfHand+1"],"picked":"Blade Dance","floor":36},{"not_picked":["Forethought","PanicButton"],"picked":"Dramatic Entrance","floor":38},{"not_picked":["Calculated Gamble+1","rorgmod:Slice"],"picked":"Distraction+1","floor":40},{"not_picked":["Backstab","Bane"],"picked":"Poisoned Stab","floor":45},{"not_picked":["hubris:SlightOfHand","Backflip+1","rorgmod:Wraith Form 2"],"picked":"SKIP","floor":46},{"not_picked":["ReplayTheSpireMod:Black Plague","infinitespire:Starlight"],"picked":"infinitespire:Punishment","floor":47},{"not_picked":["Dagger Throw+1","rorgmod:Slice+1"],"picked":"Acrobatics+1","floor":48},{"not_picked":["Replay:Bag of Tricks","Unload"],"picked":"rorgmod:Storm of Steel","floor":50},{"not_picked":["Poisoned Stab","Blade Dance"],"picked":"Cloak And Dagger","floor":52},{"not_picked":["Distraction","Dodge and Roll","Night Terror"],"picked":"SKIP","floor":54},{"not_picked":["Acrobatics","Hidden Blade"],"picked":"Escape Plan","floor":55},{"not_picked":["Replay:Poison Smokescreen","rorgmod:Prepared"],"picked":"A Thousand Cuts","floor":57},{"not_picked":["Deflect","Dagger Spray"],"picked":"Heel Hook","floor":58},{"not_picked":["rorgmod:Tendon Slice","Dodge and Roll"],"picked":"Footwork","floor":63},{"not_picked":["ReplayTheSpireMod:??????????????????????","Replay:Fractal Strike"],"picked":"infinitespire:SealOfDarkness+","floor":65},{"not_picked":["hubris:Counter","rorgmod:Slice"],"picked":"PiercingWail","floor":65},{"not_picked":["ReplayTheSpireMod:??????????????????????","infinitespire:SevenWalls"],"picked":"infinitespire:Punishment","floor":67},{"not_picked":["Outmaneuver+1","Expertise","Hidden Blade+1"],"picked":"SKIP","floor":69},{"not_picked":["rorgmod:Tendon Slice","Tactician"],"picked":"Poisoned Stab","floor":70},{"not_picked":["Deflect","Acrobatics"],"picked":"Sucker Punch+1","floor":71},{"not_picked":["Night Terror","Skewer"],"picked":"Poisoned Stab+1","floor":73},{"not_picked":["hubris:TrickCloak","Eviscerate","rorgmod:Catalyst"],"picked":"SKIP","floor":74},{"not_picked":["Backflip+1","ReplayTheSpireMod:Exploit Weakness","ReplayTheSpireMod:Shiv Toss"],"picked":"SKIP","floor":75},{"not_picked":["ReplayTheSpireMod:The Works","Choke"],"picked":"Flying Knee","floor":78},{"not_picked":["Poisoned Stab","Backflip"],"picked":"ReplayTheSpireMod:Speed Training","floor":81},{"not_picked":["Acrobatics+1","Fluid Movement+1"],"picked":"Deadly Poison","floor":86},{"not_picked":["Bane+1","Hidden Blade+1","Dodge and Roll+1"],"picked":"SKIP","floor":92},{"not_picked":["Skewer+1","All Out Attack+1"],"picked":"Outmaneuver+1","floor":93},{"not_picked":["Crippling Poison","Outmaneuver+1"],"picked":"Heel Hook","floor":93},{"not_picked":["Replay:Bag of Tricks","Acrobatics","Poisoned Stab"],"picked":"SKIP","floor":96},{"not_picked":["hubris:SlightOfHand","Deadly Poison+1"],"picked":"Dagger Spray","floor":97},{"not_picked":["Blade Dance+1","Dagger Throw","rorgmod:Slice"],"picked":"SKIP","floor":97},{"not_picked":["Terror+1","Sneak Up","rorgmod:Tendon Slice+1"],"picked":"SKIP","floor":98},{"not_picked":["Hidden Blade","Sucker Punch+1","Poisoned Stab"],"picked":"SKIP","floor":98},{"not_picked":["Eviscerate+1","rorgmod:Slice+1"],"picked":"Acrobatics+1","floor":99},{"not_picked":["Quick Slash+1","Outmaneuver+1"],"picked":"Hidden Blade+1","floor":99},{"not_picked":["rorgmod:Phantasmal Killer","rorgmod:Wraith Form 2"],"picked":"After Image","floor":101},{"not_picked":["Poisoned Stab","All Out Attack"],"picked":"rorgmod:Tendon Slice+1","floor":103},{"not_picked":["Leg Sweep","rorgmod:Catalyst+1","Outmaneuver"],"picked":"SKIP","floor":103},{"not_picked":["Leg Sweep","rorgmod:Catalyst+1","Outmaneuver"],"picked":"SKIP","floor":103},{"not_picked":["rorgmod:Slice+1","Caltrops+1","Burst"],"picked":"SKIP","floor":104},{"not_picked":["Finisher","Dodge and Roll+1","Riddle With Holes"],"picked":"SKIP","floor":104},{"not_picked":["Dodge and Roll","ReplayTheSpireMod:Tripwire+1","Eviscerate"],"picked":"SKIP","floor":108},{"not_picked":["Hidden Blade","Fluid Movement","Backflip+1"],"picked":"SKIP","floor":108},{"not_picked":["hubris:SlightOfHand","Sucker Punch"],"picked":"hubris:TrickCloak","floor":114},{"not_picked":["Dash","Outmaneuver","Hidden Blade"],"picked":"SKIP","floor":114},{"not_picked":["Dash","Outmaneuver","Hidden Blade"],"picked":"SKIP","floor":114},{"not_picked":["infinitespire:Neurotoxin","Sucker Punch"],"picked":"Dagger Spray","floor":115},{"not_picked":["Replay:Bag of Tricks","All Out Attack"],"picked":"Dodge and Roll","floor":117}],"player_experience":51365,"relics_obtained":[{"floor":7,"key":"Art of War"},{"floor":9,"key":"infinitespire:Midas Blood"},{"floor":10,"key":"White Beast Statue"},{"floor":24,"key":"Potion Belt"},{"floor":26,"key":"Bag of Marbles"},{"floor":28,"key":"Calipers"},{"floor":39,"key":"Thread and Needle"},{"floor":40,"key":"ReplayFunnel"},{"floor":43,"key":"Pen Nib"},{"floor":46,"key":"Onion Ring"},{"floor":55,"key":"Dota2Spire:MagicBottle"},{"floor":57,"key":"infinitespire:Lychee Nut"},{"floor":65,"key":"Whetstone"},{"floor":65,"key":"PreservedInsect"},{"floor":74,"key":"infinitespire:CheckeredPen"},{"floor":77,"key":"Simple Rune"},{"floor":78,"key":"Iron Hammer"},{"floor":78,"key":"InkBottle"},{"floor":92,"key":"infinitespire:Lucky Rock"},{"floor":92,"key":"hubris:ToyBattleship"},{"floor":94,"key":"CaptainsWheel"},{"floor":96,"key":"infinitespire:Beetle Shell"},{"floor":96,"key":"infinitespire:WardingShard"},{"floor":106,"key":"Gremlin Horn"},{"floor":108,"key":"paleoftheancients:SoulOfTheHexaghost"},{"floor":110,"key":"Vajra"}],"event_choices":[{"damage_healed":0,"gold_gain":0,"player_choice":"1 cards matched","damage_taken":0,"max_hp_gain":0,"max_hp_loss":0,"event_name":"Match and Keep!","floor":4,"gold_loss":0,"cards_obtained":["Neutralize"]},{"damage_healed":0,"gold_gain":0,"player_choice":"","damage_taken":6,"max_hp_gain":0,"max_hp_loss":0,"event_name":"Knowing Skull","floor":19,"potions_obtained":[],"gold_loss":0,"cards_obtained":[]},{"damage_healed":0,"gold_gain":0,"player_choice":"Memory 1","damage_taken":0,"max_hp_gain":0,"max_hp_loss":0,"event_name":"SensoryStone","floor":38,"gold_loss":0},{"damage_healed":0,"gold_gain":0,"player_choice":"Fight","damage_taken":0,"max_hp_gain":0,"max_hp_loss":0,"event_name":"Mysterious Sphere","floor":39,"gold_loss":0},{"damage_healed":0,"gold_gain":0,"player_choice":"2 cards matched","damage_taken":0,"max_hp_gain":0,"max_hp_loss":0,"event_name":"Match and Keep!","floor":44,"gold_loss":0,"cards_obtained":["Choke","Neutralize"]},{"damage_healed":0,"gold_gain":0,"player_choice":"Ignored","damage_taken":664,"max_hp_gain":0,"max_hp_loss":0,"event_name":"betterThird:BetterSerpent","floor":53,"gold_loss":0},{"damage_healed":0,"gold_gain":0,"player_choice":"Got Potions","damage_taken":0,"max_hp_gain":0,"max_hp_loss":0,"event_name":"Lab","floor":61,"gold_loss":0},{"damage_healed":0,"gold_gain":0,"player_choice":"Obtain J.A.X.","damage_taken":0,"max_hp_gain":0,"max_hp_loss":0,"event_name":"Drug Dealer","floor":72,"gold_loss":0,"cards_obtained":["J.A.X."]},{"damage_healed":0,"gold_gain":0,"player_choice":"Upgraded","damage_taken":0,"max_hp_gain":0,"max_hp_loss":0,"event_name":"Upgrade Shrine","floor":80,"gold_loss":0,"cards_upgraded":["Dagger Spray"]},{"damage_healed":0,"gold_gain":0,"player_choice":"Upgraded Two","damage_taken":0,"max_hp_gain":0,"max_hp_loss":0,"event_name":"Designer","floor":89,"gold_loss":40,"cards_upgraded":["Poisoned Stab","Dodge and Roll"]},{"damage_healed":0,"gold_gain":75,"player_choice":"Gold","damage_taken":11,"max_hp_gain":0,"max_hp_loss":0,"event_name":"betterThird:BetterGoop","floor":116,"gold_loss":0}],"is_beta":false,"boss_relics":[{"not_picked":["Astrolabe","Painkiller Herb"],"picked":"Replay:Bronze Core"},{"not_picked":["ReplayTheSpireMod:DimensionalGlitch","Cursed Key"],"picked":"Ring of Chaos"},{"not_picked":["energizedSpire:EnergizedDie","Runic Dome"],"picked":"energizedSpire:OgreHead"},{"not_picked":["Honey Jar","Abe\u0027s Treasure"],"picked":"SacredBark"},{"not_picked":["hubris:RunicObelisk","Replay:Drink Me"],"picked":"Dota2Spire:RefresherOrb"},{"not_picked":["Runic Dome","energizedSpire:HighHeels"],"picked":"conspire:RunicOctahedron"},{"not_picked":["Replay:Ancient Bell","hubris:CrackedHourglass","energizedSpire:DeadBattery"]}],"items_purged_floors":[],"is_endless":true,"potions_floor_spawned":[10,11,13,16,18,21,22,24,25,28,31,33,35,36,39,40,45,46,48,50,52,54,55,57,58,63,65,67,69,70,71,73,74,75,78,81,84,86,92,93,96,97,98,99,101,103,104,108,112,114,117],"killed_by":"Cultist","ascension_level":0}}