{"host":"mai03x2ekbjy4059","time":1611079673,"event":{"mods":["2.2 Compatiblity","BaseMod","DeckTracker","Keyboard Shortcuts","Minty Spire (QoL Compilation)","Permanent Neow","Quick Restart","SuperFastMode","everything is the same but u backflip on backflip"],"gold_per_floor":[117,117,129,9,9,40,71,116,153,198,110,139,156,185,185,284,284,295,144,154,168,186,221,236,261,261,280,294,319,319,344,344,444,444,461,461,511,79,79,112,112,144,198,228,228,228,228,238,238,238,238,238,34,67,67,67],"floor_reached":55,"language":"KOR","playtime":1503,"items_purged":["Defend_B","Strike_B","Defend_B","Doubt"],"score":964,"play_id":"2c221ae6-2f6f-4bca-a8ff-54ade566ed31","local_time":"20210120030753","is_ascension_mode":true,"campfire_choices":[{"data":"Zap","floor":15.0,"key":"SMITH"},{"data":"Defragment","floor":30,"key":"SMITH"},{"data":"Defragment","floor":32,"key":"SMITH"},{"data":"Defragment","floor":41,"key":"SMITH"},{"floor":49,"key":"RECALL"},{"data":"Dualcast","floor":52,"key":"SMITH"}],"circlet_count":0,"master_deck":["Defend_B","Defend_B","Zap+1","Dualcast+1","Defragment+1","Storm","Steam","Static Discharge","Conserve Battery","Reboot","Defragment+1","Seek","Capacitor","Defragment+1","Auto Shields","Defragment+1","Seek","Madness","Madness","Defragment+1","Force Field+1","Conserve Battery+1","Seek+1"],"relics":["Cracked Core","MawBank","Bag of Preparation","Meat on the Bone","Toy Ornithopter","PreservedInsect","Sozu","Regal Pillow","Dead Branch","Juzu Bracelet","Emotion Chip","Eternal Feather","Anchor","Cursed Key","Ice Cream","Turnip","Oddly Smooth Stone","Toxic Egg 2","Bronze Scales","Centennial Puzzle","Sundial","Spirit Poop","Gambling Chip"],"acts_visited":["Exordium","TheCity","TheBeyond","TheEnding"],"potions_floor_usage":[29],"damage_taken":[{"damage":1.0,"enemies":"2 Louse","floor":1.0,"turns":2.0},{"damage":1.0,"enemies":"Cultist","floor":3.0,"turns":4.0},{"damage":26.0,"enemies":"3 Sentries","floor":6.0,"turns":5.0},{"damage":12.0,"enemies":"Small Slimes","floor":7.0,"turns":2.0},{"damage":13.0,"enemies":"Gremlin Nob","floor":8.0,"turns":4.0},{"damage":10.0,"enemies":"Lagavulin","floor":10.0,"turns":4.0},{"damage":4.0,"enemies":"Gremlin Nob","floor":12.0,"turns":3.0},{"damage":10.0,"enemies":"Exordium Thugs","floor":13.0,"turns":3.0},{"damage":3.0,"enemies":"Lagavulin","floor":14.0,"turns":5.0},{"damage":11.0,"enemies":"The Guardian","floor":16.0,"turns":10.0},{"damage":0.0,"enemies":"Shell Parasite","floor":18.0,"turns":5.0},{"damage":15.0,"enemies":"2 Thieves","floor":20.0,"turns":4.0},{"damage":14.0,"enemies":"Snake Plant","floor":21.0,"turns":2.0},{"damage":2.0,"enemies":"Chosen and Byrds","floor":22.0,"turns":4.0},{"damage":11.0,"enemies":"Slavers","floor":23.0,"turns":4.0},{"damage":11.0,"enemies":"3 Cultists","floor":24.0,"turns":3.0},{"damage":0,"enemies":"Gremlin Leader","floor":25,"turns":3},{"damage":0,"enemies":"Centurion and Healer","floor":27,"turns":4},{"damage":5,"enemies":"Snecko","floor":28,"turns":3},{"damage":15,"enemies":"Slavers","floor":29,"turns":2},{"damage":2,"enemies":"Book of Stabbing","floor":31,"turns":3},{"damage":27,"enemies":"Champ","floor":33,"turns":6},{"damage":0,"enemies":"Orb Walker","floor":35,"turns":2},{"damage":0,"enemies":"Mind Bloom Boss Battle","floor":37,"turns":3},{"damage":2,"enemies":"Giant Head","floor":40,"turns":5},{"damage":11,"enemies":"Nemesis","floor":42,"turns":3},{"damage":0,"enemies":"Reptomancer","floor":44,"turns":3},{"damage":1,"enemies":"3 Shapes","floor":48,"turns":3},{"damage":71,"enemies":"Time Eater","floor":50,"turns":8},{"damage":12,"enemies":"Shield and Spear","floor":54,"turns":5},{"damage":56,"enemies":"The Heart","floor":55,"turns":3}],"seed_played":"8161456262587963949","potions_obtained":[{"floor":1.0,"key":"SpeedPotion"},{"floor":3.0,"key":"SkillPotion"},{"floor":8.0,"key":"FairyPotion"},{"floor":10.0,"key":"BlessingOfTheForge"},{"floor":13.0,"key":"Energy Potion"}],"is_trial":false,"path_per_floor":["M","?","M","$","$","E","M","E","T","E","$","E","M","E","R","B",null,"M","$","M","M","M","E","M","E","T","M","M","E","R","E","R","B",null,"M","?","?","$","?","E","R","E","T","E","?","T","?","M","R","B",null,"R","$","E","B"],"character_chosen":"DEFECT","items_purchased":["Ball Lightning","Regal Pillow","Turnip","Conserve Battery+1"],"campfire_rested":0,"item_purchase_floors":[4,19,38,53],"current_hp_per_floor":[67,67,66,66,66,40,28,15,15,5,5,13,15,24,24,25,68,68,68,53,39,37,43,44,44,44,44,39,41,50,48,57,42,68,68,68,68,68,59,57,68,57,57,57,57,57,57,56,68,32,68,68,68,56,0,0],"gold":67,"neow_bonus":"REMOVE_TWO","is_daily":false,"chose_seed":false,"campfire_upgraded":5,"win_rate":0.0,"timestamp":1611079673,"path_taken":["M","?","?","?","$","E","M","E","T","E","$","E","?","E","R","BOSS","M","$","M","M","M","E","M","E","T","M","M","E","R","E","R","BOSS","M","?","?","$","?","E","R","E","T","E","?","?","?","M","R","BOSS","R","$","E","BOSS"],"items_purchased_type":["Card","Relic","Relic","Card"],"build_version":"2020-12-22","purchased_purges":4,"victory":false,"max_hp_per_floor":[68,68,68,68,68,68,68,68,68,68,68,68,68,68,68,68,68,68,68,68,68,68,68,68,68,68,68,68,68,68,68,68,68,68,68,68,68,68,68,68,68,68,68,68,68,68,68,68,68,68,68,68,68,68,68,68],"card_choices":[{"not_picked":["Rebound","Double Energy"],"picked":"Defragment","floor":1.0},{"not_picked":["Blizzard","Genetic Algorithm"],"picked":"Storm","floor":3.0},{"not_picked":["Skim","Darkness"],"picked":"Steam","floor":6.0},{"not_picked":["Beam Cell","Rip and Tear"],"picked":"Static Discharge","floor":7.0},{"not_picked":["Barrage","Steam Power","Machine Learning"],"picked":"SKIP","floor":8.0},{"not_picked":["Chaos","Static Discharge","Stack"],"picked":"SKIP","floor":10.0},{"not_picked":["Coolheaded","Darkness"],"picked":"Conserve Battery","floor":12.0},{"not_picked":["Chaos","Double Energy","Stack"],"picked":"SKIP","floor":13.0},{"not_picked":["Steam","Barrage","Turbo"],"picked":"SKIP","floor":14.0},{"not_picked":["All For One","Meteor Strike"],"picked":"Reboot","floor":16.0},{"not_picked":["Streamline","Ball Lightning+1","Barrage"],"picked":"SKIP","floor":18.0},{"not_picked":["Hologram","Self Repair"],"picked":"Defragment+1","floor":20.0},{"not_picked":["Recycle","Steam","FTL"],"picked":"SKIP","floor":21.0},{"not_picked":["Reinforced Body","Double Energy+1","Hologram+1"],"picked":"SKIP","floor":22.0},{"not_picked":["Loop+1","Beam Cell"],"picked":"Seek","floor":23.0},{"not_picked":["Leap","Streamline+1"],"picked":"Capacitor","floor":24.0},{"not_picked":["Gash","Genetic Algorithm+1"],"picked":"Defragment+1","floor":25},{"not_picked":["Static Discharge","Chaos","Streamline"],"picked":"SKIP","floor":27},{"not_picked":["Sweeping Beam","Creative AI"],"picked":"Auto Shields","floor":28},{"not_picked":["Redo","Beam Cell","Skim"],"picked":"SKIP","floor":29},{"not_picked":["Loop","Fusion"],"picked":"Defragment","floor":31},{"not_picked":["Meteor Strike","Echo Form"],"picked":"Seek","floor":33},{"not_picked":["Rebound","Sweeping Beam+1","Turbo+1"],"picked":"SKIP","floor":35},{"not_picked":["Darkness+1","Ball Lightning+1"],"picked":"Defragment","floor":40},{"not_picked":["Sweeping Beam+1","Storm"],"picked":"Force Field+1","floor":42},{"not_picked":["Undo+1","Hologram+1","Go for the Eyes+1"],"picked":"SKIP","floor":44},{"not_picked":["Melter+1","Ball Lightning+1","Darkness+1"],"picked":"SKIP","floor":48},{"not_picked":["Beam Cell","Turbo+1"],"picked":"Seek+1","floor":54}],"player_experience":1098967,"relics_obtained":[{"floor":6.0,"key":"MawBank"},{"floor":8.0,"key":"Bag of Preparation"},{"floor":10.0,"key":"Meat on the Bone"},{"floor":12.0,"key":"Toy Ornithopter"},{"floor":14.0,"key":"PreservedInsect"},{"floor":23.0,"key":"Dead Branch"},{"floor":25,"key":"Juzu Bracelet"},{"floor":26,"key":"Emotion Chip"},{"floor":29,"key":"Eternal Feather"},{"floor":31,"key":"Anchor"},{"floor":37,"key":"Ice Cream"},{"floor":40,"key":"Oddly Smooth Stone"},{"floor":42,"key":"Toxic Egg 2"},{"floor":43,"key":"Bronze Scales"},{"floor":44,"key":"Centennial Puzzle"},{"floor":46,"key":"Sundial"},{"floor":54,"key":"Gambling Chip"}],"event_choices":[{"cards_removed":["Strike_B"],"damage_healed":0.0,"max_hp_gain":0.0,"max_hp_loss":0.0,"gold_gain":0.0,"event_name":"Wheel of Change","player_choice":"Card Removal","floor":2.0,"gold_loss":0.0,"damage_taken":0.0},{"damage_healed":0,"gold_gain":0,"player_choice":"Got Potions","damage_taken":0,"max_hp_gain":0,"max_hp_loss":0,"event_name":"Lab","floor":36,"gold_loss":0},{"damage_healed":0,"gold_gain":0,"player_choice":"Fight","damage_taken":0,"max_hp_gain":0,"max_hp_loss":0,"event_name":"MindBloom","floor":37,"gold_loss":0},{"damage_healed":0,"gold_gain":0,"player_choice":"Embrace Madness","damage_taken":9,"max_hp_gain":0,"max_hp_loss":0,"event_name":"Winding Halls","floor":39,"gold_loss":0,"cards_obtained":["Madness","Madness"]},{"cards_removed":["Ball Lightning"],"damage_healed":0,"gold_gain":0,"player_choice":"Removed Attack","damage_taken":0,"max_hp_gain":0,"max_hp_loss":0,"event_name":"Falling","floor":45,"gold_loss":0},{"cards_removed":["Regret"],"damage_healed":0,"gold_gain":0,"player_choice":"Offered Curse","damage_taken":0,"relics_obtained":["Spirit Poop"],"max_hp_gain":0,"max_hp_loss":0,"event_name":"Bonfire Elementals","floor":47,"gold_loss":0}],"is_beta":false,"boss_relics":[{"not_picked":["Pandora\u0027s Box","Fusion Hammer"],"picked":"Sozu"},{"not_picked":["FrozenCore","Runic Dome"],"picked":"Cursed Key"}],"items_purged_floors":[4,11,38,53],"is_endless":false,"potions_floor_spawned":[1,3,8,10,13,21,22,24,25,28,31,42,44,48],"killed_by":"The Heart","ascension_level":1}}