{"host":"i0avyit1s6jb1siw","time":1611097504,"event":{"mods":["BaseMod","DeckTracker","Dota2Spire","Highlight Path","Minty Spire (QoL Compilation)","Quick Restart","StSLib","SuperFastMode"],"gold_per_floor":[117,134,22,39,89,100,135,51,51,82,82,82,82,108,121,121,151,51,51,51,128,128,140,140,65,85,4,36,36,63,143,169,169,169,196,207,223,223,298,298,308,23,40,60,70,70,96,115,115,115,133,145,177,177,27,43,43,43,43,43,43,43,73,73],"floor_reached":65,"language":"ENG","playtime":1754,"items_purged":["Strike_P","Strike_P","Defend_P","EmptyFist"],"score":3178,"play_id":"5ed574fb-5e23-4bac-8e6a-57680076c9ba","local_time":"20210120000504","is_ascension_mode":true,"campfire_choices":[{"floor":9,"key":"REST"},{"data":"Adaptation","floor":12,"key":"SMITH"},{"data":"Adaptation","floor":16,"key":"SMITH"},{"data":"Tantrum","floor":19,"key":"SMITH"},{"data":"BowlingBash","floor":20,"key":"SMITH"},{"data":"Vault","floor":29,"key":"SMITH"},{"data":"TalkToTheHand","floor":33,"key":"SMITH"},{"data":"TalkToTheHand","floor":38,"key":"SMITH"},{"floor":46,"key":"RECALL"},{"floor":54,"key":"REST"},{"data":"FearNoEvil","floor":57,"key":"SMITH"},{"data":"Vigilance","floor":61,"key":"SMITH"}],"circlet_count":0,"master_deck":["AscendersBane","Defend_P","Eruption+1","Vigilance+1","FearNoEvil+1","FlyingSleeves","Tantrum+1","BowlingBash+1","Adaptation+1","Adaptation+1","TalkToTheHand+1","Vault+1","Omniscience+1","Fasting2+1","EmptyBody+1","TalkToTheHand+1","SpiritShield+1","TalkToTheHand+1","Vault+1","CurseOfTheBell","ClearTheMind+1"],"relics":["PureWater","Dota2Spire:ArmletOfMordiggian","Dota2Spire:Vanguard","Toy Ornithopter","Kunai","Odd Mushroom","Astrolabe","Toxic Egg 2","Dota2Spire:ShivaGuard","Sundial","Bag of Marbles","Calling Bell","Dota2Spire:PowerTreads","Dota2Spire:BattleFury","TungstenRod","ClockworkSouvenir","Potion Belt","Mercury Hourglass","InkBottle","White Beast Statue","Gremlin Horn"],"acts_visited":["Exordium","TheCity","TheBeyond","TheEnding"],"potions_floor_usage":[7,28,47,59,64,64],"damage_taken":[{"damage":7.0,"enemies":"Cultist","floor":1.0,"turns":3.0},{"damage":0.0,"enemies":"2 Louse","floor":2.0,"turns":3.0},{"damage":0.0,"enemies":"Small Slimes","floor":4.0,"turns":2.0},{"damage":13.0,"enemies":"2 Fungi Beasts","floor":6.0,"turns":2.0},{"damage":17,"enemies":"Lagavulin","floor":7,"turns":4},{"damage":2,"enemies":"3 Sentries","floor":10,"turns":4},{"damage":0,"enemies":"Gremlin Nob","floor":14,"turns":2},{"damage":2,"enemies":"Exordium Wildlife","floor":15,"turns":3},{"damage":12,"enemies":"The Mushroom Lair","floor":17,"turns":3},{"damage":0,"enemies":"Slime Boss","floor":21,"turns":5},{"damage":12,"enemies":"3 Byrds","floor":23,"turns":3},{"damage":0,"enemies":"2 Thieves","floor":26,"turns":3},{"damage":12,"enemies":"Slavers","floor":28,"turns":5},{"damage":0,"enemies":"Book of Stabbing","floor":30,"turns":5},{"damage":4,"enemies":"Snake Plant","floor":36,"turns":4},{"damage":0,"enemies":"Centurion and Healer","floor":37,"turns":6},{"damage":0,"enemies":"Collector","floor":39,"turns":9},{"damage":17,"enemies":"3 Darklings","floor":41,"turns":5},{"damage":16,"enemies":"3 Shapes","floor":43,"turns":4},{"damage":0,"enemies":"Sphere and 2 Shapes","floor":44,"turns":4},{"damage":0,"enemies":"Transient","floor":45,"turns":8},{"damage":0,"enemies":"Reptomancer","floor":47,"turns":5},{"damage":0,"enemies":"Writhing Mass","floor":48,"turns":5},{"damage":0,"enemies":"4 Shapes","floor":51,"turns":5},{"damage":0,"enemies":"Spire Growth","floor":52,"turns":4},{"damage":0,"enemies":"Giant Head","floor":53,"turns":7},{"damage":0,"enemies":"Maw","floor":56,"turns":6},{"damage":18,"enemies":"Time Eater","floor":58,"turns":7},{"damage":3,"enemies":"Awakened One","floor":59,"turns":6},{"damage":49,"enemies":"Shield and Spear","floor":63,"turns":7},{"damage":5,"enemies":"The Heart","floor":64,"turns":12}],"seed_played":"6610208016708225016","potions_obtained":[{"floor":1.0,"key":"Energy Potion"},{"floor":2.0,"key":"GamblersBrew"},{"floor":6.0,"key":"DistilledChaos"},{"floor":15,"key":"SteroidPotion"},{"floor":30,"key":"Energy Potion"},{"floor":47,"key":"AttackPotion"},{"floor":51,"key":"Energy Potion"},{"floor":52,"key":"Explosive Potion"},{"floor":63,"key":"StancePotion"}],"is_trial":false,"path_per_floor":["M","M","$","M","?","M","E","$","R","E","T","R","?","E","M","R","?","$","R","R","B",null,"M","?","?","M","$","E","R","E","T","T","R","?","T","M","M","R","B",null,"M","$","M","M","M","R","E","M","T","T","M","M","E","R","$","M","R","B","B",null,"R","$","E","B",null],"character_chosen":"WATCHER","items_purchased":["Tantrum","Adaptation","TalkToTheHand","ClockworkSouvenir"],"campfire_rested":2,"item_purchase_floors":[3,8,27,42],"current_hp_per_floor":[54,54,54,54,54,41,24,24,44,42,42,42,42,42,40,40,28,28,28,28,28,58,46,46,46,46,46,39,39,39,39,39,39,39,39,35,35,35,35,60,43,43,27,27,27,27,32,32,32,32,32,32,32,52,52,52,52,34,36,60,60,60,11,16],"gold":73,"neow_bonus":"UPGRADE_CARD","is_daily":false,"chose_seed":false,"campfire_upgraded":9,"win_rate":0.0,"timestamp":1611097504,"path_taken":["M","?","$","M","?","M","E","?","R","E","T","R","?","E","M","R","?","$","R","R","BOSS","M","?","?","M","?","E","R","E","T","T","R","?","?","M","M","R","BOSS","M","$","M","M","?","R","E","M","T","T","M","M","E","R","?","M","R","BOSS","BOSS","R","$","E","BOSS"],"items_purchased_type":["Card","Card","Card","Relic"],"build_version":"2020-12-22","purchased_purges":4,"victory":true,"max_hp_per_floor":[68,68,68,68,68,68,68,68,68,68,68,68,68,68,68,68,68,68,68,68,68,68,68,68,68,68,68,68,68,68,68,68,68,68,68,68,68,68,68,68,68,68,68,68,68,68,68,68,68,68,68,68,68,68,68,68,68,68,68,68,68,68,68,68],"card_choices":[{"not_picked":["Conclude","FlyingSleeves"],"picked":"FearNoEvil","floor":1.0},{"not_picked":["PathToVictory","ThirdEye"],"picked":"FlyingSleeves","floor":2.0},{"not_picked":["JustLucky","ClearTheMind"],"picked":"BowlingBash","floor":4.0},{"not_picked":["SashWhip","Collect","BowlingBash"],"picked":"SKIP","floor":6.0},{"not_picked":["WaveOfTheHand","TalkToTheHand"],"picked":"Adaptation","floor":7},{"not_picked":["ThirdEye","Pray","Fasting2"],"picked":"SKIP","floor":10},{"not_picked":["Prostrate","EmptyMind"],"picked":"TalkToTheHand","floor":14},{"not_picked":["Vengeance","BattleHymn"],"picked":"EmptyFist","floor":15},{"not_picked":["Establishment","Judgement"],"picked":"Vault","floor":21},{"not_picked":["Crescendo","Vengeance","Prostrate"],"picked":"SKIP","floor":23},{"not_picked":["FollowUp","FlurryOfBlows"],"picked":"EmptyBody+1","floor":26},{"not_picked":["Evaluate+1","Crescendo+1"],"picked":"SpiritShield+1","floor":28},{"not_picked":["EmptyMind+1","FlurryOfBlows","Vengeance+1"],"picked":"SKIP","floor":30},{"not_picked":["Pray+1","Evaluate+1"],"picked":"TalkToTheHand+1","floor":36},{"not_picked":["CrushJoints","BowlingBash","Evaluate+1"],"picked":"SKIP","floor":37},{"not_picked":["ConjureBlade+1","DeusExMachina+1"],"picked":"Vault+1","floor":39},{"not_picked":["Consecrate+1","Adaptation+1","Crescendo+1"],"picked":"SKIP","floor":41},{"not_picked":["SashWhip+1","BowlingBash","Prostrate+1"],"picked":"SKIP","floor":43},{"not_picked":["SashWhip","Consecrate+1","SandsOfTime"],"picked":"SKIP","floor":44},{"not_picked":["Prostrate+1","ClearTheMind+1","PathToVictory+1"],"picked":"SKIP","floor":45},{"not_picked":["Prostrate+1","PathToVictory+1"],"picked":"ClearTheMind+1","floor":45},{"not_picked":["Establishment","Conclude+1","CutThroughFate"],"picked":"SKIP","floor":47},{"not_picked":["CutThroughFate+1","Swivel+1","Halt+1"],"picked":"SKIP","floor":48},{"not_picked":["Weave","BattleHymn","LikeWater"],"picked":"SKIP","floor":51},{"not_picked":["CutThroughFate","Crescendo+1","Collect+1"],"picked":"SKIP","floor":52},{"not_picked":["ThirdEye+1","Tantrum","JustLucky+1"],"picked":"SKIP","floor":53},{"not_picked":["Study","Nirvana","DeceiveReality+1"],"picked":"SKIP","floor":56},{"not_picked":["CrushJoints","ClearTheMind+1","Blasphemy+1"],"picked":"SKIP","floor":63}],"player_experience":2298270,"relics_obtained":[{"floor":7,"key":"Dota2Spire:ArmletOfMordiggian"},{"floor":10,"key":"Dota2Spire:Vanguard"},{"floor":11,"key":"Toy Ornithopter"},{"floor":14,"key":"Kunai"},{"floor":17,"key":"Odd Mushroom"},{"floor":28,"key":"Toxic Egg 2"},{"floor":30,"key":"Dota2Spire:ShivaGuard"},{"floor":31,"key":"Sundial"},{"floor":35,"key":"Bag of Marbles"},{"floor":40,"key":"Dota2Spire:PowerTreads"},{"floor":40,"key":"Dota2Spire:BattleFury"},{"floor":40,"key":"TungstenRod"},{"floor":47,"key":"Potion Belt"},{"floor":49,"key":"Mercury Hourglass"},{"floor":50,"key":"InkBottle"},{"floor":53,"key":"White Beast Statue"},{"floor":63,"key":"Gremlin Horn"}],"event_choices":[{"damage_healed":0.0,"max_hp_gain":0.0,"max_hp_loss":0.0,"gold_gain":50.0,"event_name":"Golden Shrine","player_choice":"Pray","floor":5.0,"gold_loss":0.0,"damage_taken":0.0},{"damage_healed":0,"gold_gain":0,"player_choice":"Ignored","damage_taken":0,"max_hp_gain":0,"max_hp_loss":0,"event_name":"Liars Game","floor":13,"gold_loss":0},{"damage_healed":0,"gold_gain":0,"player_choice":"Fought Mushrooms","damage_taken":0,"max_hp_gain":0,"max_hp_loss":0,"event_name":"Mushrooms","floor":17,"gold_loss":0},{"cards_removed":["BattleHymn"],"damage_healed":0,"gold_gain":0,"player_choice":"Elegance","damage_taken":0,"max_hp_gain":0,"max_hp_loss":0,"event_name":"Back to Basics","floor":24,"gold_loss":0},{"cards_removed":["Strike_P"],"damage_healed":0,"gold_gain":0,"player_choice":"Gave Gold","damage_taken":0,"max_hp_gain":0,"max_hp_loss":0,"event_name":"Beggar","floor":25,"gold_loss":75},{"damage_healed":0,"gold_gain":0,"player_choice":"Ignored","damage_taken":0,"max_hp_gain":0,"max_hp_loss":0,"event_name":"Cursed Tome","floor":34,"gold_loss":0}],"is_beta":false,"boss_relics":[{"not_picked":["Empty Cage","Tiny House"],"picked":"Astrolabe"},{"not_picked":["Cursed Key","Busted Crown"],"picked":"Calling Bell"}],"items_purged_floors":[3,18,42,55],"is_endless":false,"potions_floor_spawned":[1,2,6,15,17,21,26,30,37,39,45,47,51,52,56,63],"ascension_level":20}}