{"host":"8by3m8mve9y2rhh4","time":1611063663,"event":{"mods":["BaseMod","Minty Spire (QoL Compilation)","Quick Restart"],"gold_per_floor":[115,133,133,5,15,41,55,115,115,115,15,44,58,87,87,187,187,199,199,214,214,233,260,276,276,276],"floor_reached":25,"language":"ENG","playtime":974,"items_purged":["Strike_G","Strike_G"],"score":255,"play_id":"9aed074a-4539-4c20-9188-1fdc879f42bd","local_time":"20210119134103","is_ascension_mode":true,"campfire_choices":[{"floor":10,"key":"REST"},{"floor":15,"key":"REST"}],"circlet_count":0,"master_deck":["Defend_G","Defend_G","Defend_G","Defend_G","Defend_G","Survivor","Neutralize","Quick Slash","Poisoned Stab","Dagger Spray","Quick Slash","Tools of the Trade","Dagger Spray","Infinite Blades","Poisoned Stab","A Thousand Cuts","Accuracy+1","Slice+1","Acrobatics+1","Blade Dance","J.A.X.","Terror","Backflip","Blade Dance","Blade Dance"],"relics":["SlaversCollar","Gremlin Horn","Pantograph","Sundial","Oddly Smooth Stone","Bag of Marbles","Astrolabe","Kunai"],"acts_visited":["Exordium","TheCity"],"potions_floor_usage":[6,12,16,16,20,21,22,23],"damage_taken":[{"damage":0,"enemies":"2 Louse","floor":1,"turns":4},{"damage":0,"enemies":"Small Slimes","floor":2,"turns":3},{"damage":0,"enemies":"Cultist","floor":5,"turns":3},{"damage":12,"enemies":"3 Sentries","floor":6,"turns":7},{"damage":12,"enemies":"Looter","floor":7,"turns":3},{"damage":1,"enemies":"3 Sentries","floor":8,"turns":4},{"damage":16,"enemies":"Lagavulin","floor":12,"turns":4},{"damage":7,"enemies":"Blue Slaver","floor":13,"turns":4},{"damage":12,"enemies":"3 Sentries","floor":14,"turns":4},{"damage":23,"enemies":"Slime Boss","floor":16,"turns":5},{"damage":3,"enemies":"Chosen","floor":18,"turns":5},{"damage":16,"enemies":"3 Byrds","floor":20,"turns":3},{"damage":27,"enemies":"Centurion and Healer","floor":22,"turns":5},{"damage":7,"enemies":"Gremlin Leader","floor":23,"turns":4},{"damage":7,"enemies":"Snecko","floor":24,"turns":4},{"damage":15,"enemies":"Book of Stabbing","floor":25,"turns":2}],"seed_played":"4359523333958985720","potions_obtained":[{"floor":2,"key":"CultistPotion"},{"floor":7,"key":"Explosive Potion"},{"floor":8,"key":"ColorlessPotion"},{"floor":12,"key":"BlessingOfTheForge"},{"floor":18,"key":"AttackPotion"},{"floor":21,"key":"Fire Potion"},{"floor":21,"key":"Fruit Juice"},{"floor":21,"key":"CunningPotion"}],"is_trial":false,"path_per_floor":["M","M","?","$","M","E","M","?","T","R","$","E","M","E","R","B",null,"M","?","M","?","M","E","M","E"],"character_chosen":"THE_SILENT","items_purchased":["Dagger Spray"],"campfire_rested":2,"item_purchase_floors":[4],"current_hp_per_floor":[70,70,70,70,70,58,46,45,45,66,66,50,43,31,52,47,70,67,67,51,56,29,22,15,0,0],"gold":276,"neow_bonus":"BOSS_RELIC","is_daily":false,"chose_seed":false,"campfire_upgraded":0,"win_rate":0.0,"timestamp":1611063663,"path_taken":["M","M","?","$","M","E","M","?","T","R","$","E","M","E","R","BOSS","M","?","M","?","M","E","M","E"],"items_purchased_type":["Card"],"build_version":"2020-12-22","purchased_purges":2,"victory":false,"max_hp_per_floor":[70,70,70,70,70,70,70,70,70,70,70,70,70,70,70,70,70,70,70,70,75,75,75,75,75,75],"card_choices":[{"not_picked":["Slice","Outmaneuver"],"picked":"Quick Slash","floor":1},{"not_picked":["Dagger Throw","Sucker Punch"],"picked":"Poisoned Stab","floor":2},{"not_picked":["Deflect","Skewer"],"picked":"Quick Slash","floor":5},{"not_picked":["Deflect","Calculated Gamble"],"picked":"Tools of the Trade","floor":6},{"not_picked":["Deflect","Flying Knee"],"picked":"Dagger Spray","floor":7},{"not_picked":["Acrobatics","Flying Knee"],"picked":"Infinite Blades","floor":8},{"not_picked":["Heel Hook","Quick Slash","Die Die Die"],"picked":"SKIP","floor":12},{"not_picked":["Prepared","Acrobatics"],"picked":"Poisoned Stab","floor":13},{"not_picked":["Quick Slash","Endless Agony","Crippling Poison"],"picked":"SKIP","floor":14},{"not_picked":["Glass Knife","Night Terror"],"picked":"A Thousand Cuts","floor":16},{"not_picked":["Dodge and Roll","Skewer"],"picked":"Blade Dance","floor":18},{"not_picked":["Prepared+1","Poisoned Stab"],"picked":"Terror","floor":20},{"not_picked":["Deflect","Underhanded Strike+1"],"picked":"Backflip","floor":22},{"not_picked":["Endless Agony","Heel Hook"],"picked":"Blade Dance","floor":23},{"not_picked":["Catalyst","Dagger Throw+1"],"picked":"Blade Dance","floor":24}],"player_experience":712641,"relics_obtained":[{"floor":6,"key":"Gremlin Horn"},{"floor":8,"key":"Pantograph"},{"floor":9,"key":"Sundial"},{"floor":12,"key":"Oddly Smooth Stone"},{"floor":14,"key":"Bag of Marbles"},{"floor":23,"key":"Kunai"}],"event_choices":[{"damage_healed":0,"gold_gain":0,"player_choice":"Ignored","damage_taken":0,"max_hp_gain":0,"max_hp_loss":0,"event_name":"Liars Game","floor":3,"gold_loss":0},{"damage_healed":0,"gold_gain":30,"player_choice":"Searched \u00273\u0027 times","damage_taken":0,"max_hp_gain":0,"max_hp_loss":0,"event_name":"Dead Adventurer","floor":8,"gold_loss":0},{"damage_healed":0,"gold_gain":0,"player_choice":"Obtain J.A.X.","damage_taken":0,"max_hp_gain":0,"max_hp_loss":0,"event_name":"Drug Dealer","floor":19,"gold_loss":0,"cards_obtained":["J.A.X."]},{"damage_healed":0,"gold_gain":0,"player_choice":"Got Potions","damage_taken":0,"max_hp_gain":0,"max_hp_loss":0,"event_name":"Lab","floor":21,"gold_loss":0}],"is_beta":false,"boss_relics":[{"not_picked":["Runic Dome","HoveringKite"],"picked":"Astrolabe"}],"items_purged_floors":[4,11],"is_endless":false,"potions_floor_spawned":[2,7,8,12,18],"killed_by":"Book of Stabbing","ascension_level":1}}