{"host":"jscggscbx0p7706o","time":1611030133,"event":{"mods":["AchievementEnabler","BaseMod","Block Reminder","Colored Powertips","Filter the Spire","Minty Spire (QoL Compilation)","Permanent Neow","Quick Restart","StSLib"],"gold_per_floor":[14,29,29,46,60,92,17,17,17,41,41,52,79,79,95,95,199,199,219,233,10,29,29,29,29,29,56,68,85,102,102,122,122,221,221,232,232,232],"floor_reached":37,"language":"ENG","playtime":1474,"items_purged":["Strike_R"],"score":555,"play_id":"8db80cdb-a782-4a63-8aa9-2d91526c5dbe","local_time":"20210119122213","is_ascension_mode":true,"campfire_choices":[{"data":"Uppercut","floor":8.0,"key":"SMITH"},{"data":"Offering","floor":16.0,"key":"SMITH"},{"data":"Spot Weakness","floor":24.0,"key":"SMITH"},{"data":"Fiend Fire","floor":33.0,"key":"SMITH"}],"circlet_count":0,"master_deck":["Strike_R","Strike_R","Defend_R","Defend_R","Defend_R","Defend_R","Bash+1","Shrug It Off","Dropkick+1","Uppercut+1","Headbutt","Offering+1","Evolve","Headbutt","Limit Break","Iron Wave","Fiend Fire+1","Shrug It Off+1","Spot Weakness+1","Inflame","Spot Weakness","Corruption","Flex+1"],"relics":["Burning Blood","Ice Cream","Self Forming Clay","Meat on the Bone","Whetstone","White Beast Statue","Velvet Choker","Membership Card","Bag of Marbles","HornCleat","Pen Nib","Cursed Key"],"acts_visited":["Exordium","TheCity","TheBeyond"],"potions_floor_usage":[36],"damage_taken":[{"damage":6.0,"enemies":"2 Louse","floor":1.0,"turns":4.0},{"damage":1.0,"enemies":"Cultist","floor":2.0,"turns":3.0},{"damage":0.0,"enemies":"Jaw Worm","floor":4.0,"turns":4.0},{"damage":4.0,"enemies":"2 Fungi Beasts","floor":5.0,"turns":5.0},{"damage":25.0,"enemies":"Gremlin Nob","floor":6.0,"turns":4.0},{"damage":2.0,"enemies":"Red Slaver","floor":12.0,"turns":4.0},{"damage":21.0,"enemies":"3 Sentries","floor":13.0,"turns":7.0},{"damage":6.0,"enemies":"Exordium Wildlife","floor":15.0,"turns":5.0},{"damage":31.0,"enemies":"The Guardian","floor":17.0,"turns":11.0},{"damage":11.0,"enemies":"2 Thieves","floor":19.0,"turns":3.0},{"damage":0.0,"enemies":"Spheric Guardian","floor":20.0,"turns":3.0},{"damage":10.0,"enemies":"Snake Plant","floor":22.0,"turns":3.0},{"damage":6.0,"enemies":"Centurion and Healer","floor":28.0,"turns":3.0},{"damage":15.0,"enemies":"Shelled Parasite and Fungi","floor":29.0,"turns":4.0},{"damage":6.0,"enemies":"Snecko","floor":30.0,"turns":3.0},{"damage":6.0,"enemies":"Snake Plant","floor":32.0,"turns":1.0},{"damage":24.0,"enemies":"Collector","floor":34.0,"turns":5.0},{"damage":53,"enemies":"3 Shapes","floor":36,"turns":4},{"damage":40,"enemies":"3 Darklings","floor":37,"turns":4}],"seed_played":"-1423160538010494056","potions_obtained":[{"floor":5.0,"key":"ColorlessPotion"},{"floor":12.0,"key":"AttackPotion"},{"floor":13.0,"key":"Fire Potion"},{"floor":20.0,"key":"Fire Potion"},{"floor":22.0,"key":"FearPotion"},{"floor":32.0,"key":"SteroidPotion"},{"floor":36,"key":"GamblersBrew"}],"is_trial":false,"path_per_floor":["M","M","?","M","M","E","$","R","T","T","?","M","E","?","M","R","B",null,"M","M","$","M","T","R","?","?","T","M","M","M","?","M","R","B",null,"M","M"],"character_chosen":"IRONCLAD","items_purchased":["Membership Card","Bag of Marbles"],"campfire_rested":0,"item_purchase_floors":[21,21],"current_hp_per_floor":[72,77,77,80,80,61,61,61,61,61,54,58,55,55,55,55,42,71,66,72,72,68,68,68,68,68,68,68,59,59,59,59,59,53,73,38,0,0],"gold":232,"neow_bonus":"ONE_RARE_RELIC","is_daily":false,"chose_seed":false,"campfire_upgraded":4,"win_rate":0.0,"timestamp":1611030133,"path_taken":["M","M","?","M","?","E","$","R","T","?","?","?","E","?","M","R","BOSS","M","M","$","M","?","R","?","?","T","M","M","?","?","M","R","BOSS","M","M"],"items_purchased_type":["Relic","Relic"],"build_version":"2020-12-22","purchased_purges":1,"victory":false,"max_hp_per_floor":[80,80,80,80,80,80,80,80,80,80,80,80,80,80,80,80,80,80,80,80,80,80,80,80,80,80,80,80,80,80,80,80,80,80,80,80,80,80],"card_choices":[{"not_picked":["Pommel Strike","Second Wind"],"picked":"Shrug It Off","floor":1.0},{"not_picked":["Rampage","Wild Strike"],"picked":"Dropkick","floor":2.0},{"not_picked":["Metallicize","Rage","Heavy Blade"],"picked":"SKIP","floor":4.0},{"not_picked":["Bloodletting","Thunderclap"],"picked":"Uppercut","floor":5.0},{"not_picked":["Feel No Pain","Twin Strike"],"picked":"Headbutt","floor":6.0},{"not_picked":["Warcry","Hemokinesis"],"picked":"Offering","floor":12.0},{"not_picked":["Offering","Sword Boomerang"],"picked":"Evolve","floor":13.0},{"not_picked":["Sword Boomerang","Heavy Blade"],"picked":"Iron Wave","floor":15.0},{"not_picked":["Limit Break","Juggernaut"],"picked":"Fiend Fire","floor":17.0},{"not_picked":["Dual Wield","Sword Boomerang"],"picked":"Shrug It Off+1","floor":19.0},{"not_picked":["Burning Pact","Twin Strike","Anger"],"picked":"SKIP","floor":20.0},{"not_picked":["Dual Wield","Iron Wave"],"picked":"Spot Weakness","floor":22.0},{"not_picked":["Shrug It Off","Havoc+1","Sentinel"],"picked":"SKIP","floor":28.0},{"not_picked":["Seeing Red","Hemokinesis"],"picked":"Spot Weakness","floor":29.0},{"not_picked":["Sever Soul","Combust","Hemokinesis+1"],"picked":"SKIP","floor":30.0},{"not_picked":["Sword Boomerang","True Grit","Seeing Red+1"],"picked":"SKIP","floor":32.0},{"not_picked":["Demon Form","Double Tap"],"picked":"Corruption","floor":34.0},{"not_picked":["Spot Weakness","Thunderclap"],"picked":"Flex+1","floor":36}],"player_experience":301754,"relics_obtained":[{"floor":6.0,"key":"Self Forming Clay"},{"floor":9.0,"key":"Meat on the Bone"},{"floor":10.0,"key":"Whetstone"},{"floor":13.0,"key":"White Beast Statue"},{"floor":23.0,"key":"HornCleat"},{"floor":27.0,"key":"Pen Nib"}],"event_choices":[{"cards_removed":["Strike_R"],"damage_healed":0.0,"max_hp_gain":0.0,"max_hp_loss":0.0,"gold_gain":0.0,"event_name":"Bonfire Elementals","player_choice":"Offered Basic","floor":3.0,"gold_loss":0.0,"damage_taken":0.0},{"cards_removed":["Strike_R"],"damage_healed":0.0,"max_hp_gain":0.0,"max_hp_loss":0.0,"gold_gain":0.0,"event_name":"Golden Wing","player_choice":"Card Removal","floor":11.0,"gold_loss":0.0,"damage_taken":7.0},{"damage_healed":0.0,"max_hp_gain":0.0,"max_hp_loss":0.0,"gold_gain":0.0,"event_name":"Match and Keep!","player_choice":"2 cards matched","floor":14.0,"gold_loss":0.0,"damage_taken":0.0,"cards_obtained":["Headbutt","Limit Break"]},{"damage_healed":0.0,"max_hp_gain":0.0,"max_hp_loss":0.0,"gold_gain":0.0,"event_name":"The Library","player_choice":"Read","floor":25.0,"gold_loss":0.0,"damage_taken":0.0,"cards_obtained":["Inflame"]},{"damage_healed":0.0,"max_hp_gain":0.0,"max_hp_loss":0.0,"gold_gain":0.0,"event_name":"Lab","player_choice":"Got Potions","floor":26.0,"gold_loss":0.0,"damage_taken":0.0},{"damage_healed":0.0,"max_hp_gain":0.0,"max_hp_loss":0.0,"gold_gain":0.0,"event_name":"Ghosts","player_choice":"Ignored","floor":31.0,"gold_loss":0.0,"damage_taken":0.0}],"is_beta":false,"boss_relics":[{"not_picked":["Calling Bell","Runic Cube"],"picked":"Velvet Choker"},{"not_picked":["Astrolabe","Mark of Pain"],"picked":"Cursed Key"}],"items_purged_floors":[7],"is_endless":false,"potions_floor_spawned":[5,12,13,15,17,19,20,22,28,29,30,32,34,36],"killed_by":"3 Darklings","ascension_level":9}}