{"host":"fm9e0lfunjlbhzxv","time":1611019310,"event":{"mods":["2.2 Compatiblity","Alarm Clock","Astrologer","BaseMod","Bestiary","Better Match","Better Skull","Better Third Choice","Colored Map","Colored Powertips","Energized Spire","Good Game Mod","Key Reminder","Koishi","Marisa????????","Mimic Mod","Minty Spire (QoL Compilation)","Permanent Neow","Rare Cards Sparkle","Reimu??????","Relic Stats","Remilia??????","Spicy Shops","StSLib","The Administrix","The Blue Laboratory","The Servant 0.9.4","The Vixen","Trackpad","slay the spire mod where everything is the same but ironclad has a cowboy hat"],"gold_per_floor":[213,229,3,20,20,20,52,69,69,69,101,114,127,156,156,252,252,269,280,280,298,331,377,75,110,110,142,57,68,115,115,115,211,211,227,227,278,291,302,336,336,336,336,336,354,373,399,416,416,416,416,416,29,60,60],"floor_reached":56,"language":"ENG","playtime":4719,"items_purged":["Defend_MRS","Strike_MRS"],"score":1496,"play_id":"34e03600-958a-4a26-8c71-40717d677aa4","local_time":"20210118172150","is_ascension_mode":true,"campfire_choices":[{"data":"UpSweep","floor":6,"key":"SMITH"},{"data":"AsteroidBelt","floor":10,"key":"SMITH"},{"data":"AsteroidBelt","floor":15,"key":"SMITH"},{"floor":32,"key":"REST"},{"data":"MurderousAura","floor":41,"key":"SMITH"},{"floor":44,"key":"RECALL"},{"data":"UltimateShortwave","floor":49,"key":"SMITH"},{"data":"CollectingQuirk","floor":52,"key":"SMITH"}],"circlet_count":0,"master_deck":["MasterSpark","UpSweep+1","AsteroidBelt+1","AsteroidBelt+1","StarBarrage","GrandCross","ManaConvection","StarlightTyphoon","UltimateShortwave+1","StarlightTyphoon","PulseMagic","GalacticHalo","RefractionSpark","EscapeVelocity","MurderousAura+1","NonDirectionalLaser+1","Singularity","MeteoricShower","SporeBomb","ChargeUpSpray+1","TreasureHunter","CollectingQuirk+1","OortCloud+1","ManaConvection","Acceleration","Orbital","Dark Shackles","Chrysalis","Thinking Ahead","MagicChant+1","Orbital+1","UltimateShortwave+1","ManaConvection+1"],"relics":["MiniHakkero","REME:ComplimentaryCards","Lantern","Bag of Preparation","AntiCross","Nunchaku","Pandora\u0027s Box","Vajra","Lee\u0027s Waffle","Strawberry","Letter Opener","trackpad:WindUpAutoDealer","Eternal Feather","MutagenicStrength","MagicBroom","energizedSpire:DeadBattery","CatCart","Anchor","Pen Nib","Oddly Smooth Stone","trackpad:DisasterInABottle","Bag of Marbles","Tea:ReiMu","DollysMirror","Mercury Hourglass","trackpad:PetRock"],"acts_visited":["Exordium","TheCity","TheBeyond","TheEnding"],"potions_floor_usage":[7,14,16,37,40,45,55],"damage_taken":[{"damage":3,"enemies":"Jaw Worm","floor":1,"turns":3},{"damage":1,"enemies":"Cultist","floor":2,"turns":4},{"damage":0,"enemies":"2 Louse","floor":4,"turns":2},{"damage":10,"enemies":"Gremlin Nob","floor":7,"turns":5},{"damage":2,"enemies":"Looter","floor":8,"turns":3},{"damage":9,"enemies":"3 Sentries","floor":11,"turns":6},{"damage":0,"enemies":"Large Slime","floor":12,"turns":3},{"damage":0,"enemies":"3 Louse","floor":13,"turns":2},{"damage":7,"enemies":"Lagavulin","floor":14,"turns":3},{"damage":2,"enemies":"Slime Boss","floor":16,"turns":3},{"damage":0,"enemies":"Chosen","floor":18,"turns":3},{"damage":6,"enemies":"Spheric Guardian","floor":19,"turns":3},{"damage":4,"enemies":"Cultist and Chosen","floor":21,"turns":3},{"damage":4,"enemies":"Shelled Parasite and Fungi","floor":22,"turns":4},{"damage":52,"enemies":"Gremlin Leader","floor":23,"turns":5},{"damage":6,"enemies":"Slavers","floor":25,"turns":4},{"damage":0,"enemies":"Sentry and Sphere","floor":27,"turns":4},{"damage":25,"enemies":"Snake Plant","floor":29,"turns":3},{"damage":25,"enemies":"Gremlin Leader","floor":30,"turns":4},{"damage":31,"enemies":"Collector","floor":33,"turns":4},{"damage":0,"enemies":"Orb Walker","floor":35,"turns":1},{"damage":16,"enemies":"Orin","floor":37,"turns":4},{"damage":0,"enemies":"3 Darklings","floor":38,"turns":2},{"damage":0,"enemies":"Spire Growth","floor":39,"turns":2},{"damage":0,"enemies":"Nemesis","floor":40,"turns":5},{"damage":15,"enemies":"Maw","floor":45,"turns":4},{"damage":0,"enemies":"3 Darklings","floor":46,"turns":3},{"damage":24,"enemies":"Reptomancer","floor":47,"turns":4},{"damage":2,"enemies":"Writhing Mass","floor":48,"turns":5},{"damage":32,"enemies":"Awakened One","floor":50,"turns":5},{"damage":6,"enemies":"Shield and Spear","floor":54,"turns":2},{"damage":73,"enemies":"The Heart","floor":55,"turns":6}],"seed_played":"2820650855480350600","potions_obtained":[{"floor":1,"key":"Weak Potion"},{"floor":7,"key":"DuplicationPotion"},{"floor":12,"key":"blueLaboratory:FruitPunch"},{"floor":14,"key":"blueLaboratory:FruitPunch"},{"floor":16,"key":"SteroidPotion"},{"floor":21,"key":"Explosive Potion"},{"floor":22,"key":"blueLaboratory:FrostheartPotion"},{"floor":29,"key":"blueLaboratory:CorrosionFlask"},{"floor":38,"key":"blueLaboratory:HummingbirdPotion"},{"floor":40,"key":"blueLaboratory:PhilterOfMotion"},{"floor":45,"key":"ColorlessPotion"}],"is_trial":false,"path_per_floor":["M","M","$","M","?","R","E","M","T","R","E","M","M","E","R","B",null,"M","M","?","M","M","E","$","E","T","M","?","M","E","?","R","B",null,"M","?","?","M","M","E","R","?","T","R","M","M","E","M","R","B",null,"R","$","E","B",null],"character_chosen":"MARISA","items_purchased":["blueLaboratory:FruitPunch","Lee\u0027s Waffle","Strawberry","DollysMirror","Mercury Hourglass"],"campfire_rested":1,"item_purchase_floors":[3,24,24,53,53],"current_hp_per_floor":[72,71,71,71,71,71,63,61,61,61,52,52,52,47,47,47,81,81,75,75,71,67,15,95,89,89,89,89,64,39,39,79,48,95,95,95,79,79,79,79,94,84,84,95,80,80,56,54,72,40,95,95,95,89,16],"gold":60,"neow_bonus":"HUNDRED_GOLD","is_daily":false,"chose_seed":false,"campfire_upgraded":6,"win_rate":0.0,"timestamp":1611019310,"path_taken":["M","M","$","M","?","R","E","M","T","R","E","M","M","E","R","BOSS","M","M","?","M","M","E","$","E","T","M","?","M","E","?","R","BOSS","M","?","?","M","M","E","R","?","T","R","M","M","E","M","R","BOSS","R","$","E","BOSS"],"items_purchased_type":["Potion","Relic","Relic","Relic","Relic"],"build_version":"2020-12-22","purchased_purges":2,"victory":true,"max_hp_per_floor":[75,75,75,75,75,75,77,77,77,77,77,77,77,79,79,81,81,81,81,81,81,81,81,95,95,95,95,95,95,95,95,95,95,95,95,95,95,95,95,95,95,95,95,95,95,95,95,95,95,95,95,95,95,95,95],"relic_stats":{"Nunchaku":[16],"Lee\u0027s Waffle":73,"counters":[32,114],"Pandora\u0027s Box":["StarlightTyphoon","PulseMagic","GalacticHalo","RefractionSpark","EscapeVelocity"],"Eternal Feather":56,"Pen Nib":[5],"Bag of Preparation":[54],"Letter Opener":[182],"obtain_stats":[{"Lantern":7,"Vajra":23,"Tea:ReiMu":47,"trackpad:PetRock":54,"Bag of Preparation":9,"trackpad:DisasterInABottle":43,"Nunchaku":14,"DollysMirror":53,"Strawberry":24,"AntiCross":11,"Lee\u0027s Waffle":24,"MagicBroom":33,"Oddly Smooth Stone":40,"Eternal Feather":30,"Pen Nib":40,"Letter Opener":25,"energizedSpire:DeadBattery":34,"Mercury Hourglass":53,"keyreminder:keyreminder":26,"REME:ComplimentaryCards":0,"Anchor":37,"MutagenicStrength":31,"Pandora\u0027s Box":17,"Bag of Marbles":47,"MiniHakkero":0,"CatCart":37,"trackpad:WindUpAutoDealer":28},{"Lantern":4,"Vajra":15,"Tea:ReiMu":28,"trackpad:PetRock":31,"Bag of Preparation":5,"trackpad:DisasterInABottle":25,"Nunchaku":9,"DollysMirror":30,"Strawberry":15,"AntiCross":6,"Lee\u0027s Waffle":15,"MagicBroom":20,"Oddly Smooth Stone":25,"Eternal Feather":19,"Pen Nib":25,"Letter Opener":16,"energizedSpire:DeadBattery":20,"Mercury Hourglass":30,"keyreminder:keyreminder":16,"REME:ComplimentaryCards":0,"Anchor":22,"MutagenicStrength":19,"Pandora\u0027s Box":10,"Bag of Marbles":28,"MiniHakkero":0,"CatCart":22,"trackpad:WindUpAutoDealer":17},{"Lantern":14,"Vajra":52,"Tea:ReiMu":96,"trackpad:PetRock":108,"Bag of Preparation":17,"trackpad:DisasterInABottle":85,"Nunchaku":31,"DollysMirror":106,"Strawberry":52,"AntiCross":23,"Lee\u0027s Waffle":52,"MagicBroom":71,"Oddly Smooth Stone":85,"Eternal Feather":67,"Pen Nib":85,"Letter Opener":56,"energizedSpire:DeadBattery":71,"Mercury Hourglass":106,"keyreminder:keyreminder":56,"REME:ComplimentaryCards":0,"Anchor":76,"MutagenicStrength":67,"Pandora\u0027s Box":34,"Bag of Marbles":96,"MiniHakkero":0,"CatCart":76,"trackpad:WindUpAutoDealer":60}],"Mercury Hourglass":[24]},"card_choices":[{"not_picked":["PowerUp","IllusionStar"],"picked":"AsteroidBelt","floor":1},{"not_picked":["ShootingEcho","GravityBeat"],"picked":"AsteroidBelt","floor":2},{"not_picked":["Orbital","6A","BlazeAway"],"picked":"SKIP","floor":4},{"not_picked":["AbsoluteMagnitude","DoubleSpark"],"picked":"StarBarrage","floor":7},{"not_picked":["EnergyRecoil","WitchLeyline"],"picked":"GrandCross","floor":8},{"not_picked":["DC","AsteroidBelt"],"picked":"ManaConvection","floor":11},{"not_picked":["EnergyRecoil","MagicChant","WitchLeyline"],"picked":"SKIP","floor":12},{"not_picked":["IllusionStar","ManaConvection"],"picked":"StarlightTyphoon","floor":13},{"not_picked":["PowerUp","GrandCross","BlazeAway"],"picked":"SKIP","floor":14},{"not_picked":["StarDustReverie","CasketOfStar"],"picked":"UltimateShortwave","floor":16},{"not_picked":["DC","DoubleSpark"],"picked":"NonDirectionalLaser+1","floor":18},{"not_picked":["Acceleration","AsteroidBelt"],"picked":"Singularity","floor":19},{"not_picked":["StarlightTyphoon","Acceleration"],"picked":"WitchOfGreed","floor":21},{"not_picked":["GrandCross","BinaryStars"],"picked":"MeteoricShower","floor":22},{"not_picked":["StarBarrage","AsteroidBelt","MilkyWay"],"picked":"SKIP","floor":23},{"not_picked":["ShootingEcho","GravityBeat+1"],"picked":"SporeBomb","floor":25},{"not_picked":["LuminesStrike","ManaConvection+1","StarlightTyphoon"],"picked":"SKIP","floor":27},{"not_picked":["GravityBeat","ShootTheMoon"],"picked":"ChargeUpSpray+1","floor":29},{"not_picked":["PowerUp+1","EscapeVelocity"],"picked":"TreasureHunter","floor":30},{"not_picked":["AbsoluteMagnitude","SatelliteIllusion"],"picked":"CollectingQuirk","floor":33},{"not_picked":["PowerUp+1","ShootTheMoon","GrandCross"],"picked":"SKIP","floor":35},{"not_picked":["ShootingEcho","ChargingUp"],"picked":"OortCloud+1","floor":37},{"not_picked":["NonDirectionalLaser+1","PowerUp"],"picked":"ManaConvection","floor":38},{"not_picked":["MeteoricShower+1","GrandCross+1"],"picked":"Acceleration","floor":39},{"not_picked":["WitchOfGreed+1","AsteroidBelt+1"],"picked":"Orbital","floor":40},{"not_picked":["Swift Strike","Good Instincts"],"picked":"Dark Shackles","floor":42},{"not_picked":["Impatience","Dark Shackles"],"picked":"Chrysalis","floor":42},{"not_picked":["Madness","Forethought"],"picked":"Thinking Ahead","floor":42},{"not_picked":["DoubleSpark+1","Acceleration"],"picked":"MagicChant+1","floor":45},{"not_picked":["MysteriousBeam","LuminesStrike","ShootingEcho"],"picked":"SKIP","floor":46},{"not_picked":["GravityBeat","CasketOfStar"],"picked":"Orbital+1","floor":47},{"not_picked":["OneTimeOff+1","GravityBeat+1","Singularity+1"],"picked":"SKIP","floor":48},{"not_picked":["WitchLeyline","GravityBeat+1"],"picked":"ManaConvection+1","floor":54}],"player_experience":642960,"relics_obtained":[{"floor":7,"key":"Lantern"},{"floor":9,"key":"Bag of Preparation"},{"floor":11,"key":"AntiCross"},{"floor":14,"key":"Nunchaku"},{"floor":23,"key":"Vajra"},{"floor":25,"key":"Letter Opener"},{"floor":30,"key":"Eternal Feather"},{"floor":33,"key":"MagicBroom"},{"floor":37,"key":"CatCart"},{"floor":37,"key":"Anchor"},{"floor":40,"key":"Pen Nib"},{"floor":40,"key":"Oddly Smooth Stone"},{"floor":43,"key":"trackpad:DisasterInABottle"},{"floor":47,"key":"Bag of Marbles"},{"floor":47,"key":"Tea:ReiMu"},{"floor":54,"key":"trackpad:PetRock"}],"event_choices":[{"cards_removed":["Strike_MRS"],"damage_healed":0,"gold_gain":0,"player_choice":"Offered Basic","damage_taken":0,"max_hp_gain":0,"max_hp_loss":0,"event_name":"Bonfire Elementals","floor":5,"gold_loss":0},{"damage_healed":0,"gold_gain":0,"player_choice":"Ignored","damage_taken":0,"max_hp_gain":0,"max_hp_loss":0,"event_name":"Ghosts","floor":20,"gold_loss":0},{"damage_healed":0,"gold_gain":0,"player_choice":"Obtained Relic","damage_taken":0,"relics_obtained":["trackpad:WindUpAutoDealer"],"max_hp_gain":0,"max_hp_loss":0,"event_name":"Addict","floor":28,"gold_loss":85},{"damage_healed":0,"gold_gain":0,"player_choice":"Inject Mutagens","damage_taken":0,"relics_obtained":["MutagenicStrength"],"max_hp_gain":0,"max_hp_loss":0,"event_name":"Drug Dealer","floor":31,"gold_loss":0},{"cards_removed":["WitchOfGreed"],"damage_healed":0,"gold_gain":0,"player_choice":"Removed Power","damage_taken":0,"max_hp_gain":0,"max_hp_loss":0,"event_name":"Falling","floor":36,"gold_loss":0},{"damage_healed":0,"gold_gain":0,"player_choice":"Fight","damage_taken":0,"max_hp_gain":0,"max_hp_loss":0,"event_name":"OrinTheCat","floor":37,"gold_loss":0},{"damage_healed":0,"gold_gain":0,"player_choice":"Memory 3","damage_taken":10,"max_hp_gain":0,"max_hp_loss":0,"event_name":"SensoryStone","floor":42,"gold_loss":0}],"is_beta":false,"boss_relics":[{"not_picked":["trackpad:Trackpad","energizedSpire:CursedPentagram"],"picked":"Pandora\u0027s Box"},{"not_picked":["energizedSpire:RedRose","ExperimentalFamiliar"],"picked":"energizedSpire:DeadBattery"}],"items_purged_floors":[3,3],"is_endless":false,"potions_floor_spawned":[1,7,12,14,16,19,21,25,33,35,38,40,45,54],"ascension_level":1}}