{"host":"0ueeacaatm8t6jyh","time":1611074413,"event":{"mods":["AchievementEnabler","BaseMod","Colored Powertips","Minty Spire (QoL Compilation)","Quick Restart","Rare Cards Sparkle","Shop Mod","StSLib"],"gold_per_floor":[20,20,34,34,34,34,34,59,105,105,148,162,162,13,13,139,439,452,473,203,217,117,153,153,166,166,166,291,291,17,31,31,156,156,174,188,207,57,57,57,75,75,75,75,100,114,114,64,64,64],"floor_reached":51,"language":"ZHS","playtime":1959,"items_purged":["Zap","Dualcast","Strike_B","Defend_B"],"score":930,"play_id":"85ec27ff-dd4e-4827-80cb-b928d8768e96","local_time":"20210120004013","is_ascension_mode":true,"campfire_choices":[{"data":"Reprogram","floor":6.0,"key":"SMITH"},{"data":"Hyperbeam","floor":10.0,"key":"SMITH"},{"floor":13.0,"key":"REST"},{"data":"Reprogram","floor":15.0,"key":"SMITH"},{"data":"Double Energy","floor":24.0,"key":"SMITH"},{"data":"Fusion","floor":27.0,"key":"SMITH"},{"floor":32.0,"key":"REST"},{"floor":40.0,"key":"REST"},{"floor":42.0,"key":"REST"},{"floor":47.0,"key":"REST"},{"floor":49.0,"key":"REST"}],"circlet_count":0,"master_deck":["Defend_B","Defend_B","Defend_B","Chill","Reprogram+1","Hyperbeam+1","Coolheaded","Rip and Tear+1","Reprogram+1","Meteor Strike","CurseOfTheBell","BootSequence+1","Hologram+1","FTL+1","Double Energy+1","Reinforced Body+1","Fusion+1","Compile Driver+1","Core Surge","Beam Cell+1","Recycle+1","Gash+1","Writhe","Fission"],"relics":["Cracked Core","Golden Idol","StoneCalendar","Ancient Tea Set","Mummified Hand","Calling Bell","Akabeko","Shuriken","Old Coin","Lee\u0027s Waffle","Mango","White Beast Statue","Shovel","Sundial","Question Card","Whetstone","Black Star","HornCleat"],"acts_visited":["Exordium","TheCity","TheBeyond"],"potions_floor_usage":[50,50,50],"damage_taken":[{"damage":1.0,"enemies":"2 Louse","floor":1.0,"turns":3.0},{"damage":0.0,"enemies":"Jaw Worm","floor":3.0,"turns":6.0},{"damage":0.0,"enemies":"Cultist","floor":8.0,"turns":7.0},{"damage":13.0,"enemies":"Gremlin Nob","floor":11.0,"turns":4.0},{"damage":0.0,"enemies":"Lots of Slimes","floor":12.0,"turns":2.0},{"damage":14.0,"enemies":"Hexaghost","floor":16.0,"turns":8.0},{"damage":22.0,"enemies":"2 Thieves","floor":18.0,"turns":2.0},{"damage":34.0,"enemies":"Chosen","floor":19.0,"turns":5.0},{"damage":9.0,"enemies":"Snecko","floor":21.0,"turns":3.0},{"damage":27.0,"enemies":"Gremlin Leader","floor":23.0,"turns":6.0},{"damage":2.0,"enemies":"3 Cultists","floor":25.0,"turns":4.0},{"damage":2.0,"enemies":"Colosseum Slavers","floor":28.0,"turns":4.0},{"damage":18.0,"enemies":"Colosseum Nobs","floor":28.0,"turns":4.0},{"damage":20.0,"enemies":"Snake Plant","floor":31.0,"turns":3.0},{"damage":20.0,"enemies":"Champ","floor":33.0,"turns":8.0},{"damage":24.0,"enemies":"3 Shapes","floor":35.0,"turns":3.0},{"damage":11.0,"enemies":"3 Darklings","floor":36.0,"turns":3.0},{"damage":43.0,"enemies":"Spire Growth","floor":37.0,"turns":5.0},{"damage":36.0,"enemies":"4 Shapes","floor":41.0,"turns":4.0},{"damage":34.0,"enemies":"Maw","floor":45.0,"turns":7.0},{"damage":37.0,"enemies":"Writhing Mass","floor":46.0,"turns":6.0},{"damage":62,"enemies":"Awakened One","floor":50,"turns":10}],"seed_played":"4361629971883606274","potions_obtained":[{"floor":1.0,"key":"Weak Potion"},{"floor":21.0,"key":"PotionOfCapacity"},{"floor":23.0,"key":"FocusPotion"},{"floor":28.0,"key":"FairyPotion"},{"floor":31.0,"key":"PowerPotion"},{"floor":36.0,"key":"Energy Potion"},{"floor":45.0,"key":"Weak Potion"},{"floor":46.0,"key":"ColorlessPotion"}],"is_trial":false,"path_per_floor":["M","?","M","?","?","R","$","M","T","R","E","M","R","$","R","B",null,"M","M","$","M","$","E","R","M","T","R","?","T","$","M","R","B",null,"M","M","M","$","?","R","M","R","T","?","M","M","R","$","R","B",null],"character_chosen":"DEFECT","items_purchased":["Rip and Tear","Reprogram","Lee\u0027s Waffle","FTL","Whetstone","SkillPotion"],"campfire_rested":6,"item_purchase_floors":[14,14,20,20,30,48],"current_hp_per_floor":[67,49,49,42,35,35,35,35,35,35,22,22,44,44,44,30,64,42,8,82,73,73,60,60,58,58,58,38,38,38,18,46,26,79,55,44,1,1,25,53,17,45,45,45,11,17,45,45,73,11],"gold":64,"neow_bonus":"REMOVE_TWO","is_daily":false,"chose_seed":false,"campfire_upgraded":5,"win_rate":0.0,"timestamp":1611074413,"path_taken":["M","?","M","?","?","R","?","M","T","R","E","?","R","$","R","BOSS","M","M","?","M","$","E","R","?","T","R","?","?","$","M","R","BOSS","M","M","M","$","?","R","M","R","T","?","M","?","R","$","R","BOSS"],"items_purchased_type":["Card","Card","Relic","Card","Relic","Potion"],"build_version":"2020-12-22","purchased_purges":4,"victory":true,"max_hp_per_floor":[75,75,75,75,75,75,75,75,75,75,75,75,75,75,75,75,75,75,75,82,82,82,96,96,96,96,96,96,96,96,96,96,96,96,96,96,96,96,96,96,96,96,96,96,96,96,96,96,96,96],"card_choices":[{"not_picked":["Rebound","Hello World"],"picked":"Chill","floor":1.0},{"not_picked":["Storm","Rebound"],"picked":"Reprogram","floor":3.0},{"not_picked":["Leap","Fusion"],"picked":"Hyperbeam","floor":8.0},{"not_picked":["Compile Driver","Consume","Loop"],"picked":"SKIP","floor":11.0},{"not_picked":["Tempest","Sunder"],"picked":"Coolheaded","floor":12.0},{"not_picked":["Creative AI","Thunder Strike"],"picked":"Meteor Strike","floor":16.0},{"not_picked":["Compile Driver+1","Rebound"],"picked":"BootSequence+1","floor":18.0},{"not_picked":["Cold Snap","Compile Driver"],"picked":"Hologram+1","floor":19.0},{"not_picked":["White Noise","Compile Driver+1"],"picked":"Double Energy","floor":21.0},{"not_picked":["Loop","Force Field"],"picked":"Reinforced Body+1","floor":23.0},{"not_picked":["Rebound","Compile Driver+1"],"picked":"Fusion","floor":25.0},{"not_picked":["Redo+1","Tempest","Go for the Eyes"],"picked":"Compile Driver+1","floor":31.0},{"not_picked":["Creative AI","Reboot","Multi-Cast"],"picked":"Core Surge","floor":33.0},{"not_picked":["Glacier+1","Cold Snap+1","BootSequence"],"picked":"Beam Cell+1","floor":35.0},{"not_picked":["Beam Cell+1","Skim","Heatsinks+1"],"picked":"Recycle+1","floor":36.0},{"not_picked":["Leap+1","Reprogram+1","Fusion"],"picked":"Gash+1","floor":37.0},{"not_picked":["Beam Cell+1","Glacier","Turbo+1","Ball Lightning"],"picked":"SKIP","floor":41.0},{"not_picked":["Hologram","Redo+1","Conserve Battery","Leap"],"picked":"SKIP","floor":45.0},{"not_picked":["FTL","Steam+1","Compile Driver","Hologram"],"picked":"SKIP","floor":46.0}],"player_experience":412049,"relics_obtained":[{"floor":9.0,"key":"Ancient Tea Set"},{"floor":11.0,"key":"Mummified Hand"},{"floor":17.0,"key":"Akabeko"},{"floor":17.0,"key":"Shuriken"},{"floor":17.0,"key":"Old Coin"},{"floor":23.0,"key":"Mango"},{"floor":26.0,"key":"White Beast Statue"},{"floor":28.0,"key":"Shovel"},{"floor":28.0,"key":"Sundial"},{"floor":29.0,"key":"Question Card"},{"floor":43.0,"key":"HornCleat"}],"event_choices":[{"damage_healed":0.0,"max_hp_gain":0.0,"max_hp_loss":0.0,"gold_gain":0.0,"event_name":"Golden Idol","player_choice":"Take Damage","floor":2.0,"gold_loss":0.0,"damage_taken":18.0,"relics_obtained":["Golden Idol"]},{"cards_removed":["Strike_B"],"damage_healed":0.0,"max_hp_gain":0.0,"max_hp_loss":0.0,"gold_gain":0.0,"event_name":"Golden Wing","player_choice":"Card Removal","floor":4.0,"gold_loss":0.0,"damage_taken":7.0},{"damage_healed":0.0,"max_hp_gain":0.0,"max_hp_loss":0.0,"gold_gain":0.0,"event_name":"Scrap Ooze","player_choice":"Success","floor":5.0,"gold_loss":0.0,"damage_taken":7.0,"relics_obtained":["StoneCalendar"]},{"damage_healed":0.0,"max_hp_gain":0.0,"max_hp_loss":0.0,"gold_gain":0.0,"event_name":"Colosseum","player_choice":"Fight","floor":28.0,"gold_loss":0.0,"damage_taken":0.0},{"damage_healed":0.0,"max_hp_gain":0.0,"max_hp_loss":0.0,"gold_gain":0.0,"event_name":"Colosseum","player_choice":"Fought Nobs","floor":28.0,"gold_loss":0.0,"damage_taken":0.0},{"damage_healed":24.0,"max_hp_gain":0.0,"max_hp_loss":0.0,"gold_gain":0.0,"event_name":"Winding Halls","player_choice":"Writhe","floor":39.0,"gold_loss":0.0,"damage_taken":0.0,"cards_obtained":["Writhe"]},{"damage_healed":0.0,"max_hp_gain":0.0,"max_hp_loss":0.0,"gold_gain":0.0,"event_name":"Match and Keep!","player_choice":"1 cards matched","floor":44.0,"gold_loss":0.0,"damage_taken":0.0,"cards_obtained":["Fission"]}],"is_beta":false,"boss_relics":[{"not_picked":["Runic Dome","FrozenCore"],"picked":"Calling Bell"},{"not_picked":["Snecko Eye","Coffee Dripper"],"picked":"Black Star"}],"items_purged_floors":[20,22,30,38],"is_endless":false,"potions_floor_spawned":[1,21,23,28,28,31,33,35,36,37,41,45,46],"ascension_level":7}}