{"host":"tq99ucv8ezzqzioe","time":1611041221,"event":{"mods":["BaseMod","Colored Map","Downfall","Highlight Path","Minty Spire (QoL Compilation)","StSLib"],"gold_per_floor":[99,116,116,116,134,163,163,63,82,82,108,124,154,174,186,283,283,183,195,214,233,61,81,81,81,96,96,112,124,155,172,182,285,285,285,302,22,22,67,67,67,27,27,39,73,102,131,146,166,173],"floor_reached":51,"language":"ENG","playtime":6325,"items_purged":["sneckomod:Strike","sneckomod:Strike"],"score":878,"play_id":"4b714098-37e9-457c-9354-14d33eb85dea","local_time":"20210119022701","is_ascension_mode":true,"campfire_choices":[{"floor":1,"key":"RECALL"},{"data":"sneckomod:SnekBite","floor":8,"key":"SMITH"},{"data":"sneckomod:QuickBite","floor":18,"key":"SMITH"},{"data":"sneckomod:SoulCleanse","floor":25,"key":"SMITH"},{"data":"sneckomod:UnknownRareSkill","floor":35,"key":"SMITH"},{"data":"sneckomod:UnknownRareSkill","floor":43,"key":"SMITH"}],"circlet_count":0,"master_deck":["sneckomod:Strike","sneckomod:Defend","sneckomod:Defend+1","sneckomod:TailWhip+1","sneckomod:SnekBite+1","sneckomod:Unknown+1","CurseOfTheBell","sneckomod:PureSnecko+1","downfall:Malfunctioning","sneckomod:QuickBite+1","sneckomod:QuickMove","sneckomod:UnknownExhaust","Guardian:TimeCapacitor","sneckomod:PureSnecko","sneckomod:SoulCleanse+1","sneckomod:UnknownX","sneckomod:UnknownUncommonAttack+1","sneckomod:IronFang+1","sneckomod:MorePower+1","sneckomod:UnknownRarePower+1","sneckomod:UnknownCommonAttack+1","sneckomod:UnknownBoss+1","sneckomod:UnknownUncommonPower+1","sneckomod:UnknownBlock+1","sneckomod:Unknown3Cost+1","sneckomod:SoulCleanse+1","sneckomod:Unknown2Cost+1","sneckomod:Unknown1Cost","sneckomod:UnknownClassBLUE+1","sneckomod:DiceCrush+1","sneckomod:UnknownClassGREEN","sneckomod:Unknown+1","sneckomod:UnknownColorless","Doppelganger","sneckomod:UnknownDraw+1","sneckomod:MasterEye+1","sneckomod:UnknownClassGUARDIAN+1","sneckomod:UnknownClassSLIMEBOUND+1","sneckomod:UnknownCommonAttack+1","sneckomod:UnknownRareSkill+1","sneckomod:UnknownRarePower+1","sneckomod:GlitteringGambit","sneckomod:QuickBite+1","Guardian:Orbwalk+1","sneckomod:Unknown+1","sneckomod:UnknownClassHEXA_GHOST_PURPLE","sneckomod:UnknownWeak+1","sneckomod:UnknownCommonAttack+1","sneckomod:UnknownRareSkill+1","sneckomod:UnknownRareAttack+1","sneckomod:CheapStock+1","sneckomod:UnknownUncommonPower+1","sneckomod:UnknownClassTHE_BRONZE_AUTOMATON+1","sneckomod:UnknownBlock+1","sneckomod:MasterEye+1","sneckomod:SerpentMind+1","sneckomod:UnknownClassHEXA_GHOST_PURPLE+1"],"relics":["Calling Bell","Regal Pillow","Darkstone Periapt","Dead Branch","White Beast Statue","Molten Egg 2","downfall:HeartBlessingRed","Frozen Egg 2","Potion Belt","Sozu","downfall:HeartBlessingGreen","Lee\u0027s Waffle","Calipers","Lizard Tail","Snecko Eye","Ginger","Eternal Feather","Bronze Scales"],"acts_visited":["Exordium","TheCity","TheBeyond"],"potions_floor_usage":[12,13,15,16,20,33,33],"damage_taken":[{"damage":10,"enemies":"Small Slimes","floor":2,"turns":4},{"damage":5,"enemies":"Jaw Worm","floor":5,"turns":4},{"damage":4,"enemies":"Gremlin Nob","floor":6,"turns":3},{"damage":4,"enemies":"Cultist","floor":9,"turns":3},{"damage":20,"enemies":"Lagavulin","floor":11,"turns":4},{"damage":9,"enemies":"2 Fungi Beasts","floor":12,"turns":2},{"damage":18,"enemies":"Gremlin Nob","floor":13,"turns":5},{"damage":2,"enemies":"Gremlin Gang","floor":14,"turns":3},{"damage":6,"enemies":"Lots of Slimes","floor":15,"turns":2},{"damage":25,"enemies":"IC_STATUS_ARCHETYPE","floor":16,"turns":5},{"damage":0,"enemies":"3 Byrds","floor":19,"turns":5},{"damage":58,"enemies":"3 Cultists","floor":20,"turns":7},{"damage":16,"enemies":"Shelled Parasite and Fungi","floor":21,"turns":4},{"damage":0,"enemies":"downfall:FleeingMerchant","floor":22,"turns":4},{"damage":10,"enemies":"Centurion and Healer","floor":23,"turns":3},{"damage":6,"enemies":"Cultist and Chosen","floor":26,"turns":4},{"damage":0,"enemies":"Snecko","floor":28,"turns":3},{"damage":13,"enemies":"Centurion and Healer","floor":29,"turns":5},{"damage":46,"enemies":"Slavers","floor":30,"turns":6},{"damage":31,"enemies":"Snake Plant","floor":31,"turns":4},{"damage":33,"enemies":"Shelled Parasite and Fungi","floor":32,"turns":7},{"damage":20,"enemies":"SI_MIRROR_ARCHETYPE","floor":33,"turns":11},{"damage":20,"enemies":"3 Darklings","floor":36,"turns":3},{"damage":1,"enemies":"downfall:FleeingMerchant","floor":37,"turns":4},{"damage":12,"enemies":"downfall:FleeingMerchant","floor":39,"turns":4},{"damage":11,"enemies":"downfall:FleeingMerchant","floor":42,"turns":4},{"damage":3,"enemies":"3 Shapes","floor":44,"turns":2},{"damage":39,"enemies":"Nemesis","floor":45,"turns":5},{"damage":0,"enemies":"Spire Growth","floor":46,"turns":3},{"damage":19,"enemies":"Giant Head","floor":47,"turns":5},{"damage":0,"enemies":"Maw","floor":48,"turns":5},{"damage":16,"enemies":"3 Darklings","floor":49,"turns":4},{"damage":2,"enemies":"WA_ARCHETYPE_DIVINITY","floor":50,"turns":7}],"seed_played":"9004177589872849279","potions_obtained":[{"floor":6,"key":"GamblersBrew"},{"floor":9,"key":"SpeedPotion"},{"floor":10,"key":"FairyPotion"},{"floor":10,"key":"ColorlessPotion"},{"floor":12,"key":"bronze:BurnAndBuffPotion"},{"floor":13,"key":"Dexterity Potion"},{"floor":14,"key":"LiquidBronze"},{"floor":15,"key":"LiquidMemories"},{"floor":16,"key":"EntropicBrew"}],"is_trial":false,"path_per_floor":["R","M","?","?","M","E","T","R","M","?","E","M","E","M","M","B",null,"R","M","M","M","$","M","T","R","M","?","M","M","E","M","M","B",null,"R","M","$","?","?","?","T","$","R","M","E","M","E","M","M","B",null],"character_chosen":"THE_SNECKO","items_purchased":["Lee\u0027s Waffle","sneckomod:GlitteringGambit","sneckomod:QuickBite+1","sneckomod:UnknownRareSkill","sneckomod:UnknownRareAttack+1","sneckomod:CheapStock+1"],"campfire_rested":0,"item_purchase_floors":[22,37,37,42,42,42],"current_hp_per_floor":[90,80,86,86,81,77,77,77,73,73,53,44,26,24,18,23,96,96,96,38,22,103,93,93,93,87,87,94,81,35,4,24,11,103,103,98,97,97,85,85,85,74,74,71,32,32,27,27,11,9],"gold":173,"neow_bonus":"BOSS_RELIC","is_daily":false,"chose_seed":false,"campfire_upgraded":5,"win_rate":0.0,"timestamp":1611041221,"path_taken":["R","M","?","?","?","E","T","R","M","?","E","M","E","M","M","BOSS","R","M","M","?","$","M","T","R","?","?","M","M","E","M","M","BOSS","R","M","$","?","?","?","T","$","R","M","E","M","E","M","M","BOSS"],"items_purchased_type":["Relic","Card","Card","Card","Card","Card"],"build_version":"2020-12-22","purchased_purges":2,"victory":true,"max_hp_per_floor":[90,90,96,96,96,96,96,96,96,96,96,96,96,96,96,96,96,96,96,96,96,103,103,103,103,103,103,103,103,103,103,103,103,103,103,103,103,103,103,103,103,103,103,103,103,103,103,103,103,103],"card_choices":[{"not_picked":["sneckomod:Memorize","sneckomod:QuickMove"],"picked":"sneckomod:PureSnecko","floor":2},{"not_picked":["sneckomod:SnekBeam","sneckomod:IronFang"],"picked":"sneckomod:QuickBite","floor":5},{"not_picked":["sneckomod:SoulRoll","sneckomod:RainOfDice"],"picked":"sneckomod:QuickMove","floor":6},{"not_picked":["sneckomod:UnknownVulnerable","sneckomod:QuickMove"],"picked":"sneckomod:UnknownExhaust","floor":9},{"not_picked":["sneckomod:SoulExchange","sneckomod:IronFang+1"],"picked":"sneckomod:PureSnecko","floor":11},{"not_picked":["sneckomod:SoulDraw","sneckomod:UnknownDraw"],"picked":"sneckomod:SoulCleanse","floor":12},{"not_picked":["sneckomod:Restock","sneckomod:Nope"],"picked":"sneckomod:UnknownX","floor":13},{"not_picked":["sneckomod:Unknown1Cost","sneckomod:Unknown2Cost"],"picked":"sneckomod:UnknownUncommonAttack+1","floor":14},{"not_picked":["sneckomod:UnknownX","sneckomod:Nope"],"picked":"sneckomod:IronFang+1","floor":15},{"not_picked":["sneckomod:SoulExchange","sneckomod:Mudshield+1"],"picked":"sneckomod:MorePower+1","floor":16},{"not_picked":["sneckomod:UnknownWeak+1","sneckomod:UnknownX+1"],"picked":"sneckomod:UnknownRarePower+1","floor":19},{"not_picked":["sneckomod:SoulDraw","sneckomod:QuickMove"],"picked":"sneckomod:UnknownCommonAttack+1","floor":19},{"not_picked":["sneckomod:UnknownStrike+1","sneckomod:UnknownUncommonAttack+1"],"picked":"sneckomod:UnknownBoss+1","floor":20},{"not_picked":["sneckomod:DiceBlock","sneckomod:Unknown1Cost"],"picked":"sneckomod:UnknownX+1","floor":20},{"not_picked":["sneckomod:UnknownClassGUARDIAN+1","sneckomod:UnknownClassRED+1"],"picked":"sneckomod:UnknownUncommonPower+1","floor":21},{"not_picked":["sneckomod:UnendingSupply+1","sneckomod:SoulRoll"],"picked":"sneckomod:UnknownBlock+1","floor":21},{"not_picked":["sneckomod:UnknownClassGUARDIAN+1","sneckomod:UnknownStrike+1"],"picked":"sneckomod:Unknown3Cost+1","floor":22},{"not_picked":["sneckomod:UnknownExhaust","sneckomod:WideSting+1"],"picked":"sneckomod:SoulCleanse+1","floor":22},{"not_picked":["sneckomod:UnknownClassGREEN+1","sneckomod:UnknownColorless+1"],"picked":"sneckomod:Unknown2Cost+1","floor":23},{"not_picked":["sneckomod:SoulDraw+1","sneckomod:WideSting+1"],"picked":"sneckomod:Unknown1Cost","floor":23},{"not_picked":["sneckomod:UnknownDraw+1","sneckomod:UnknownUncommonAttack+1"],"picked":"sneckomod:UnknownClassBLUE+1","floor":26},{"not_picked":["sneckomod:UnknownCommonAttack+1","sneckomod:Unknown1Cost"],"picked":"sneckomod:DiceCrush+1","floor":26},{"not_picked":["sneckomod:UnknownUncommonSkill","sneckomod:RainOfDice+1"],"picked":"sneckomod:UnknownClassGREEN","floor":28},{"not_picked":["sneckomod:UnknownClassPURPLE+1","sneckomod:UnknownVulnerable+1"],"picked":"sneckomod:Unknown+1","floor":29},{"not_picked":["sneckomod:UnknownDexterity","sneckomod:UnknownBlock"],"picked":"sneckomod:UnknownColorless","floor":29},{"not_picked":["sneckomod:SoulDraw","sneckomod:DangerNoodle+1"],"picked":"sneckomod:UnknownDraw+1","floor":30},{"not_picked":["sneckomod:Unknown1Cost","sneckomod:UnknownWeak"],"picked":"sneckomod:MasterEye+1","floor":31},{"not_picked":["sneckomod:Nope","sneckomod:QuickBite+1"],"picked":"sneckomod:UnknownUncommonPower+1","floor":31},{"not_picked":["sneckomod:CheapStock+1","sneckomod:UnknownCommonAttack+1"],"picked":"sneckomod:UnknownClassGUARDIAN+1","floor":32},{"not_picked":["sneckomod:UnknownCommonSkill+1","sneckomod:Unknown+1"],"picked":"sneckomod:UnknownClassSLIMEBOUND+1","floor":32},{"not_picked":["sneckomod:WideSting+1","sneckomod:Cheat","sneckomod:Unknown1Cost"],"picked":"SKIP","floor":32},{"not_picked":["sneckomod:UnknownUncommonSkill+1","sneckomod:UnknownColorless+1"],"picked":"sneckomod:UnknownCommonAttack+1","floor":33},{"not_picked":["sneckomod:UnlimitedRolls+1","sneckomod:SerpentMind+1"],"picked":"sneckomod:UnknownRareSkill","floor":33},{"not_picked":["sneckomod:WideSting+1","sneckomod:UnknownCommonSkill","sneckomod:UnknownDraw+1"],"picked":"SKIP","floor":36},{"not_picked":["sneckomod:UnknownBlock+1","sneckomod:UnknownCommonSkill"],"picked":"sneckomod:UnknownRarePower+1","floor":37},{"not_picked":["sneckomod:Unknown0Cost+1","sneckomod:UnknownUncommonSkill+1"],"picked":"sneckomod:Unknown+1","floor":39},{"not_picked":["sneckomod:CheapStock+1","sneckomod:DefensiveFlair"],"picked":"sneckomod:UnknownClassHEXA_GHOST_PURPLE","floor":39},{"not_picked":["sneckomod:UnknownDraw+1","sneckomod:UnknownUncommonAttack+1"],"picked":"sneckomod:UnknownWeak+1","floor":42},{"not_picked":["sneckomod:UnknownStrike+1","sneckomod:WideSting+1"],"picked":"sneckomod:UnknownCommonAttack+1","floor":42},{"not_picked":["sneckomod:UnknownDraw","sneckomod:UnknownClassGUARDIAN"],"picked":"sneckomod:UnknownUncommonPower+1","floor":44},{"not_picked":["sneckomod:UnknownCommonAttack+1","sneckomod:UnknownClassGUARDIAN+1"],"picked":"sneckomod:UnknownClassTHE_BRONZE_AUTOMATON+1","floor":45},{"not_picked":["sneckomod:Rotation","sneckomod:SoulRoll"],"picked":"sneckomod:UnknownBlock+1","floor":45},{"not_picked":["hexamod:FirstSeal","hexamod:ThirdSeal","hexamod:FourthSeal"],"picked":"SKIP","floor":45},{"not_picked":["sneckomod:UnknownDraw+1","sneckomod:IronFang+1"],"picked":"sneckomod:MasterEye+1","floor":46},{"not_picked":["sneckomod:DiceBlock","sneckomod:UnknownDraw"],"picked":"sneckomod:SerpentMind+1","floor":47},{"not_picked":["sneckomod:UnknownCommonSkill+1","sneckomod:DiceBlock+1"],"picked":"sneckomod:UnknownClassHEXA_GHOST_PURPLE+1","floor":48},{"not_picked":["sneckomod:UnknownDraw","sneckomod:ImprovisedAttack+1","sneckomod:UnknownUncommonSkill"],"picked":"SKIP","floor":49}],"player_experience":702514,"relics_obtained":[{"floor":0,"key":"Regal Pillow"},{"floor":0,"key":"Darkstone Periapt"},{"floor":0,"key":"Dead Branch"},{"floor":6,"key":"White Beast Statue"},{"floor":7,"key":"Molten Egg 2"},{"floor":11,"key":"Frozen Egg 2"},{"floor":13,"key":"Potion Belt"},{"floor":24,"key":"Calipers"},{"floor":30,"key":"Lizard Tail"},{"floor":39,"key":"Ginger"},{"floor":45,"key":"Eternal Feather"},{"floor":47,"key":"Bronze Scales"}],"event_choices":[{"damage_healed":0,"gold_gain":0,"player_choice":"Forge","damage_taken":0,"max_hp_gain":0,"max_hp_loss":0,"event_name":"Accursed Blacksmith","floor":4,"gold_loss":0,"cards_upgraded":["sneckomod:PureSnecko"]},{"damage_healed":0,"gold_gain":0,"player_choice":"Got Potions","damage_taken":0,"max_hp_gain":0,"max_hp_loss":0,"event_name":"Lab","floor":10,"gold_loss":0},{"cards_removed":["sneckomod:Defend"],"damage_healed":0,"gold_gain":0,"player_choice":"Removed Skill","damage_taken":0,"max_hp_gain":0,"max_hp_loss":0,"event_name":"Falling","floor":38,"gold_loss":0}],"is_beta":false,"boss_relics":[{"not_picked":["SacredBark","Black Star"],"picked":"Sozu"},{"not_picked":["Busted Crown","Runic Dome"],"picked":"Snecko Eye"}],"items_purged_floors":[37,42],"is_endless":false,"potions_floor_spawned":[6,9,11,12,13,14,15,16,19,20,21,22,23,26,28,29,30,31,32,33,36,37,39,42,44,45,46,47,48,49],"ascension_level":2}}