{"host":"fubl5olmpa6illow","time":1611088033,"event":{"mods":["BaseMod","Colored Map","Colored Powertips","Highlight Path","Minty Spire (QoL Compilation)","Quick Restart","Random Character Button","Relic Sorter","Relic Stats"],"gold_per_floor":[109,109,127,142,14,45,45,75,98,98,173,173,199,210,210,313,313,331,331,343,1,21,21,56,56,56,87,116,131,147,158,158,261,261,271,196,206,217,135,165,165,191,218,229,74,94,129,129,129,129,129],"floor_reached":50,"language":"ENG","playtime":12997,"items_purged":["Strike_R"],"score":696,"play_id":"fdd8ea38-bf33-4453-94b4-727fce66e2db","local_time":"20210119212713","is_ascension_mode":true,"campfire_choices":[{"data":"Cleave","floor":7.0,"key":"SMITH"},{"floor":10.0,"key":"REST"},{"floor":15.0,"key":"REST"},{"floor":23.0,"key":"REST"},{"data":"Chrysalis","floor":25.0,"key":"SMITH"},{"data":"Rage","floor":32,"key":"SMITH"},{"floor":41,"key":"RECALL"},{"data":"Double Tap","floor":49,"key":"SMITH"}],"circlet_count":0,"master_deck":["Strike_R","Strike_R","Strike_R","Defend_R","Defend_R","Defend_R","Defend_R","Bash+1","Clash","Spot Weakness","Disarm","Shrug It Off","Battle Trance","Cleave+1","Double Tap+1","Heavy Blade","Body Slam+1","Reaper","True Grit","Evolve","Chrysalis+1","Burning Pact","Sentinel","Pommel Strike+1","Armaments","Shockwave+1","Rage+1","Pummel+1","Metallicize+1","Reaper+1","Warcry+1","Power Through+1","PanicButton","Flex+1","Reaper","Immolate","Exhume"],"relics":["Sozu","Centennial Puzzle","Blood Vial","Omamori","WingedGreaves","Shuriken","Mark of Pain","MutagenicStrength","FossilizedHelix","Bag of Preparation","Pantograph","MealTicket","Black Star","Boot","Ancient Tea Set","Whetstone","Regal Pillow","Strawberry","Lantern"],"acts_visited":["TheBeyond"],"potions_floor_usage":[],"damage_taken":[{"damage":12.0,"enemies":"Jaw Worm","floor":1.0,"turns":3.0},{"damage":0.0,"enemies":"Cultist","floor":3.0,"turns":2.0},{"damage":0.0,"enemies":"Small Slimes","floor":4.0,"turns":2.0},{"damage":19.0,"enemies":"3 Sentries","floor":6.0,"turns":9.0},{"damage":19.0,"enemies":"Lagavulin","floor":8.0,"turns":5.0},{"damage":9.0,"enemies":"3 Sentries","floor":13.0,"turns":3.0},{"damage":13.0,"enemies":"Blue Slaver","floor":14.0,"turns":2.0},{"damage":34.0,"enemies":"The Guardian","floor":16.0,"turns":6.0},{"damage":33.0,"enemies":"Spheric Guardian","floor":18.0,"turns":4.0},{"damage":0.0,"enemies":"Chosen","floor":20.0,"turns":4.0},{"damage":22.0,"enemies":"Centurion and Healer","floor":22.0,"turns":6.0},{"damage":10.0,"enemies":"Gremlin Leader","floor":24.0,"turns":7.0},{"damage":22.0,"enemies":"Book of Stabbing","floor":27.0,"turns":5.0},{"damage":36.0,"enemies":"Slavers","floor":28.0,"turns":5.0},{"damage":6.0,"enemies":"Snake Plant","floor":29.0,"turns":3.0},{"damage":21.0,"enemies":"3 Cultists","floor":30.0,"turns":6.0},{"damage":0,"enemies":"Centurion and Healer","floor":31,"turns":4},{"damage":63,"enemies":"Automaton","floor":33,"turns":11},{"damage":19,"enemies":"3 Darklings","floor":35,"turns":5},{"damage":14,"enemies":"Orb Walker","floor":37,"turns":4},{"damage":22,"enemies":"Jaw Worm Horde","floor":38,"turns":4},{"damage":14,"enemies":"Nemesis","floor":40,"turns":9},{"damage":31,"enemies":"Giant Head","floor":42,"turns":9},{"damage":53,"enemies":"Spire Growth","floor":44,"turns":7},{"damage":26,"enemies":"Writhing Mass","floor":46,"turns":7},{"damage":12,"enemies":"Nemesis","floor":47,"turns":11},{"damage":122,"enemies":"Time Eater","floor":50,"turns":15}],"seed_played":"3956798549761515009","potions_obtained":[],"is_trial":false,"path_per_floor":["M","?","M","M","$","E","R","E","T","R","?","T","E","M","R","B",null,"M","?","M","$","M","R","E","R","T","E","E","M","M","M","R","B",null,"M","$","M","M","$","E","R","E","T","M","$","M","E","?","R","B"],"character_chosen":"IRONCLAD","items_purchased":["Shrug It Off","Battle Trance","Chrysalis","Burning Pact","Sentinel","PanicButton","Immolate"],"campfire_rested":3,"item_purchase_floors":[5,5,21,21,21,39,45],"current_hp_per_floor":[68,68,68,68,68,49,49,30,30,54,43,43,36,25,49,17,80,47,47,49,49,29,53,70,70,70,50,26,26,28,44,44,38,80,80,80,73,68,80,66,66,46,46,14,29,28,55,55,55,0,0],"gold":129,"neow_bonus":"BOSS_RELIC","is_daily":false,"chose_seed":false,"campfire_upgraded":4,"win_rate":0.0,"timestamp":1611088033,"path_taken":["M","?","M","?","$","E","R","E","T","R","?","?","E","M","R","BOSS","M","?","M","$","M","R","E","R","T","E","E","M","M","M","R","BOSS","M","$","M","M","$","E","R","E","T","M","$","M","E","?","R","BOSS"],"items_purchased_type":["Card","Card","Card","Card","Card","Card","Card"],"build_version":"2020-12-22","purchased_purges":1,"victory":false,"max_hp_per_floor":[80,80,80,80,80,80,80,80,80,80,80,80,80,80,80,80,80,80,80,80,80,80,80,80,80,80,80,80,80,80,80,80,80,80,80,80,80,80,80,80,80,80,80,80,80,80,87,87,87,87,87],"relic_stats":{"Regal Pillow":0,"counters":[11,86],"Bag of Preparation":[22],"Whetstone":["Reaper","Body Slam"],"Boot":[44],"Sozu":6,"Blood Vial":16,"Centennial Puzzle":[30],"Shuriken":[27],"Pantograph":50,"MealTicket":27,"Black Star":3,"obtain_stats":[{"Regal Pillow":42,"Lantern":47,"Omamori":0,"Bag of Preparation":0,"Whetstone":42,"Boot":40,"Ancient Tea Set":40,"Sozu":0,"Blood Vial":0,"Centennial Puzzle":0,"Shuriken":0,"MutagenicStrength":0,"Pantograph":0,"Strawberry":47,"MealTicket":0,"WingedGreaves":0,"Mark of Pain":0,"Black Star":34,"FossilizedHelix":0},{"Regal Pillow":7,"Lantern":10,"Omamori":0,"Bag of Preparation":0,"Whetstone":7,"Boot":6,"Ancient Tea Set":6,"Sozu":0,"Blood Vial":0,"Centennial Puzzle":0,"Shuriken":0,"MutagenicStrength":0,"Pantograph":0,"Strawberry":10,"MealTicket":0,"WingedGreaves":0,"Mark of Pain":0,"Black Star":2,"FossilizedHelix":0},{"Regal Pillow":46,"Lantern":71,"Omamori":0,"Bag of Preparation":0,"Whetstone":46,"Boot":37,"Ancient Tea Set":37,"Sozu":0,"Blood Vial":0,"Centennial Puzzle":0,"Shuriken":0,"MutagenicStrength":0,"Pantograph":0,"Strawberry":71,"MealTicket":0,"WingedGreaves":0,"Mark of Pain":0,"Black Star":15,"FossilizedHelix":0}]},"card_choices":[{"not_picked":["Heavy Blade","Body Slam"],"picked":"Clash","floor":1.0},{"not_picked":["Clothesline","Flame Barrier"],"picked":"Spot Weakness","floor":3.0},{"not_picked":["Anger","Wild Strike"],"picked":"Disarm","floor":4.0},{"not_picked":["Hemokinesis","Fire Breathing"],"picked":"Cleave","floor":6.0},{"not_picked":["Carnage","Infernal Blade"],"picked":"Double Tap","floor":8.0},{"not_picked":["Infernal Blade","Whirlwind"],"picked":"Heavy Blade","floor":13.0},{"not_picked":["Evolve","Uppercut"],"picked":"Body Slam","floor":14.0},{"not_picked":["Immolate","Berserk"],"picked":"Reaper","floor":16.0},{"not_picked":["Clothesline","Headbutt"],"picked":"True Grit","floor":18.0},{"not_picked":["Shrug It Off","Heavy Blade"],"picked":"Evolve","floor":20.0},{"not_picked":["Dropkick+1","Body Slam"],"picked":"Pommel Strike+1","floor":22.0},{"not_picked":["Searing Blow","Whirlwind","Dark Embrace"],"picked":"SKIP","floor":24.0},{"not_picked":["Sword Boomerang","Searing Blow"],"picked":"Armaments","floor":27.0},{"not_picked":["Twin Strike+1","Anger+1"],"picked":"Shockwave+1","floor":28.0},{"not_picked":["Wild Strike","Cleave"],"picked":"Rage","floor":29.0},{"not_picked":["Corruption","Thunderclap"],"picked":"Pummel+1","floor":30},{"not_picked":["Ghostly Armor","Rampage"],"picked":"Metallicize+1","floor":31},{"not_picked":["Juggernaut","Berserk"],"picked":"Reaper","floor":33},{"not_picked":["Clash","Wild Strike+1"],"picked":"Warcry+1","floor":35},{"not_picked":["Sentinel","Dropkick+1"],"picked":"Power Through+1","floor":37},{"not_picked":["Iron Wave","Body Slam","Cleave+1"],"picked":"SKIP","floor":38},{"not_picked":["Iron Wave","Body Slam","Cleave+1"],"picked":"SKIP","floor":38},{"not_picked":["Clash","Havoc+1","True Grit+1"],"picked":"SKIP","floor":40},{"not_picked":["Clothesline","Twin Strike+1"],"picked":"Flex+1","floor":42},{"not_picked":["Sword Boomerang","Whirlwind+1"],"picked":"Reaper","floor":44},{"not_picked":["True Grit+1","Twin Strike+1","Evolve"],"picked":"SKIP","floor":46},{"not_picked":["Cleave+1","Shockwave","Pommel Strike"],"picked":"SKIP","floor":47}],"player_experience":278406,"relics_obtained":[{"floor":6.0,"key":"Centennial Puzzle"},{"floor":8.0,"key":"Blood Vial"},{"floor":9.0,"key":"Omamori"},{"floor":12.0,"key":"WingedGreaves"},{"floor":13.0,"key":"Shuriken"},{"floor":24.0,"key":"FossilizedHelix"},{"floor":26.0,"key":"Bag of Preparation"},{"floor":27.0,"key":"Pantograph"},{"floor":28.0,"key":"MealTicket"},{"floor":40,"key":"Boot"},{"floor":40,"key":"Ancient Tea Set"},{"floor":42,"key":"Whetstone"},{"floor":42,"key":"Regal Pillow"},{"floor":47,"key":"Strawberry"},{"floor":47,"key":"Lantern"}],"event_choices":[{"damage_healed":0.0,"max_hp_gain":0.0,"max_hp_loss":0.0,"gold_gain":0.0,"event_name":"Upgrade Shrine","player_choice":"Upgraded","floor":2.0,"gold_loss":0.0,"damage_taken":0.0,"cards_upgraded":["Bash"]},{"damage_healed":0.0,"max_hp_gain":0.0,"max_hp_loss":0.0,"gold_gain":75.0,"event_name":"World of Goop","player_choice":"Gather Gold","floor":11.0,"gold_loss":0.0,"damage_taken":11.0},{"damage_healed":0.0,"max_hp_gain":0.0,"max_hp_loss":0.0,"gold_gain":0.0,"event_name":"Drug Dealer","player_choice":"Inject Mutagens","floor":19.0,"gold_loss":0.0,"damage_taken":0.0,"relics_obtained":["MutagenicStrength"]},{"damage_healed":0,"gold_gain":0,"cards_transformed":["Strike_R"],"player_choice":"Transformed","damage_taken":0,"max_hp_gain":0,"max_hp_loss":0,"event_name":"Transmorgrifier","floor":48,"gold_loss":0,"cards_obtained":["Exhume"]}],"is_beta":false,"boss_relics":[{"not_picked":["SlaversCollar","Runic Pyramid"],"picked":"Mark of Pain"},{"not_picked":["Astrolabe","Runic Dome"],"picked":"Black Star"}],"items_purged_floors":[36],"is_endless":false,"potions_floor_spawned":[8,13,14,22,24,28,29,31,35,40,42,44,46],"killed_by":"Time Eater","ascension_level":2}}