{"host":"t527sr07e6838t0m","time":1611044344,"event":{"mods":["100% Spire Juice","ATMod(°¢èªMod)","Act Like it!","Arknights The Spire","Aspiration","BaseMod","CapriCore","Challenge The Spire","Colored Map","Conspire","Energized Spire","Friendly Minions","Gensokyo","Gremlin Skip","Highlight Path","Marisa£¨ìFÓê¡¡Ä§ÀíÉ³£©","Minty Spire (QoL Compilation)","MostiFishMod","Quick Restart","Relic Stats","Remilia£¨ÀÙÃ×ÀòÑÇ£©","Replay The Spire","RumiaBox-Â¶Ã×æ«µÄÉñÃØºÐ×Ó","Small Relic Pack","StSLib","The Immortal","The Servant 0.9.4","Waifu the Spire","Yakumo Yukari mod","vexMod","¡¾ÒÅÎï¿¨ÅÆ¡¿REMEMod"],"gold_per_floor":[113,13,13,32,51,83,83,101,101,101,128,240,258,271,271,376,-1024,-1006,-1006,-1006,-955,-942,-912,-896,-881,-881,-866,-866,-841,-841,-831,-831,-729,-729,-714,-714,-700,0,25,25,54,66,66,83,23,23,58,77,77,77,77,77,2,32,32],"floor_reached":56,"language":"ZHS","playtime":1758,"items_purged":["MokouMod:Strike"],"score":1486,"play_id":"c5da5d48-31e3-4af8-a166-06518ee7b54c","local_time":"20210119161904","is_ascension_mode":false,"campfire_choices":[{"floor":7,"key":"RECALL"},{"data":"AT_FamilyPortrait","floor":10,"key":"SMITH"},{"data":"MokouMod:Ventilation","floor":15,"key":"SMITH"},{"floor":28,"key":"REST"},{"data":"MokouMod:Ventilation","floor":30,"key":"SMITH"},{"data":"MokouMod:Overheat","floor":32,"key":"SMITH"},{"data":"MokouMod:Rebirth","floor":40,"key":"SMITH"},{"data":"MokouMod:Refresh","floor":49,"key":"SMITH"},{"data":"MokouMod:ExplosiveFlame","floor":52,"key":"SMITH"}],"circlet_count":0,"master_deck":["MokouMod:Strike","MokouMod:Strike","MokouMod:Strike","MokouMod:Defend","MokouMod:Defend","MokouMod:Defend","MokouMod:Defend","MokouMod:HeatSpark","MokouMod:Ventilation+1","AT_FamilyPortrait+1","MokouMod:RetainTemperature","MokouMod:Refresh+1","MokouMod:Ember","MokouMod:Ventilation+1","MokouMod:HeartofFire","MokouMod:InfernalWave+1","MokouMod:Geothermal+1","MokouMod:SearingShot+1","MokouMod:ScorchedEarth","MokouMod:SacredFire+1","MokouMod:ExplosiveFlame+1","MokouMod:FlickeringFlame+1","MokouMod:AdaptivePyromancy+1","MokouMod:IllusoryBattlefield+1","MokouMod:FlareStarter","MokouMod:Overheat+1","MokouMod:Wildfire+1","MokouMod:BurningHiddenBullet+1","MokouMod:Rebirth+1","MokouMod:Stoke+1","MokouMod:IndiscriminateIgnition+1","MokouMod:Sear","Gensokyo:CustomPotion"],"relics":["MokouMod:PhoenixFeather","DaveBox","REME_ComplimentaryCards","AT_ATBox","FeatherPendant","SynthV:TestCard","Eternal Feather","Tiny Chest","Molten Egg 2","aspiration:StickyExplosives_weak","SynthV:MejaisSoulstealer","GodSword1","relicPack:DSword","Dream Catcher","Snack Pack","Simple Rune","ExusiaiGun","War Paint","MagicDraw3","Gremlin Horn","GodSword7","Replay:WaspNest"],"acts_visited":["Exordium","Gensokyo:Gensokyo","Gensokyo:Gensokyoer","TheEnding"],"potions_floor_usage":[27,55,55],"damage_taken":[{"damage":0,"enemies":"Gensokyo:Gryphon","floor":1,"turns":1},{"damage":0,"enemies":"Gensokyo:3_Fairies","floor":4,"turns":3},{"damage":0,"enemies":"Gensokyo:Python","floor":5,"turns":2},{"damage":0,"enemies":"Gensokyo:Aya","floor":6,"turns":3},{"damage":0,"enemies":"Gensokyo:VengefulSpirit","floor":8,"turns":3},{"damage":21,"enemies":"Gensokyo:Cirno","floor":11,"turns":5},{"damage":0,"enemies":"Gensokyo:Python_and_Kodama","floor":12,"turns":3},{"damage":8,"enemies":"Gensokyo:3_Kodama","floor":13,"turns":1},{"damage":0,"enemies":"Gensokyo:LivingMonolith","floor":14,"turns":2},{"damage":32,"enemies":"Gensokyo:Kokoro","floor":16,"turns":5},{"damage":2,"enemies":"Gensokyo:3_Dogs","floor":18,"turns":3},{"damage":0,"enemies":"Gensokyo:2_Gloops","floor":22,"turns":2},{"damage":0,"enemies":"Gensokyo:Reisen","floor":23,"turns":2},{"damage":7,"enemies":"Gensokyo:Slime_Group","floor":24,"turns":2},{"damage":22,"enemies":"Gensokyo:Swordslinger","floor":25,"turns":2},{"damage":20,"enemies":"Gensokyo:Mirror_and_Dog","floor":27,"turns":2},{"damage":0,"enemies":"Gensokyo:Koishi","floor":29,"turns":1},{"damage":0,"enemies":"Gensokyo:Wraith","floor":31,"turns":3},{"damage":0,"enemies":"Gensokyo:Eiki","floor":33,"turns":4},{"damage":0,"enemies":"Gensokyo:AncientGuardian","floor":35,"turns":1},{"damage":0,"enemies":"Gensokyo:3_Bats","floor":37,"turns":1},{"damage":39,"enemies":"Gensokyo:Marisa","floor":41,"turns":2},{"damage":0,"enemies":"Gensokyo:Rafflesia","floor":42,"turns":2},{"damage":0,"enemies":"Gensokyo:3_Boulders","floor":44,"turns":1},{"damage":0,"enemies":"Gensokyo:Doremy","floor":47,"turns":1},{"damage":0,"enemies":"Gensokyo:4_Bats","floor":48,"turns":1},{"damage":0,"enemies":"Gensokyo:Yuyuko","floor":50,"turns":2},{"damage":0,"enemies":"Shield and Spear","floor":54,"turns":1},{"damage":22,"enemies":"The Heart","floor":55,"turns":2}],"seed_played":"-322409443256228450","potions_obtained":[{"floor":5,"key":"FearPotion"},{"floor":6,"key":"GamblersBrew"},{"floor":13,"key":"Strength Potion"},{"floor":33,"key":"Energy Potion"}],"is_trial":false,"path_per_floor":["M","?","?","M","M","E","R","M","T","R","E","M","M","M","R","B",null,"M","T","?","T","M","E","M","M","T","M","R","E","R","M","R","B",null,"M","?","M","?","T","R","E","M","T","M","?","$","E","M","R","B",null,"R","$","E","B",null],"character_chosen":"MKU","items_purchased":[],"campfire_rested":1,"item_purchase_floors":[],"current_hp_per_floor":[75,75,75,75,75,75,75,75,75,75,54,54,54,56,68,36,83,81,81,46,46,46,46,39,17,17,22,61,65,80,83,83,83,83,83,71,75,75,75,83,48,56,56,64,64,64,74,76,83,83,83,83,83,83,83],"gold":32,"neow_bonus":"TRANSFORM_CARD","is_daily":false,"chose_seed":false,"campfire_upgraded":7,"win_rate":0.0,"timestamp":1611044344,"path_taken":["M","?","?","M","M","E","R","M","T","R","E","M","?","M","R","BOSS","M","?","?","?","?","E","M","M","T","M","R","E","R","M","R","BOSS","M","?","M","?","?","R","E","M","T","?","?","?","E","M","R","BOSS","R","$","E","BOSS"],"items_purchased_type":[],"build_version":"2020-12-22","purchased_purges":1,"victory":true,"max_hp_per_floor":[75,75,75,75,75,75,75,75,75,75,75,75,83,83,83,83,83,83,83,83,83,83,83,83,83,83,83,83,83,83,83,83,83,83,83,83,83,83,83,83,83,83,83,83,83,83,83,83,83,83,83,83,83,83,83],"relic_stats":{"Dream Catcher":1,"Gremlin Horn":[7,8],"counters":[29,63],"Eternal Feather":57,"Tiny Chest":2,"War Paint":["MokouMod:Defend","MokouMod:Defend"],"obtain_stats":[{"AT_ATBox":0,"SynthV:MejaisSoulstealer":17,"relicPack:DSword":20,"DaveBox":0,"Gremlin Horn":43,"Eternal Feather":2,"Replay:WaspNest":54,"ExusiaiGun":34,"War Paint":39,"MagicDraw3":41,"aspiration:StickyExplosives_weak":11,"Frozen Eye":29,"Dream Catcher":23,"SynthV:TestCard":1,"FeatherPendant":0,"MokouMod:PhoenixFeather":0,"Tiny Chest":6,"Molten Egg 2":9,"Simple Rune":29,"GodSword7":47,"Snack Pack":26,"REME_ComplimentaryCards":0,"GodSword1":19},{"AT_ATBox":0,"SynthV:MejaisSoulstealer":10,"relicPack:DSword":11,"DaveBox":0,"Gremlin Horn":23,"Eternal Feather":1,"Replay:WaspNest":28,"ExusiaiGun":19,"War Paint":21,"MagicDraw3":22,"aspiration:StickyExplosives_weak":6,"Frozen Eye":16,"Dream Catcher":13,"SynthV:TestCard":1,"FeatherPendant":0,"MokouMod:PhoenixFeather":0,"Tiny Chest":4,"Molten Egg 2":5,"Simple Rune":17,"GodSword7":25,"Snack Pack":15,"REME_ComplimentaryCards":0,"GodSword1":11},{"AT_ATBox":0,"SynthV:MejaisSoulstealer":28,"relicPack:DSword":31,"DaveBox":0,"Gremlin Horn":55,"Eternal Feather":1,"Replay:WaspNest":61,"ExusiaiGun":49,"War Paint":51,"MagicDraw3":53,"aspiration:StickyExplosives_weak":17,"Frozen Eye":41,"Dream Catcher":35,"SynthV:TestCard":1,"FeatherPendant":0,"MokouMod:PhoenixFeather":0,"Tiny Chest":9,"Molten Egg 2":12,"Simple Rune":42,"GodSword7":57,"Snack Pack":39,"REME_ComplimentaryCards":0,"GodSword1":31}]},"card_choices":[{"not_picked":["MokouMod:ScorchingColumn","MokouMod:ControlledCombustion"],"picked":"MokouMod:RetainTemperature","floor":1},{"not_picked":["MokouMod:ScorchingColumn","MokouMod:RetainTemperature","MokouMod:Wildfire","MokouMod:Combust"],"picked":"MokouMod:Refresh","floor":4},{"not_picked":["MokouMod:Overheat","MokouMod:FujiyamaVolcano","MokouMod:EternalBurstReactor","MokouMod:ResoluteFlare"],"picked":"MokouMod:Ember","floor":5},{"not_picked":["MokouMod:Ember","MokouMod:EternalBurstReactor","MokouMod:HeatTransfer","MokouMod:RoaringFlare"],"picked":"MokouMod:Ventilation","floor":6},{"not_picked":["MokouMod:FlamingFireTalons","MokouMod:FlareStarter","MokouMod:Afterburner","MokouMod:UncontrollableSolarReaction"],"picked":"MokouMod:HeartofFire","floor":8},{"not_picked":["MokouMod:WarmUp","MokouMod:FlickeringFlame+1","MokouMod:IgneousBlow+1","MokouMod:ScorchingColumn+1"],"picked":"MokouMod:Geothermal+1","floor":11},{"not_picked":["MokouMod:BurningDraft","MokouMod:UncontrollableSolarReaction+1","MokouMod:RetainTemperature","MokouMod:Combust+1"],"picked":"MokouMod:SearingShot+1","floor":12},{"not_picked":["MokouMod:InfernalWave+1","MokouMod:IndiscriminateIgnition","MokouMod:Singe+1","MokouMod:BlazingComet+1"],"picked":"MokouMod:ScorchedEarth","floor":13},{"not_picked":["MokouMod:Fireball+1","MokouMod:Refresh","MokouMod:Singe+1","MokouMod:ControlledCombustion"],"picked":"MokouMod:SacredFire+1","floor":14},{"not_picked":["MokouMod:RadiantBlade+1","MokouMod:BurningHiddenBullet+1","MokouMod:Geothermal+1","MokouMod:Ventilation"],"picked":"MokouMod:ExplosiveFlame","floor":16},{"not_picked":["MokouMod:Refresh","MokouMod:ShiftIgnition","MokouMod:RisingSunBarrier","MokouMod:HeatTransfer"],"picked":"MokouMod:FlickeringFlame+1","floor":18},{"not_picked":["MokouMod:Wildfire","MokouMod:FujiyamaVolcano+1","MokouMod:UncontrollableSolarReaction+1","MokouMod:Burn+1"],"picked":"MokouMod:TemporalFireSeal+1","floor":22},{"not_picked":["MokouMod:FlareStarter","MokouMod:ResoluteFlare+1","MokouMod:FlamingFireTalons+1","MokouMod:Rekindle"],"picked":"MokouMod:AdaptivePyromancy+1","floor":23},{"not_picked":["MokouMod:FlareStarter","MokouMod:HeatTransfer","MokouMod:Singe+1","MokouMod:InfernalWave+1"],"picked":"MokouMod:IllusoryBattlefield+1","floor":24},{"not_picked":["MokouMod:SubterraneanCore+1","MokouMod:Burn+1","MokouMod:ScorchingColumn+1","MokouMod:IndiscriminateIgnition"],"picked":"MokouMod:FlareStarter","floor":25},{"not_picked":["MokouMod:ThermalPressure+1","MokouMod:InfernalWave+1","MokouMod:RoaringFlare+1","MokouMod:ShiftIgnition"],"picked":"MokouMod:Overheat","floor":27},{"not_picked":["MokouMod:Ember+1","MokouMod:ScorchingColumn+1","MokouMod:RetainTemperature","MokouMod:FlickeringFlame+1"],"picked":"MokouMod:Wildfire+1","floor":28},{"not_picked":["MokouMod:ShiftIgnition+1","MokouMod:InfernalWave+1","MokouMod:Stoke","MokouMod:RetainTemperature","MokouMod:Firecracker"],"picked":"SKIP","floor":29},{"not_picked":["MokouMod:ThermalPressure","MokouMod:UncontrollableSolarReaction+1","MokouMod:Ember+1","MokouMod:ScorchedEarth+1"],"picked":"MokouMod:BurningHiddenBullet+1","floor":31},{"not_picked":["MokouMod:ProfanedFlare","MokouMod:RadiantBlade+1","MokouMod:SearingBlow+1","MokouMod:ResonatingAura"],"picked":"MokouMod:Rebirth","floor":33},{"not_picked":["MokouMod:HeartofFire+1","MokouMod:ThermalPressure","MokouMod:UncontrollableSolarReaction+1","MokouMod:AdaptivePyromancy+1"],"picked":"MokouMod:Stoke+1","floor":35},{"not_picked":["MokouMod:BlazingComet+1","MokouMod:FlareStarter+1","MokouMod:Firecracker","MokouMod:Overheat"],"picked":"MokouMod:IndiscriminateIgnition+1","floor":37},{"not_picked":["MokouMod:ResonanceReactor","MokouMod:SearingShot+1","MokouMod:RetainTemperature","MokouMod:RoaringFlare+1","MokouMod:ScorchingColumn+1"],"picked":"SKIP","floor":41},{"not_picked":["MokouMod:Sear","MokouMod:Extinguish","MokouMod:FusionFlare+1","MokouMod:Refresh+1","MokouMod:BurningDraft"],"picked":"SKIP","floor":42},{"not_picked":["MokouMod:Scorch+1","MokouMod:AdaptivePyromancy+1","MokouMod:SearingShot+1","MokouMod:RoaringFlare+1"],"picked":"MokouMod:Sear","floor":44},{"not_picked":["MokouMod:EternalBurstReactor+1","MokouMod:Stoke","MokouMod:UncontrollableSolarReaction+1","MokouMod:Fireball+1","MokouMod:TemporalFireSeal+1"],"picked":"SKIP","floor":47},{"not_picked":["MokouMod:SearingShot+1","MokouMod:Stoke+1","MokouMod:FlickeringFlame+1","MokouMod:ScorchingColumn+1","MokouMod:ResoluteFlare+1"],"picked":"SKIP","floor":48},{"not_picked":["MokouMod:AdaptivePyromancy+1","MokouMod:CrimsonFlare+1","MokouMod:Cataclysm+1","MokouMod:Ember+1","MokouMod:Firecracker"],"picked":"SKIP","floor":54}],"player_experience":574702,"relics_obtained":[{"floor":1,"key":"SynthV:TestCard"},{"floor":6,"key":"Tiny Chest"},{"floor":9,"key":"Molten Egg 2"},{"floor":11,"key":"aspiration:StickyExplosives_weak"},{"floor":19,"key":"GodSword1"},{"floor":23,"key":"Dream Catcher"},{"floor":26,"key":"Snack Pack"},{"floor":29,"key":"Simple Rune"},{"floor":39,"key":"War Paint"},{"floor":41,"key":"MagicDraw3"},{"floor":43,"key":"Gremlin Horn"},{"floor":47,"key":"GodSword7"},{"floor":54,"key":"Replay:WaspNest"}],"event_choices":[],"is_beta":false,"boss_relics":[{"not_picked":["energizedSpire:NeverEndingSparkler","vexMod:BigBerry"],"picked":"SynthV:MejaisSoulstealer"},{"not_picked":["Painkiller Herb","REME_DemonsWealth"],"picked":"ExusiaiGun"}],"items_purged_floors":[53],"is_endless":false,"potions_floor_spawned":[5,6,13,14,23,25,31,33,41,44,47,48],"ascension_level":0}}