{"host":"mku5fdaoqz3qihec","time":1611075136,"event":{"mods":["2.2 Compatiblity","AchievementEnabler","BaseMod","Colored Map","Colored Powertips","Marisa£¨Ùöéë¡¡Øª×âÞÞ£©","Minty Spire (QoL Compilation)","Rare Cards Sparkle","StSLib","SuperFastMode"],"gold_per_floor":[113,123,123,123,133,133,161,161,161,161,187,202,202,233,233,333,333,343,359,71,82,97,97,124,137,137,162,87,87,100,131,131,131,131],"floor_reached":33,"language":"ENG","playtime":908,"items_purged":["Strike_MRS"],"score":473,"play_id":"b4342476-79c8-4119-aebf-557177528b84","local_time":"20210120015216","is_ascension_mode":true,"campfire_choices":[{"data":"EarthLightRay","floor":8,"key":"SMITH"},{"data":"DC","floor":10,"key":"SMITH"},{"data":"GrandCross","floor":13,"key":"SMITH"},{"data":"MasterSpark","floor":15,"key":"SMITH"},{"data":"ManaRampage","floor":23,"key":"SMITH"},{"data":"SprinkleStarSeal","floor":32,"key":"SMITH"}],"circlet_count":0,"master_deck":["Strike_MRS","Strike_MRS","Strike_MRS","Defend_MRS","Defend_MRS","Defend_MRS","MasterSpark+1","UpSweep","Secret Weapon","DC+1","EarthLightRay+1","GrandCross+1","SporeBomb","FairyDestructionRay","ManaRampage+1","ManaConvection+1","GalacticHalo","SprinkleStarSeal+1","GalacticHalo"],"relics":["MiniHakkero","Bottled Lightning","Ancient Tea Set","Omamori","Gremlin Horn","Frozen Egg 2","Du-Vu Doll","Sozu","Ginger","White Beast Statue","Kunai","Blood Vial","Potion Belt"],"acts_visited":["Exordium","TheCity"],"potions_floor_usage":[13,16],"damage_taken":[{"damage":0,"enemies":"2 Louse","floor":1,"turns":3},{"damage":2,"enemies":"Jaw Worm","floor":2,"turns":3},{"damage":7,"enemies":"Small Slimes","floor":5,"turns":3},{"damage":16,"enemies":"Gremlin Nob","floor":7,"turns":3},{"damage":10,"enemies":"3 Sentries","floor":11,"turns":4},{"damage":0,"enemies":"2 Fungi Beasts","floor":12,"turns":1},{"damage":0,"enemies":"Lagavulin","floor":14,"turns":2},{"damage":29,"enemies":"Hexaghost","floor":16,"turns":7},{"damage":7,"enemies":"Shell Parasite","floor":18,"turns":2},{"damage":6,"enemies":"2 Thieves","floor":19,"turns":2},{"damage":0,"enemies":"Snecko","floor":21,"turns":2},{"damage":0,"enemies":"Centurion and Healer","floor":22,"turns":3},{"damage":8,"enemies":"Gremlin Leader","floor":24,"turns":3},{"damage":0,"enemies":"Snake Plant","floor":25,"turns":2},{"damage":31,"enemies":"Slavers","floor":27,"turns":3},{"damage":0,"enemies":"Snecko","floor":30,"turns":3},{"damage":10,"enemies":"Book of Stabbing","floor":31,"turns":2},{"damage":53,"enemies":"Champ","floor":33,"turns":7}],"seed_played":"-768284714678398061","potions_obtained":[{"floor":1,"key":"AttackPotion"},{"floor":7,"key":"Dexterity Potion"},{"floor":12,"key":"Fruit Juice"}],"is_trial":false,"path_per_floor":["M","M","?","T","M","?","E","R","T","R","E","M","R","E","R","B",null,"M","M","$","M","M","R","E","M","T","E","$","?","M","E","R","B"],"character_chosen":"MARISA","items_purchased":["Ginger"],"campfire_rested":0,"item_purchase_floors":[20],"current_hp_per_floor":[68,66,66,66,61,61,45,45,45,45,41,41,46,46,46,23,61,54,54,54,54,60,60,58,58,58,33,33,33,41,33,33,0,0],"gold":131,"neow_bonus":"RANDOM_COLORLESS_2","is_daily":false,"chose_seed":false,"campfire_upgraded":6,"win_rate":0.0,"timestamp":1611075136,"path_taken":["M","M","?","?","M","?","E","R","T","R","E","M","R","E","R","BOSS","M","M","$","?","M","R","E","M","T","E","$","?","M","E","R","BOSS"],"items_purchased_type":["Relic"],"build_version":"2020-12-22","purchased_purges":1,"victory":false,"max_hp_per_floor":[68,68,68,68,68,68,68,68,68,68,68,68,73,73,73,73,73,73,73,73,73,73,73,73,73,73,73,73,73,73,73,73,73,73],"card_choices":[{"not_picked":["Panache","The Bomb"],"picked":"Secret Weapon","floor":0},{"not_picked":["OortCloud","MilkyWay"],"picked":"DC","floor":1},{"not_picked":["LuminesStrike","GravityBeat","UnstableBomb"],"picked":"SKIP","floor":2},{"not_picked":["BlazeAway","DarkMatter","6A"],"picked":"SKIP","floor":5},{"not_picked":["ChargingUp","WitchOfGreed"],"picked":"GrandCross","floor":7},{"not_picked":["RefractionSpark","SuperPerseids"],"picked":"SporeBomb","floor":11},{"not_picked":["MilkyWay","OpenUniverse"],"picked":"FairyDestructionRay","floor":12},{"not_picked":["6A","ShootingEcho","OpenUniverse"],"picked":"SKIP","floor":14},{"not_picked":["TreasureHunter","JA"],"picked":"ManaRampage","floor":16},{"not_picked":["DarkMatter+1","UnstableBomb+1","PowerUp"],"picked":"SKIP","floor":18},{"not_picked":["Occultation+1","WitchOfGreed+1","SporeBomb+1"],"picked":"SKIP","floor":19},{"not_picked":["DC","OortCloud+1"],"picked":"ManaConvection+1","floor":21},{"not_picked":["PowerUp","MilkyWay"],"picked":"GalacticHalo","floor":22},{"not_picked":["SporeBomb","DarkSpark+1"],"picked":"SprinkleStarSeal","floor":24},{"not_picked":["ManaConvection","NonDirectionalLaser+1","IllusionStar+1"],"picked":"SKIP","floor":25},{"not_picked":["IllusionStar+1","DC+1","EnergyFlow+1"],"picked":"SKIP","floor":27},{"not_picked":["EarthLightRay","WitchLeyline"],"picked":"GalacticHalo","floor":30},{"not_picked":["DarkMatter+1","OpenUniverse","WitchOfGreed+1"],"picked":"SKIP","floor":31}],"player_experience":282271,"relics_obtained":[{"floor":4,"key":"Bottled Lightning"},{"floor":7,"key":"Omamori"},{"floor":9,"key":"Gremlin Horn"},{"floor":11,"key":"Frozen Egg 2"},{"floor":14,"key":"Du-Vu Doll"},{"floor":24,"key":"White Beast Statue"},{"floor":26,"key":"Kunai"},{"floor":27,"key":"Blood Vial"},{"floor":31,"key":"Potion Belt"}],"event_choices":[{"damage_healed":0,"gold_gain":0,"cards_transformed":["Defend_MRS"],"player_choice":"Change","damage_taken":0,"max_hp_gain":0,"max_hp_loss":0,"event_name":"Living Wall","floor":3,"gold_loss":0,"cards_obtained":["EarthLightRay"]},{"damage_healed":0,"gold_gain":0,"player_choice":"Gave Potion","damage_taken":0,"relics_obtained":["Ancient Tea Set"],"max_hp_gain":0,"max_hp_loss":0,"event_name":"WeMeetAgain","floor":6,"gold_loss":0},{"damage_healed":0,"gold_gain":0,"player_choice":"Ignored","damage_taken":0,"max_hp_gain":0,"max_hp_loss":0,"event_name":"Vampires","floor":29,"gold_loss":0}],"is_beta":false,"boss_relics":[{"not_picked":["Astrolabe","Black Star"],"picked":"Sozu"}],"items_purged_floors":[28],"is_endless":false,"potions_floor_spawned":[1,7,12,19,21,22,25,27,30,31],"killed_by":"Champ","ascension_level":7}}