{"host":"vyjryxuuuxkt43k4","time":1611044622,"event":{"mods":["AchievementEnabler","BaseMod","Colored Map","DeckTracker","Keyboard Shortcuts","Minty Spire (QoL Compilation)","Permanent Neow","Quick Restart","Rare Cards Sparkle","StSLib","SuperFastMode","everything is the same but u backflip on backflip"],"gold_per_floor":[114,128,128,139,119,119,136,136,161,175,175,175,195,230,230,309,309,322,322,247,259,159,159,184,184,235,334,334,350,350,365,365,365,365],"floor_reached":33,"language":"KOR","playtime":1028,"items_purged":["Strike_R","Strike_R"],"score":706,"play_id":"55f58ce8-75fe-4859-a39e-2bbdc074bcff","local_time":"20210119172342","is_ascension_mode":true,"campfire_choices":[{"data":"Searing Blow","floor":6.0,"key":"SMITH"},{"data":"Searing Blow+1","floor":8.0,"key":"SMITH"},{"data":"Searing Blow+2","floor":12.0,"key":"SMITH"},{"data":"Searing Blow+3","floor":15.0,"key":"SMITH"},{"data":"Searing Blow+4","floor":23.0,"key":"SMITH"},{"data":"Searing Blow+5","floor":25.0,"key":"SMITH"},{"data":"Searing Blow+6","floor":28.0,"key":"SMITH"},{"data":"Searing Blow+7","floor":32.0,"key":"SMITH"}],"circlet_count":0,"master_deck":["AscendersBane","Strike_R+1","Strike_R","Strike_R","Defend_R+1","Defend_R+1","Defend_R","Defend_R","Bash","Shrug It Off","Searing Blow+8","Battle Trance+1","Feel No Pain","Second Wind","Offering","Armaments","Evolve","Flame Barrier"],"relics":["Burning Blood","Thread and Needle","Vajra","War Paint","StrikeDummy","Coffee Dripper","Red Skull","Bag of Preparation"],"acts_visited":["Exordium","TheCity"],"potions_floor_usage":[],"damage_taken":[{"damage":0.0,"enemies":"Small Slimes","floor":1.0,"turns":4.0},{"damage":4.0,"enemies":"2 Louse","floor":2.0,"turns":3.0},{"damage":0.0,"enemies":"Cultist","floor":4.0,"turns":3.0},{"damage":9.0,"enemies":"Blue Slaver","floor":7.0,"turns":4.0},{"damage":0.0,"enemies":"3 Louse","floor":10.0,"turns":4.0},{"damage":4.0,"enemies":"Exordium Wildlife","floor":13.0,"turns":4.0},{"damage":0.0,"enemies":"Gremlin Nob","floor":14.0,"turns":2.0},{"damage":41.0,"enemies":"Hexaghost","floor":16.0,"turns":10.0},{"damage":6.0,"enemies":"2 Thieves","floor":18.0,"turns":3.0},{"damage":28.0,"enemies":"3 Byrds","floor":21.0,"turns":6.0},{"damage":31.0,"enemies":"Book of Stabbing","floor":24.0,"turns":5.0},{"damage":10.0,"enemies":"Centurion and Healer","floor":29.0,"turns":4.0},{"damage":0.0,"enemies":"Shelled Parasite and Fungi","floor":31.0,"turns":3.0},{"damage":22,"enemies":"Champ","floor":33,"turns":6}],"seed_played":"8765562095827589891","potions_obtained":[{"floor":2.0,"key":"AttackPotion"},{"floor":5.0,"key":"LiquidMemories"},{"floor":7.0,"key":"SkillPotion"},{"floor":14.0,"key":"Fruit Juice"},{"floor":16.0,"key":"Fire Potion"},{"floor":18.0,"key":"CultistPotion"},{"floor":24.0,"key":"SteroidPotion"}],"is_trial":false,"path_per_floor":["M","M","?","M","?","R","M","R","T","M","?","R","M","E","R","B",null,"M","?","$","M","$","R","E","R","T","?","R","M","?","M","R","B"],"character_chosen":"IRONCLAD","items_purchased":[],"campfire_rested":0,"item_purchase_floors":[],"current_hp_per_floor":[56,58,51,57,57,57,54,54,54,60,45,45,47,53,53,23,66,66,66,66,44,44,44,19,19,19,19,19,15,15,21,21,0,0],"gold":365,"neow_bonus":"ONE_RARE_RELIC","is_daily":false,"chose_seed":false,"campfire_upgraded":8,"win_rate":0.0,"timestamp":1611044622,"path_taken":["M","M","?","M","?","R","M","R","T","?","?","R","M","E","R","BOSS","M","?","$","M","$","R","E","R","T","?","R","M","?","M","R","BOSS"],"items_purchased_type":[],"build_version":"2020-12-22","purchased_purges":2,"victory":false,"max_hp_per_floor":[75,75,75,75,75,75,75,75,75,75,75,75,75,75,75,80,80,80,80,80,80,80,80,80,80,80,80,80,80,80,80,80,80,80],"card_choices":[{"not_picked":["Clash","Thunderclap"],"picked":"Shrug It Off","floor":1.0},{"not_picked":["Infernal Blade","Warcry"],"picked":"Searing Blow","floor":2.0},{"not_picked":["Uppercut","Rampage"],"picked":"Battle Trance","floor":4.0},{"not_picked":["Sever Soul","Cleave","Rampage"],"picked":"SKIP","floor":7.0},{"not_picked":["Wild Strike","Headbutt"],"picked":"Feel No Pain","floor":10.0},{"not_picked":["Body Slam","Iron Wave","Havoc"],"picked":"SKIP","floor":13.0},{"not_picked":["Twin Strike","Havoc"],"picked":"Second Wind","floor":14.0},{"not_picked":["Fiend Fire","Demon Form"],"picked":"Offering","floor":16.0},{"not_picked":["Cleave","Clash"],"picked":"Armaments","floor":18.0},{"not_picked":["Havoc","Searing Blow+1"],"picked":"Evolve","floor":21.0},{"not_picked":["Sever Soul","Flex","Sword Boomerang"],"picked":"SKIP","floor":24.0},{"not_picked":["Iron Wave","True Grit","Rage"],"picked":"SKIP","floor":29.0},{"not_picked":["Warcry","Clash"],"picked":"Flame Barrier","floor":31.0}],"player_experience":142431,"relics_obtained":[{"floor":9.0,"key":"War Paint"},{"floor":14.0,"key":"StrikeDummy"},{"floor":24.0,"key":"Red Skull"},{"floor":26.0,"key":"Bag of Preparation"}],"event_choices":[{"damage_healed":0.0,"max_hp_gain":0.0,"max_hp_loss":0.0,"gold_gain":0.0,"event_name":"Scrap Ooze","player_choice":"Success","floor":3.0,"gold_loss":0.0,"damage_taken":7.0,"relics_obtained":["Vajra"]},{"damage_healed":0.0,"max_hp_gain":0.0,"max_hp_loss":0.0,"gold_gain":0.0,"event_name":"The Woman in Blue","player_choice":"Bought 1 Potion","floor":5.0,"gold_loss":0.0,"damage_taken":0.0},{"damage_healed":0.0,"max_hp_gain":0.0,"max_hp_loss":0.0,"gold_gain":0.0,"event_name":"Shining Light","player_choice":"Entered Light","floor":11.0,"gold_loss":0.0,"damage_taken":15.0,"cards_upgraded":["Defend_R","Strike_R"]},{"damage_healed":0.0,"max_hp_gain":0.0,"max_hp_loss":0.0,"gold_gain":0.0,"event_name":"Ghosts","player_choice":"Ignored","floor":19.0,"gold_loss":0.0,"damage_taken":0.0},{"damage_healed":0.0,"max_hp_gain":0.0,"max_hp_loss":0.0,"gold_gain":99.0,"event_name":"Nest","player_choice":"Stole From Cult","floor":27.0,"gold_loss":0.0,"damage_taken":0.0},{"damage_healed":0.0,"max_hp_gain":0.0,"max_hp_loss":0.0,"gold_gain":0.0,"event_name":"Vampires","player_choice":"Ignored","floor":30.0,"gold_loss":0.0,"damage_taken":0.0}],"is_beta":false,"boss_relics":[{"not_picked":["Philosopher\u0027s Stone","Snecko Eye"],"picked":"Coffee Dripper"}],"items_purged_floors":[20,22],"is_endless":false,"potions_floor_spawned":[2,7,14,16,18,24],"killed_by":"Champ","ascension_level":14}}