{"host":"la6t950uoatqs0xt","time":1611026084,"event":{"mods":["AchievementEnabler","BaseMod","Colored Powertips","Minty Spire (QoL Compilation)","Quick Restart","Rare Cards Sparkle"],"gold_per_floor":[109,125,15,190,205,205,234,234,260,279,308,308,308,321,321,321,321],"floor_reached":16,"language":"ENG","playtime":834,"items_purged":["Defend_G"],"score":127,"play_id":"e276ae81-16ec-4efe-8ebb-94c882adb5ad","local_time":"20210118221444","is_ascension_mode":true,"campfire_choices":[{"data":"Blade Dance","floor":6,"key":"SMITH"},{"floor":8,"key":"REST"},{"floor":13,"key":"REST"},{"floor":15,"key":"REST"}],"circlet_count":0,"master_deck":["Strike_G","Strike_G","Strike_G","Strike_G","Strike_G","Defend_G","Defend_G","Defend_G","Defend_G","Survivor","Neutralize","Heel Hook","Leg Sweep","Caltrops","Blade Dance+1","Reflex","Regret","Deflect"],"relics":["Ring of the Snake","Tiny Chest","Nunchaku","Happy Flower"],"acts_visited":["Exordium"],"potions_floor_usage":[7,11,16],"damage_taken":[{"damage":0,"enemies":"Jaw Worm","floor":1,"turns":5},{"damage":0,"enemies":"Cultist","floor":2,"turns":5},{"damage":5,"enemies":"Small Slimes","floor":5,"turns":6},{"damage":19,"enemies":"3 Sentries","floor":7,"turns":11},{"damage":15,"enemies":"3 Louse","floor":10,"turns":5},{"damage":57,"enemies":"Lagavulin","floor":11,"turns":11},{"damage":19,"enemies":"Gremlin Gang","floor":14,"turns":4},{"damage":35,"enemies":"The Guardian","floor":16,"turns":14}],"seed_played":"1060241691983979667","potions_obtained":[{"floor":1,"key":"ColorlessPotion"},{"floor":2,"key":"Weak Potion"},{"floor":7,"key":"Energy Potion"},{"floor":14,"key":"BlessingOfTheForge"}],"is_trial":false,"path_per_floor":["M","M","$","?","M","R","E","R","T","M","E","?","R","M","R","B"],"character_chosen":"THE_SILENT","items_purchased":["Caltrops"],"campfire_rested":3,"item_purchase_floors":[3],"current_hp_per_floor":[77,77,77,77,72,72,53,76,76,61,4,4,27,8,31,0,0],"gold":321,"neow_bonus":"TEN_PERCENT_HP_BONUS","is_daily":false,"chose_seed":false,"campfire_upgraded":1,"win_rate":0.0,"timestamp":1611026084,"path_taken":["M","M","$","?","M","R","E","R","T","M","E","?","R","?","R","BOSS"],"items_purchased_type":["Card"],"build_version":"2020-12-22","purchased_purges":1,"victory":false,"max_hp_per_floor":[77,77,77,77,77,77,77,77,77,77,77,77,77,77,77,77,77],"card_choices":[{"not_picked":["Dagger Throw","Infinite Blades"],"picked":"Heel Hook","floor":1},{"not_picked":["Dagger Spray","Predator"],"picked":"Leg Sweep","floor":2},{"not_picked":["Quick Slash","Poisoned Stab"],"picked":"Blade Dance","floor":5},{"not_picked":["Deadly Poison","Calculated Gamble"],"picked":"Reflex","floor":7},{"not_picked":["Deadly Poison","Slice","Prepared"],"picked":"SKIP","floor":10},{"not_picked":["Flying Knee","Corpse Explosion","Outmaneuver"],"picked":"SKIP","floor":11},{"not_picked":["Deadly Poison","Prepared"],"picked":"Deflect","floor":14}],"player_experience":263604,"relics_obtained":[{"floor":7,"key":"Tiny Chest"},{"floor":9,"key":"Nunchaku"},{"floor":11,"key":"Happy Flower"}],"event_choices":[{"damage_healed":0,"gold_gain":175,"player_choice":"AGREE","damage_taken":0,"max_hp_gain":0,"max_hp_loss":0,"event_name":"Liars Game","floor":4,"gold_loss":0,"cards_obtained":["Doubt"]},{"damage_healed":0,"gold_gain":0,"cards_transformed":["Doubt"],"player_choice":"Transformed","damage_taken":0,"max_hp_gain":0,"max_hp_loss":0,"event_name":"Transmorgrifier","floor":12,"gold_loss":0,"cards_obtained":["Regret"]}],"is_beta":false,"boss_relics":[],"items_purged_floors":[3],"is_endless":false,"potions_floor_spawned":[1,2,7,14],"killed_by":"The Guardian","ascension_level":3}}