{"host":"ydg0vn0pu4pubmdt","time":1611053879,"event":{"mods":["AchievementEnabler","BaseMod","Colored Map","Gold Saver","Minty Spire (QoL Compilation)","Quick Restart","SuperFastMode"],"gold_per_floor":[831,846,771,921,483,510,510,545,545,556,556,576,640,675,675,746,746,762,396,410,114,124,152,152,168,168,18,35,35,53,71,71,145,145,160,170,170,170],"floor_reached":37,"language":"KOR","playtime":2458,"items_purged":["Doubt","Strike_P","Defend_P","EmptyBody"],"score":972,"play_id":"5e2ba72a-15fb-4fbe-beab-ddb1e5dabb84","local_time":"20210119195759","is_ascension_mode":true,"campfire_choices":[{"data":"Eruption","floor":7.0,"key":"SMITH"},{"data":"Adaptation","floor":11.0,"key":"SMITH"},{"floor":15.0,"key":"REST"},{"data":"MentalFortress","floor":29.0,"key":"SMITH"},{"data":"TalkToTheHand","floor":32.0,"key":"SMITH"}],"circlet_count":0,"master_deck":["AscendersBane","Defend_P","Eruption+1","Vigilance","EmptyFist","Adaptation+1","FlurryOfBlows","TalkToTheHand+1","InnerPeace+1","MentalFortress+1","Prostrate+1","Scrawl+1","FlyingSleeves+1","WreathOfFlame+1","Worship+1","Prostrate+1","Finesse+1"],"relics":["PureWater","Sundial","Pocketwatch","CloakClasp","Toxic Egg 2","Ancient Tea Set","Darkstone Periapt","Astrolabe","Omamori","Medical Kit","MealTicket","Sozu"],"acts_visited":["Exordium","TheCity","TheBeyond"],"potions_floor_usage":[],"damage_taken":[{"damage":0.0,"enemies":"Cultist","floor":1.0,"turns":4.0},{"damage":0.0,"enemies":"Jaw Worm","floor":2.0,"turns":2.0},{"damage":7.0,"enemies":"Lagavulin","floor":6.0,"turns":5.0},{"damage":13.0,"enemies":"3 Sentries","floor":8.0,"turns":5.0},{"damage":0.0,"enemies":"2 Louse","floor":10.0,"turns":3.0},{"damage":0.0,"enemies":"Looter","floor":12.0,"turns":1.0},{"damage":19.0,"enemies":"3 Sentries","floor":13.0,"turns":5.0},{"damage":12.0,"enemies":"Gremlin Nob","floor":14.0,"turns":4.0},{"damage":8.0,"enemies":"The Guardian","floor":16.0,"turns":9.0},{"damage":0.0,"enemies":"Chosen","floor":18.0,"turns":5.0},{"damage":0.0,"enemies":"2 Thieves","floor":20.0,"turns":2.0},{"damage":5.0,"enemies":"Centurion and Healer","floor":22.0,"turns":6.0},{"damage":15.0,"enemies":"Slavers","floor":23.0,"turns":4.0},{"damage":0.0,"enemies":"Cultist and Chosen","floor":25.0,"turns":4.0},{"damage":17.0,"enemies":"Shelled Parasite and Fungi","floor":28.0,"turns":2.0},{"damage":0.0,"enemies":"Snake Plant","floor":30.0,"turns":2.0},{"damage":0.0,"enemies":"Snecko","floor":31.0,"turns":2.0},{"damage":0.0,"enemies":"Automaton","floor":33.0,"turns":6.0},{"damage":20,"enemies":"Orb Walker","floor":35,"turns":3},{"damage":24,"enemies":"3 Shapes","floor":36,"turns":2},{"damage":23,"enemies":"3 Darklings","floor":37,"turns":1}],"seed_played":"-678234044503949653","potions_obtained":[{"floor":1.0,"key":"Weak Potion"},{"floor":2.0,"key":"Fruit Juice"},{"floor":8.0,"key":"Dexterity Potion"},{"floor":31.0,"key":"Regen Potion"}],"is_trial":false,"path_per_floor":["M","M","?","?","$","E","R","E","T","M","R","M","?","E","R","B",null,"M","$","M","$","M","E","?","M","T","$","M","R","M","M","R","B",null,"M","M","M"],"character_chosen":"WATCHER","items_purchased":["Adaptation","Sundial","Omamori","Finesse+1","Medical Kit"],"campfire_rested":1,"item_purchase_floors":[5,5,19,19,21],"current_hp_per_floor":[61,61,61,61,61,54,54,41,41,41,41,41,22,10,30,22,57,57,57,57,57,52,37,37,37,37,52,35,35,35,35,35,35,65,45,21,0,0],"gold":170,"neow_bonus":"TRANSFORM_TWO_CARDS","is_daily":false,"chose_seed":false,"campfire_upgraded":4,"win_rate":0.0,"timestamp":1611053879,"path_taken":["M","?","?","?","$","E","R","E","T","M","R","M","?","E","R","BOSS","M","$","M","$","M","E","?","?","T","?","M","R","M","M","R","BOSS","M","M","M"],"items_purchased_type":["Card","Relic","Relic","Card","Relic"],"build_version":"2020-12-22","purchased_purges":4,"victory":false,"max_hp_per_floor":[68,68,68,68,68,68,68,68,68,68,68,68,68,68,68,68,68,68,68,68,68,68,68,68,68,68,68,68,68,68,68,68,68,73,73,73,73,73],"card_choices":[{"not_picked":["Sanctity","JustLucky"],"picked":"EmptyFist","floor":1.0},{"not_picked":["Study","EmptyMind","EmptyFist"],"picked":"SKIP","floor":2.0},{"not_picked":["Crescendo","Perseverance"],"picked":"FlurryOfBlows","floor":6.0},{"not_picked":["Indignation","ThirdEye"],"picked":"TalkToTheHand","floor":8.0},{"not_picked":["WheelKick","Prostrate+1"],"picked":"InnerPeace+1","floor":10.0},{"not_picked":["Indignation+1","FlurryOfBlows"],"picked":"MentalFortress","floor":12.0},{"not_picked":["Conclude","Evaluate+1"],"picked":"Prostrate+1","floor":13.0},{"not_picked":["WreathOfFlame+1","Crescendo+1","Devotion"],"picked":"SKIP","floor":14.0},{"not_picked":["Establishment","Alpha+1"],"picked":"Scrawl+1","floor":16.0},{"not_picked":["EmptyFist","FollowUp"],"picked":"Prostrate+1","floor":18.0},{"not_picked":["Prostrate+1","BowlingBash+1","Consecrate"],"picked":"SKIP","floor":20.0},{"not_picked":["Crescendo+1","FlurryOfBlows","EmptyFist"],"picked":"SKIP","floor":22.0},{"not_picked":["DeceiveReality+1","BowlingBash+1","Collect+1"],"picked":"SKIP","floor":23.0},{"not_picked":["Study","JustLucky","Conclude"],"picked":"SKIP","floor":25.0},{"not_picked":["CutThroughFate","Halt+1","ThirdEye+1"],"picked":"SKIP","floor":28.0},{"not_picked":["InnerPeace+1","Fasting2+1","Devotion"],"picked":"SKIP","floor":30.0},{"not_picked":["Evaluate+1","Vengeance+1","CrushJoints"],"picked":"SKIP","floor":31.0},{"not_picked":["ThirdEye+1","CutThroughFate","Sanctity+1"],"picked":"SKIP","floor":35},{"not_picked":["Crescendo+1","ClearTheMind+1","InnerPeace+1"],"picked":"SKIP","floor":36}],"player_experience":488581,"relics_obtained":[{"floor":6.0,"key":"Pocketwatch"},{"floor":8.0,"key":"CloakClasp"},{"floor":9.0,"key":"Toxic Egg 2"},{"floor":13.0,"key":"Ancient Tea Set"},{"floor":14.0,"key":"Darkstone Periapt"},{"floor":23.0,"key":"MealTicket"}],"event_choices":[{"cards_removed":["Shame"],"damage_healed":0.0,"max_hp_gain":0.0,"max_hp_loss":0.0,"gold_gain":0.0,"event_name":"The Cleric","player_choice":"Card Removal","floor":3.0,"gold_loss":75.0,"damage_taken":0.0},{"damage_healed":0.0,"max_hp_gain":0.0,"max_hp_loss":0.0,"gold_gain":150.0,"event_name":"Liars Game","player_choice":"AGREE","floor":4.0,"gold_loss":0.0,"damage_taken":0.0,"cards_obtained":["Doubt"]},{"damage_healed":0.0,"max_hp_gain":0.0,"max_hp_loss":0.0,"gold_gain":30.0,"event_name":"Dead Adventurer","player_choice":"Searched \u00272\u0027 times","floor":13.0,"gold_loss":0.0,"damage_taken":0.0},{"cards_removed":["ForeignInfluence"],"damage_healed":0.0,"max_hp_gain":0.0,"max_hp_loss":0.0,"gold_gain":0.0,"event_name":"Purifier","player_choice":"Purged","floor":24.0,"gold_loss":0.0,"damage_taken":0.0}],"is_beta":false,"boss_relics":[{"not_picked":["Busted Crown","Calling Bell"],"picked":"Astrolabe"},{"not_picked":["Runic Pyramid","HolyWater"],"picked":"Sozu"}],"items_purged_floors":[5,19,21,27],"is_endless":false,"potions_floor_spawned":[1,2,8,20,22,28,31],"killed_by":"3 Darklings","ascension_level":20}}