{"host":"oeotdbd679q6m6vu","time":1611039736,"event":{"mods":["Act Like it!","BaseMod","Colored Map","Decade(Õı–°√˜)","Downfall","Friendly Minions","Gensokyo","GifTheSpireLib","Highlight Path","Marisa£®ÏF”Í°°ƒß¿Ì…≥£©","Minty Spire (QoL Compilation)","Rare Cards Sparkle","Reimu£®≤©¿ˆ¡È√Œ£©","StSLib","The Animator","Youmu£®ªÍ∆«—˝√Œ£©"],"gold_per_floor":[99,112,123,123,140,140,164,164,237,262,14,42,74,102,117,217,217,217,237,150,250,3,0,75,93,93,120,134,134,169,169,187,284,284,284,302,314,254,254,254,254,280,293,306,15,45,45,57,69,69],"floor_reached":51,"language":"ZHS","playtime":2439,"items_purged":["bronze:Defend","bronze:Defend"],"score":948,"play_id":"2f9d3d56-5074-47ff-8401-1b77891ca98b","local_time":"20210119020216","is_ascension_mode":false,"campfire_choices":[{"data":"bronze:Replicate","floor":1,"key":"SMITH"},{"floor":8,"key":"REST"},{"data":"bronze:Mutator","floor":18,"key":"SMITH"},{"floor":35,"key":"RECALL"},{"floor":47,"key":"REST"}],"circlet_count":0,"master_deck":["bronze:Replicate+1","bronze:Goto+1","bronze:Iterate+1","bronze:GetLatest+1","bronze:Iterate+1","bronze:Break","bronze:Separator+1","bronze:Iterate+1","bronze:ChosenStrike+1","bronze:Virus+1","bronze:DigitalCarnage+1","bronze:Mutator+1","bronze:WildBeam+1","bronze:Boost+1","bronze:BuggyMess+1","bronze:Flail+1","bronze:AlphaBuild+1","bronze:ClassDefault+1","Shame","bronze:MaxOutput+1","bronze:Format","bronze:Philosophize+1","bronze:Backtrace+1","Gensokyo:CustomPotion","bronze:Branch+1","Gensokyo:GapWoman","Gensokyo:Shovel","Gensokyo:MedicineKit","bronze:Allocate","bronze:Boost+1"],"relics":["bronze:BronzeCore","Lantern","Molten Egg 2","Bronze Scales","RuthlessExorcism:ReiMu","FossilizedHelix","Ancient Tea Set","Incense Burner","Philosopher\u0027s Stone","Bird Faced Urn","Torii","PreservedInsect","Shuriken","PureWhite:ReiMu","Tea:ReiMu","Fusion Hammer","Art of War","Ice Cream"],"acts_visited":["Exordium","Gensokyo:Gensokyo","Gensokyo:Gensokyoer"],"potions_floor_usage":[10,14,16,33,33,50,50],"damage_taken":[{"damage":1,"enemies":"Gensokyo:Python","floor":2,"turns":3},{"damage":4,"enemies":"Gensokyo:Gryphon","floor":3,"turns":3},{"damage":4,"enemies":"Gensokyo:2_Kodama","floor":5,"turns":2},{"damage":18,"enemies":"Gensokyo:Cirno","floor":10,"turns":7},{"damage":10,"enemies":"downfall:FleeingMerchant","floor":11,"turns":4},{"damage":0,"enemies":"Gensokyo:Aya","floor":12,"turns":2},{"damage":25,"enemies":"Gensokyo:Cirno","floor":13,"turns":5},{"damage":0,"enemies":"Gensokyo:Cirno","floor":14,"turns":4},{"damage":0,"enemies":"Gensokyo:LivingMonolith","floor":15,"turns":1},{"damage":2,"enemies":"DF_ARCHETYPE_STREAMLINE","floor":16,"turns":5},{"damage":0,"enemies":"Gensokyo:2_Gloops","floor":19,"turns":1},{"damage":16,"enemies":"downfall:FleeingMerchant","floor":20,"turns":4},{"damage":10,"enemies":"downfall:FleeingMerchant","floor":21,"turns":4},{"damage":0,"enemies":"Gensokyo:3_Dogs","floor":25,"turns":2},{"damage":0,"enemies":"Gensokyo:Tenshi","floor":27,"turns":2},{"damage":0,"enemies":"Gensokyo:3_Gloops","floor":28,"turns":1},{"damage":0,"enemies":"Gensokyo:Reisen","floor":30,"turns":2},{"damage":18,"enemies":"Gensokyo:Wraith","floor":32,"turns":2},{"damage":18,"enemies":"IC_MUSHROOM_ARCHETYPE","floor":33,"turns":2},{"damage":0,"enemies":"Gensokyo:3_Bats","floor":36,"turns":1},{"damage":0,"enemies":"Gensokyo:AncientGuardian","floor":37,"turns":1},{"damage":0,"enemies":"Gensokyo:Doremy","floor":42,"turns":3},{"damage":0,"enemies":"Gensokyo:Dusk_and_Dawn","floor":43,"turns":2},{"damage":0,"enemies":"Gensokyo:AtlasGolem","floor":44,"turns":2},{"damage":0,"enemies":"Gensokyo:Kasen","floor":46,"turns":2},{"damage":0,"enemies":"Gensokyo:3_Boulders","floor":48,"turns":2},{"damage":0,"enemies":"Gensokyo:Dusk_and_Dawn","floor":49,"turns":2},{"damage":5,"enemies":"SI_POISON_ARCHETYPE","floor":50,"turns":5}],"seed_played":"8735988578820791371","potions_obtained":[{"floor":3,"key":"PowerPotion"},{"floor":10,"key":"MagicPotion:ReiMu"},{"floor":12,"key":"SteroidPotion"},{"floor":16,"key":"ZuzhouPotion:ReiMu"},{"floor":19,"key":"SmokeBomb"},{"floor":25,"key":"Explosive Potion"},{"floor":30,"key":"Weak Potion"},{"floor":33,"key":"ColorlessPotion"},{"floor":42,"key":"SteroidPotion"},{"floor":43,"key":"FairyPotion"},{"floor":46,"key":"MagicPotion:ReiMu"}],"is_trial":false,"path_per_floor":["R","M","M","?","M","?","T","R","T","E","$","E","?","E","M","B",null,"R","M","$","?","$","?","T","M","?","E","M","?","E","?","M","B",null,"R","M","M","?","$","?","T","E","M","M","COS","E","R","M","M","B",null],"character_chosen":"THE_AUTOMATON","items_purchased":["RuthlessExorcism:ReiMu","bronze:ChosenStrike+1","Toxic Egg 2","bronze:Boost+1","PreservedInsect"],"campfire_rested":2,"item_purchase_floors":[11,11,20,20,22],"current_hp_per_floor":[77,76,72,42,38,38,38,61,61,43,35,35,10,10,10,8,77,77,77,61,51,51,51,51,51,51,51,51,51,51,51,33,17,77,77,77,77,77,77,77,77,77,77,77,77,77,77,77,77,77],"gold":69,"neow_bonus":"TEN_PERCENT_HP_BONUS","is_daily":false,"chose_seed":false,"campfire_upgraded":2,"win_rate":0.0,"timestamp":1611039736,"path_taken":["R","M","M","?","M","?","T","R","?","E","$","E","?","E","M","BOSS","R","M","$","?","$","?","T","M","?","E","?","?","E","?","M","BOSS","R","M","M","?","$","?","T","E","M","?","COS","E","R","M","M","BOSS"],"items_purchased_type":["Relic","Card","Relic","Card","Relic"],"build_version":"2020-12-22","purchased_purges":2,"victory":true,"max_hp_per_floor":[77,77,77,77,77,77,77,77,77,77,77,77,77,77,77,77,77,77,77,77,77,77,77,77,77,77,77,77,77,77,77,77,77,77,77,77,77,77,77,77,77,77,77,77,77,77,77,77,77,77],"card_choices":[{"not_picked":["bronze:Constructor","bronze:NullPointer"],"picked":"bronze:Iterate","floor":2},{"not_picked":["bronze:WhirlingStrike","bronze:Separator"],"picked":"bronze:GetLatest","floor":3},{"not_picked":["bronze:BuggyMess","bronze:BronzeArmor"],"picked":"bronze:Iterate","floor":5},{"not_picked":["bronze:Constructor","bronze:ShipIt+1"],"picked":"bronze:Separator+1","floor":10},{"not_picked":["bronze:Constructor","bronze:Turbo"],"picked":"bronze:Iterate+1","floor":11},{"not_picked":["bronze:WhirlingStrike+1","bronze:BuggyMess","bronze:BugBarrage+1"],"picked":"SKIP","floor":12},{"not_picked":["bronze:Flail+1","bronze:BuggyMess"],"picked":"bronze:Virus+1","floor":13},{"not_picked":["bronze:BuggyMess","bronze:CutThrough+1"],"picked":"bronze:DigitalCarnage+1","floor":14},{"not_picked":["bronze:BugBarrage+1","bronze:DarkDash+1","bronze:DelayedGuard"],"picked":"SKIP","floor":15},{"not_picked":["bronze:Assembly","bronze:SpaghettiCode"],"picked":"bronze:Mutator","floor":16},{"not_picked":["bronze:Shield","bronze:Constructor+1"],"picked":"bronze:WildBeam+1","floor":19},{"not_picked":["bronze:FineTuning","bronze:Branch+1","bronze:GetLatest"],"picked":"SKIP","floor":20},{"not_picked":["bronze:DelayedSlice+1","bronze:ItsAFeature"],"picked":"bronze:BuggyMess+1","floor":21},{"not_picked":["bronze:Deprecate+1","bronze:DarkDash+1"],"picked":"bronze:Flail+1","floor":25},{"not_picked":["bronze:Frontload","bronze:BitShift"],"picked":"bronze:AlphaBuild+1","floor":27},{"not_picked":["bronze:BitShift","bronze:WildBeam+1","bronze:FineTuning"],"picked":"SKIP","floor":28},{"not_picked":["bronze:Branch+1","bronze:WildBeam+1"],"picked":"bronze:ClassDefault+1","floor":30},{"not_picked":["bronze:Return","bronze:Turbo"],"picked":"bronze:MaxOutput+1","floor":32},{"not_picked":["bronze:SpaghettiCode","bronze:CleanCode"],"picked":"bronze:Format","floor":33},{"not_picked":["bronze:FineTuning+1","bronze:Frontload"],"picked":"bronze:Philosophize+1","floor":36},{"not_picked":["bronze:Deprecate+1","bronze:BugBarrage+1"],"picked":"bronze:Backtrace+1","floor":37},{"not_picked":["bronze:DelayedGuard+1","bronze:Frontload","bronze:ChosenStrike+1"],"picked":"SKIP","floor":42},{"not_picked":["bronze:Turbo","bronze:DelayedSlice+1","bronze:BronzeArmor+1"],"picked":"SKIP","floor":43},{"not_picked":["bronze:Fortify+1","bronze:Optimize+1"],"picked":"bronze:Branch+1","floor":44},{"not_picked":["bronze:FollowUp+1","bronze:Mutator"],"picked":"bronze:Allocate","floor":46},{"not_picked":["bronze:Repulsor","bronze:Deprecate","bronze:Constructor+1"],"picked":"SKIP","floor":48},{"not_picked":["bronze:ChosenStrike+1","bronze:FineTuning+1"],"picked":"bronze:Boost+1","floor":49}],"player_experience":353037,"relics_obtained":[{"floor":7,"key":"Lantern"},{"floor":9,"key":"Molten Egg 2"},{"floor":10,"key":"Bronze Scales"},{"floor":12,"key":"FossilizedHelix"},{"floor":13,"key":"Ancient Tea Set"},{"floor":14,"key":"Incense Burner"},{"floor":21,"key":"Bird Faced Urn"},{"floor":21,"key":"Torii"},{"floor":24,"key":"Shuriken"},{"floor":27,"key":"PureWhite:ReiMu"},{"floor":30,"key":"Tea:ReiMu"},{"floor":42,"key":"Art of War"},{"floor":46,"key":"Ice Cream"}],"event_choices":[],"is_beta":false,"boss_relics":[{"not_picked":["Runic Dome","Cursed Key"],"picked":"Philosopher\u0027s Stone"},{"not_picked":["Calling Bell","Astrolabe"],"picked":"Fusion Hammer"}],"items_purged_floors":[20,22],"is_endless":false,"potions_floor_spawned":[3,10,12,16,19,25,30,33,42,43,46],"ascension_level":0}}