{"host":"9xd9wjw6duoy9kbq","time":1611088529,"event":{"mods":["AchievementEnabler","BaseMod","BetterRewards","Infinite Spire","Jorbs\u0027s Wanderer Trilogy","Minty Spire (QoL Compilation)","Replay The Spire","StSLib"],"gold_per_floor":[119,180,180,191,151,151,183,195,258,302,327,357,396,423,435,542,554,566,597,609,561,587,628,660,672,684,696,718,780,804,832,844,957,969,1055,1150,1162,1174,1279,1406,1520,1646,1685,1823,1835,1847,1141,1234,1234,1327,1327,1327,1327],"floor_reached":52,"language":"ENG","playtime":15733,"items_purged":["Strike_P"],"score":805,"play_id":"8dc4683b-d7b9-47f6-8afe-61259e3c6fc0","local_time":"20210119203529","is_ascension_mode":false,"campfire_choices":[{"floor":6.0,"key":"REST"},{"floor":15.0,"key":"REST"},{"floor":25.0,"key":"REST"}],"circlet_count":0,"master_deck":["Strike_P","Strike_P","Strike_P","Defend_P","Defend_P","Defend_P","Eruption","Vigilance","Vengeance","FearNoEvil","infinitespire:FinalStrike","Replay:Battleflow","FlurryOfBlows+1","Brilliance","FollowUp+1","Halt+1","Pray+1","Halt+1","Devotion","Consecrate+1","Pray","Consecrate+1","Replay:Hum+1","Omniscience","Indignation","LessonLearned","Collect+1","Replay:ManipulateFuture","Replay:Battleflow+1","Crescendo+1","Prostrate","FlurryOfBlows","Pot Of Greed","Pot Of Greed","Pot Of Greed","Writhe","EmptyBody"],"relics":["PureWater","NeowsBlessing","Blood Vial","MawBank","Akabeko","Replay:WaspNest","Damaru","Coffee Dripper","Replay:Blank Codex","Replay:Multitool","Ornamental Fan","Happy Flower","infinitespire:EvilPickle","Runic Pyramid","ReplayTheSpireMod:Ring of Exchange","ReplayTheSpireMod:Ring of Addiction","Potion Belt","Chameleon Ring","Replay:Ringing Soul","Smiling Mask","Onion Ring","Grinning Jar","TheAbacus"],"acts_visited":["Exordium","TheCity","TheBeyond"],"potions_floor_usage":[41,41,44,44,48,48,50,52,52],"damage_taken":[{"damage":0.0,"enemies":"Cultist","floor":1.0,"turns":1.0},{"damage":0.0,"enemies":"Small Slimes","floor":4.0,"turns":1.0},{"damage":0.0,"enemies":"3 Sentries","floor":7.0,"turns":2.0},{"damage":8.0,"enemies":"Gremlin Nob","floor":10.0,"turns":3.0},{"damage":0.0,"enemies":"Jaw Worm","floor":11.0,"turns":1.0},{"damage":0.0,"enemies":"Exordium Wildlife","floor":12.0,"turns":2.0},{"damage":20.0,"enemies":"3 Sentries","floor":13.0,"turns":6.0},{"damage":8.0,"enemies":"Large Slime","floor":14.0,"turns":2.0},{"damage":38.0,"enemies":"The Guardian","floor":16.0,"turns":6.0},{"damage":0.0,"enemies":"3 Byrds","floor":18.0,"turns":2.0},{"damage":0.0,"enemies":"Spheric Guardian","floor":19.0,"turns":2.0},{"damage":34.0,"enemies":"Centurion and Healer","floor":22.0,"turns":4.0},{"damage":19.0,"enemies":"Slavers","floor":23.0,"turns":3.0},{"damage":23.0,"enemies":"3 Cultists","floor":24.0,"turns":5.0},{"damage":4.0,"enemies":"Snecko","floor":28.0,"turns":3.0},{"damage":0.0,"enemies":"Sentry and Sphere","floor":30.0,"turns":3.0},{"damage":0.0,"enemies":"Chosen and Byrds","floor":31.0,"turns":4.0},{"damage":31.0,"enemies":"Pondfish","floor":33.0,"turns":8.0},{"damage":14.0,"enemies":"3 Darklings","floor":35.0,"turns":3.0},{"damage":11.0,"enemies":"3 Shapes","floor":36.0,"turns":3.0},{"damage":3.0,"enemies":"Spire Growth","floor":39.0,"turns":3.0},{"damage":9.0,"enemies":"R_Hoarder","floor":40.0,"turns":5.0},{"damage":1,"enemies":"3 Darklings","floor":41,"turns":3},{"damage":9,"enemies":"Jaw Worm Horde","floor":42,"turns":2},{"damage":34,"enemies":"Maw","floor":44,"turns":3},{"damage":1,"enemies":"Spire Growth","floor":48,"turns":3},{"damage":18,"enemies":"Jaw Worm Horde","floor":50,"turns":4},{"damage":85,"enemies":"Replay:Hell Engine","floor":52,"turns":6}],"seed_played":"-3564283187175399155","potions_obtained":[{"floor":1.0,"key":"SkillPotion"},{"floor":2.0,"key":"FairyPotion"},{"floor":2.0,"key":"Ambrosia"},{"floor":7.0,"key":"LiquidMemories"},{"floor":12.0,"key":"SmokeBomb"},{"floor":19.0,"key":"SteroidPotion"},{"floor":24.0,"key":"SpeedPotion"},{"floor":30.0,"key":"StancePotion"},{"floor":35.0,"key":"Adrenaline Potion"},{"floor":37.0,"key":"AttackPotion"},{"floor":37.0,"key":"Reflective Coating"},{"floor":37.0,"key":"PowerPotion"},{"floor":39.0,"key":"LiquidMemories"},{"floor":40.0,"key":"Dexterity Potion"},{"floor":42,"key":"SteroidPotion"},{"floor":50,"key":"LiquidMemories"}],"is_trial":false,"path_per_floor":["M","?","?","M","$","R","E","$","T","E","M","M","E","M","R","B",null,"M","M","?","?","M","E","M","R","T","R","M","T","M","M","R","B",null,"M","M","?","?","M","E","M","M","T","M","PTL","PTL","$","M","?","M","R","B"],"character_chosen":"WATCHER","items_purchased":["FlurryOfBlows+1","Onion Ring","DistilledChaos","SkillPotion","Grinning Jar","TheAbacus"],"campfire_rested":3,"item_purchase_floors":[5,47,47,47,47,47],"current_hp_per_floor":[72,44,25,27,27,48,50,50,50,44,46,48,30,24,45,9,72,72,72,56,56,24,7,8,29,29,29,27,27,29,31,31,2,72,58,49,49,54,53,49,53,49,49,20,20,20,23,24,48,35,62,0,0],"gold":1327,"neow_bonus":"THREE_ENEMY_KILL","is_daily":false,"chose_seed":false,"campfire_upgraded":0,"win_rate":0.0,"timestamp":1611088529,"path_taken":["M","?","?","M","$","R","E","?","T","E","M","M","E","M","R","BOSS","M","M","?","?","M","E","M","R","T","R","M","?","M","M","R","BOSS","M","M","?","?","M","E","M","?","T","M","PTL","PTL","$","M","?","M","R","BOSS"],"items_purchased_type":["Card","Relic","Potion","Potion","Relic","Relic"],"build_version":"2020-12-22","purchased_purges":1,"victory":false,"max_hp_per_floor":[72,72,72,72,72,72,72,72,72,72,72,72,72,72,72,72,72,72,72,72,72,72,72,72,72,72,72,72,72,72,72,72,72,72,72,72,72,72,72,75,78,81,81,84,84,84,87,85,88,91,91,91,91],"card_choices":[{"not_picked":["Conclude","DeceiveReality"],"picked":"Vengeance","floor":1.0},{"not_picked":["ThirdEye","BattleHymn"],"picked":"FearNoEvil","floor":2.0},{"not_picked":["infinitespire:FutureSight","ReplayTheSpireMod:Haul"],"picked":"infinitespire:FinalStrike","floor":3.0},{"not_picked":["Wireheading","SashWhip"],"picked":"Replay:Battleflow","floor":4.0},{"not_picked":["JustLucky","Meditate"],"picked":"Brilliance","floor":7.0},{"not_picked":["SashWhip","WheelKick"],"picked":"FollowUp","floor":10.0},{"not_picked":["Protect","CrushJoints","EmptyMind"],"picked":"SKIP","floor":11.0},{"not_picked":["SashWhip","EmptyFist"],"picked":"Halt","floor":12.0},{"not_picked":["Fasting2","WreathOfFlame"],"picked":"Pray","floor":13.0},{"not_picked":["Weave","SashWhip"],"picked":"Halt","floor":14.0},{"not_picked":["Establishment","Ragnarok"],"picked":"Devotion","floor":16.0},{"not_picked":["JustLucky","Pray"],"picked":"Consecrate+1","floor":19.0},{"not_picked":["CrushJoints","Crescendo"],"picked":"Replay:Cycle","floor":22.0},{"not_picked":["Protect+1","PathToVictory+1"],"picked":"Pray","floor":23.0},{"not_picked":["Replay:Cycle","WaveOfTheHand"],"picked":"Consecrate+1","floor":24.0},{"not_picked":["Evaluate","Halt"],"picked":"Omniscience","floor":28.0},{"not_picked":["FlyingSleeves","Sanctity","Evaluate"],"picked":"SKIP","floor":30.0},{"not_picked":["CarveReality+1","BowlingBash+1"],"picked":"Indignation","floor":31.0},{"not_picked":["Establishment","Replay:LoomingThreat"],"picked":"LessonLearned","floor":33.0},{"not_picked":["Consecrate","JustLucky"],"picked":"Collect+1","floor":35.0},{"not_picked":["Replay:ManipulateFuture","ThirdEye","Wireheading"],"picked":"SKIP","floor":36.0},{"not_picked":["Meditate","Scrawl"],"picked":"Replay:ManipulateFuture","floor":39.0},{"not_picked":["Adaptation","FollowUp"],"picked":"Replay:Battleflow+1","floor":40.0},{"not_picked":["ThirdEye+1","CutThroughFate"],"picked":"Crescendo+1","floor":41},{"not_picked":["Vengeance+1","Judgement"],"picked":"Prostrate","floor":42},{"not_picked":["Meditate+1","Worship"],"picked":"FlurryOfBlows","floor":44},{"not_picked":["Wish","SignatureMove+1","FlyingSleeves+1"],"picked":"SKIP","floor":48},{"not_picked":["PathToVictory","Tantrum+1"],"picked":"EmptyBody","floor":50}],"player_experience":111162,"relics_obtained":[{"floor":2.0,"key":"Blood Vial"},{"floor":7.0,"key":"MawBank"},{"floor":9.0,"key":"Akabeko"},{"floor":10.0,"key":"Replay:WaspNest"},{"floor":13.0,"key":"Damaru"},{"floor":20.0,"key":"Replay:Blank Codex"},{"floor":23.0,"key":"Replay:Multitool"},{"floor":26.0,"key":"Ornamental Fan"},{"floor":29.0,"key":"Happy Flower"},{"floor":37.0,"key":"ReplayTheSpireMod:Ring of Exchange"},{"floor":37.0,"key":"ReplayTheSpireMod:Ring of Addiction"},{"floor":37.0,"key":"Potion Belt"},{"floor":37.0,"key":"Chameleon Ring"},{"floor":40.0,"key":"Replay:Ringing Soul"},{"floor":43,"key":"Smiling Mask"}],"event_choices":[{"damage_healed":0.0,"max_hp_gain":0.0,"max_hp_loss":0.0,"gold_gain":0.0,"event_name":"Cursed Tome","player_choice":"Obtained Book","floor":20.0,"gold_loss":0.0,"damage_taken":16.0},{"cards_removed":["FlyingSleeves"],"damage_healed":5.0,"max_hp_gain":0.0,"max_hp_loss":0.0,"gold_gain":0.0,"event_name":"Bonfire Elementals","player_choice":"Offered Common","floor":38.0,"gold_loss":0.0,"damage_taken":0.0},{"cards_removed":["FlyingSleeves"],"damage_healed":5.0,"max_hp_gain":0.0,"max_hp_loss":0.0,"gold_gain":0.0,"event_name":"Bonfire Elementals","player_choice":"Offered Special","floor":38.0,"gold_loss":0.0,"damage_taken":0.0},{"damage_healed":21,"gold_gain":0,"player_choice":"Writhe","damage_taken":0,"max_hp_gain":0,"max_hp_loss":0,"event_name":"Winding Halls","floor":49,"gold_loss":0,"cards_obtained":["Writhe"]}],"is_beta":false,"boss_relics":[{"not_picked":["Empty Cage","ReplayTheSpireMod:DimensionalGlitch"],"picked":"Coffee Dripper"},{"not_picked":["Velvet Choker","Tiny House"],"picked":"Runic Pyramid"}],"items_purged_floors":[47],"is_endless":false,"potions_floor_spawned":[1,7,12,16,18,19,24,30,35,39,40,42,50],"killed_by":"Replay:Hell Engine","ascension_level":0}}