{"host":"cxvb37eaaiijvrl4","time":1611045343,"event":{"mods":["ATMod(°¢èªMod)","BaseMod","Better Third Choice","Minty Spire (QoL Compilation)","MostiFishMod","Quick Restart","Rare Cards Sparkle","Shop Mod","Spicy Shops","StSLib","TestMod","Uncapped","²ÐÁôÖ®Îï"],"gold_per_floor":[113,123,145,161,161,161,175,210,289,214,217,217],"floor_reached":11,"language":"ZHS","playtime":324,"items_purged":["Strike_P"],"score":150,"play_id":"3e09f995-6c3a-4620-aad6-87dd0568bb3a","local_time":"20210119003543","is_ascension_mode":true,"campfire_choices":[{"data":"Eruption","floor":6.0,"key":"SMITH"}],"circlet_count":0,"master_deck":["AscendersBane","Strike_P","Strike_P","Defend_P","Defend_P","Defend_P","Defend_P","Eruption+1","Vigilance","Adaptation","Fasting2","FearNoEvil","Prostrate","TalkToTheHand"],"relics":["PureWater","testmod-TestBox","DaveBox","AT_ATBox","GreenFoldingFan","testmod-Acrobat","NeowsBlessing","SynthV:TestCard","Oddly Smooth Stone","HornCleat"],"acts_visited":["Exordium"],"potions_floor_usage":[],"damage_taken":[{"damage":2.0,"enemies":"Cultist","floor":1.0,"turns":1.0},{"damage":2.0,"enemies":"Jaw Worm","floor":2.0,"turns":1.0},{"damage":4.0,"enemies":"Small Slimes","floor":3.0,"turns":2.0},{"damage":23.0,"enemies":"Exordium Thugs","floor":4.0,"turns":3.0},{"damage":24.0,"enemies":"Blue Slaver","floor":7.0,"turns":4.0},{"damage":29.0,"enemies":"3 Sentries","floor":8.0,"turns":9.0},{"damage":22,"enemies":"Gremlin Nob","floor":11,"turns":4}],"seed_played":"2311389172820872363","potions_obtained":[{"floor":3.0,"key":"testmod-SpacePotion"},{"floor":4.0,"key":"testmod-TestPotion"},{"floor":8.0,"key":"LiquidBronze"}],"is_trial":false,"path_per_floor":["M","M","M","M","?","R","M","E","T","$","E"],"character_chosen":"WATCHER","items_purchased":[],"campfire_rested":0,"item_purchase_floors":[],"current_hp_per_floor":[68,68,68,55,55,55,41,22,22,22,0,0],"gold":217,"neow_bonus":"THREE_ENEMY_KILL","is_daily":false,"chose_seed":false,"campfire_upgraded":1,"win_rate":0.0,"timestamp":1611045343,"path_taken":["M","M","?","M","?","R","?","E","T","$","E"],"items_purchased_type":[],"build_version":"2020-12-22","purchased_purges":1,"victory":false,"max_hp_per_floor":[68,68,68,68,68,68,68,68,68,68,68,68],"card_choices":[{"not_picked":["FollowUp","CrushJoints"],"picked":"Adaptation","floor":1.0},{"not_picked":["AT_SoftenMuscles","Crescendo","AT_OneInchPunch","Study"],"picked":"Fasting2","floor":2.0},{"not_picked":["AT_ChampionStep","Consecrate","MostiFishMod:Nomercy","CutThroughFate"],"picked":"FearNoEvil","floor":3.0},{"not_picked":["MostiFishMod:StarLaLaLa","ClearTheMind","CutThroughFate","JustLucky","EmptyBody"],"picked":"SKIP","floor":4.0},{"not_picked":["FlyingSleeves","Collect","EmptyBody","ForeignInfluence"],"picked":"Prostrate","floor":7.0},{"not_picked":["MostiFishMod:Nomercy","SignatureMove","ThirdEye","Halt"],"picked":"TalkToTheHand","floor":8.0}],"player_experience":690189,"relics_obtained":[{"floor":1.0,"key":"SynthV:TestCard"},{"floor":8.0,"key":"Oddly Smooth Stone"},{"floor":9.0,"key":"HornCleat"}],"event_choices":[{"cards_removed":["Strike_P"],"damage_healed":0.0,"max_hp_gain":0.0,"max_hp_loss":0.0,"gold_gain":0.0,"event_name":"Purifier","player_choice":"Purged","floor":5.0,"gold_loss":0.0,"damage_taken":0.0}],"is_beta":false,"boss_relics":[],"items_purged_floors":[10],"is_endless":false,"potions_floor_spawned":[3,4,8],"killed_by":"Gremlin Nob","ascension_level":20}}