{"host":"2i0myh7fqij2ti1z","time":1611034189,"event":{"mods":["Aspiration","BaseMod","Better Third Choice","Colored Powertips","Conspire","Evolution","FoggyMod","GifTheSpireLib","Highlight Path","Hubris","Minty Spire (QoL Compilation)","Permanent Neow","Quick Restart","Random Character Button","Random Character Mod","Replay The Spire","Shop Mod","Spicy Shops","StSLib","Stuff the Spire","Wandering Minibosses","vexMod","óô»ðÖ¸ÄÏ"],"gold_per_floor":[115,40,115,115,15,15,49,10,10,10,36,50,75,75,75,178,178,198,123,190,251,301,301,301],"floor_reached":23,"language":"ENG","playtime":1181,"items_purged":["Defend_B","Strike_B","Strike_B"],"score":242,"play_id":"6ac4ac6c-0a06-4930-aa80-5dc10384ef6f","local_time":"20210119132949","is_ascension_mode":true,"campfire_choices":[{"data":"Zap","floor":6,"key":"SMITH"},{"data":"hubris:Ukulele","floor":10,"key":"SMITH"}],"circlet_count":0,"master_deck":["Strike_B","Strike_B","Defend_B","Defend_B","Defend_B","Zap+1","Dualcast","aspiration:Polymerization","hubris:Ukulele+1","Panic Button+1","StuffTheSpire:Synthwave+1","Conserve Battery+1","ReplayRNGCard+1","Turbo+1","Double Energy+1","Hologram+1"],"relics":["EVO:Axolotl","Inserter","HornCleat","Strawberry","Toxic Egg 2","aspiration:EnhancedActuators","SsserpentHead","conspire:RunicOctahedron"],"acts_visited":["Exordium","TheCity"],"potions_floor_usage":[7,11,13],"damage_taken":[{"damage":1,"enemies":"2 Louse","floor":1,"turns":2},{"damage":38,"enemies":"Gremlin Nob","floor":7,"turns":5},{"damage":31,"enemies":"Lagavulin","floor":11,"turns":6},{"damage":3,"enemies":"Small Slimes","floor":12,"turns":3},{"damage":2,"enemies":"Gremlin Nob","floor":13,"turns":3},{"damage":34,"enemies":"Fading Forest","floor":16,"turns":11},{"damage":13,"enemies":"Spheric Guardian","floor":18,"turns":6},{"damage":18,"enemies":"3 Byrds","floor":20,"turns":4},{"damage":27,"enemies":"Snake Plant","floor":21,"turns":5},{"damage":53,"enemies":"Gremlin Leader","floor":23,"turns":4}],"seed_played":"-4305071406092171744","potions_obtained":[{"floor":1,"key":"CultistPotion"},{"floor":7,"key":"FocusPotion"},{"floor":11,"key":"Dexterity Potion"}],"is_trial":false,"path_per_floor":["M","$","?","?","$","R","E","$","T","R","E","M","E","?","R","B",null,"M","$","M","M","?","E"],"character_chosen":"DEFECT","items_purchased":["hubris:Ukulele"],"campfire_rested":0,"item_purchase_floors":[8],"current_hp_per_floor":[74,74,63,75,75,75,37,37,44,44,13,10,8,8,32,24,82,69,69,51,24,51,0,0],"gold":301,"neow_bonus":"BOSS_RELIC","is_daily":false,"chose_seed":false,"campfire_upgraded":2,"win_rate":0.0,"timestamp":1611034189,"path_taken":["M","$","?","?","$","R","E","?","T","R","E","?","E","?","R","BOSS","M","?","?","?","?","E"],"items_purchased_type":["Card"],"build_version":"2020-12-22","purchased_purges":3,"victory":false,"max_hp_per_floor":[75,75,75,75,75,75,75,75,82,82,82,82,82,82,82,82,82,82,82,82,82,82,82,82],"card_choices":[{"not_picked":["Sunder","ReplayGash","Gash"],"picked":"SKIP","floor":1},{"not_picked":["StuffTheSpire:NuclearReactor","Rebound"],"picked":"aspiration:Polymerization","floor":7},{"not_picked":["Compile Driver","ReplayGash"],"picked":"Panic Button+1","floor":11},{"not_picked":["StuffTheSpire:Rend+1","Turbo+1"],"picked":"StuffTheSpire:Synthwave","floor":12},{"not_picked":["StuffTheSpire:GlassShard","Turbo+1"],"picked":"Conserve Battery+1","floor":13},{"not_picked":["hubris:DoWhile+1","Electrodynamics"],"picked":"ReplayRNGCard+1","floor":16},{"not_picked":["Coolheaded+1","Beam Cell"],"picked":"Turbo+1","floor":18},{"not_picked":["Rebound","Panic Button+1"],"picked":"Double Energy+1","floor":20},{"not_picked":["Sweeping Beam","StuffTheSpire:CleanHardDrive+1"],"picked":"Hologram+1","floor":21}],"player_experience":250075,"relics_obtained":[{"floor":7,"key":"HornCleat"},{"floor":9,"key":"Strawberry"},{"floor":11,"key":"Toxic Egg 2"},{"floor":13,"key":"aspiration:EnhancedActuators"}],"event_choices":[{"damage_healed":0,"gold_gain":75,"player_choice":"Gold","damage_taken":11,"max_hp_gain":0,"max_hp_loss":0,"event_name":"betterThird:BetterGoop","floor":3,"gold_loss":0},{"damage_healed":25,"gold_gain":0,"player_choice":"Banana","damage_taken":0,"max_hp_gain":0,"max_hp_loss":0,"event_name":"Big Fish","floor":4,"gold_loss":0},{"damage_healed":0,"gold_gain":0,"player_choice":"Trade","damage_taken":0,"relics_obtained":["SsserpentHead"],"max_hp_gain":0,"max_hp_loss":0,"event_name":"FaceTrader","floor":14,"gold_loss":0},{"damage_healed":27,"gold_gain":0,"player_choice":"Heal","damage_taken":0,"max_hp_gain":0,"max_hp_loss":0,"event_name":"The Library","floor":22,"gold_loss":0}],"is_beta":false,"boss_relics":[{"not_picked":["hubris:TerracottaHorce","vexMod:DeviousBotling"],"picked":"conspire:RunicOctahedron"}],"items_purged_floors":[2,5,19],"is_endless":false,"potions_floor_spawned":[1,7,11],"killed_by":"Gremlin Leader","ascension_level":1}}