{"host":"jexbkylv34f8xu3o","time":1611030801,"event":{"mods":["AchievementEnabler","BaseMod","Colored Map","Colored Powertips","GifTheSpireLib","Highlight Path","Minty Spire (QoL Compilation)","Quick Restart","StSLib"],"gold_per_floor":[109,109,109,129,142,142,157,189,189,189,199,233,252,263,263,359,359,370,387,91,102,102,102,118,132,184,201,217,246,260,295,307,319,319],"floor_reached":33,"language":"ENG","playtime":1344,"items_purged":["Strike_R"],"score":495,"play_id":"2b54ff1f-687f-4332-8fff-691f71ce1c0a","local_time":"20210119013321","is_ascension_mode":true,"campfire_choices":[{"floor":6,"key":"RECALL"},{"data":"Uppercut","floor":10,"key":"SMITH"},{"data":"Uppercut","floor":15,"key":"SMITH"},{"data":"Rupture","floor":23,"key":"SMITH"},{"data":"Barricade","floor":32,"key":"SMITH"}],"circlet_count":0,"master_deck":["AscendersBane","Strike_R","Strike_R","Strike_R","Strike_R","Defend_R","Defend_R","Defend_R","Defend_R","Hemokinesis","Uppercut+1","Combust","Dropkick","True Grit","Uppercut+1","Metallicize","Double Tap+1","Uppercut+1","Disarm+1","Metallicize","Shrug It Off","Rupture+1","Immolate","Limit Break","Fire Breathing","Heavy Blade+1","Thunderclap+1","Blood for Blood","True Grit+1","Blood for Blood","Barricade+1"],"relics":["Burning Blood","NeowsBlessing","Paper Frog","HornCleat","Centennial Puzzle","Matryoshka","Meat on the Bone","Astrolabe","Medical Kit","Red Skull","Blood Vial","Akabeko","MawBank"],"acts_visited":["Exordium","TheCity"],"potions_floor_usage":[7,8,12,16,24,25,25,30,31],"damage_taken":[{"damage":0,"enemies":"2 Louse","floor":1,"turns":1},{"damage":0,"enemies":"Jaw Worm","floor":4,"turns":1},{"damage":0,"enemies":"Cultist","floor":5,"turns":1},{"damage":12,"enemies":"Lots of Slimes","floor":7,"turns":4},{"damage":14,"enemies":"3 Sentries","floor":8,"turns":6},{"damage":8,"enemies":"Exordium Thugs","floor":11,"turns":4},{"damage":2,"enemies":"Lagavulin","floor":12,"turns":4},{"damage":7,"enemies":"Exordium Wildlife","floor":13,"turns":4},{"damage":11,"enemies":"2 Fungi Beasts","floor":14,"turns":4},{"damage":38,"enemies":"The Guardian","floor":16,"turns":8},{"damage":9,"enemies":"Shell Parasite","floor":18,"turns":4},{"damage":41,"enemies":"3 Byrds","floor":19,"turns":7},{"damage":24,"enemies":"Snake Plant","floor":21,"turns":8},{"damage":34,"enemies":"Sentry and Sphere","floor":24,"turns":7},{"damage":9,"enemies":"Shelled Parasite and Fungi","floor":25,"turns":7},{"damage":9,"enemies":"Centurion and Healer","floor":27,"turns":5},{"damage":13,"enemies":"3 Cultists","floor":28,"turns":5},{"damage":24,"enemies":"Gremlin Leader","floor":29,"turns":5},{"damage":26,"enemies":"Cultist and Chosen","floor":30,"turns":7},{"damage":31,"enemies":"Slavers","floor":31,"turns":6},{"damage":62,"enemies":"Automaton","floor":33,"turns":6}],"seed_played":"5412758990474214688","potions_obtained":[{"floor":1,"key":"PowerPotion"},{"floor":5,"key":"AttackPotion"},{"floor":11,"key":"ColorlessPotion"},{"floor":13,"key":"LiquidBronze"},{"floor":21,"key":"BloodPotion"},{"floor":24,"key":"DuplicationPotion"},{"floor":25,"key":"Fruit Juice"},{"floor":29,"key":"Energy Potion"},{"floor":30,"key":"AttackPotion"}],"is_trial":false,"path_per_floor":["M","?","T","M","M","R","M","E","T","R","M","E","M","M","R","B",null,"M","M","$","M","?","R","M","M","T","M","M","E","M","E","R","B"],"character_chosen":"IRONCLAD","items_purchased":["Rupture","Medical Kit"],"campfire_rested":0,"item_purchase_floors":[20,20],"current_hp_per_floor":[78,75,75,80,80,80,74,66,66,66,64,68,67,62,62,42,71,68,45,45,39,39,39,39,53,53,52,59,55,49,38,38,0,0],"gold":319,"neow_bonus":"THREE_ENEMY_KILL","is_daily":false,"chose_seed":false,"campfire_upgraded":4,"win_rate":0.0,"timestamp":1611030801,"path_taken":["M","?","?","?","M","R","M","E","T","R","?","E","M","M","R","BOSS","M","M","$","M","?","R","M","?","T","M","M","E","M","E","R","BOSS"],"items_purchased_type":["Card","Relic"],"build_version":"2020-12-22","purchased_purges":1,"victory":false,"max_hp_per_floor":[80,80,80,80,80,80,80,80,80,80,80,80,80,80,80,80,80,80,80,80,80,80,80,80,85,85,85,85,85,85,85,85,85,85],"card_choices":[{"not_picked":["Iron Wave","Pommel Strike"],"picked":"Hemokinesis","floor":1},{"not_picked":["Ghostly Armor","Pommel Strike"],"picked":"Uppercut","floor":4},{"not_picked":["Clothesline","Seeing Red"],"picked":"Warcry","floor":5},{"not_picked":["Warcry","Wild Strike","Shockwave"],"picked":"SKIP","floor":7},{"not_picked":["Dropkick","Immolate"],"picked":"Combust","floor":8},{"not_picked":["Cleave","Wild Strike"],"picked":"Dropkick","floor":11},{"not_picked":["Carnage","Disarm"],"picked":"True Grit","floor":12},{"not_picked":["Battle Trance","Iron Wave"],"picked":"Uppercut","floor":13},{"not_picked":["Sentinel","Sword Boomerang"],"picked":"Metallicize","floor":14},{"not_picked":["Barricade","Exhume"],"picked":"Berserk","floor":16},{"not_picked":["Battle Trance","Clash"],"picked":"Metallicize","floor":18},{"not_picked":["Heavy Blade","Pummel"],"picked":"Shrug It Off","floor":19},{"not_picked":["Flame Barrier","Anger"],"picked":"Immolate","floor":21},{"not_picked":["Uppercut","Sword Boomerang"],"picked":"Heavy Blade+1","floor":24},{"not_picked":["Clothesline+1","Warcry","Infernal Blade"],"picked":"SKIP","floor":25},{"not_picked":["Second Wind","Pommel Strike"],"picked":"Thunderclap+1","floor":27},{"not_picked":["Armaments","Twin Strike"],"picked":"Blood for Blood","floor":28},{"not_picked":["Searing Blow","Shrug It Off"],"picked":"True Grit+1","floor":29},{"not_picked":["Warcry","Clash+1"],"picked":"Blood for Blood","floor":30},{"not_picked":["Anger","Pommel Strike+1"],"picked":"Barricade","floor":31}],"player_experience":563143,"relics_obtained":[{"floor":3,"key":"HornCleat"},{"floor":8,"key":"Centennial Puzzle"},{"floor":9,"key":"Matryoshka"},{"floor":12,"key":"Meat on the Bone"},{"floor":26,"key":"Red Skull"},{"floor":26,"key":"Blood Vial"},{"floor":29,"key":"Akabeko"},{"floor":31,"key":"MawBank"}],"event_choices":[{"damage_healed":0,"gold_gain":0,"player_choice":"Success","damage_taken":3,"relics_obtained":["Paper Frog"],"max_hp_gain":0,"max_hp_loss":0,"event_name":"Scrap Ooze","floor":2,"gold_loss":0},{"damage_healed":0,"gold_gain":0,"player_choice":"2 cards matched","damage_taken":0,"max_hp_gain":0,"max_hp_loss":0,"event_name":"Match and Keep!","floor":22,"gold_loss":0,"cards_obtained":["Limit Break","Fire Breathing"]}],"is_beta":false,"boss_relics":[{"not_picked":["SlaversCollar","Coffee Dripper"],"picked":"Astrolabe"}],"items_purged_floors":[20],"is_endless":false,"potions_floor_spawned":[1,5,11,13,21,24,25,29,30],"killed_by":"Automaton","ascension_level":10}}