{"host":"dlqyscxstsnu98l1","time":1611069237,"event":{"mods":["AchievementEnabler","BaseMod","Bestiary","Colored Map","Colored Powertips","Conspire","GifTheSpireLib","Highlight Path","Minty Spire (QoL Compilation)","Random Character Button","Replay The Spire","SacredBarkPlus","StSLib"],"gold_per_floor":[114,125,139,14,14,39,51,51,51,62,62,72,86,117,117,214,214,229,104,104,122,122,122,134,9,9,9,9,9,21,21,21,123,123,142,191,210,210,222,222,236,260,260,260,32,67,84,101,101,101,101,101,101,133,133,133],"floor_reached":55,"language":"ENG","playtime":3617,"items_purged":["Pain","Strike_G","Defend_G","Atom Bomb"],"score":752,"play_id":"55f620fa-d637-4fa9-93a3-6f949473dc90","local_time":"20210119091357","is_ascension_mode":true,"campfire_choices":[{"floor":8,"key":"REST"},{"data":"Footwork","floor":11,"key":"SMITH"},{"data":"conspire:DoublingDagger","floor":15,"key":"SMITH"},{"data":"Neutralize","floor":23,"key":"SMITH"},{"data":"Underhanded Strike","floor":27,"key":"SMITH"},{"data":"Unload","floor":29,"key":"SMITH"},{"data":"Tactician","floor":32,"key":"SMITH"},{"floor":40,"key":"REST"},{"floor":44,"key":"REST"},{"floor":49,"key":"RECALL"},{"data":"ReplayTheSpireMod:Scrap Shanks","floor":52,"key":"SMITH"}],"circlet_count":0,"master_deck":["Survivor","Neutralize+1","Dagger Throw","Calculated Gamble+1","Dagger Throw","Footwork+1","Backflip","Reflex","conspire:DoublingDagger+1","Unload+1","Underhanded Strike+1","Calculated Gamble+1","ReplayTheSpireMod:Speed Training+1","ReplayTheSpireMod:Speed Training+1","Tactician+1","Infinite Blades","Deflect","Venomology","Phantasmal Killer","Adrenaline","Replay:Bag of Tricks","ReplayTheSpireMod:From All Sides","Acrobatics","ReplayTheSpireMod:Scrap Shanks+1","Dodge and Roll+1"],"relics":["Ring of the Snake","Tingsha","Darkstone Periapt","StoneCalendar","Pondfish Scales","HoveringKite","Replay:WaspNest","Pandora\u0027s Box","Bag of Marbles","conspire:Dentures","Boot","Art of War","Calipers","Blue Doll"],"acts_visited":["Exordium","TheCity","TheBeyond","TheEnding"],"potions_floor_usage":[7,16,16,39,41,50,50,50,50,55,55],"damage_taken":[{"damage":4,"enemies":"2 Louse","floor":1,"turns":4},{"damage":4,"enemies":"Cultist","floor":2,"turns":4},{"damage":10,"enemies":"Jaw Worm","floor":3,"turns":7},{"damage":13,"enemies":"3 Sentries","floor":6,"turns":8},{"damage":18,"enemies":"Exordium Thugs","floor":7,"turns":5},{"damage":0,"enemies":"Large Slime","floor":10,"turns":4},{"damage":0,"enemies":"Blue Slaver","floor":12,"turns":4},{"damage":3,"enemies":"Looter","floor":13,"turns":2},{"damage":8,"enemies":"Gremlin Nob","floor":14,"turns":4},{"damage":1,"enemies":"Slime Boss","floor":16,"turns":7},{"damage":0,"enemies":"Chosen","floor":18,"turns":5},{"damage":16,"enemies":"Shell Parasite","floor":21,"turns":4},{"damage":0,"enemies":"Cultist and Chosen","floor":24,"turns":7},{"damage":18,"enemies":"Snake Plant","floor":30,"turns":5},{"damage":20,"enemies":"conspire:MysteriousRune","floor":33,"turns":8},{"damage":0,"enemies":"Orb Walker","floor":35,"turns":2},{"damage":12,"enemies":"3 Shapes","floor":37,"turns":4},{"damage":50,"enemies":"Writhing Mass","floor":39,"turns":4},{"damage":17,"enemies":"Maw","floor":41,"turns":6},{"damage":18,"enemies":"Reptomancer","floor":46,"turns":4},{"damage":0,"enemies":"Transient","floor":47,"turns":5},{"damage":0,"enemies":"3 Darklings","floor":48,"turns":2},{"damage":10,"enemies":"Awakened One","floor":50,"turns":8},{"damage":51,"enemies":"Shield and Spear","floor":54,"turns":5},{"damage":27,"enemies":"The Heart","floor":55,"turns":2}],"seed_played":"-9180977778877801678","potions_obtained":[{"floor":1,"key":"SpeedPotion"},{"floor":7,"key":"Adrenaline Potion"},{"floor":12,"key":"Elixir"},{"floor":13,"key":"SpeedPotion"},{"floor":14,"key":"SpeedPotion"},{"floor":18,"key":"Venom Potion"},{"floor":24,"key":"Doom Potion"},{"floor":35,"key":"Block Potion"},{"floor":41,"key":"Ancient Potion"},{"floor":48,"key":"Dexterity Potion"}],"is_trial":false,"path_per_floor":["M","M","M","$","?","E","M","R","T","M","R","M","M","E","R","B",null,"M","$","?","M","$","R","M","$","T","R","$","R","M","?","R","B",null,"M","T","M","T","M","R","M","T","T","R","$","E","M","M","R","B",null,"R","$","E","B"],"character_chosen":"THE_SILENT","items_purchased":["Dagger Throw","Underhanded Strike","ReplayTheSpireMod:Scrap Shanks"],"campfire_rested":3,"item_purchase_floors":[4,19,45],"current_hp_per_floor":[66,62,52,52,52,39,21,42,42,42,42,42,39,31,31,30,70,70,70,70,54,54,54,54,54,54,54,54,54,36,36,36,16,70,70,70,58,58,8,29,12,12,12,33,33,15,15,15,15,5,70,70,70,19,0,0],"gold":133,"neow_bonus":"ONE_RARE_RELIC","is_daily":false,"chose_seed":false,"campfire_upgraded":7,"win_rate":0.0,"timestamp":1611069237,"path_taken":["M","M","M","$","?","E","M","R","T","M","R","M","M","E","R","BOSS","M","$","?","M","$","R","?","$","T","R","?","R","M","?","R","BOSS","M","?","M","?","M","R","?","?","T","R","$","E","?","M","R","BOSS","R","$","E","BOSS"],"items_purchased_type":["Card","Card","Card"],"build_version":"2020-12-22","purchased_purges":4,"victory":false,"max_hp_per_floor":[70,70,70,70,70,70,70,70,70,70,70,70,70,70,70,70,70,70,70,70,70,70,70,70,70,70,70,70,70,70,70,70,70,70,70,70,70,70,70,70,70,70,70,70,70,70,70,70,70,70,70,70,70,70,70,70],"card_choices":[{"not_picked":["Outmaneuver","Slice"],"picked":"Dagger Throw","floor":1},{"not_picked":["Dodge and Roll","PiercingWail"],"picked":"Calculated Gamble","floor":2},{"not_picked":["Accuracy","Masterful Stab","Dagger Spray"],"picked":"SKIP","floor":3},{"not_picked":["Bane","Skewer"],"picked":"Footwork","floor":6},{"not_picked":["Flying Knee","Hidden Blade","Quick Slash"],"picked":"SKIP","floor":7},{"not_picked":["Deflect","Dodge and Roll"],"picked":"Backflip","floor":10},{"not_picked":["Flying Knee","Noxious Fumes"],"picked":"Reflex","floor":12},{"not_picked":["Night Terror","Hidden Blade","Endless Agony"],"picked":"SKIP","floor":13},{"not_picked":["Malaise","Flying Knee"],"picked":"conspire:DoublingDagger","floor":14},{"not_picked":["After Image","Replay:Bag of Tricks"],"picked":"Unload","floor":16},{"not_picked":["Slice+1","Hidden Blade","Quick Slash"],"picked":"SKIP","floor":18},{"not_picked":["Dagger Throw","Sneak Up"],"picked":"ReplayTheSpireMod:Speed Training+1","floor":21},{"not_picked":["Eviscerate","conspire:PoisonWeapons"],"picked":"ReplayTheSpireMod:Speed Training+1","floor":24},{"not_picked":["Toxin Wave","Predator+1"],"picked":"Tactician","floor":30},{"not_picked":["PiercingWail+1","Outmaneuver","Quick Slash+1"],"picked":"SKIP","floor":35},{"not_picked":["Dagger Spray","Sucker Punch","Hidden Blade+1"],"picked":"SKIP","floor":37},{"not_picked":["Deadly Poison+1","PiercingWail"],"picked":"Acrobatics","floor":39},{"not_picked":["Venomology","Bouncing Flask","Dagger Spray+1"],"picked":"SKIP","floor":41},{"not_picked":["Replay:Poison Smokescreen+1","Flying Knee","Endless Agony+1"],"picked":"SKIP","floor":46},{"not_picked":["Bane+1","Poisoned Stab","Dagger Spray+1"],"picked":"SKIP","floor":47},{"not_picked":["Quick Slash+1","Bane","PiercingWail"],"picked":"SKIP","floor":48},{"not_picked":["Corpse Explosion","Dagger Throw+1"],"picked":"Dodge and Roll+1","floor":54}],"player_experience":80040,"relics_obtained":[{"floor":6,"key":"Darkstone Periapt"},{"floor":9,"key":"StoneCalendar"},{"floor":14,"key":"Pondfish Scales"},{"floor":36,"key":"Bag of Marbles"},{"floor":38,"key":"conspire:Dentures"},{"floor":42,"key":"Boot"},{"floor":43,"key":"Art of War"},{"floor":46,"key":"Calipers"},{"floor":54,"key":"Blue Doll"}],"event_choices":[{"damage_healed":0,"gold_gain":0,"player_choice":"Upgraded","damage_taken":0,"max_hp_gain":0,"max_hp_loss":0,"event_name":"Upgrade Shrine","floor":5,"gold_loss":0,"cards_upgraded":["Calculated Gamble"]},{"damage_healed":0,"gold_gain":0,"player_choice":"Copied","damage_taken":0,"max_hp_gain":0,"max_hp_loss":0,"event_name":"Duplicator","floor":20,"gold_loss":0,"cards_obtained":["Calculated Gamble"]},{"damage_healed":0,"gold_gain":0,"player_choice":"Gave Potion","damage_taken":0,"relics_obtained":["Replay:WaspNest"],"max_hp_gain":0,"max_hp_loss":0,"event_name":"WeMeetAgain","floor":31,"gold_loss":0}],"is_beta":false,"boss_relics":[{"not_picked":["Runic Pyramid","Busted Crown"],"picked":"HoveringKite"},{"not_picked":["Astrolabe","Snecko Eye"],"picked":"Pandora\u0027s Box"}],"items_purged_floors":[4,19,25,45],"is_endless":false,"potions_floor_spawned":[1,7,12,13,14,18,24,35,41,48],"killed_by":"The Heart","ascension_level":2}}