{"host":"7rmsgc3rayi00cdt","time":1611061325,"event":{"mods":["BaseMod","Minty Spire (QoL Compilation)"],"gold_per_floor":[113,124,124,144,168,168,200,39,39,39,39,58,89,89,89,166,166,185,185,235,134,151,151,162,162,213,213,224,20,46,46,46,46,46],"floor_reached":33,"language":"ENG","playtime":1024,"items_purged":[],"score":501,"play_id":"d249c33c-efa9-40f5-9795-a4182a89e482","local_time":"20210119130205","is_ascension_mode":true,"campfire_choices":[{"floor":6,"key":"REST"},{"floor":10,"key":"REST"},{"data":"Zap","floor":15,"key":"SMITH"},{"data":"Gash","floor":23,"key":"SMITH"},{"floor":27,"key":"REST"},{"floor":32,"key":"REST"}],"circlet_count":0,"master_deck":["AscendersBane","Strike_B+1","Strike_B+1","Strike_B+1","Strike_B+1","Defend_B+1","Defend_B+1","Defend_B+1","Defend_B+1","Zap+1","Dualcast","Impatience","Scrape+1","Rebound","Chill","BootSequence","Core Surge","Gash+1","Impatience","FTL+1","FTL","Gash","Panache","Streamline"],"relics":["Cracked Core","Toy Ornithopter","Omamori","MealTicket","Sling","Akabeko","Whetstone","Bag of Marbles","Symbiotic Virus","Molten Egg 2"],"acts_visited":["Exordium","TheCity"],"potions_floor_usage":[16,18,24,28],"damage_taken":[{"damage":4,"enemies":"Jaw Worm","floor":1,"turns":4},{"damage":1,"enemies":"2 Louse","floor":2,"turns":2},{"damage":3,"enemies":"Small Slimes","floor":4,"turns":3},{"damage":40,"enemies":"Gremlin Nob","floor":7,"turns":5},{"damage":10,"enemies":"Gremlin Gang","floor":12,"turns":7},{"damage":21,"enemies":"Lagavulin","floor":13,"turns":5},{"damage":39,"enemies":"Hexaghost","floor":16,"turns":9},{"damage":30,"enemies":"3 Byrds","floor":18,"turns":4},{"damage":7,"enemies":"2 Thieves","floor":22,"turns":3},{"damage":18,"enemies":"Snake Plant","floor":24,"turns":4},{"damage":18,"enemies":"Centurion and Healer","floor":28,"turns":3},{"damage":12,"enemies":"Slavers","floor":30,"turns":4},{"damage":83,"enemies":"Automaton","floor":33,"turns":8}],"seed_played":"-7903337413507497942","potions_obtained":[{"floor":7,"key":"SkillPotion"},{"floor":12,"key":"FocusPotion"},{"floor":16,"key":"PowerPotion"},{"floor":18,"key":"Fire Potion"},{"floor":24,"key":"Ancient Potion"}],"is_trial":false,"path_per_floor":["M","M","?","M","T","R","E","$","T","R","$","M","E","$","R","B",null,"M","?","?","$","M","R","M","$","T","R","M","$","E","T","R","B"],"character_chosen":"DEFECT","items_purchased":["Sling","Impatience","Panache"],"campfire_rested":4,"item_purchase_floors":[8,21,29],"current_hp_per_floor":[60,59,41,38,38,59,19,34,34,55,70,60,39,54,54,20,58,33,33,33,48,41,41,28,43,43,64,51,66,54,54,71,0,0],"gold":46,"neow_bonus":"RANDOM_COLORLESS","is_daily":false,"chose_seed":false,"campfire_upgraded":2,"win_rate":0.0,"timestamp":1611061325,"path_taken":["M","M","?","M","?","R","E","$","T","R","?","M","E","$","R","BOSS","M","?","?","$","M","R","M","$","T","R","?","$","E","?","R","BOSS"],"items_purchased_type":["Relic","Card","Card"],"build_version":"2020-12-22","purchased_purges":0,"victory":false,"max_hp_per_floor":[71,71,71,71,71,71,71,71,71,71,71,71,71,71,71,71,71,71,71,71,71,71,71,71,71,71,71,71,71,71,71,71,71,71],"card_choices":[{"not_picked":["Mind Blast","Madness"],"picked":"Impatience","floor":0},{"not_picked":["FTL","Barrage"],"picked":"Scrape","floor":1},{"not_picked":["Darkness","Stack","Ball Lightning"],"picked":"SKIP","floor":2},{"not_picked":["Conserve Battery","Static Discharge"],"picked":"Rebound","floor":4},{"not_picked":["Hello World","Barrage"],"picked":"Chill","floor":7},{"not_picked":["Streamline","Aggregate"],"picked":"BootSequence","floor":12},{"not_picked":["BootSequence","Static Discharge","Barrage"],"picked":"SKIP","floor":13},{"not_picked":["Buffer","Echo Form"],"picked":"Core Surge","floor":16},{"not_picked":["Barrage","Beam Cell"],"picked":"Gash","floor":18},{"not_picked":["Gash","Ball Lightning"],"picked":"FTL+1","floor":22},{"not_picked":["Rebound+1","Compile Driver"],"picked":"FTL","floor":24},{"not_picked":["Undo","Tempest+1"],"picked":"Gash","floor":28},{"not_picked":["Multi-Cast","Cold Snap"],"picked":"Streamline","floor":30}],"player_experience":774614,"relics_obtained":[{"floor":5,"key":"Omamori"},{"floor":7,"key":"MealTicket"},{"floor":9,"key":"Akabeko"},{"floor":13,"key":"Whetstone"},{"floor":26,"key":"Bag of Marbles"},{"floor":30,"key":"Symbiotic Virus"},{"floor":31,"key":"Molten Egg 2"}],"event_choices":[{"damage_healed":0,"gold_gain":0,"player_choice":"Success","damage_taken":18,"relics_obtained":["Toy Ornithopter"],"max_hp_gain":0,"max_hp_loss":0,"event_name":"Scrap Ooze","floor":3,"gold_loss":0},{"damage_healed":0,"gold_gain":0,"player_choice":"Simplicity","damage_taken":0,"max_hp_gain":0,"max_hp_loss":0,"event_name":"Back to Basics","floor":19,"gold_loss":0,"cards_upgraded":["Strike_B","Strike_B","Strike_B","Defend_B","Defend_B","Defend_B","Defend_B"]},{"damage_healed":0,"gold_gain":50,"player_choice":"Stole From Cult","damage_taken":0,"max_hp_gain":0,"max_hp_loss":0,"event_name":"Nest","floor":20,"gold_loss":0}],"is_beta":false,"boss_relics":[{"not_picked":["Ectoplasm","Coffee Dripper","Philosopher\u0027s Stone"]}],"items_purged_floors":[],"is_endless":false,"potions_floor_spawned":[7,12,16,18,24],"killed_by":"Automaton","ascension_level":17}}