{"host":"ecaj4hn004xnnrw9","time":1611098204,"event":{"mods":["AchievementEnabler","BaseMod","Better Third Choice","Card Forge","Hermit","Hubris","Infinite Spire","Jorbs\u0027s Wanderer Trilogy","Minty Spire (QoL Compilation)","Quick Restart","Relic Stats","Shop Mod","StSLib","The Construct","The Jungle","The Runesmith"],"gold_per_floor":[118,118,136,136,30,30,65,81,81,100,100,118,128,53,53,152,152,162,145,145,165,165,191,208,208,208,308,320,331,331,363,363,465,465,477,526,94,94,105,105,105,122,145,160,160,185,185,201,201,201],"floor_reached":51,"language":"ENG","playtime":1722,"items_purged":["Strike_G","Strike_G","Slice"],"score":1122,"play_id":"3c7841cd-c656-4470-b63a-2bad583ca93c","local_time":"20210119231644","is_ascension_mode":true,"campfire_choices":[{"data":"Infinite Blades","floor":6,"key":"SMITH"},{"floor":11,"key":"REST"},{"data":"Infinite Blades","floor":15,"key":"SMITH"},{"data":"Panache","floor":25,"key":"SMITH"},{"data":"Backflip","floor":32,"key":"SMITH"},{"data":"Footwork","floor":40,"key":"SMITH"},{"data":"Backflip","floor":45,"key":"SMITH"},{"data":"Blade Dance","floor":47,"key":"SMITH"},{"data":"Neutralize","floor":49,"key":"SMITH"}],"circlet_count":0,"master_deck":["Survivor","Neutralize+1","Panache+1","Terror","Infinite Blades+1","Backflip+1","PiercingWail+1","Blade Dance+1","Infinite Blades+1","Venomology+1","Backflip+1","hubris:InfiniteBlow+53","Blade Dance+1","Footwork+1","Cloak And Dagger+1","Cloak And Dagger+1","PiercingWail+1"],"relics":["Ring of the Snake","Hammer of Thor","Seething Fire","Anvil of the Gods","hubris:Reverence","Tough Bandages","hubris:SphereOfDissonance","PreservedInsect","hubris:CrackedHourglass","Meat on the Bone","Snake Skull","Bag of Marbles","Ice Cream","Singing Bowl","hubris:Potato","Pandora\u0027s Box","War Paint","TheAbacus","infinitespire:Lucky Rock","The Courier","Omamori","hubris:TinFlute"],"acts_visited":["Exordium","TheCity","TheBeyond"],"potions_floor_usage":[7,19,21,27,27,27,27,33,44,48,50,50,50],"damage_taken":[{"damage":0,"enemies":"2 Louse","floor":1,"turns":3},{"damage":0,"enemies":"Small Slimes","floor":3,"turns":3},{"damage":20,"enemies":"3 Sentries","floor":7,"turns":8},{"damage":2,"enemies":"Jaw Worm","floor":8,"turns":3},{"damage":1,"enemies":"3 Louse","floor":10,"turns":5},{"damage":9,"enemies":"Red Slaver","floor":12,"turns":3},{"damage":0,"enemies":"Large Slime","floor":13,"turns":5},{"damage":0,"enemies":"Slime Boss","floor":16,"turns":6},{"damage":12,"enemies":"Shell Parasite","floor":18,"turns":4},{"damage":8,"enemies":"2 Thieves","floor":19,"turns":5},{"damage":6,"enemies":"3 Cultists","floor":21,"turns":5},{"damage":13,"enemies":"Slavers","floor":23,"turns":3},{"damage":13,"enemies":"Shelled Parasite and Fungi","floor":24,"turns":2},{"damage":16,"enemies":"Colosseum Slavers","floor":27,"turns":3},{"damage":0,"enemies":"Colosseum Nobs","floor":27,"turns":2},{"damage":7,"enemies":"Cultist and Chosen","floor":28,"turns":3},{"damage":0,"enemies":"Snecko","floor":29,"turns":3},{"damage":0,"enemies":"Gremlin Leader","floor":31,"turns":1},{"damage":8,"enemies":"Automaton","floor":33,"turns":3},{"damage":8,"enemies":"Orb Walker","floor":35,"turns":2},{"damage":0,"enemies":"3 Shapes","floor":39,"turns":3},{"damage":0,"enemies":"Writhing Mass","floor":42,"turns":1},{"damage":0,"enemies":"Spire Growth","floor":44,"turns":2},{"damage":0,"enemies":"Nightmare","floor":46,"turns":3},{"damage":0,"enemies":"Maw","floor":48,"turns":2},{"damage":10,"enemies":"Awakened One","floor":50,"turns":4}],"seed_played":"-4894340244540694785","potions_obtained":[{"floor":3,"key":"ColorlessPotion"},{"floor":10,"key":"Dexterity Potion"},{"floor":13,"key":"Dexterity Potion"},{"floor":27,"key":"construct:ShiftPotion"},{"floor":28,"key":"SneckoOil"},{"floor":35,"key":"Strength Potion"},{"floor":42,"key":"GamblersBrew"}],"is_trial":false,"path_per_floor":["M","?","M","?","$","R","E","M","T","M","R","M","M","$","R","B",null,"M","M","?","M","AVR","E","M","R","T","?","M","M","?","E","R","B",null,"M","T","$","?","M","R","?","M","T","M","R","NM","R","M","R","B",null],"character_chosen":"THE_SILENT","items_purchased":["Infinite Blades","Backflip","Footwork","TheAbacus","infinitespire:Lucky Rock"],"campfire_rested":1,"item_purchase_floors":[5,5,37,37,37],"current_hp_per_floor":[45,45,45,38,38,38,18,16,16,15,36,27,27,27,27,27,59,47,39,39,33,33,32,31,31,31,41,46,48,48,50,50,44,70,64,64,64,64,64,64,64,64,64,66,66,68,68,68,68,58],"gold":201,"neow_bonus":"RANDOM_COLORLESS_2","is_daily":false,"chose_seed":false,"campfire_upgraded":8,"win_rate":0.0,"timestamp":1611098204,"path_taken":["M","?","M","?","$","R","E","M","T","M","R","M","M","$","R","BOSS","M","M","?","M","AVR","E","M","R","T","?","M","M","?","E","R","BOSS","M","?","$","?","M","R","?","M","T","?","R","NM","R","M","R","BOSS"],"items_purchased_type":["Card","Card","Card","Relic","Relic"],"build_version":"2020-12-22","purchased_purges":3,"victory":true,"max_hp_per_floor":[70,70,70,70,70,70,70,70,70,70,70,70,70,70,70,70,70,70,70,70,70,70,70,70,70,70,72,72,74,74,76,76,78,78,80,80,80,80,80,80,80,80,80,82,82,84,84,84,84,84],"relic_stats":{"Tough Bandages":[21],"TheAbacus":[18],"Singing Bowl":14,"counters":[26,87],"Pandora\u0027s Box":["Sucker Punch","Finisher","Blade Dance","Cloak And Dagger","Leg Sweep","Blade Dance","Expertise","Catalyst"],"PreservedInsect":199,"Snake Skull":[0],"War Paint":["Blade Dance","PiercingWail"],"obtain_stats":[{"Ice Cream":27,"Singing Bowl":27,"hubris:SphereOfDissonance":7,"Hammer of Thor":0,"PreservedInsect":9,"Snake Skull":23,"The Courier":41,"Omamori":43,"Seething Fire":0,"infinitespire:Lucky Rock":37,"War Paint":36,"Tough Bandages":4,"TheAbacus":37,"Anvil of the Gods":0,"Pandora\u0027s Box":34,"Bag of Marbles":26,"hubris:CrackedHourglass":17,"hubris:Potato":31,"hubris:TinFlute":46,"Ring of the Snake":0,"hubris:Reverence":2,"Meat on the Bone":22},{"Ice Cream":15,"Singing Bowl":15,"hubris:SphereOfDissonance":3,"Hammer of Thor":0,"PreservedInsect":4,"Snake Skull":12,"The Courier":21,"Omamori":22,"Seething Fire":0,"infinitespire:Lucky Rock":20,"War Paint":20,"Tough Bandages":2,"TheAbacus":20,"Anvil of the Gods":0,"Pandora\u0027s Box":19,"Bag of Marbles":13,"hubris:CrackedHourglass":8,"hubris:Potato":18,"hubris:TinFlute":24,"Ring of the Snake":0,"hubris:Reverence":1,"Meat on the Bone":11},{"Ice Cream":60,"Singing Bowl":60,"hubris:SphereOfDissonance":14,"Hammer of Thor":0,"PreservedInsect":17,"Snake Skull":53,"The Courier":75,"Omamori":76,"Seething Fire":0,"infinitespire:Lucky Rock":72,"War Paint":72,"Tough Bandages":6,"TheAbacus":72,"Anvil of the Gods":0,"Pandora\u0027s Box":70,"Bag of Marbles":55,"hubris:CrackedHourglass":36,"hubris:Potato":67,"hubris:TinFlute":81,"Ring of the Snake":0,"hubris:Reverence":3,"Meat on the Bone":50}],"Ring of the Snake":[53],"Meat on the Bone":60},"card_choices":[{"not_picked":["Mayhem","Transmutation"],"picked":"Panache","floor":0},{"not_picked":["Accuracy","All Out Attack"],"picked":"Terror","floor":1},{"not_picked":["Catalyst","Backflip"],"picked":"Endless Agony","floor":3},{"not_picked":["Backflip","Concentrate"],"picked":"Slice","floor":7},{"not_picked":["hubris:TrickCloak","Outmaneuver","Bouncing Flask"],"picked":"SKIP","floor":8},{"not_picked":["Dagger Spray","Doppelganger"],"picked":"PiercingWail","floor":10},{"not_picked":["Backflip","PiercingWail"],"picked":"Blade Dance","floor":12},{"not_picked":["Slice","Setup"],"picked":"Infinite Blades","floor":13},{"not_picked":["Glass Knife","Unload"],"picked":"Venomology","floor":16},{"not_picked":["Flying Knee","hubris:SlightOfHand+1"],"picked":"Backflip","floor":18},{"not_picked":["Deflect","Venomology","Deadly Poison"],"picked":"SKIP","floor":19},{"not_picked":["Eviscerate","PiercingWail","Acrobatics"],"picked":"SKIP","floor":21},{"not_picked":["Venomology","Dagger Throw+1","Acrobatics"],"picked":"SKIP","floor":23},{"not_picked":["Sucker Punch+1","Dagger Throw+1","Dagger Spray"],"picked":"SKIP","floor":24},{"not_picked":["Dash","hubris:Counter","Quick Slash+1"],"picked":"Singing Bowl","floor":27},{"not_picked":["Dagger Spray+1","Bane"],"picked":"Blade Dance","floor":28},{"not_picked":["Prepared","Slice","Dash"],"picked":"Singing Bowl","floor":29},{"not_picked":["Underhanded Strike","hubris:Counter+1","Calculated Gamble+1"],"picked":"Singing Bowl","floor":31},{"not_picked":["Storm of Steel","Burst","Wraith Form v2"],"picked":"Singing Bowl","floor":33},{"not_picked":["Bouncing Flask+1","Slice","Bane"],"picked":"Singing Bowl","floor":35},{"not_picked":["Prepared","Venomology"],"picked":"Cloak And Dagger+1","floor":39},{"not_picked":["Concentrate","Flying Knee"],"picked":"Cloak And Dagger+1","floor":42},{"not_picked":["Infinite Blades","hubris:Sniper","Deflect+1"],"picked":"Singing Bowl","floor":44},{"not_picked":["Heel Hook","Outmaneuver+1","PiercingWail"],"picked":"Singing Bowl","floor":46},{"not_picked":["Bane+1","Noxious Fumes"],"picked":"PiercingWail+1","floor":48}],"player_experience":395076,"relics_obtained":[{"floor":2,"key":"hubris:Reverence"},{"floor":7,"key":"hubris:SphereOfDissonance"},{"floor":9,"key":"PreservedInsect"},{"floor":23,"key":"Snake Skull"},{"floor":26,"key":"Bag of Marbles"},{"floor":27,"key":"Ice Cream"},{"floor":27,"key":"Singing Bowl"},{"floor":31,"key":"hubris:Potato"},{"floor":36,"key":"War Paint"},{"floor":43,"key":"Omamori"},{"floor":46,"key":"hubris:TinFlute"}],"event_choices":[{"damage_healed":0,"gold_gain":0,"player_choice":"Relic ","damage_taken":7,"max_hp_gain":0,"max_hp_loss":0,"event_name":"betterThird:BetterScrap","floor":4,"gold_loss":0,"cards_obtained":["hubris:CleavingFinish"]},{"damage_healed":0,"gold_gain":0,"player_choice":"Fight","damage_taken":0,"max_hp_gain":0,"max_hp_loss":0,"event_name":"Colosseum","floor":27,"gold_loss":0},{"damage_healed":0,"gold_gain":0,"player_choice":"Fought Nobs","damage_taken":0,"max_hp_gain":0,"max_hp_loss":0,"event_name":"Colosseum","floor":27,"gold_loss":0},{"damage_healed":0,"gold_gain":0,"player_choice":"Upgraded","damage_taken":0,"max_hp_gain":0,"max_hp_loss":0,"event_name":"Upgrade Shrine","floor":30,"gold_loss":0,"cards_upgraded":["Venomology"]},{"cards_removed":["Endless Agony"],"damage_healed":0,"gold_gain":0,"player_choice":"Removed Attack","damage_taken":0,"max_hp_gain":0,"max_hp_loss":0,"event_name":"Falling","floor":38,"gold_loss":0},{"damage_healed":0,"gold_gain":0,"player_choice":"Gave Potion","damage_taken":0,"relics_obtained":["The Courier"],"max_hp_gain":0,"max_hp_loss":0,"event_name":"WeMeetAgain","floor":41,"gold_loss":0}],"is_beta":false,"boss_relics":[{"not_picked":["Astrolabe","Busted Crown"],"picked":"hubris:CrackedHourglass"},{"not_picked":["Calling Bell","SlaversCollar"],"picked":"Pandora\u0027s Box"}],"items_purged_floors":[14,22,37],"is_endless":false,"potions_floor_spawned":[3,10,13,18,27,27,28,31,33,35,42,46],"ascension_level":7}}