{"host":"natui9yr7uuq78xo","time":1611015870,"event":{"mods":["BaseMod","Better Third Choice","BetterRewards","Minty Spire (QoL Compilation)","StSLib","The Necromancer"],"gold_per_floor":[131,168,207,247,257,257,305,345,345,376,376,429,496,526,526,682,682,702,702,754,810,860,915,945,998,1050,1050,355,355,211,246,246,349,349,368,49,63,12,29,29,49,49,94,127,182,182,196,229,229,249,249,249,71,116,116,116],"floor_reached":55,"language":"ENG","playtime":2981,"items_purged":["Defend_W","Detonate_Bones"],"score":825,"play_id":"9a5623dc-1185-4e13-b826-ca16123e0ab5","local_time":"20210118142430","is_ascension_mode":true,"campfire_choices":[{"data":"Shade_Step","floor":6.0,"key":"SMITH"},{"data":"Blood_Is_Power","floor":15.0,"key":"SMITH"},{"data":"1","floor":27.0,"key":"LIFT"},{"data":"2","floor":29.0,"key":"LIFT"},{"data":"Necrotic_Claws","floor":32.0,"key":"SMITH"},{"data":"Summon_Death_Knight","floor":40.0,"key":"SMITH"},{"data":"3","floor":46.0,"key":"LIFT"},{"floor":49.0,"key":"RECALL"},{"data":"Summon_Lich","floor":52,"key":"SMITH"}],"circlet_count":0,"master_deck":["Negative_Energy_Arrows+1","Bone_Wall","HandOfGreed","Blood_Is_Power+1","Acid_Javelin+1","Bone_Prison","Shade_Step+1","Negative_Energy_Shield","Blood_Curse","Stop_Heart","Blood_Wake","Necronomicurse","Siphon_Strength","Necrotic_Claws+1","Summon_Lich+1","Summon_Death_Knight+1","Skeleton_Dragon","Pandemic","Bone_Armory","Shackles_Of_Pain","Shade_Step+1","Blood_Shield","Summon_Lich+1","Blood_for_Blood","Uncharnel"],"relics":["Vampire_Amulet","Whetstone","Ginger","Toy Ornithopter","Empty Cage","Necronomicon","Shuriken","Girya","MealTicket","TungstenRod","Mango","Mummified Hand","Pandora\u0027s Box","ClockworkSouvenir","Bird Faced Urn","Pen Nib","Bronze Scales"],"acts_visited":["Exordium","TheCity","TheBeyond","TheEnding"],"potions_floor_usage":[50,54,54],"damage_taken":[{"damage":7.0,"enemies":"2 Louse","floor":1.0,"turns":2.0},{"damage":4.0,"enemies":"Jaw Worm","floor":2.0,"turns":2.0},{"damage":0.0,"enemies":"Small Slimes","floor":3.0,"turns":2.0},{"damage":1.0,"enemies":"Red Slaver","floor":4.0,"turns":3.0},{"damage":14.0,"enemies":"Large Slime","floor":5.0,"turns":3.0},{"damage":12.0,"enemies":"Lagavulin","floor":7.0,"turns":7.0},{"damage":1.0,"enemies":"Exordium Thugs","floor":8.0,"turns":3.0},{"damage":5.0,"enemies":"3 Louse","floor":10.0,"turns":3.0},{"damage":9.0,"enemies":"Gremlin Gang","floor":12.0,"turns":4.0},{"damage":16.0,"enemies":"Exordium Thugs","floor":13.0,"turns":4.0},{"damage":3.0,"enemies":"Large Slime","floor":14.0,"turns":6.0},{"damage":28.0,"enemies":"Slime Boss","floor":16.0,"turns":12.0},{"damage":13.0,"enemies":"Shell Parasite","floor":18.0,"turns":7.0},{"damage":21.0,"enemies":"3 Byrds","floor":20.0,"turns":4.0},{"damage":12.0,"enemies":"Centurion and Healer","floor":21.0,"turns":4.0},{"damage":17.0,"enemies":"Book of Stabbing","floor":23.0,"turns":4.0},{"damage":1.0,"enemies":"Snecko","floor":24.0,"turns":5.0},{"damage":28.0,"enemies":"Slavers","floor":25.0,"turns":5.0},{"damage":27.0,"enemies":"Shelled Parasite and Fungi","floor":31.0,"turns":5.0},{"damage":58.0,"enemies":"Automaton","floor":33.0,"turns":8.0},{"damage":41.0,"enemies":"3 Darklings","floor":35.0,"turns":6.0},{"damage":2.0,"enemies":"3 Shapes","floor":37.0,"turns":2.0},{"damage":32.0,"enemies":"Jaw Worm Horde","floor":39.0,"turns":3.0},{"damage":4.0,"enemies":"Maw","floor":41.0,"turns":7.0},{"damage":5.0,"enemies":"Sphere and 2 Shapes","floor":44.0,"turns":7.0},{"damage":33.0,"enemies":"Reptomancer","floor":45.0,"turns":5.0},{"damage":22.0,"enemies":"Writhing Mass","floor":47.0,"turns":5.0},{"damage":8.0,"enemies":"Giant Head","floor":48.0,"turns":6.0},{"damage":32,"enemies":"Time Eater","floor":50,"turns":9},{"damage":86,"enemies":"Shield and Spear","floor":54,"turns":6},{"damage":27,"enemies":"The Heart","floor":55,"turns":3}],"seed_played":"-8125670263658021630","potions_obtained":[{"floor":2.0,"key":"AttackPotion"},{"floor":3.0,"key":"SkillPotion"},{"floor":10.0,"key":"BlessingOfTheForge"},{"floor":12.0,"key":"GamblersBrew"},{"floor":14.0,"key":"Swift Potion"},{"floor":23.0,"key":"SkillPotion"},{"floor":25.0,"key":"LiquidMemories"},{"floor":33.0,"key":"SneckoOil"},{"floor":39.0,"key":"AttackPotion"},{"floor":44.0,"key":"Strength Potion"},{"floor":45.0,"key":"AttackPotion"}],"is_trial":false,"path_per_floor":["M","M","M","M","M","R","E","M","T","M","?","M","M","M","R","B",null,"M","?","M","M","?","E","M","E","T","R","$","R","?","M","R","B",null,"M","$","M","$","M","R","M","?","T","M","E","R","M","E","R","B",null,"R","$","E","B"],"character_chosen":"NECROMANCER","items_purchased":["TungstenRod","Mango","Blood_Shield","ClockworkSouvenir","Energy Potion","Blood_for_Blood","AttackPotion","SteroidPotion"],"campfire_rested":0,"item_purchase_floors":[28,28,36,36,38,53,53,53],"current_hp_per_floor":[51,49,53,54,42,42,32,35,35,42,39,44,43,50,50,38,75,71,55,46,43,43,28,40,33,33,33,62,62,62,49,49,8,89,55,70,74,89,63,63,71,71,71,77,57,57,41,48,48,31,89,89,89,23,0,0],"gold":116,"neow_bonus":"RANDOM_COLORLESS_2","is_daily":false,"chose_seed":false,"campfire_upgraded":5,"win_rate":0.0,"timestamp":1611015870,"path_taken":["M","M","M","M","M","R","E","M","T","M","?","M","M","M","R","BOSS","M","?","M","M","?","E","?","E","T","R","$","R","?","M","R","BOSS","M","$","M","$","M","R","M","?","T","M","E","R","M","E","R","BOSS","R","$","E","BOSS"],"items_purchased_type":["Relic","Relic","Card","Relic","Potion","Card","Potion","Potion"],"build_version":"2020-12-22","purchased_purges":2,"victory":false,"max_hp_per_floor":[75,75,75,75,75,75,75,75,75,75,75,75,75,75,75,75,75,75,75,75,75,75,75,75,75,75,75,89,89,89,89,89,89,89,89,89,89,89,89,89,89,89,89,89,89,89,89,89,89,89,89,89,89,89,89,89],"card_choices":[{"not_picked":["Secret Technique","Mayhem"],"picked":"HandOfGreed","floor":0.0},{"not_picked":["Uncharnel","Scare"],"picked":"Blood_Is_Power","floor":1.0},{"not_picked":["Summon_Lich","Shackles_Of_Pain"],"picked":"Acid_Javelin","floor":2.0},{"not_picked":["Bone_Bullets","Negative_Energy_Mist"],"picked":"Bone_Prison","floor":3.0},{"not_picked":["Spectral_Armor","Necrotic_Claws"],"picked":"Shade_Step","floor":4.0},{"not_picked":["Toxic_Smoke_Screen","Bone_Shift"],"picked":"Negative_Energy_Shield","floor":5.0},{"not_picked":["Epidemic","Death_March_Dance","Bone_Spikes"],"picked":"SKIP","floor":7.0},{"not_picked":["Bone_Spikes","Chill_Blood"],"picked":"Life_Drain","floor":8.0},{"not_picked":["Negative_Energy_Sphere","Negative_Energy_Mist"],"picked":"Blood_Curse","floor":10.0},{"not_picked":["Death_Coil","Blood_Whip","Shackles_Of_Pain"],"picked":"SKIP","floor":12.0},{"not_picked":["Deaths_Shadow","Life_Drain","Toxic_Smoke_Screen"],"picked":"SKIP","floor":13.0},{"not_picked":["Toxic_Smoke_Screen","Corrupt"],"picked":"Stop_Heart","floor":14.0},{"not_picked":["Blood_Magic","Summon_Vampire_Lady"],"picked":"Blood_Wake","floor":16.0},{"not_picked":["Blood_Whip","Shackles_Of_Pain","Bone_Armory"],"picked":"SKIP","floor":18.0},{"not_picked":["Bones_to_Steel","Consume_Illness"],"picked":"Siphon_Strength","floor":20.0},{"not_picked":["Necromantic_Selection","Vampiric_Strike","Death_March_Dance+1"],"picked":"SKIP","floor":21.0},{"not_picked":["Death_Coil","Whirlwind_of_Bones","Stop_Heart"],"picked":"SKIP","floor":23.0},{"not_picked":["Deaths_Shadow","Whirlwind_of_Bones","Toxic_Smoke_Screen"],"picked":"SKIP","floor":24.0},{"not_picked":["Stop_Heart","Life_Drain"],"picked":"Necrotic_Claws","floor":25.0},{"not_picked":["Vampiric_Strike+1","Death_Coil"],"picked":"Summon_Lich","floor":31.0},{"not_picked":["Blood_Wake","Requiem"],"picked":"Summon_Death_Knight","floor":33.0},{"not_picked":["Spectral_Walk+1","Negative_Energy_Javelin"],"picked":"Shade_Step+1","floor":35.0},{"not_picked":["Stop_Heart+1","Negative_Energy_Javelin","Toxic_Smoke_Screen"],"picked":"SKIP","floor":37.0},{"not_picked":["Consume_Illness","Deaths_Shadow","Negative_Energy_Javelin"],"picked":"SKIP","floor":39.0},{"not_picked":["Bone_Bullets","Bone_Spikes+1","Epidemic+1"],"picked":"SKIP","floor":41.0},{"not_picked":["Shackles_Of_Pain","Toxic_Smoke_Screen"],"picked":"Summon_Lich+1","floor":44.0},{"not_picked":["Chill_Blood","Bone_Shift+1","Finger_Of_Death+1"],"picked":"SKIP","floor":45.0},{"not_picked":["Bone_Armor+1","Deaths_Shadow+1","Negative_Energy_Shield+1"],"picked":"SKIP","floor":47.0},{"not_picked":["Scare+1","Blood_Magic","Negative_Energy_Mist+1"],"picked":"SKIP","floor":48.0},{"not_picked":["Death_March_Dance","Deaths_Shadow+1"],"picked":"Uncharnel","floor":54}],"player_experience":333358,"relics_obtained":[{"floor":7.0,"key":"Whetstone"},{"floor":9.0,"key":"Ginger"},{"floor":19.0,"key":"Necronomicon"},{"floor":23.0,"key":"Shuriken"},{"floor":25.0,"key":"Girya"},{"floor":26.0,"key":"MealTicket"},{"floor":45.0,"key":"Bird Faced Urn"},{"floor":48.0,"key":"Pen Nib"},{"floor":54,"key":"Bronze Scales"}],"event_choices":[{"damage_healed":0.0,"max_hp_gain":0.0,"max_hp_loss":0.0,"gold_gain":0.0,"event_name":"betterThird:BetterScrap","player_choice":"Relic ","floor":11.0,"gold_loss":0.0,"damage_taken":3.0,"cards_obtained":["Bouncing Flask"]},{"damage_healed":0.0,"max_hp_gain":0.0,"max_hp_loss":0.0,"gold_gain":0.0,"event_name":"Cursed Tome","player_choice":"Obtained Book","floor":19.0,"gold_loss":0.0,"damage_taken":16.0},{"damage_healed":0.0,"max_hp_gain":0.0,"max_hp_loss":0.0,"gold_gain":100.0,"event_name":"The Joust","player_choice":"Bet on Murderer","floor":22.0,"gold_loss":50.0,"damage_taken":0.0},{"damage_healed":0.0,"max_hp_gain":0.0,"max_hp_loss":0.0,"gold_gain":0.0,"event_name":"WeMeetAgain","player_choice":"Paid Gold","floor":30.0,"gold_loss":144.0,"damage_taken":0.0,"relics_obtained":["Mummified Hand"]},{"cards_removed":["Life_Drain"],"damage_healed":0.0,"max_hp_gain":0.0,"max_hp_loss":0.0,"gold_gain":0.0,"event_name":"Falling","player_choice":"Removed Attack","floor":42.0,"gold_loss":0.0,"damage_taken":0.0}],"is_beta":false,"boss_relics":[{"not_picked":["Coffee Dripper","Cursed Key"],"picked":"Empty Cage"},{"not_picked":["Busted Crown","Runic Dome"],"picked":"Pandora\u0027s Box"}],"items_purged_floors":[28,36],"is_endless":false,"potions_floor_spawned":[2,3,10,12,14,18,23,25,33,39,41,44,45],"killed_by":"The Heart","ascension_level":2}}