{"host":"9ndbo4kgsfoemf7y","time":1611053893,"event":{"mods":["AchievementEnabler","BaseMod","Colored Map","DeckTracker","Keyboard Shortcuts","Minty Spire (QoL Compilation)","Permanent Neow","Quick Restart","Relic Stats","StSLib","SuperFastMode"],"gold_per_floor":[114,39,49,69,88,88,68,68,91,91,109,140,160,171,171,171,171],"floor_reached":16,"language":"KOR","playtime":461,"items_purged":["Defend_R"],"score":208,"play_id":"5b1d8ef6-a5b4-46bd-8db4-56f5734f964d","local_time":"20210119195813","is_ascension_mode":true,"campfire_choices":[{"data":"Armaments","floor":6.0,"key":"SMITH"},{"floor":8.0,"key":"REST"},{"data":"Shockwave","floor":10.0,"key":"SMITH"},{"floor":15.0,"key":"REST"}],"circlet_count":0,"master_deck":["AscendersBane","Strike_R","Strike_R","Strike_R","Defend_R","Defend_R","Defend_R","Bash","Impervious","Shockwave+1","Perfected Strike","Twin Strike","Armaments+1","Offering","Shrug It Off","Perfected Strike"],"relics":["Burning Blood","Orichalcum","MealTicket"],"acts_visited":["Exordium"],"potions_floor_usage":[],"damage_taken":[{"damage":0.0,"enemies":"Cultist","floor":1.0,"turns":4.0},{"damage":8.0,"enemies":"Jaw Worm","floor":3.0,"turns":4.0},{"damage":4.0,"enemies":"Small Slimes","floor":4.0,"turns":3.0},{"damage":38.0,"enemies":"Gremlin Gang","floor":5.0,"turns":5.0},{"damage":11.0,"enemies":"Blue Slaver","floor":11.0,"turns":4.0},{"damage":12.0,"enemies":"Gremlin Nob","floor":12.0,"turns":3.0},{"damage":13.0,"enemies":"2 Fungi Beasts","floor":13.0,"turns":3.0},{"damage":19.0,"enemies":"Gremlin Gang","floor":14.0,"turns":4.0},{"damage":37,"enemies":"Slime Boss","floor":16,"turns":8}],"seed_played":"-3281605789665766203","potions_obtained":[{"floor":5.0,"key":"SkillPotion"},{"floor":7.0,"key":"Strength Potion"},{"floor":13.0,"key":"LiquidBronze"},{"floor":14.0,"key":"LiquidMemories"}],"is_trial":false,"path_per_floor":["M","$","M","M","M","R","?","R","T","R","M","E","M","M","R","B"],"character_chosen":"IRONCLAD","items_purchased":[],"campfire_rested":2,"item_purchase_floors":[],"current_hp_per_floor":[56,56,54,56,24,24,24,46,46,46,41,35,28,15,37,0,0],"gold":171,"neow_bonus":"TRANSFORM_TWO_CARDS","is_daily":false,"chose_seed":false,"campfire_upgraded":2,"win_rate":0.0,"timestamp":1611053893,"path_taken":["M","$","M","?","?","R","?","R","T","R","M","E","?","M","R","BOSS"],"items_purchased_type":[],"build_version":"2020-12-22","purchased_purges":1,"victory":false,"max_hp_per_floor":[75,75,75,75,75,75,75,75,75,75,75,75,75,75,75,75,75],"relic_stats":{"counters":[9,38],"MealTicket":0,"Orichalcum":[30],"obtain_stats":[{"MealTicket":12,"Orichalcum":9,"Burning Blood":0},{"MealTicket":6,"Orichalcum":4,"Burning Blood":0},{"MealTicket":23,"Orichalcum":16,"Burning Blood":0}],"Burning Blood":48},"card_choices":[{"not_picked":["Pommel Strike","Bloodletting"],"picked":"Perfected Strike","floor":1.0},{"not_picked":["Fire Breathing","Havoc","Clash"],"picked":"SKIP","floor":3.0},{"not_picked":["Armaments","Anger"],"picked":"Twin Strike","floor":4.0},{"not_picked":["True Grit","Thunderclap"],"picked":"Armaments","floor":5.0},{"not_picked":["Entrench","Pommel Strike"],"picked":"Offering","floor":11.0},{"not_picked":["Impervious","Headbutt","Warcry"],"picked":"SKIP","floor":12.0},{"not_picked":["Clothesline","Uppercut"],"picked":"Shrug It Off","floor":13.0},{"not_picked":["Anger","Intimidate"],"picked":"Perfected Strike","floor":14.0}],"player_experience":829194,"relics_obtained":[{"floor":9.0,"key":"Orichalcum"},{"floor":12.0,"key":"MealTicket"}],"event_choices":[{"damage_healed":0.0,"max_hp_gain":0.0,"max_hp_loss":0.0,"gold_gain":0.0,"event_name":"The Woman in Blue","player_choice":"Bought 1 Potion","floor":7.0,"gold_loss":0.0,"damage_taken":0.0}],"is_beta":false,"boss_relics":[],"items_purged_floors":[2],"is_endless":false,"potions_floor_spawned":[5,11,13,14],"killed_by":"Slime Boss","ascension_level":20}}