{"host":"rnys9sj607vajavv","time":1611052101,"event":{"mods":["BaseMod","Colored Map","Downfall","Minty Spire (QoL Compilation)","StSLib"],"gold_per_floor":[99,115,132,132,152,152,178,278,278,278,278],"floor_reached":9,"language":"ENG","playtime":589,"items_purged":[],"score":64,"play_id":"d48e2396-d4eb-47af-9f89-22aef5f6e795","local_time":"20210119022821","is_ascension_mode":true,"campfire_choices":[{"data":"Mayhem","floor":1,"key":"SMITH"},{"data":"champ:Taunt","floor":6,"key":"SMITH"}],"circlet_count":0,"master_deck":["champ:Strike","champ:Strike","champ:Strike","champ:Strike","champ:Defend","champ:Defend","champ:Defend","champ:Defend","champ:Execute","champ:Taunt+1","Mayhem+1","champ:DeathBlow","champ:FanOfKnives","champ:DefensiveShout"],"relics":["champ:ChampionCrown","Regal Pillow","downfall:CloakOfManyFaces","CultistMask","FaceOfCleric","NlothsMask","GremlinMask","SsserpentHead"],"acts_visited":["Exordium"],"potions_floor_usage":[8],"damage_taken":[{"damage":10,"enemies":"2 Louse","floor":2,"turns":3},{"damage":32,"enemies":"Jaw Worm","floor":3,"turns":3},{"damage":21,"enemies":"Cultist","floor":5,"turns":3},{"damage":63,"enemies":"downfall:FaceTrader","floor":8,"turns":8},{"damage":91,"enemies":"3 Sentries","floor":9,"turns":6}],"seed_played":"420076365724946627","potions_obtained":[{"floor":3,"key":"champ:CounterPotion"},{"floor":5,"key":"Weak Potion"}],"is_trial":false,"path_per_floor":["R","M","M","?","M","R","T","?","E"],"character_chosen":"THE_CHAMP","items_purchased":[],"campfire_rested":0,"item_purchase_floors":[],"current_hp_per_floor":[81,81,69,69,68,68,68,65,0,0,0],"gold":278,"neow_bonus":"RANDOM_COLORLESS_2","is_daily":false,"chose_seed":false,"campfire_upgraded":2,"win_rate":0.0,"timestamp":1611052101,"path_taken":["R","M","M","?","M","R","T","?","E"],"items_purchased_type":[],"build_version":"2020-12-22","purchased_purges":0,"victory":false,"max_hp_per_floor":[81,81,81,81,81,81,81,81,81,81,81],"card_choices":[{"not_picked":["Secret Technique","Metamorphosis"],"picked":"Mayhem","floor":0},{"not_picked":["champ:EnGarde","champ:BerserkersShout"],"picked":"champ:DeathBlow","floor":2},{"not_picked":["champ:PreciseThrust","champ:TornadoPunch"],"picked":"champ:FanOfKnives","floor":3},{"not_picked":["champ:SwordSigil","champ:Shatter","champ:BladeFlurry"],"picked":"SKIP","floor":5},{"not_picked":["champ:BladeFlurry","champ:EnGarde"],"picked":"champ:DefensiveShout","floor":8}],"player_experience":664818,"relics_obtained":[{"floor":7,"key":"Regal Pillow"},{"floor":8,"key":"downfall:CloakOfManyFaces"}],"event_choices":[],"is_beta":false,"boss_relics":[],"items_purged_floors":[],"is_endless":false,"potions_floor_spawned":[3,5],"killed_by":"3 Sentries","ascension_level":5}}