{"host":"6bsan6hkua32tfq7","time":1611038072,"event":{"mods":["BaseMod","Better Third Choice","Colored Map","Highlight Path","Minty Spire (QoL Compilation)","StSLib"],"gold_per_floor":[117,127,127,52,52,52,81,81,81,116,132,55,55,55,55,132,132,148,73,73,93,93,121,121,21,21,21,40,71,71,71],"floor_reached":30,"language":"ENG","playtime":628,"items_purged":["Defend_R","Defend_R"],"score":683,"play_id":"064347a4-0f1a-4198-b97c-ddc057ede943","local_time":"20210119073432","is_ascension_mode":true,"campfire_choices":[{"data":"Bash","floor":6,"key":"SMITH"},{"data":"Sever Soul","floor":8,"key":"SMITH"},{"data":"Fire Breathing","floor":13,"key":"SMITH"},{"data":"Strike_R","floor":15,"key":"PURGE"},{"data":"Strike_R","floor":24,"key":"PURGE"},{"floor":27,"key":"REST"}],"circlet_count":0,"master_deck":["AscendersBane","Strike_R","Defend_R","Defend_R","Bash+1","Sever Soul+1","Evolve","Intimidate","Fire Breathing+1","Feed","True Grit","Anger","True Grit"],"relics":["Burning Blood","NeowsBlessing","Centennial Puzzle","FossilizedHelix","CaptainsWheel","Peace Pipe","Mark of Pain","Mango","Molten Egg 2"],"acts_visited":["Exordium","TheCity"],"potions_floor_usage":[18,29,29],"damage_taken":[{"damage":0,"enemies":"Small Slimes","floor":1,"turns":1},{"damage":0,"enemies":"Cultist","floor":2,"turns":1},{"damage":0,"enemies":"Gremlin Nob","floor":7,"turns":1},{"damage":2,"enemies":"Lagavulin","floor":10,"turns":5},{"damage":0,"enemies":"Jaw Worm","floor":11,"turns":2},{"damage":0,"enemies":"Slime Boss","floor":16,"turns":5},{"damage":4,"enemies":"Shell Parasite","floor":18,"turns":4},{"damage":14,"enemies":"2 Thieves","floor":21,"turns":3},{"damage":38,"enemies":"Book of Stabbing","floor":23,"turns":5},{"damage":0,"enemies":"Chosen and Byrds","floor":28,"turns":5},{"damage":4,"enemies":"3 Cultists","floor":29,"turns":5},{"damage":105,"enemies":"Gremlin Leader","floor":30,"turns":8}],"seed_played":"-3060666447259805049","potions_obtained":[{"floor":2,"key":"ColorlessPotion"},{"floor":7,"key":"BlessingOfTheForge"},{"floor":10,"key":"AttackPotion"},{"floor":21,"key":"ColorlessPotion"}],"is_trial":false,"path_per_floor":["M","M","?","$","T","R","E","R","T","E","M","$","R","$","R","B",null,"M","?","?","M","?","E","R","$","T","R","M","M","E"],"character_chosen":"IRONCLAD","items_purchased":["Fire Breathing"],"campfire_rested":1,"item_purchase_floors":[12],"current_hp_per_floor":[74,75,64,64,64,64,70,70,70,74,75,75,75,75,75,75,75,78,78,78,73,73,55,55,55,55,83,89,94,0,0],"gold":71,"neow_bonus":"THREE_ENEMY_KILL","is_daily":false,"chose_seed":false,"campfire_upgraded":3,"win_rate":0.0,"timestamp":1611038072,"path_taken":["M","M","?","?","?","R","E","R","T","E","?","$","R","$","R","BOSS","M","?","?","?","?","E","R","$","T","R","M","M","E"],"items_purchased_type":["Card"],"build_version":"2020-12-22","purchased_purges":2,"victory":false,"max_hp_per_floor":[75,75,75,75,75,75,75,75,75,75,75,75,75,75,75,75,75,78,78,78,81,81,95,95,95,95,95,95,98,98,98],"card_choices":[{"not_picked":["Shrug It Off","Ghostly Armor"],"picked":"Sever Soul","floor":1},{"not_picked":["Heavy Blade","Clash"],"picked":"Evolve","floor":2},{"not_picked":["Iron Wave","Body Slam","Wild Strike"],"picked":"SKIP","floor":7},{"not_picked":["Evolve","Clash","Burning Pact"],"picked":"SKIP","floor":10},{"not_picked":["Evolve","Clash","Burning Pact"],"picked":"SKIP","floor":10},{"not_picked":["Anger","Havoc"],"picked":"Intimidate","floor":11},{"not_picked":["Exhume","Bludgeon"],"picked":"Feed","floor":16},{"not_picked":["Clash","Anger","Iron Wave"],"picked":"SKIP","floor":18},{"not_picked":["Perfected Strike","Havoc+1"],"picked":"True Grit","floor":21},{"not_picked":["Body Slam","Cleave","Bludgeon"],"picked":"SKIP","floor":23},{"not_picked":["Wild Strike+1","Headbutt+1","Iron Wave+1"],"picked":"SKIP","floor":28},{"not_picked":["Flex","Shockwave"],"picked":"True Grit","floor":29}],"player_experience":5317648,"relics_obtained":[{"floor":5,"key":"Centennial Puzzle"},{"floor":7,"key":"FossilizedHelix"},{"floor":9,"key":"CaptainsWheel"},{"floor":10,"key":"Peace Pipe"},{"floor":23,"key":"Mango"},{"floor":26,"key":"Molten Egg 2"}],"event_choices":[{"damage_healed":0,"gold_gain":0,"player_choice":"Damaged","damage_taken":11,"max_hp_gain":0,"max_hp_loss":0,"event_name":"Wheel of Change","floor":3,"gold_loss":0},{"cards_removed":["Strike_R"],"damage_healed":0,"gold_gain":0,"player_choice":"Gave Gold","damage_taken":0,"max_hp_gain":0,"max_hp_loss":0,"event_name":"Beggar","floor":19,"gold_loss":75},{"damage_healed":0,"gold_gain":0,"player_choice":"0 cards matched","damage_taken":0,"max_hp_gain":0,"max_hp_loss":0,"event_name":"Match and Keep!","floor":20,"gold_loss":0,"cards_obtained":[]},{"damage_healed":0,"gold_gain":0,"cards_transformed":["Strike_R"],"player_choice":"Transformed","damage_taken":0,"max_hp_gain":0,"max_hp_loss":0,"event_name":"Transmorgrifier","floor":22,"gold_loss":0,"cards_obtained":["Anger"]}],"is_beta":false,"boss_relics":[{"not_picked":["Cursed Key","SacredBark"],"picked":"Mark of Pain"}],"items_purged_floors":[4,25],"is_endless":false,"potions_floor_spawned":[2,7,10,21,23],"killed_by":"Gremlin Leader","ascension_level":20}}