{"host":"w01zow3jg16g8jdh","time":1611075811,"event":{"mods":["AchievementEnabler","BaseMod","DeckTracker","Keyboard Shortcuts","Minty Spire (QoL Compilation)","Permanent Neow","StSLib","SuperFastMode"],"gold_per_floor":[110,123,48,59,70,70,102,102,184,195,213,229,284,309,309,385,385,396,58,77,112,126,126,152,172,196,196,196,207,207,207,207,282,282,300,300,311,330,26,53,53,73,73,73,90,90,119,341,341,341,341,341,341,25,25,25],"floor_reached":55,"language":"KOR","playtime":1835,"items_purged":["Strike_G","Defend_G","Defend_G"],"score":1943,"play_id":"f00f2766-be5c-4104-83bd-f4a7a8639c55","local_time":"20210120020331","is_ascension_mode":true,"campfire_choices":[{"data":"Noxious Fumes","floor":6.0,"key":"SMITH"},{"floor":15.0,"key":"REST"},{"floor":23.0,"key":"REST"},{"data":"Venomology","floor":28.0,"key":"SMITH"},{"data":"Acrobatics","floor":30.0,"key":"SMITH"},{"data":"Choke","floor":32.0,"key":"SMITH"},{"data":"A Thousand Cuts","floor":41.0,"key":"SMITH"},{"data":"Acrobatics","floor":44.0,"key":"SMITH"},{"data":"Tactician","floor":46.0,"key":"SMITH"},{"floor":49.0,"key":"RECALL"},{"data":"Footwork","floor":53.0,"key":"SMITH"}],"circlet_count":0,"master_deck":["AscendersBane","Survivor","Neutralize+1","Backstab+1","Infinite Blades","Noxious Fumes+1","After Image","Acrobatics+1","Venomology+1","Unload+1","Tactician+1","Backstab+1","Crippling Poison+1","Choke+1","A Thousand Cuts+1","Blur","Acrobatics+1","Tactician+1","Footwork+1"],"relics":["Ring of the Snake","Unceasing Top","Singing Bowl","Potion Belt","Question Card","Astrolabe","Sundial","Red Mask","Blue Candle","Ancient Tea Set","Philosopher\u0027s Stone","Membership Card","Lantern","MealTicket","Whetstone","Anchor","TwistedFunnel"],"acts_visited":["Exordium","TheCity","TheBeyond","TheEnding"],"potions_floor_usage":[55,55],"damage_taken":[{"damage":2.0,"enemies":"Jaw Worm","floor":1.0,"turns":6.0},{"damage":1.0,"enemies":"Small Slimes","floor":2.0,"turns":4.0},{"damage":1.0,"enemies":"Cultist","floor":4.0,"turns":4.0},{"damage":0.0,"enemies":"Gremlin Gang","floor":5.0,"turns":4.0},{"damage":32.0,"enemies":"3 Sentries","floor":7.0,"turns":9.0},{"damage":3.0,"enemies":"Blue Slaver","floor":10.0,"turns":4.0},{"damage":11.0,"enemies":"3 Louse","floor":11.0,"turns":3.0},{"damage":5.0,"enemies":"2 Fungi Beasts","floor":12.0,"turns":4.0},{"damage":17.0,"enemies":"3 Sentries","floor":13.0,"turns":8.0},{"damage":24.0,"enemies":"Gremlin Nob","floor":14.0,"turns":4.0},{"damage":22.0,"enemies":"The Guardian","floor":16.0,"turns":13.0},{"damage":3.0,"enemies":"3 Byrds","floor":18.0,"turns":5.0},{"damage":12.0,"enemies":"Shell Parasite","floor":20.0,"turns":4.0},{"damage":28.0,"enemies":"Masked Bandits","floor":21.0,"turns":5.0},{"damage":10.0,"enemies":"Sentry and Sphere","floor":22.0,"turns":5.0},{"damage":18.0,"enemies":"Slavers","floor":24.0,"turns":7.0},{"damage":3.0,"enemies":"Shelled Parasite and Fungi","floor":25.0,"turns":4.0},{"damage":2.0,"enemies":"Centurion and Healer","floor":29.0,"turns":4.0},{"damage":16.0,"enemies":"Collector","floor":33.0,"turns":6.0},{"damage":9.0,"enemies":"3 Darklings","floor":35.0,"turns":3.0},{"damage":1.0,"enemies":"Orb Walker","floor":37.0,"turns":4.0},{"damage":12.0,"enemies":"Transient","floor":38.0,"turns":6.0},{"damage":0.0,"enemies":"Reptomancer","floor":40.0,"turns":6.0},{"damage":26.0,"enemies":"Writhing Mass","floor":42.0,"turns":4.0},{"damage":1.0,"enemies":"Sphere and 2 Shapes","floor":45.0,"turns":3.0},{"damage":0.0,"enemies":"Giant Head","floor":47.0,"turns":5.0},{"damage":13.0,"enemies":"Donu and Deca","floor":50.0,"turns":7.0},{"damage":25.0,"enemies":"Time Eater","floor":51.0,"turns":10.0},{"damage":95,"enemies":"Shield and Spear","floor":55,"turns":6}],"seed_played":"-952454997080682848","potions_obtained":[{"floor":1.0,"key":"CunningPotion"},{"floor":4.0,"key":"Fruit Juice"},{"floor":7.0,"key":"FearPotion"},{"floor":13.0,"key":"Swift Potion"},{"floor":18.0,"key":"Block Potion"},{"floor":21.0,"key":"CunningPotion"},{"floor":25.0,"key":"LiquidMemories"},{"floor":38.0,"key":"ColorlessPotion"},{"floor":40.0,"key":"FairyPotion"},{"floor":47.0,"key":"Dexterity Potion"}],"is_trial":false,"path_per_floor":["M","M","?","M","M","R","E","?","T","M","M","M","?","E","R","B",null,"M","$","M","?","M","R","E","M","T","?","R","M","R","?","R","B",null,"M","?","M","M","$","E","R","M","T","R","M","R","E","?","R","B","B",null,"R","$","E"],"character_chosen":"THE_SILENT","items_purchased":["Sundial","Membership Card","Lantern","Ancient Potion","EssenceOfSteel","Anchor","TwistedFunnel"],"campfire_rested":2,"item_purchase_floors":[19,39,39,54,54,54,54],"current_hp_per_floor":[42,41,41,40,40,40,8,66,66,65,54,49,34,12,33,11,57,56,56,46,20,12,36,35,32,32,32,32,32,32,32,32,16,67,63,63,64,54,54,56,56,30,30,30,29,29,29,29,29,16,27,78,78,93,0,0],"gold":25,"neow_bonus":"REMOVE_TWO","is_daily":false,"chose_seed":false,"campfire_upgraded":8,"win_rate":0.0,"timestamp":1611075811,"path_taken":["M","M","?","M","M","R","E","?","T","M","?","?","?","E","R","BOSS","M","$","M","?","M","R","E","M","T","?","R","M","R","?","R","BOSS","M","?","?","M","$","E","R","M","T","R","M","R","E","?","R","BOSS","BOSS","R","$","E"],"items_purchased_type":["Relic","Relic","Relic","Potion","Potion","Relic","Relic"],"build_version":"2020-12-22","purchased_purges":3,"victory":false,"max_hp_per_floor":[66,66,66,66,66,66,66,66,66,68,68,68,70,72,72,72,72,74,74,76,78,80,80,82,82,82,82,82,84,84,84,84,84,84,89,89,91,93,93,95,95,95,95,95,95,95,95,95,95,95,95,95,95,95,95,95],"card_choices":[{"not_picked":["Finisher","Dodge and Roll"],"picked":"Backstab","floor":1.0},{"not_picked":["Heel Hook","Deflect","Flechettes"],"picked":"SKIP","floor":2.0},{"not_picked":["Prepared","Endless Agony"],"picked":"Infinite Blades","floor":4.0},{"not_picked":["Bane","Tactician"],"picked":"Noxious Fumes","floor":5.0},{"not_picked":["Quick Slash","Bane","Sucker Punch"],"picked":"SKIP","floor":7.0},{"not_picked":["Deflect","Reflex","Sucker Punch"],"picked":"Singing Bowl","floor":10.0},{"not_picked":["Escape Plan","Dodge and Roll"],"picked":"After Image","floor":11.0},{"not_picked":["Backflip","Quick Slash"],"picked":"Acrobatics","floor":12.0},{"not_picked":["Bouncing Flask","Heel Hook","Bane"],"picked":"Singing Bowl","floor":13.0},{"not_picked":["Flechettes","Calculated Gamble","Bane"],"picked":"Singing Bowl","floor":14.0},{"not_picked":["Die Die Die","Burst","Tools of the Trade"],"picked":"Venomology","floor":16.0},{"not_picked":["Outmaneuver","Backflip","Deflect","Distraction+1"],"picked":"Singing Bowl","floor":18.0},{"not_picked":["Deflect","Caltrops","Dodge and Roll+1","Bane"],"picked":"Singing Bowl","floor":20.0},{"not_picked":["Deadly Poison","Slice","Masterful Stab","PiercingWail"],"picked":"Singing Bowl","floor":21.0},{"not_picked":["PiercingWail","Deadly Poison","Tactician","Dodge and Roll"],"picked":"Singing Bowl","floor":22.0},{"not_picked":["Acrobatics","Underhanded Strike","Finisher","Concentrate"],"picked":"Singing Bowl","floor":24.0},{"not_picked":["Malaise","Concentrate","PiercingWail"],"picked":"Crippling Poison+1","floor":25.0},{"not_picked":["Predator","Blade Dance","Dash","Backflip"],"picked":"Singing Bowl","floor":29.0},{"not_picked":["Adrenaline","Wraith Form v2","Night Terror"],"picked":"A Thousand Cuts","floor":33.0},{"not_picked":["Dagger Throw+1","Backflip","Flying Knee"],"picked":"Blur","floor":35.0},{"not_picked":["Backflip","Choke","Dagger Spray","Noxious Fumes"],"picked":"Singing Bowl","floor":37.0},{"not_picked":["Underhanded Strike","Dodge and Roll+1","PiercingWail","Quick Slash+1"],"picked":"Singing Bowl","floor":38.0},{"not_picked":["Backflip","Outmaneuver","Slice","Dagger Spray"],"picked":"Singing Bowl","floor":40.0},{"not_picked":["PiercingWail+1","Underhanded Strike+1","Choke+1"],"picked":"Acrobatics","floor":42.0},{"not_picked":["Bane","Tools of the Trade","Underhanded Strike+1"],"picked":"Tactician","floor":45.0},{"not_picked":["Flying Knee","Deflect+1","Predator"],"picked":"Footwork","floor":47.0}],"player_experience":309985,"relics_obtained":[{"floor":7.0,"key":"Unceasing Top"},{"floor":9.0,"key":"Singing Bowl"},{"floor":14.0,"key":"Question Card"},{"floor":21.0,"key":"Red Mask"},{"floor":24.0,"key":"Blue Candle"},{"floor":26.0,"key":"Ancient Tea Set"},{"floor":40.0,"key":"MealTicket"},{"floor":47.0,"key":"Whetstone"}],"event_choices":[{"cards_removed":["Defend_G"],"damage_healed":0.0,"max_hp_gain":0.0,"max_hp_loss":0.0,"gold_gain":0.0,"event_name":"The Cleric","player_choice":"Card Removal","floor":3.0,"gold_loss":75.0,"damage_taken":0.0},{"damage_healed":58.0,"max_hp_gain":0.0,"max_hp_loss":0.0,"gold_gain":0.0,"event_name":"Wheel of Change","player_choice":"Full Heal","floor":8.0,"gold_loss":0.0,"damage_taken":0.0},{"damage_healed":0.0,"max_hp_gain":0.0,"max_hp_loss":0.0,"gold_gain":0.0,"event_name":"Dead Adventurer","player_choice":"Searched \u00273\u0027 times","floor":13.0,"gold_loss":0.0,"damage_taken":0.0,"relics_obtained":["Potion Belt"]},{"damage_healed":0.0,"max_hp_gain":0.0,"max_hp_loss":0.0,"gold_gain":0.0,"event_name":"Masked Bandits","player_choice":"Fought Bandits","floor":21.0,"gold_loss":0.0,"damage_taken":0.0},{"damage_healed":0.0,"max_hp_gain":0.0,"max_hp_loss":0.0,"gold_gain":0.0,"event_name":"Cursed Tome","player_choice":"Ignored","floor":27.0,"gold_loss":0.0,"damage_taken":0.0},{"damage_healed":0.0,"max_hp_gain":0.0,"max_hp_loss":0.0,"gold_gain":0.0,"event_name":"The Library","player_choice":"Read","floor":31.0,"gold_loss":0.0,"damage_taken":0.0,"cards_obtained":["Choke"]},{"cards_removed":["Strike_G"],"damage_healed":0.0,"max_hp_gain":0.0,"max_hp_loss":0.0,"gold_gain":0.0,"event_name":"Purifier","player_choice":"Purged","floor":36.0,"gold_loss":0.0,"damage_taken":0.0},{"damage_healed":0.0,"max_hp_gain":0.0,"max_hp_loss":0.0,"gold_gain":222.0,"event_name":"Tomb of Lord Red Mask","player_choice":"Wore Mask","floor":48.0,"gold_loss":0.0,"damage_taken":0.0}],"is_beta":false,"boss_relics":[{"not_picked":["Snecko Eye","Runic Dome"],"picked":"Astrolabe"},{"not_picked":["Black Star","Fusion Hammer"],"picked":"Philosopher\u0027s Stone"}],"items_purged_floors":[19,39,54],"is_endless":false,"potions_floor_spawned":[1,4,7,11,12,13,18,21,25,38,40,45,47],"killed_by":"Shield and Spear","ascension_level":20}}