{"host":"1rf9pknejqhzkc4o","time":1611061420,"event":{"mods":["BaseMod","Better Altar","Better Match","Better Note","Better Sensory Stone","Better Skull","Better Third Choice","Colored Map","Colored Powertips","Communication Mod","Minty Spire (QoL Compilation)","Quick Restart","RNG Fix","Rare Cards Sparkle","Relic Stats","StSLib"],"gold_per_floor":[113,113,128,128,228,262,85,96,96,96,112,128,147,113,113,209,209,227,242,242,252,202,202,215,215,215],"floor_reached":25,"language":"ENG","playtime":981,"items_purged":[],"score":230,"play_id":"11219e1e-d262-416b-975e-eb149e6fe619","local_time":"20210119160340","is_ascension_mode":false,"campfire_choices":[{"data":"Accuracy","floor":15,"key":"SMITH"},{"floor":23,"key":"RECALL"}],"circlet_count":0,"master_deck":["Strike_G","Strike_G","Strike_G","Strike_G","Strike_G","Defend_G","Defend_G","Defend_G","Defend_G","Defend_G","Survivor","Neutralize","Cloak And Dagger+1","Cloak And Dagger","Cloak And Dagger","Mayhem+1","Deflect","Infinite Blades","Bouncing Flask","Dodge and Roll","Accuracy+1","Envenom","Caltrops"],"relics":["Ring of the Snake","NeowsBlessing","Bag of Marbles","Busted Crown","Mercury Hourglass"],"acts_visited":["Exordium","TheCity"],"potions_floor_usage":[16,16,24,25],"damage_taken":[{"damage":0,"enemies":"Cultist","floor":1,"turns":1},{"damage":0,"enemies":"Small Slimes","floor":3,"turns":1},{"damage":0,"enemies":"3 Sentries","floor":6,"turns":1},{"damage":0,"enemies":"2 Louse","floor":8,"turns":2},{"damage":0,"enemies":"2 Fungi Beasts","floor":11,"turns":3},{"damage":10,"enemies":"Exordium Thugs","floor":12,"turns":6},{"damage":4,"enemies":"Large Slime","floor":13,"turns":6},{"damage":7,"enemies":"Hexaghost","floor":16,"turns":9},{"damage":10,"enemies":"3 Byrds","floor":18,"turns":5},{"damage":5,"enemies":"Shell Parasite","floor":19,"turns":6},{"damage":6,"enemies":"Snecko","floor":21,"turns":4},{"damage":45,"enemies":"Cultist and Chosen","floor":24,"turns":7},{"damage":7,"enemies":"Snake Plant","floor":25,"turns":3}],"seed_played":"-7877139495191559368","potions_obtained":[{"floor":3,"key":"SteroidPotion"},{"floor":11,"key":"Weak Potion"},{"floor":13,"key":"Regen Potion"},{"floor":16,"key":"AttackPotion"},{"floor":24,"key":"GhostInAJar"}],"is_trial":false,"path_per_floor":["M","?","M","$","?","E","$","M","T","?","M","M","M","$","R","B",null,"M","M","T","M","?","R","M","M"],"character_chosen":"THE_SILENT","items_purchased":["Mayhem","Accuracy"],"campfire_rested":0,"item_purchase_floors":[7,14],"current_hp_per_floor":[70,70,70,70,70,70,70,70,70,70,70,60,56,56,56,64,70,60,55,55,49,49,49,4,0,0],"gold":215,"neow_bonus":"THREE_ENEMY_KILL","is_daily":false,"chose_seed":false,"campfire_upgraded":1,"win_rate":0.0,"timestamp":1611061420,"path_taken":["M","?","M","$","?","E","?","M","T","?","M","?","M","$","R","BOSS","M","M","?","M","?","R","?","M"],"items_purchased_type":["Card","Card"],"build_version":"2020-12-22","purchased_purges":0,"victory":false,"max_hp_per_floor":[70,70,70,70,70,70,70,70,70,70,70,70,70,70,70,70,70,70,70,70,70,70,70,70,70,70],"relic_stats":{"Busted Crown":8,"counters":[13,54],"obtain_stats":[{"Busted Crown":17,"NeowsBlessing":0,"Bag of Marbles":6,"Ring of the Snake":0,"Mercury Hourglass":20},{"Busted Crown":8,"NeowsBlessing":0,"Bag of Marbles":3,"Ring of the Snake":0,"Mercury Hourglass":10},{"Busted Crown":29,"NeowsBlessing":0,"Bag of Marbles":3,"Ring of the Snake":0,"Mercury Hourglass":40}],"Ring of the Snake":[26],"Mercury Hourglass":[60]},"card_choices":[{"not_picked":["Dagger Spray","Acrobatics"],"picked":"Cloak And Dagger","floor":1},{"not_picked":["PiercingWail","Sucker Punch"],"picked":"Cloak And Dagger","floor":3},{"not_picked":["Tactician","Predator"],"picked":"Cloak And Dagger","floor":6},{"not_picked":["Backflip","Deadly Poison"],"picked":"Deflect","floor":8},{"not_picked":["Noxious Fumes","Flechettes"],"picked":"Infinite Blades","floor":11},{"not_picked":["Caltrops","Eviscerate"],"picked":"Bouncing Flask","floor":12},{"not_picked":["PiercingWail","Expertise"],"picked":"Dodge and Roll","floor":13},{"not_picked":["Night Terror","Bullet Time"],"picked":"Envenom","floor":16},{"not_picked":["Poisoned Stab"],"picked":"SKIP","floor":18},{"not_picked":["Calculated Gamble+1"],"picked":"SKIP","floor":19},{"not_picked":["Deadly Poison"],"picked":"SKIP","floor":21},{"not_picked":[],"picked":"Caltrops","floor":24}],"player_experience":180520,"relics_obtained":[{"floor":6,"key":"Bag of Marbles"},{"floor":20,"key":"Mercury Hourglass"}],"event_choices":[{"damage_healed":0,"gold_gain":0,"player_choice":"Upgraded","damage_taken":0,"max_hp_gain":0,"max_hp_loss":0,"event_name":"Upgrade Shrine","floor":2,"gold_loss":0,"cards_upgraded":["Cloak And Dagger"]},{"damage_healed":0,"gold_gain":100,"player_choice":"Gold","damage_taken":0,"max_hp_gain":0,"max_hp_loss":0,"event_name":"Wheel of Change","floor":5,"gold_loss":0},{"damage_healed":0,"gold_gain":0,"player_choice":"Grow","damage_taken":0,"max_hp_gain":0,"max_hp_loss":0,"event_name":"Living Wall","floor":10,"gold_loss":0,"cards_upgraded":["Mayhem"]},{"damage_healed":0,"gold_gain":0,"player_choice":"Bet on Murderer","damage_taken":0,"max_hp_gain":0,"max_hp_loss":0,"event_name":"The Joust","floor":22,"gold_loss":50}],"is_beta":false,"boss_relics":[{"not_picked":["Coffee Dripper","Pandora\u0027s Box"],"picked":"Busted Crown"}],"items_purged_floors":[],"is_endless":false,"potions_floor_spawned":[3,11,13,16,24],"killed_by":"Snake Plant","ascension_level":0}}