{"host":"xzk9bt2l7avnb6n5","time":1611014624,"event":{"mods":["Aspiration","BaseMod","Conspire","Downfall","Highlight Path","Infinite Spire","Minty Spire (QoL Compilation)","Shop Mod","StSLib","The Wild Card"],"gold_per_floor":[99,113,127,145,145,6,59,59,105,123,141,41,26,53,67,168,168,68,82,82,93,106,106,106],"floor_reached":23,"language":"ENG","playtime":1074,"items_purged":[],"score":218,"play_id":"0d8fd637-bef3-4f06-8edc-be8c72b123ea","local_time":"20210118170344","is_ascension_mode":false,"campfire_choices":[{"floor":1,"key":"RECALL"},{"floor":12,"key":"REST"},{"data":"bronze:Verify","floor":18,"key":"SMITH"}],"circlet_count":0,"master_deck":["bronze:Strike","bronze:Strike","bronze:Strike","bronze:Strike","bronze:Defend+1","bronze:Defend","bronze:Defend+1","bronze:Defend","bronze:Replicate","bronze:Goto","bronze:Branch","bronze:Turbo","bronze:ItsAFeature","Injury","bronze:WildBeam+1","bronze:Flail+1","bronze:Shield","bronze:DelayedSlice+1","bronze:Iterate+1","bronze:FollowUp+1","bronze:Verify+1","bronze:AlphaBuild+1","bronze:DelayedSlice+1","bronze:DelayedGuard"],"relics":["bronze:BronzeCore","Molten Egg 2","War Paint","downfall:HeartBlessingBlue","Singing Bowl","downfall:HeartBlessingRed"],"acts_visited":["Exordium","TheCity"],"potions_floor_usage":[13,16,16,23,23],"damage_taken":[{"damage":1,"enemies":"Cultist","floor":2,"turns":4},{"damage":0,"enemies":"Small Slimes","floor":3,"turns":3},{"damage":2,"enemies":"Jaw Worm","floor":4,"turns":3},{"damage":2,"enemies":"downfall:FleeingMerchant","floor":6,"turns":4},{"damage":6,"enemies":"Gremlin Gang","floor":10,"turns":4},{"damage":6,"enemies":"3 Louse","floor":11,"turns":2},{"damage":0,"enemies":"downfall:FleeingMerchant","floor":13,"turns":4},{"damage":28,"enemies":"Gremlin Nob","floor":14,"turns":5},{"damage":0,"enemies":"Exordium Wildlife","floor":15,"turns":3},{"damage":34,"enemies":"DF_ARCHETYPE_STREAMLINE","floor":16,"turns":9},{"damage":26,"enemies":"Shell Parasite","floor":19,"turns":4},{"damage":12,"enemies":"conspire:FuzzyDice","floor":21,"turns":5},{"damage":27,"enemies":"Snecko","floor":22,"turns":5},{"damage":31,"enemies":"Slavers","floor":23,"turns":3}],"seed_played":"8226065971558710597","potions_obtained":[{"floor":2,"key":"bronze:BurnAndBuffPotion"},{"floor":10,"key":"Guardian:BlockOnCardUsePotion"},{"floor":11,"key":"Fire Potion"},{"floor":14,"key":"Dexterity Potion"},{"floor":19,"key":"LiquidBronze"},{"floor":20,"key":"CultistPotion"}],"is_trial":false,"path_per_floor":["R","M","M","M","?","$","T","?","T","M","M","R","$","E","M","B",null,"R","M","?","M","M","E"],"character_chosen":"THE_AUTOMATON","items_purchased":["bronze:Flail+1","bronze:Shield"],"campfire_rested":1,"item_purchase_floors":[6,6],"current_hp_per_floor":[77,76,76,74,74,72,72,72,72,66,60,87,87,61,61,27,89,89,63,63,53,26,0,0],"gold":106,"neow_bonus":"TEN_PERCENT_HP_BONUS","is_daily":false,"chose_seed":false,"campfire_upgraded":1,"win_rate":0.0,"timestamp":1611014624,"path_taken":["R","M","M","M","?","$","T","?","?","M","?","R","$","E","M","BOSS","R","?","?","M","M","E"],"items_purchased_type":["Card","Card"],"build_version":"2020-12-22","purchased_purges":0,"victory":false,"max_hp_per_floor":[77,77,77,77,77,77,77,77,77,77,77,87,87,89,89,89,89,89,89,89,91,91,91,91],"card_choices":[{"not_picked":["bronze:CutThrough","bronze:Shield"],"picked":"bronze:Branch","floor":2},{"not_picked":["bronze:Overheat","bronze:Repulsor"],"picked":"bronze:Turbo","floor":3},{"not_picked":["bronze:NullPointer","bronze:Shield"],"picked":"bronze:ItsAFeature","floor":4},{"not_picked":["bronze:Virus+1","bronze:Safeguard"],"picked":"bronze:WildBeam+1","floor":6},{"not_picked":["bronze:BuggyMess","bronze:Deprecate"],"picked":"bronze:DelayedSlice+1","floor":10},{"not_picked":["bronze:BugBarrage+1","bronze:Deprecate"],"picked":"bronze:Iterate+1","floor":11},{"not_picked":["bronze:BitShift","bronze:Overheat+1"],"picked":"bronze:FollowUp+1","floor":13},{"not_picked":["bronze:ItsAFeature","bronze:Frontload","bronze:ForceShield"],"picked":"Singing Bowl","floor":14},{"not_picked":["bronze:Branch+1","bronze:CutThrough+1"],"picked":"bronze:Verify","floor":15},{"not_picked":["bronze:CleanCode","bronze:SpaghettiCode"],"picked":"bronze:AlphaBuild+1","floor":16},{"not_picked":["bronze:Safeguard","bronze:Fortify+1"],"picked":"bronze:DelayedSlice+1","floor":19},{"not_picked":["bronze:BronzeArmor","bronze:OilSpill+1","bronze:Philosophize"],"picked":"Singing Bowl","floor":21},{"not_picked":["bronze:Frontload","bronze:Turbo"],"picked":"bronze:DelayedGuard","floor":22}],"player_experience":472638,"relics_obtained":[{"floor":9,"key":"War Paint"},{"floor":14,"key":"Singing Bowl"}],"event_choices":[],"is_beta":false,"boss_relics":[{"not_picked":["aspiration:SecretTechniqueScroll","infinitespire:Cupcake","aspiration:RunicSpoon"]}],"items_purged_floors":[],"is_endless":false,"potions_floor_spawned":[2,3,10,11,14,19,21],"killed_by":"Slavers","ascension_level":0}}