{"host":"dftyqn972q7tuon4","time":1611100459,"event":{"mods":["AchievementEnabler","BaseMod","Better Altar","Better Match","Better Note","Better Sensory Stone","Better Skull","Better Third Choice","Colored Powertips","Highlight Path","Minty Spire (QoL Compilation)","Permanent Neow","Quick Restart","StSLib"],"gold_per_floor":[12,12,32,49,95,122,134,134,134,167,40,40,55,85,85,189,189,208,225,275,286,286,286],"floor_reached":22,"language":"ENG","playtime":864,"items_purged":["Dualcast"],"score":314,"play_id":"dc05f487-e0e8-4247-8f1e-64b8455b2451","local_time":"20210120005419","is_ascension_mode":true,"campfire_choices":[{"data":"Fusion","floor":8.0,"key":"SMITH"},{"data":"Hyperbeam","floor":12.0,"key":"SMITH"},{"floor":15.0,"key":"REST"}],"circlet_count":0,"master_deck":["AscendersBane","Strike_B","Strike_B","Strike_B","Strike_B","Defend_B","Defend_B","Defend_B","Defend_B","Hyperbeam+1","Reprogram","Go for the Eyes","Fusion+1","Meteor Strike","Streamline","Leap","Scrape","Streamline","Echo Form","Conserve Battery","Barrage","Fusion"],"relics":["Cracked Core","Smiling Mask","Kunai","Letter Opener","Orichalcum","SlaversCollar"],"acts_visited":["Exordium","TheCity"],"potions_floor_usage":[21,21],"damage_taken":[{"damage":0.0,"enemies":"2 Louse","floor":1.0,"turns":2.0},{"damage":0.0,"enemies":"Cultist","floor":3.0,"turns":4.0},{"damage":0.0,"enemies":"Small Slimes","floor":4.0,"turns":1.0},{"damage":14.0,"enemies":"3 Sentries","floor":6.0,"turns":5.0},{"damage":9.0,"enemies":"Blue Slaver","floor":7.0,"turns":4.0},{"damage":27.0,"enemies":"Gremlin Nob","floor":10.0,"turns":4.0},{"damage":10.0,"enemies":"Lots of Slimes","floor":13.0,"turns":2.0},{"damage":8.0,"enemies":"Hexaghost","floor":16.0,"turns":9.0},{"damage":21.0,"enemies":"Spheric Guardian","floor":18.0,"turns":4.0},{"damage":26.0,"enemies":"Shell Parasite","floor":19.0,"turns":6.0},{"damage":8,"enemies":"3 Cultists","floor":21,"turns":4},{"damage":6,"enemies":"Shelled Parasite and Fungi","floor":22,"turns":2}],"seed_played":"-5203827626697560183","potions_obtained":[{"floor":3.0,"key":"FocusPotion"},{"floor":7.0,"key":"GamblersBrew"},{"floor":19.0,"key":"Block Potion"}],"is_trial":false,"path_per_floor":["M","?","M","M","T","E","M","R","T","E","$","R","M","?","R","B",null,"M","M","?","M","M"],"character_chosen":"DEFECT","items_purchased":["Scrape"],"campfire_rested":1,"item_purchase_floors":[11],"current_hp_per_floor":[68,68,68,68,68,54,45,45,45,18,18,18,8,8,30,22,62,41,15,15,7,1,1],"gold":286,"neow_bonus":"THREE_RARE_CARDS","is_daily":false,"chose_seed":false,"campfire_upgraded":2,"win_rate":0.0,"timestamp":1611100459,"path_taken":["M","?","?","M","?","E","M","R","T","E","$","R","M","?","R","BOSS","M","M","?","?","M"],"items_purchased_type":["Card"],"build_version":"2020-12-22","purchased_purges":1,"victory":false,"max_hp_per_floor":[75,75,75,75,75,75,75,75,75,75,75,75,75,75,75,75,75,75,75,75,75,75,75],"card_choices":[{"not_picked":["Rainbow","Machine Learning"],"picked":"Hyperbeam","floor":0.0},{"not_picked":["Sweeping Beam","Auto Shields"],"picked":"Reprogram","floor":1.0},{"not_picked":["Beam Cell","Hologram"],"picked":"Go for the Eyes","floor":3.0},{"not_picked":["Melter","Rip and Tear"],"picked":"Fusion","floor":4.0},{"not_picked":["Go for the Eyes","Doom and Gloom"],"picked":"Meteor Strike","floor":6.0},{"not_picked":["Loop","Coolheaded"],"picked":"Streamline","floor":7.0},{"not_picked":["Compile Driver","Coolheaded"],"picked":"Leap","floor":10.0},{"not_picked":["Cold Snap","Redo"],"picked":"Streamline","floor":13.0},{"not_picked":["Creative AI","All For One"],"picked":"Echo Form","floor":16.0},{"not_picked":["Stack","Sweeping Beam"],"picked":"Conserve Battery","floor":18.0},{"not_picked":["Skim","Turbo"],"picked":"Barrage","floor":19.0},{"not_picked":["Storm","Rebound"],"picked":"Fusion","floor":21}],"player_experience":717357,"relics_obtained":[{"floor":5.0,"key":"Smiling Mask"},{"floor":6.0,"key":"Kunai"},{"floor":9.0,"key":"Letter Opener"},{"floor":10.0,"key":"Orichalcum"}],"event_choices":[{"cards_removed":["Zap"],"damage_healed":0.0,"max_hp_gain":0.0,"max_hp_loss":0.0,"gold_gain":0.0,"event_name":"Bonfire Elementals","player_choice":"Offered Basic","floor":2.0,"gold_loss":0.0,"damage_taken":0.0},{"damage_healed":0.0,"max_hp_gain":0.0,"max_hp_loss":0.0,"gold_gain":30.0,"event_name":"Dead Adventurer","player_choice":"Searched \u00271\u0027 times","floor":14.0,"gold_loss":0.0,"damage_taken":0.0},{"damage_healed":0.0,"max_hp_gain":0.0,"max_hp_loss":0.0,"gold_gain":100.0,"event_name":"The Joust","player_choice":"Bet on Murderer","floor":20.0,"gold_loss":50.0,"damage_taken":0.0}],"is_beta":false,"boss_relics":[{"not_picked":["SacredBark","Velvet Choker"],"picked":"SlaversCollar"}],"items_purged_floors":[11],"is_endless":false,"potions_floor_spawned":[3,7,19],"killed_by":"Shelled Parasite and Fungi","ascension_level":12}}