{"host":"y1oqg7uy0jc6f5mb","time":1611059242,"event":{"mods":["BaseMod","Better Altar","Better Match","Better Note","Better Sensory Stone","Better Skull","Better Third Choice","BetterRewards","Block Reminder","Colored Map","Colored Powertips","Custom Start","DeckTracker","Highlight Path","Minty Spire (QoL Compilation)","Permanent Neow","Quick Restart","Relic Sorter","Relic Stats","Shop Mod","StSLib"],"gold_per_floor":[210,36,311,327,337,337,357,357,408,73,93,118,138,168,168,264,264,275,286,211,231,231,231,251,251,251,269,269,282,292,116,116,116,116],"floor_reached":33,"language":"ENG","playtime":1978,"items_purged":["Regret"],"score":352,"play_id":"dc1a3556-d754-43bd-afa7-abe6785b6e9f","local_time":"20210119202721","is_ascension_mode":true,"campfire_choices":[{"data":"Armaments","floor":6.0,"key":"SMITH"},{"floor":8.0,"key":"REST"},{"data":"Body Slam","floor":15.0,"key":"SMITH"},{"data":"Juggernaut","floor":23.0,"key":"SMITH"},{"data":"Metallicize","floor":25.0,"key":"SMITH"},{"data":"Seeing Red","floor":28.0,"key":"SMITH"},{"data":"Battle Trance","floor":32,"key":"SMITH"}],"circlet_count":0,"master_deck":["Strike_R","Strike_R","Strike_R","Strike_R","Defend_R","Defend_R","Defend_R","Defend_R","Bash","Armaments+1","Body Slam+1","Inflame","Evolve","Headbutt","Shrug It Off","Metallicize+1","Perfected Strike","Seeing Red+1","Juggernaut+1","Iron Wave","Shrug It Off+1","Metallicize+1","Iron Wave","Battle Trance+1","Body Slam"],"relics":["Burning Blood","HandDrill","PreservedInsect","Orichalcum","Ancient Tea Set","Pen Nib","Coffee Dripper","MutagenicStrength","InkBottle"],"acts_visited":["Exordium","TheCity"],"potions_floor_usage":[30,33,33],"damage_taken":[{"damage":10.0,"enemies":"2 Louse","floor":1.0,"turns":4.0},{"damage":11.0,"enemies":"Cultist","floor":4.0,"turns":4.0},{"damage":8.0,"enemies":"Jaw Worm","floor":5.0,"turns":4.0},{"damage":24.0,"enemies":"3 Louse","floor":7.0,"turns":5.0},{"damage":13.0,"enemies":"Blue Slaver","floor":11.0,"turns":4.0},{"damage":7.0,"enemies":"Lagavulin","floor":12.0,"turns":7.0},{"damage":7.0,"enemies":"Looter","floor":13.0,"turns":4.0},{"damage":14.0,"enemies":"Gremlin Nob","floor":14.0,"turns":4.0},{"damage":37.0,"enemies":"Hexaghost","floor":16.0,"turns":11.0},{"damage":30.0,"enemies":"3 Byrds","floor":18.0,"turns":5.0},{"damage":16.0,"enemies":"Chosen","floor":19.0,"turns":5.0},{"damage":14.0,"enemies":"Snake Plant","floor":21.0,"turns":5.0},{"damage":12.0,"enemies":"Centurion and Healer","floor":24.0,"turns":6.0},{"damage":10.0,"enemies":"Snecko","floor":27.0,"turns":4.0},{"damage":16.0,"enemies":"3 Cultists","floor":29.0,"turns":5.0},{"damage":6,"enemies":"Snake Plant","floor":30,"turns":4},{"damage":30,"enemies":"Automaton","floor":33,"turns":6}],"seed_played":"4121707322703861084","potions_obtained":[{"floor":11.0,"key":"SkillPotion"},{"floor":12.0,"key":"BloodPotion"},{"floor":13.0,"key":"Explosive Potion"},{"floor":14.0,"key":"BlessingOfTheForge"},{"floor":16.0,"key":"SteroidPotion"},{"floor":29.0,"key":"Dexterity Potion"}],"is_trial":false,"path_per_floor":["M","$","?","M","M","R","M","R","T","$","M","E","M","E","R","B",null,"M","M","?","M","?","R","M","R","T","M","R","M","M","$","R","B"],"character_chosen":"IRONCLAD","items_purchased":["Body Slam","HandDrill","BloodPotion","Shrug It Off","Orichalcum","Dexterity Potion","Battle Trance","Body Slam"],"campfire_rested":1,"item_purchase_floors":[2,2,10,10,10,31,31,31],"current_hp_per_floor":[68,68,68,63,61,61,43,67,67,67,60,59,58,66,66,51,73,49,39,39,31,31,31,25,25,25,21,21,11,11,11,11,0,0],"gold":116,"neow_bonus":"HUNDRED_GOLD","is_daily":false,"chose_seed":false,"campfire_upgraded":6,"win_rate":0.0,"timestamp":1611059241,"path_taken":["M","$","?","M","M","R","M","R","T","$","M","E","?","E","R","BOSS","M","M","?","M","?","R","M","R","T","M","R","M","M","$","R","BOSS"],"items_purchased_type":["Card","Relic","Potion","Card","Relic","Potion","Card","Card"],"build_version":"2020-12-22","purchased_purges":1,"victory":false,"max_hp_per_floor":[80,80,80,80,80,80,80,80,80,80,80,80,80,80,80,80,80,80,80,80,80,80,80,80,80,80,80,80,80,80,80,80,80,80],"relic_stats":{"counters":[17,87],"PreservedInsect":49,"Pen Nib":[8],"HandDrill":[20],"Orichalcum":[96],"obtain_stats":[{"MutagenicStrength":22,"PreservedInsect":9,"Pen Nib":14,"HandDrill":2,"Coffee Dripper":17,"Orichalcum":10,"Ancient Tea Set":12,"Burning Blood":0,"InkBottle":26},{"MutagenicStrength":12,"PreservedInsect":4,"Pen Nib":8,"HandDrill":1,"Coffee Dripper":9,"Orichalcum":4,"Ancient Tea Set":6,"Burning Blood":0,"InkBottle":13},{"MutagenicStrength":62,"PreservedInsect":17,"Pen Nib":36,"HandDrill":4,"Coffee Dripper":47,"Orichalcum":17,"Ancient Tea Set":28,"Burning Blood":0,"InkBottle":68}],"Burning Blood":96,"InkBottle":[7]},"card_choices":[{"not_picked":["Sword Boomerang","Iron Wave"],"picked":"Armaments","floor":1.0},{"not_picked":["Sever Soul","Burning Pact"],"picked":"Inflame","floor":4.0},{"not_picked":["Shockwave","Anger"],"picked":"Evolve","floor":5.0},{"not_picked":["Searing Blow","Iron Wave"],"picked":"Headbutt","floor":7.0},{"not_picked":["Rupture","Burning Pact","Headbutt"],"picked":"SKIP","floor":11.0},{"not_picked":["Brutality","Feel No Pain"],"picked":"Metallicize","floor":12.0},{"not_picked":["Wild Strike","Sever Soul"],"picked":"Perfected Strike","floor":13.0},{"not_picked":["Uppercut","Carnage"],"picked":"Seeing Red","floor":14.0},{"not_picked":["Reaper","Bludgeon"],"picked":"Juggernaut","floor":16.0},{"not_picked":["Blood for Blood","Anger","Rupture"],"picked":"SKIP","floor":18.0},{"not_picked":["True Grit","Anger"],"picked":"Iron Wave","floor":19.0},{"not_picked":["Inflame","Ghostly Armor"],"picked":"Shrug It Off+1","floor":21.0},{"not_picked":["Heavy Blade","Bloodletting","Sword Boomerang"],"picked":"SKIP","floor":24.0},{"not_picked":["Warcry","Brutality","Twin Strike"],"picked":"SKIP","floor":27.0},{"not_picked":["Perfected Strike","Armaments"],"picked":"Metallicize+1","floor":29.0},{"not_picked":["Rampage","Sword Boomerang+1"],"picked":"Iron Wave","floor":30}],"player_experience":59569,"relics_obtained":[{"floor":9.0,"key":"PreservedInsect"},{"floor":12.0,"key":"Ancient Tea Set"},{"floor":14.0,"key":"Pen Nib"},{"floor":26.0,"key":"InkBottle"}],"event_choices":[{"damage_healed":0.0,"max_hp_gain":0.0,"max_hp_loss":0.0,"gold_gain":275.0,"event_name":"Golden Shrine","player_choice":"Desecrate","floor":3.0,"gold_loss":0.0,"damage_taken":0.0,"cards_obtained":["Regret"]},{"cards_removed":["Strike_R"],"damage_healed":0.0,"max_hp_gain":0.0,"max_hp_loss":0.0,"gold_gain":0.0,"event_name":"Beggar","player_choice":"Gave Gold","floor":20.0,"gold_loss":75.0,"damage_taken":0.0},{"damage_healed":0.0,"max_hp_gain":0.0,"max_hp_loss":0.0,"gold_gain":0.0,"event_name":"Drug Dealer","player_choice":"Inject Mutagens","floor":22.0,"gold_loss":0.0,"damage_taken":0.0,"relics_obtained":["MutagenicStrength"]}],"is_beta":false,"boss_relics":[{"not_picked":["Calling Bell","Runic Dome"],"picked":"Coffee Dripper"}],"items_purged_floors":[10],"is_endless":false,"potions_floor_spawned":[11,12,13,14,16,21,29],"killed_by":"Automaton","ascension_level":7}}