{"host":"k8gerrcpv9xe1nxe","time":1611077405,"event":{"mods":["2.2 Compatiblity","AchievementEnabler","BaseMod","Bestiary","Minty Spire (QoL Compilation)","Relic Stats","StSLib"],"gold_per_floor":[109,184,40,58,76,76,88,113,187,218,218,231,287,304,304,405,405,423,118,118,162,11,41,41,41,41,41,98,142,42,60,60,60,60],"floor_reached":33,"language":"ENG","playtime":1080,"items_purged":["Strike_R","Strike_R"],"score":443,"play_id":"f6b9a395-a88c-4a6a-9e8d-7ab8fb2c86c9","local_time":"20210119123005","is_ascension_mode":true,"campfire_choices":[{"data":"Bash","floor":6,"key":"SMITH"},{"floor":11,"key":"REST"},{"data":"Spot Weakness","floor":15,"key":"SMITH"},{"data":"Hyperbeam","floor":24,"key":"SMITH"},{"data":"Wish","floor":27,"key":"SMITH"},{"floor":32,"key":"REST"}],"circlet_count":0,"master_deck":["AscendersBane","Strike_R","Strike_R","Strike_R","Defend_R","Defend_R","Defend_R","Defend_R","Bash+1","Anger","ThirdEye","Hyperbeam+1","Conserve Battery","Shockwave","Wish+1","CrushJoints+1","Dark Embrace","CutThroughFate+1","Flame Barrier","Reaper+1"],"relics":["SacredBark","PrismaticShard","Thread and Needle","Letter Opener","Vajra","Darkstone Periapt","Runic Pyramid","Anchor","Brimstone","Question Card","Mummified Hand","StoneCalendar","Molten Egg 2"],"acts_visited":["Exordium","TheCity"],"potions_floor_usage":[8,13,13,13,14,23,23,33,33,33],"damage_taken":[{"damage":6.0,"enemies":"Jaw Worm","floor":1.0,"turns":4.0},{"damage":0,"enemies":"Small Slimes","floor":4,"turns":3},{"damage":1,"enemies":"2 Louse","floor":5,"turns":4},{"damage":4,"enemies":"Red Slaver","floor":7,"turns":4},{"damage":13,"enemies":"Gremlin Nob","floor":8,"turns":3},{"damage":8,"enemies":"3 Sentries","floor":10,"turns":5},{"damage":4,"enemies":"Blue Slaver","floor":12,"turns":3},{"damage":10,"enemies":"Lagavulin Event","floor":13,"turns":5},{"damage":0,"enemies":"Gremlin Gang","floor":14,"turns":1},{"damage":44,"enemies":"Hexaghost","floor":16,"turns":10},{"damage":1,"enemies":"Chosen","floor":18,"turns":4},{"damage":19,"enemies":"3 Byrds","floor":21,"turns":6},{"damage":35,"enemies":"Slavers","floor":23,"turns":4},{"damage":44,"enemies":"Gremlin Leader","floor":28,"turns":5},{"damage":16,"enemies":"Snake Plant","floor":29,"turns":3},{"damage":0,"enemies":"Cultist and Chosen","floor":31,"turns":3},{"damage":75,"enemies":"Automaton","floor":33,"turns":6}],"seed_played":"-3210764056962089893","potions_obtained":[{"floor":1,"key":"Fire Potion"},{"floor":10,"key":"EntropicBrew"},{"floor":12,"key":"SpeedPotion"},{"floor":16,"key":"EssenceOfSteel"},{"floor":18,"key":"Dexterity Potion"},{"floor":28,"key":"Weak Potion"},{"floor":29,"key":"Explosive Potion"},{"floor":31,"key":"PowerPotion"}],"is_trial":false,"path_per_floor":["M","?","$","M","M","R","M","E","T","E","R","M","?","M","R","B",null,"M","$","?","M","$","E","R","?","T","R","E","M","$","M","R","B"],"character_chosen":"IRONCLAD","items_purchased":["PrismaticShard","Anchor","Dark Embrace","Brimstone"],"campfire_rested":2,"item_purchase_floors":[3,19,19,22],"current_hp_per_floor":[66,55,55,55,54,54,50,37,37,29,53,49,58,58,58,14,64,63,63,90,71,71,70,70,70,70,70,26,10,10,10,37,0,0],"gold":60,"neow_bonus":"BOSS_RELIC","is_daily":false,"chose_seed":false,"campfire_upgraded":4,"win_rate":0.0,"timestamp":1611077405,"path_taken":["M","?","$","M","M","R","M","E","T","E","R","M","?","M","R","BOSS","M","$","?","?","$","E","R","?","T","R","E","M","$","M","R","BOSS"],"items_purchased_type":["Relic","Relic","Card","Relic"],"build_version":"2020-12-22","purchased_purges":2,"victory":false,"max_hp_per_floor":[80,80,80,80,80,80,80,80,80,80,80,80,80,80,80,80,80,80,80,90,90,90,90,90,90,90,90,90,90,90,90,90,90,90],"relic_stats":{"Darkstone Periapt":0,"counters":[17,73],"Mummified Hand":[3],"StoneCalendar":[0],"Letter Opener":[45],"Question Card":3,"obtain_stats":[{"Darkstone Periapt":13,"SacredBark":0,"Vajra":10,"Thread and Needle":8,"StoneCalendar":26,"Letter Opener":9,"PrismaticShard":3,"Question Card":23,"Burning Blood":0,"Anchor":19,"Brimstone":22,"Mummified Hand":25,"Molten Egg 2":28,"Runic Pyramid":17},{"Darkstone Periapt":7,"SacredBark":0,"Vajra":6,"Thread and Needle":5,"StoneCalendar":13,"Letter Opener":5,"PrismaticShard":1,"Question Card":13,"Burning Blood":0,"Anchor":11,"Brimstone":12,"Mummified Hand":13,"Molten Egg 2":14,"Runic Pyramid":10},{"Darkstone Periapt":26,"SacredBark":0,"Vajra":23,"Thread and Needle":18,"StoneCalendar":56,"Letter Opener":18,"PrismaticShard":4,"Question Card":56,"Burning Blood":0,"Anchor":46,"Brimstone":52,"Mummified Hand":56,"Molten Egg 2":61,"Runic Pyramid":42}]},"card_choices":[{"not_picked":["Seeing Red","Sword Boomerang"],"picked":"Anger","floor":1},{"not_picked":["Finesse","Underhanded Strike"],"picked":"Spot Weakness","floor":4},{"not_picked":["Sever Soul","Wild Strike","Deadly Poison"],"picked":"SKIP","floor":5},{"not_picked":["Bloodletting","Warcry"],"picked":"ThirdEye","floor":7},{"not_picked":["Dagger Throw","Ghostly Armor"],"picked":"Hyperbeam","floor":8},{"not_picked":["Infernal Blade","Havoc"],"picked":"Conserve Battery","floor":10},{"not_picked":["PathToVictory","Body Slam","Perfected Strike"],"picked":"SKIP","floor":12},{"not_picked":["FlurryOfBlows","Deadly Poison"],"picked":"Shockwave","floor":13},{"not_picked":["Jack Of All Trades","Streamline"],"picked":"Exhume","floor":14},{"not_picked":["Chrysalis","After Image"],"picked":"Wish","floor":16},{"not_picked":["Whirlwind","Gash"],"picked":"CrushJoints+1","floor":18},{"not_picked":["Lockon","Dodge and Roll","Adaptation"],"picked":"SKIP","floor":21},{"not_picked":["Clash+1","Predator","Thunderclap"],"picked":"SKIP","floor":23},{"not_picked":["Forethought","Streamline+1","Good Instincts"],"picked":"CutThroughFate+1","floor":28},{"not_picked":["Acrobatics","Bane+1","Clothesline+1"],"picked":"Flame Barrier","floor":29},{"not_picked":["Reflex","Go for the Eyes+1","Force Field"],"picked":"Reaper+1","floor":31}],"player_experience":140964,"relics_obtained":[{"floor":8,"key":"Thread and Needle"},{"floor":9,"key":"Letter Opener"},{"floor":10,"key":"Vajra"},{"floor":23,"key":"Question Card"},{"floor":26,"key":"StoneCalendar"},{"floor":28,"key":"Molten Egg 2"}],"event_choices":[{"damage_healed":0,"gold_gain":75,"player_choice":"Gather Gold","damage_taken":11,"max_hp_gain":0,"max_hp_loss":0,"event_name":"World of Goop","floor":2,"gold_loss":0},{"damage_healed":0,"gold_gain":0,"player_choice":"Searched \u00273\u0027 times","damage_taken":0,"relics_obtained":["Darkstone Periapt"],"max_hp_gain":0,"max_hp_loss":0,"event_name":"Dead Adventurer","floor":13,"gold_loss":0},{"cards_removed":["Exhume"],"damage_healed":17,"gold_gain":0,"player_choice":"Offered Rare","damage_taken":0,"max_hp_gain":10,"max_hp_loss":0,"event_name":"Bonfire Elementals","floor":20,"gold_loss":0},{"cards_removed":["Spot Weakness"],"damage_healed":0,"gold_gain":0,"player_choice":"Gave Card","damage_taken":0,"relics_obtained":["Mummified Hand"],"max_hp_gain":0,"max_hp_loss":0,"event_name":"WeMeetAgain","floor":25,"gold_loss":0}],"is_beta":false,"boss_relics":[{"not_picked":["SlaversCollar","Black Star"],"picked":"Runic Pyramid"}],"items_purged_floors":[19,30],"is_endless":false,"potions_floor_spawned":[1,10,12,16,18,28,29,31],"killed_by":"Automaton","ascension_level":10}}