{"host":"tyeg9214rgutn7tb","time":1611069522,"event":{"mods":["BaseMod","Colored Map","Custom Start","Downfall","Minty Spire (QoL Compilation)","StSLib"],"gold_per_floor":[199,213,233,252,267,106,182,202,202,41,66,66,66,85,95,192,192,192,209,409,421,434,434,485,497,523,423,441,541,8,24,34,129,129,29,40,91,101,101,118,143,143,155,165,199,213,113,144,162,162,162,194,44,44,44,44,44],"floor_reached":55,"language":"ENG","playtime":2515,"items_purged":["bronze:Strike","bronze:Strike","bronze:Strike","bronze:BronzeOrb"],"score":949,"play_id":"db009f2e-c728-4740-8fef-71f394b051c5","local_time":"20210119161842","is_ascension_mode":true,"campfire_choices":[{"data":"bronze:Goto","floor":1.0,"key":"SMITH"},{"data":"bronze:Terminator","floor":9.0,"key":"SMITH"},{"data":"bronze:Terminator","floor":13.0,"key":"SMITH"},{"data":"bronze:Turbo","floor":18.0,"key":"SMITH"},{"floor":27.0,"key":"RECALL"},{"data":"bronze:DonuBeam","floor":35.0,"key":"SMITH"},{"data":"bronze:ForceShield","floor":42.0,"key":"SMITH"},{"data":"bronze:Repair","floor":47.0,"key":"SMITH"},{"data":"bronze:ChosenStrike","floor":54.0,"key":"SMITH"}],"circlet_count":0,"master_deck":["bronze:Strike","bronze:Defend","bronze:Defend","bronze:Defend","bronze:Defend","bronze:Replicate","bronze:Goto+1","bronze:BronzeArmor","bronze:Turbo+1","bronze:ChosenStrike+1","bronze:Repair+1","bronze:ForceShield+1","bronze:Terminator+1","bronze:MaxOutput+1","bronze:Deprecate","bronze:Terminator+1","bronze:Verify+1","bronze:Library+1","bronze:MaxOutput+1","bronze:DonuBeam+1","bronze:DecaBeam+1","bronze:ItsAFeature+1","bronze:Optimize+1","bronze:Frontload+1","bronze:FunctionCard"],"relics":["bronze:BronzeCore","Frozen Egg 2","MealTicket","Coffee Dripper","Omamori","downfall:HeartBlessingBlue","Incense Burner","Busted Crown","downfall:HeartBlessingRed","Pocketwatch","Ancient Tea Set","bronze:CableSpool","downfall:HeartBlessingGreen","Bottled Flame","Strawberry"],"acts_visited":["Exordium","TheCity","TheBeyond","TheEnding"],"potions_floor_usage":[],"damage_taken":[{"damage":0.0,"enemies":"Cultist","floor":2.0,"turns":4.0},{"damage":1.0,"enemies":"2 Louse","floor":3.0,"turns":2.0},{"damage":8.0,"enemies":"Jaw Worm","floor":4.0,"turns":4.0},{"damage":12.0,"enemies":"3 Louse","floor":5.0,"turns":4.0},{"damage":1.0,"enemies":"downfall:FleeingMerchant","floor":6.0,"turns":4.0},{"damage":20.0,"enemies":"Lots of Slimes","floor":8.0,"turns":5.0},{"damage":2.0,"enemies":"downfall:FleeingMerchant","floor":10.0,"turns":4.0},{"damage":2.0,"enemies":"3 Sentries","floor":11.0,"turns":8.0},{"damage":0.0,"enemies":"Red Slaver","floor":14.0,"turns":3.0},{"damage":0.0,"enemies":"Blue Slaver","floor":15.0,"turns":2.0},{"damage":27.0,"enemies":"DF_ARCHETYPE_STREAMLINE","floor":16.0,"turns":11.0},{"damage":0.0,"enemies":"Spheric Guardian","floor":19.0,"turns":3.0},{"damage":8.0,"enemies":"Snake Plant","floor":21.0,"turns":4.0},{"damage":12.0,"enemies":"Sentry and Sphere","floor":22.0,"turns":6.0},{"damage":0.0,"enemies":"Cultist and Chosen","floor":25.0,"turns":3.0},{"damage":16.0,"enemies":"Gremlin Leader","floor":26.0,"turns":12.0},{"damage":12.0,"enemies":"Centurion and Healer","floor":28.0,"turns":7.0},{"damage":34.0,"enemies":"Centurion and Healer","floor":29.0,"turns":9.0},{"damage":8.0,"enemies":"downfall:FleeingMerchant","floor":30.0,"turns":4.0},{"damage":7.0,"enemies":"Snake Plant","floor":31.0,"turns":6.0},{"damage":7.0,"enemies":"Shelled Parasite and Fungi","floor":32.0,"turns":4.0},{"damage":1.0,"enemies":"IC_MUSHROOM_ARCHETYPE","floor":33.0,"turns":5.0},{"damage":23.0,"enemies":"3 Shapes","floor":36.0,"turns":11.0},{"damage":0.0,"enemies":"2 Orb Walkers","floor":37.0,"turns":3.0},{"damage":0.0,"enemies":"3 Darklings","floor":38.0,"turns":3.0},{"damage":0.0,"enemies":"Spire Growth","floor":40.0,"turns":4.0},{"damage":7.0,"enemies":"Writhing Mass","floor":43.0,"turns":3.0},{"damage":0.0,"enemies":"Transient","floor":44.0,"turns":5.0},{"damage":0.0,"enemies":"Nemesis","floor":45.0,"turns":7.0},{"damage":20.0,"enemies":"Maw","floor":46.0,"turns":5.0},{"damage":0.0,"enemies":"Giant Head","floor":48.0,"turns":6.0},{"damage":0.0,"enemies":"Spire Growth","floor":49.0,"turns":1.0},{"damage":26.0,"enemies":"SI_POISON_ARCHETYPE","floor":50.0,"turns":6.0},{"damage":0.0,"enemies":"downfall:CharBossMerchant","floor":52.0,"turns":8.0},{"damage":96,"enemies":"downfall:NeowBoss","floor":55,"turns":6}],"seed_played":"3821691556739975144","potions_obtained":[{"floor":3.0,"key":"Fire Potion"},{"floor":5.0,"key":"bronze:FreeFunctionsPotion"},{"floor":8.0,"key":"DistilledChaos"},{"floor":11.0,"key":"DuplicationPotion"},{"floor":14.0,"key":"bronze:BuildAFunctionPotion"},{"floor":16.0,"key":"Weak Potion"},{"floor":19.0,"key":"Block Potion"},{"floor":25.0,"key":"bronze:BurnAndBuffPotion"},{"floor":32.0,"key":"Weak Potion"},{"floor":36.0,"key":"SpeedPotion"},{"floor":37.0,"key":"Weak Potion"},{"floor":38.0,"key":"SpeedPotion"}],"is_trial":false,"path_per_floor":["R","M","M","M","M","$","T","M","R","$","E","?","R","M","M","B",null,"R","M","?","M","M","?","T","M","E","R","M","?","$","M","M","B",null,"R","M","?","M","?","M","T","R","M","M","E","M","R","E","M","B",null,"E","$","R","B"],"character_chosen":"THE_AUTOMATON","items_purchased":["bronze:Terminator","bronze:Deprecate","Incense Burner","bronze:Optimize+1"],"campfire_rested":0,"item_purchase_floors":[6,10,30,30],"current_hp_per_floor":[70,70,69,61,49,55,55,42,42,47,52,52,52,59,66,43,70,70,70,70,69,58,58,58,65,55,65,60,33,47,47,47,53,80,80,67,67,77,77,80,80,80,80,80,80,60,60,70,70,62,80,87,87,87,0,0,0],"gold":44,"neow_bonus":"HUNDRED_GOLD","is_daily":false,"chose_seed":false,"campfire_upgraded":8,"win_rate":0.0,"timestamp":1611069522,"path_taken":["R","M","M","M","M","$","T","M","R","?","E","?","R","M","M","BOSS","R","M","?","?","?","?","T","M","E","R","M","?","$","M","M","BOSS","R","M","?","M","?","M","T","R","?","M","E","M","R","E","M","BOSS","E","$","R","BOSS"],"items_purchased_type":["Card","Card","Relic","Card"],"build_version":"2020-12-22","purchased_purges":4,"victory":false,"max_hp_per_floor":[70,70,70,70,70,70,70,70,70,70,70,70,70,70,70,70,70,70,70,70,70,70,70,70,70,70,80,80,80,80,80,80,80,80,80,80,80,80,80,80,80,80,80,80,80,80,80,80,80,80,80,87,87,87,87,87,87],"card_choices":[{"not_picked":["bronze:Branch","bronze:Deprecate"],"picked":"bronze:BronzeArmor","floor":2.0},{"not_picked":["bronze:Invalidate","bronze:CloningBeam"],"picked":"bronze:Turbo","floor":3.0},{"not_picked":["bronze:BugBarrage","bronze:FineTuning"],"picked":"bronze:ChosenStrike","floor":4.0},{"not_picked":["bronze:Allocate","bronze:Overload"],"picked":"bronze:Repair","floor":5.0},{"not_picked":["bronze:BugBarrage","bronze:Frontload"],"picked":"bronze:ForceShield","floor":6.0},{"not_picked":["bronze:Iterate","bronze:Return"],"picked":"bronze:MaxOutput+1","floor":8.0},{"not_picked":["bronze:DigitalCarnage","bronze:Flail","bronze:Frontload"],"picked":"SKIP","floor":10.0},{"not_picked":["bronze:WildBeam","bronze:BronzeOrb"],"picked":"bronze:Terminator","floor":11.0},{"not_picked":["bronze:CutThrough","bronze:Frontload"],"picked":"bronze:Verify+1","floor":14.0},{"not_picked":["bronze:ClassDefault+1","bronze:DelayedSlice","bronze:InfiniteBeams+1"],"picked":"SKIP","floor":15.0},{"not_picked":["bronze:Virus","bronze:AlphaBuild"],"picked":"bronze:Library+1","floor":16.0},{"not_picked":["bronze:BitShift+1","bronze:FollowUp"],"picked":"bronze:BronzeOrb","floor":19.0},{"not_picked":["bronze:DelayedGuard","bronze:ChildClass","bronze:Overheat"],"picked":"SKIP","floor":21.0},{"not_picked":["bronze:Return","bronze:OilSpill+1","bronze:Safeguard"],"picked":"SKIP","floor":22.0},{"not_picked":["bronze:Constructor","bronze:CloningBeam","bronze:BronzeArmor"],"picked":"SKIP","floor":25.0},{"not_picked":["bronze:Shell","bronze:BuggyMess","bronze:GetLatest"],"picked":"SKIP","floor":26.0},{"not_picked":["bronze:Branch+1","bronze:Turbo"],"picked":"bronze:MaxOutput+1","floor":28.0},{"not_picked":[],"picked":"bronze:DonuBeam","floor":29.0},{"not_picked":[],"picked":"bronze:DecaBeam","floor":29.0},{"not_picked":["bronze:Repulsor+1","bronze:Terminator"],"picked":"bronze:ItsAFeature+1","floor":29.0},{"not_picked":["bronze:NullPointer+1","bronze:Deprecate","bronze:InfiniteBeams+1"],"picked":"SKIP","floor":30.0},{"not_picked":["bronze:DelayedSlice","bronze:WhirlingStrike","bronze:Backtrace+1"],"picked":"SKIP","floor":31.0},{"not_picked":["bronze:Shell","bronze:BugBarrage"],"picked":"bronze:Frontload+1","floor":32.0},{"not_picked":["bronze:Virus","bronze:Verify+1"],"picked":"bronze:Hardcode+1","floor":33.0},{"not_picked":["bronze:ForLoop+1"],"picked":"SKIP","floor":36.0},{"not_picked":["bronze:Overheat+1"],"picked":"SKIP","floor":38.0},{"not_picked":["bronze:ForLoop"],"picked":"SKIP","floor":40.0},{"not_picked":["bronze:BronzeOrb+1"],"picked":"SKIP","floor":43.0},{"not_picked":["bronze:Deprecate+1"],"picked":"SKIP","floor":44.0},{"not_picked":["bronze:Overheat+1"],"picked":"SKIP","floor":45.0},{"not_picked":["bronze:Constructor+1"],"picked":"SKIP","floor":46.0},{"not_picked":["bronze:Philosophize+1"],"picked":"SKIP","floor":48.0},{"not_picked":["bronze:NullPointer+1"],"picked":"SKIP","floor":49.0},{"not_picked":["bronze:BugBarrage+1"],"picked":"SKIP","floor":52.0}],"player_experience":688880,"relics_obtained":[{"floor":7.0,"key":"Frozen Egg 2"},{"floor":11.0,"key":"MealTicket"},{"floor":26.0,"key":"Omamori"},{"floor":37.0,"key":"Pocketwatch"},{"floor":41.0,"key":"Ancient Tea Set"},{"floor":45.0,"key":"bronze:CableSpool"},{"floor":48.0,"key":"Bottled Flame"},{"floor":52.0,"key":"Strawberry"}],"event_choices":[{"damage_healed":0.0,"max_hp_gain":0.0,"max_hp_loss":0.0,"gold_gain":0.0,"event_name":"Ghosts","player_choice":"Ignored","floor":23.0,"gold_loss":0.0,"damage_taken":0.0},{"damage_healed":0.0,"max_hp_gain":0.0,"max_hp_loss":0.0,"gold_gain":0.0,"event_name":"Mysterious Sphere","player_choice":"Fight","floor":37.0,"gold_loss":0.0,"damage_taken":0.0}],"is_beta":false,"boss_relics":[{"not_picked":["Tiny House","Astrolabe"],"picked":"Coffee Dripper"},{"not_picked":["bronze:MakeshiftBattery","Velvet Choker"],"picked":"Busted Crown"}],"items_purged_floors":[6,10,30,53],"is_endless":false,"potions_floor_spawned":[3,5,8,11,14,16,19,25,26,28,32,36,37,38,48,49],"killed_by":"downfall:NeowBoss","ascension_level":3}}