{"host":"wutzay93uet9pf9y","time":1611082000,"event":{"mods":["BaseMod","Colored Map","Downfall","Minty Spire (QoL Compilation)","StSLib"],"gold_per_floor":[99,115,18,18,29,14,14,14,14,46,56,88,108,128,144,244,244,44,55,74,92,92,42,42,42,42,27,45,45,57,23,39,139,139,139,153,508,508,527,537,561,661,677,577,606,618,630,661,687,699,699,699],"floor_reached":50,"language":"ENG","playtime":2898,"items_purged":["Writhe"],"score":733,"play_id":"2559197d-1079-418b-8c28-8f81a4a881bf","local_time":"20210119134640","is_ascension_mode":false,"campfire_choices":[{"floor":1.0,"key":"RECALL"},{"data":"bronze:Goto","floor":8.0,"key":"SMITH"},{"data":"bronze:HyperBeam","floor":18.0,"key":"SMITH"},{"data":"bronze:HardenedForm","floor":26.0,"key":"SMITH"},{"floor":35.0,"key":"DIG"},{"floor":44.0,"key":"DIG"},{"floor":46.0,"key":"REST"}],"circlet_count":0,"master_deck":["bronze:Strike","bronze:Strike","bronze:Strike","bronze:Defend+1","bronze:Defend+1","bronze:Replicate","bronze:Goto+1","bronze:WhirlingStrike","bronze:Branch","bronze:ChosenStrike","bronze:Mutator","bronze:Iterate","bronze:WildBeam+1","bronze:HardenedForm+1","bronze:Overheat","bronze:AlphaBuild","bronze:Invalidate","bronze:DelayedGuard","bronze:Overload","bronze:HyperBeam+1","bronze:Branch+1","bronze:BronzeOrb","bronze:DelayedSlice+1","bronze:Optimize","bronze:HardenedForm","bronze:MaxOutput","bronze:HardenedForm","bronze:Backtrace+1","bronze:WhirlingStrike","bronze:Return+1","bronze:Optimize+1","bronze:Overheat+1","bronze:Overload+1","bronze:HardenedForm+1","bronze:Backtrace+1","downfall:Malfunctioning","bronze:DarkDash+1","bronze:GetLatest+1"],"relics":["bronze:BronzeCore","Meat on the Bone","War Paint","downfall:HeartBlessingGreen","downfall:HeartBlessingRed","downfall:RedIOU","Lizard Tail","Nilry\u0027s Codex","Shovel","Mummified Hand","Empty Cage","MealTicket","Old Coin","downfall:GremlinWheel","Art of War","downfall:HeartBlessingBlue","MawBank"],"acts_visited":["Exordium","TheCity","TheBeyond"],"potions_floor_usage":[],"damage_taken":[{"damage":7.0,"enemies":"2 Louse","floor":2.0,"turns":3.0},{"damage":5.0,"enemies":"downfall:FleeingMerchant","floor":3.0,"turns":4.0},{"damage":6.0,"enemies":"Cultist","floor":5.0,"turns":3.0},{"damage":15.0,"enemies":"downfall:FleeingMerchant","floor":6.0,"turns":4.0},{"damage":20.0,"enemies":"3 Sentries","floor":10.0,"turns":5.0},{"damage":0.0,"enemies":"Small Slimes","floor":11.0,"turns":2.0},{"damage":0.0,"enemies":"Gremlin Nob","floor":12.0,"turns":3.0},{"damage":14.0,"enemies":"Gremlin Gang","floor":13.0,"turns":3.0},{"damage":18.0,"enemies":"2 Fungi Beasts","floor":14.0,"turns":3.0},{"damage":3.0,"enemies":"Large Slime","floor":15.0,"turns":3.0},{"damage":47.0,"enemies":"DF_ARCHETYPE_STREAMLINE","floor":16.0,"turns":12.0},{"damage":0.0,"enemies":"Spheric Guardian","floor":19.0,"turns":1.0},{"damage":8.0,"enemies":"Cultist and Chosen","floor":20.0,"turns":6.0},{"damage":14.0,"enemies":"Snake Plant","floor":21.0,"turns":4.0},{"damage":9.0,"enemies":"downfall:FleeingMerchant","floor":27.0,"turns":4.0},{"damage":6.0,"enemies":"Snecko","floor":28.0,"turns":4.0},{"damage":6.0,"enemies":"3 Cultists","floor":30.0,"turns":3.0},{"damage":39.0,"enemies":"downfall:FleeingMerchant","floor":31.0,"turns":3.0},{"damage":3.0,"enemies":"Centurion and Healer","floor":32.0,"turns":3.0},{"damage":64.0,"enemies":"SI_MIRROR_ARCHETYPE","floor":33.0,"turns":11.0},{"damage":3.0,"enemies":"3 Shapes","floor":36.0,"turns":3.0},{"damage":12.0,"enemies":"2 Orb Walkers","floor":37.0,"turns":2.0},{"damage":8.0,"enemies":"3 Darklings","floor":39.0,"turns":5.0},{"damage":21.0,"enemies":"Transient","floor":40.0,"turns":5.0},{"damage":10.0,"enemies":"Transient","floor":42.0,"turns":3.0},{"damage":29.0,"enemies":"Maw","floor":43.0,"turns":7.0},{"damage":25.0,"enemies":"4 Shapes","floor":45.0,"turns":5.0},{"damage":44.0,"enemies":"Sphere and 2 Shapes","floor":48.0,"turns":4.0},{"damage":0.0,"enemies":"Maw","floor":49.0,"turns":5.0},{"damage":43,"enemies":"WA_ARCHETYPE_DIVINITY","floor":50,"turns":7}],"seed_played":"8275862748908669727","potions_obtained":[{"floor":2.0,"key":"champ:CounterPotion"},{"floor":5.0,"key":"Block Potion"},{"floor":11.0,"key":"Guardian:BlockOnCardUsePotion"},{"floor":12.0,"key":"Weak Potion"},{"floor":13.0,"key":"Block Potion"},{"floor":21.0,"key":"Strength Potion"},{"floor":28.0,"key":"sneckomod:MuddlingPotion"},{"floor":30.0,"key":"ColorlessPotion"},{"floor":36.0,"key":"Fire Potion"},{"floor":43.0,"key":"DuplicationPotion"}],"is_trial":false,"path_per_floor":["R","M","$","?","M","$","T","R","?","E","M","E","M","M","M","B",null,"R","M","M","M","?","?","T","?","R","$","M","?","M","$","M","B",null,"R","M","?","?","M","M","T","?","M","R","M","R","?","M","M","B"],"character_chosen":"THE_AUTOMATON","items_purchased":["bronze:ChosenStrike","Mummified Hand","PowerPotion"],"campfire_rested":1,"item_purchase_floors":[3,31,31],"current_hp_per_floor":[77,70,65,65,59,44,44,44,44,36,48,48,46,40,49,29,77,77,77,69,55,55,77,77,61,61,52,46,46,40,13,22,13,77,77,74,62,62,54,45,45,47,30,40,27,53,53,21,33,0,0,0],"gold":699,"neow_bonus":"TEN_PERCENT_HP_BONUS","is_daily":false,"chose_seed":false,"campfire_upgraded":3,"win_rate":0.0,"timestamp":1611082000,"path_taken":["R","M","$","?","M","?","T","R","?","E","M","E","M","M","M","BOSS","R","M","M","?","?","?","T","?","R","$","M","?","M","$","M","BOSS","R","M","?","?","M","M","T","?","?","R","M","R","?","M","M","BOSS"],"items_purchased_type":["Card","Relic","Potion"],"build_version":"2020-12-22","purchased_purges":1,"victory":false,"max_hp_per_floor":[77,77,77,77,77,77,77,77,77,77,77,77,77,77,77,77,77,77,77,77,77,77,77,77,77,77,77,77,77,77,77,77,77,77,77,77,77,77,77,77,77,77,77,87,87,87,87,87,87,87,87,87],"card_choices":[{"not_picked":["bronze:Allocate","bronze:NullPointer"],"picked":"bronze:WhirlingStrike","floor":2.0},{"not_picked":["bronze:ChildClass","bronze:DelayedSlice"],"picked":"bronze:Branch","floor":3.0},{"not_picked":["bronze:DarkDash","bronze:Return"],"picked":"bronze:Iterate","floor":5.0},{"not_picked":["bronze:ChildClass","bronze:FineTuning"],"picked":"bronze:WildBeam","floor":6.0},{"not_picked":["bronze:ClassDefault","bronze:DelayedSlice"],"picked":"bronze:HardenedForm","floor":10.0},{"not_picked":["bronze:BuggyMess","bronze:CutThrough"],"picked":"bronze:Overheat","floor":11.0},{"not_picked":["bronze:DelayedGuard","bronze:Frontload"],"picked":"bronze:AlphaBuild","floor":12.0},{"not_picked":["bronze:DigitalCarnage","bronze:Boost"],"picked":"bronze:Invalidate","floor":13.0},{"not_picked":["bronze:Iterate","bronze:Return"],"picked":"bronze:DelayedGuard","floor":14.0},{"not_picked":["bronze:Backtrace","bronze:FineTuning"],"picked":"bronze:Overload","floor":15.0},{"not_picked":["bronze:FindAndReplace","bronze:CleanCode"],"picked":"bronze:HyperBeam","floor":16.0},{"not_picked":["bronze:Deprecate","bronze:DelayedSlice"],"picked":"bronze:Branch+1","floor":19.0},{"not_picked":["bronze:Iterate","bronze:Flail+1"],"picked":"bronze:BronzeOrb","floor":20.0},{"not_picked":["bronze:WildBeam","bronze:CutThrough","bronze:Backtrace"],"picked":"SKIP","floor":21.0},{"not_picked":["bronze:FollowUp","bronze:WildBeam+1","bronze:Deprecate"],"picked":"SKIP","floor":27.0},{"not_picked":["bronze:Return+1","bronze:BuggyMess"],"picked":"bronze:DelayedSlice+1","floor":28.0},{"not_picked":["bronze:Repulsor","bronze:BitShift"],"picked":"bronze:Optimize","floor":30.0},{"not_picked":["bronze:WildBeam","bronze:OilSpill+1"],"picked":"bronze:HardenedForm","floor":31.0},{"not_picked":["bronze:Iterate","bronze:BitShift+1"],"picked":"bronze:MaxOutput","floor":32.0},{"not_picked":["bronze:RecursiveStrike","bronze:BurnOut"],"picked":"bronze:HardenedForm","floor":33.0},{"not_picked":["bronze:ItsAFeature","bronze:Allocate"],"picked":"bronze:Backtrace+1","floor":36.0},{"not_picked":["bronze:OilSpill+1","bronze:BugBarrage"],"picked":"bronze:WhirlingStrike","floor":37.0},{"not_picked":["bronze:CloningBeam","bronze:WhirlingStrike"],"picked":"bronze:Return+1","floor":39.0},{"not_picked":["bronze:ClassDefault+1","bronze:FineTuning"],"picked":"bronze:Optimize+1","floor":40.0},{"not_picked":["bronze:Shield","bronze:Turbo"],"picked":"bronze:Overheat+1","floor":43.0},{"not_picked":["bronze:DelayedGuard","bronze:Frontload"],"picked":"bronze:Overload+1","floor":45.0},{"not_picked":["bronze:BuggyMess","bronze:Iterate"],"picked":"bronze:DarkDash+1","floor":48.0},{"not_picked":["bronze:Allocate","bronze:WhirlingStrike"],"picked":"bronze:GetLatest+1","floor":49.0}],"player_experience":312165,"relics_obtained":[{"floor":7.0,"key":"Meat on the Bone"},{"floor":10.0,"key":"War Paint"},{"floor":12.0,"key":"Toy Ornithopter"},{"floor":24.0,"key":"Lizard Tail"},{"floor":25.0,"key":"Nilry\u0027s Codex"},{"floor":35.0,"key":"MealTicket"},{"floor":37.0,"key":"Old Coin"},{"floor":42.0,"key":"downfall:GremlinWheel"},{"floor":44.0,"key":"Art of War"},{"floor":44.0,"key":"MawBank"}],"event_choices":[{"damage_healed":0.0,"max_hp_gain":0.0,"max_hp_loss":0.0,"gold_gain":0.0,"event_name":"Mysterious Sphere","player_choice":"Fight","floor":37.0,"gold_loss":0.0,"damage_taken":0.0},{"damage_healed":0.0,"max_hp_gain":0.0,"max_hp_loss":0.0,"gold_gain":0.0,"event_name":"Wheel of Change","player_choice":"Relic","floor":44.0,"gold_loss":0.0,"damage_taken":0.0}],"is_beta":false,"boss_relics":[{"not_picked":["Sozu","Velvet Choker","Snecko Eye"]},{"not_picked":["Astrolabe","Runic Dome"],"picked":"Empty Cage"}],"items_purged_floors":[31],"is_endless":false,"potions_floor_spawned":[2,5,11,12,13,21,28,30,36,43],"killed_by":"WA_ARCHETYPE_DIVINITY","ascension_level":0}}