{"host":"i0avyit1s6jb1siw","time":1611094320,"event":{"mods":["BaseMod","DeckTracker","Dota2Spire","Highlight Path","Minty Spire (QoL Compilation)","Quick Restart","StSLib","SuperFastMode"],"gold_per_floor":[112,128,128,143,154,154,168,168,202,248,272,272,272,317,56,116,116,219,219,239,239,164,344,392,392,406,455,455,505,521,521,521],"floor_reached":31,"language":"ENG","playtime":660,"items_purged":["Pain"],"score":582,"play_id":"f7fcaa6e-565d-4af0-8f86-f4b193282c1e","local_time":"20210119231200","is_ascension_mode":true,"campfire_choices":[{"data":"BowlingBash","floor":6,"key":"SMITH"},{"data":"FollowUp","floor":8,"key":"SMITH"},{"data":"Meditate","floor":17,"key":"SMITH"},{"floor":25,"key":"REST"}],"circlet_count":0,"master_deck":["AscendersBane","Strike_P","Strike_P","Strike_P","Defend_P","Defend_P","Defend_P","Defend_P","Eruption+1","Vigilance","Halt","CutThroughFate","FollowUp+1","BowlingBash+1","DeceiveReality","ClearTheMind","CrushJoints","Meditate+1","Prostrate+1","Halt+1","Protect","TalkToTheHand+1"],"relics":["PureWater","WarpedTongs","Dota2Spire:ArcaneBoots","Dota2Spire:HandOfMidas","Juzu Bracelet","Turnip","Shuriken","Toolbox","Dota2Spire:RefresherOrb","Dota2Spire:Satanic"],"acts_visited":["Exordium","TheCity"],"potions_floor_usage":[16,31],"damage_taken":[{"damage":7,"enemies":"Jaw Worm","floor":1,"turns":3},{"damage":0,"enemies":"Cultist","floor":2,"turns":3},{"damage":3,"enemies":"2 Louse","floor":4,"turns":3},{"damage":4,"enemies":"Red Slaver","floor":5,"turns":2},{"damage":8,"enemies":"Exordium Wildlife","floor":7,"turns":3},{"damage":28,"enemies":"Lagavulin","floor":9,"turns":5},{"damage":2,"enemies":"2 Fungi Beasts","floor":14,"turns":2},{"damage":2,"enemies":"Lots of Slimes","floor":16,"turns":4},{"damage":0,"enemies":"Slime Boss","floor":18,"turns":5},{"damage":0,"enemies":"Spheric Guardian","floor":20,"turns":1},{"damage":21,"enemies":"Shell Parasite","floor":24,"turns":5},{"damage":13,"enemies":"Shelled Parasite and Fungi","floor":26,"turns":3},{"damage":12,"enemies":"Cultist and Chosen","floor":27,"turns":4},{"damage":15,"enemies":"Centurion and Healer","floor":29,"turns":5},{"damage":0,"enemies":"3 Cultists","floor":30,"turns":3},{"damage":44,"enemies":"Slavers","floor":31,"turns":3}],"seed_played":"-5686827852008705364","potions_obtained":[{"floor":2,"key":"LiquidBronze"},{"floor":4,"key":"LiquidBronze"},{"floor":14,"key":"Fruit Juice"},{"floor":30,"key":"Block Potion"}],"is_trial":false,"path_per_floor":["M","M","?","M","M","R","M","R","E","T","T","T","?","M","$","M","R","B",null,"M","?","?","?","M","R","M","M","T","M","M","E"],"character_chosen":"WATCHER","items_purchased":["Toolbox","CrushJoints"],"campfire_rested":1,"item_purchase_floors":[15,15],"current_hp_per_floor":[54,54,54,51,47,47,39,39,11,11,11,11,11,9,9,12,12,12,58,58,58,58,39,18,39,26,14,14,11,11,0,0],"gold":521,"neow_bonus":"UPGRADE_CARD","is_daily":false,"chose_seed":false,"campfire_upgraded":3,"win_rate":0.0,"timestamp":1611094320,"path_taken":["M","M","?","M","?","R","M","R","E","T","T","?","?","M","$","M","R","BOSS","M","?","?","?","M","R","M","M","T","M","M","E"],"items_purchased_type":["Relic","Card"],"build_version":"2020-12-22","purchased_purges":1,"victory":false,"max_hp_per_floor":[68,68,68,68,68,68,68,68,68,68,68,68,68,68,68,73,73,73,73,73,73,73,73,73,73,73,73,73,73,73,73,73],"card_choices":[{"not_picked":["SashWhip","Consecrate"],"picked":"Halt","floor":1},{"not_picked":["WaveOfTheHand","FlyingSleeves"],"picked":"CutThroughFate","floor":2},{"not_picked":["PathToVictory","SashWhip"],"picked":"FollowUp","floor":4},{"not_picked":["EmptyMind","Consecrate"],"picked":"BowlingBash","floor":5},{"not_picked":["PathToVictory","Consecrate","Wireheading"],"picked":"SKIP","floor":7},{"not_picked":["Evaluate","BowlingBash"],"picked":"DeceiveReality","floor":9},{"not_picked":["Prostrate","FlurryOfBlows"],"picked":"ClearTheMind","floor":14},{"not_picked":["Collect","BowlingBash"],"picked":"Meditate","floor":16},{"not_picked":["LikeWater","Nirvana"],"picked":"Prostrate+1","floor":20},{"not_picked":["LikeWater+1","ThirdEye","Sanctity"],"picked":"SKIP","floor":24},{"not_picked":["Consecrate","EmptyFist","DeceiveReality"],"picked":"SKIP","floor":26},{"not_picked":["CutThroughFate","DeceiveReality"],"picked":"Halt+1","floor":27},{"not_picked":["CarveReality","DeceiveReality"],"picked":"Protect","floor":29},{"not_picked":["FollowUp","Nirvana"],"picked":"TalkToTheHand+1","floor":30}],"player_experience":2298270,"relics_obtained":[{"floor":9,"key":"Dota2Spire:ArcaneBoots"},{"floor":10,"key":"Dota2Spire:HandOfMidas"},{"floor":11,"key":"Juzu Bracelet"},{"floor":12,"key":"Turnip"},{"floor":28,"key":"Dota2Spire:Satanic"}],"event_choices":[{"damage_healed":0,"gold_gain":0,"player_choice":"Rummage","damage_taken":0,"relics_obtained":["WarpedTongs"],"max_hp_gain":0,"max_hp_loss":0,"event_name":"Accursed Blacksmith","floor":3,"gold_loss":0,"cards_obtained":["Pain"]},{"damage_healed":0,"gold_gain":0,"player_choice":"Gave Potion","damage_taken":0,"relics_obtained":["Shuriken"],"max_hp_gain":0,"max_hp_loss":0,"event_name":"WeMeetAgain","floor":13,"gold_loss":0},{"damage_healed":0,"gold_gain":0,"player_choice":"Ignored","damage_taken":0,"max_hp_gain":0,"max_hp_loss":0,"event_name":"Vampires","floor":21,"gold_loss":0},{"cards_removed":["Strike_P"],"damage_healed":0,"gold_gain":0,"player_choice":"Gave Gold","damage_taken":0,"max_hp_gain":0,"max_hp_loss":0,"event_name":"Beggar","floor":22,"gold_loss":75},{"damage_healed":0,"gold_gain":180,"player_choice":"GOLD GOLD ","damage_taken":19,"max_hp_gain":0,"max_hp_loss":0,"event_name":"Knowing Skull","floor":23,"potions_obtained":[],"gold_loss":0,"cards_obtained":[]}],"is_beta":false,"boss_relics":[{"not_picked":["Calling Bell","Coffee Dripper"],"picked":"Dota2Spire:RefresherOrb"}],"items_purged_floors":[15],"is_endless":false,"potions_floor_spawned":[2,4,14,24,30],"killed_by":"Slavers","ascension_level":20}}