{"host":"ip2n7evpd0qt0hgd","time":1611015474,"event":{"mods":["BaseMod","Downfall","Minty Spire (QoL Compilation)","Quick Restart","StSLib"],"gold_per_floor":[99,115,127,141,156,156,156,43,57,57,507,507,562,234,253,253,253,253],"floor_reached":16,"language":"ENG","playtime":1065,"items_purged":["downfall:Icky"],"score":92,"play_id":"08e194d8-54b2-49f8-9c54-f7c996317ad3","local_time":"20210118191754","is_ascension_mode":false,"campfire_choices":[{"data":"Guardian:CurlUp","floor":1,"key":"SMITH"},{"data":"Guardian:WalkerClaw","floor":6,"key":"SMITH"},{"data":"Guardian:DecasProtection","floor":10,"key":"SMITH"},{"data":"Guardian:Recover","floor":12,"key":"SMITH"}],"circlet_count":0,"master_deck":["Guardian:Strike_Guardian","Guardian:Strike_Guardian","Guardian:Strike_Guardian","Guardian:Strike_Guardian","Guardian:Defend_Guardian","Guardian:Defend_Guardian","Guardian:Defend_Guardian","Guardian:Defend_Guardian","Guardian:CurlUp+1","Guardian:TwinSlam","Guardian:DecasProtection+1","Guardian:Recover+1","Guardian:WalkerClaw+1","Guardian:SpikerProtocol","Guardian:DonusPower+1","Guardian:PolyBeam","downfall:Icky","downfall:Icky","Guardian:ShieldCharger+1","Guardian:PiercingHide+1","Guardian:ConstructionForm","Guardian:TemporalShield+1","Guardian:RollAttack","Guardian:Recover+1"],"relics":["Guardian:ModeShifter","Toxic Egg 2","Matryoshka"],"acts_visited":["Exordium"],"potions_floor_usage":[16,16,16],"damage_taken":[{"damage":8,"enemies":"Jaw Worm","floor":2,"turns":6},{"damage":0,"enemies":"2 Louse","floor":3,"turns":3},{"damage":0,"enemies":"Small Slimes","floor":4,"turns":4},{"damage":14,"enemies":"Blue Slaver","floor":5,"turns":5},{"damage":10,"enemies":"downfall:FleeingMerchant","floor":8,"turns":4},{"damage":10,"enemies":"Lots of Slimes","floor":9,"turns":5},{"damage":24,"enemies":"3 Sentries","floor":13,"turns":10},{"damage":0,"enemies":"downfall:FleeingMerchant","floor":14,"turns":4},{"damage":6,"enemies":"2 Fungi Beasts","floor":15,"turns":4},{"damage":26,"enemies":"IC_STATUS_ARCHETYPE","floor":16,"turns":8}],"seed_played":"-3500445080430880104","potions_obtained":[{"floor":2,"key":"Guardian:AcceleratePotion"},{"floor":3,"key":"sneckomod:MuddlingPotion"},{"floor":13,"key":"SkillPotion"}],"is_trial":false,"path_per_floor":["R","M","M","M","M","R","T","$","M","R","?","R","?","$","M","B"],"character_chosen":"GUARDIAN","items_purchased":["Guardian:DonusPower+1","Guardian:Gem_Cyan","Guardian:ConstructionForm","Guardian:TemporalShield+1","Guardian:RollAttack"],"campfire_rested":0,"item_purchase_floors":[8,8,14,14,14],"current_hp_per_floor":[88,80,80,80,66,66,66,56,46,46,46,46,22,22,16,0,0,0],"gold":253,"neow_bonus":"TEN_PERCENT_HP_BONUS","is_daily":false,"chose_seed":false,"campfire_upgraded":4,"win_rate":0.0,"timestamp":1611015474,"path_taken":["R","M","M","M","M","R","T","$","M","R","?","R","?","?","M","BOSS"],"items_purchased_type":["Card","Card","Card","Card","Card"],"build_version":"2020-12-22","purchased_purges":1,"victory":false,"max_hp_per_floor":[88,88,88,88,88,88,88,88,88,88,88,88,88,88,88,88,88,88],"card_choices":[{"not_picked":["Guardian:Preprogram","Guardian:MultiBeam"],"picked":"Guardian:DecasProtection","floor":2},{"not_picked":["Guardian:BodySlam","Guardian:TemporalShield"],"picked":"Guardian:Recover","floor":3},{"not_picked":["Guardian:BronzeOrb","Guardian:TemporalStrike"],"picked":"Guardian:WalkerClaw","floor":4},{"not_picked":["Guardian:VentSteam","Guardian:Reroute","Guardian:TemporalStrike"],"picked":"SKIP","floor":5},{"not_picked":["Guardian:Gem_Cyan","Guardian:EvasiveProtocol"],"picked":"Guardian:SpikerProtocol","floor":8},{"not_picked":["Guardian:RollAttack","Guardian:Gem_Purple"],"picked":"Guardian:PolyBeam","floor":9},{"not_picked":["Guardian:Gem_Fragmented","Guardian:PrismaticBeam"],"picked":"Guardian:ShieldCharger+1","floor":13},{"not_picked":["Guardian:Reroute","Guardian:AncientConstruct"],"picked":"Guardian:PiercingHide+1","floor":14},{"not_picked":["Guardian:ChargeCore","Guardian:Suspension+1"],"picked":"Guardian:Recover+1","floor":15}],"player_experience":337734,"relics_obtained":[{"floor":7,"key":"Toxic Egg 2"},{"floor":13,"key":"Matryoshka"}],"event_choices":[],"is_beta":false,"boss_relics":[],"items_purged_floors":[14],"is_endless":false,"potions_floor_spawned":[2,3,13,15],"killed_by":"IC_STATUS_ARCHETYPE","ascension_level":0}}