{"host":"cv77zuuuekizn3ic","time":1611034600,"event":{"mods":["AchievementEnabler","BaseMod","Downfall","Marisa£®ÏF”Í°°ƒß¿Ì…≥£©","Minty Spire (QoL Compilation)","StSLib"],"gold_per_floor":[99,99,99,99,99,112,112,262,437,451,451,12,12,29,49,49,49,49],"floor_reached":16,"language":"ZHS","playtime":800,"items_purged":["Doubt"],"score":88,"play_id":"434d399c-3fcc-4e75-aaac-16ff24d5f14d","local_time":"20210119133640","is_ascension_mode":false,"campfire_choices":[{"data":"Guardian:TwinSlam","floor":1,"key":"SMITH"},{"floor":11,"key":"REST"},{"data":"Guardian:BodySlam","floor":13,"key":"SMITH"}],"circlet_count":0,"master_deck":["Guardian:Strike_Guardian","Guardian:Strike_Guardian","Guardian:Strike_Guardian","Guardian:Strike_Guardian","Guardian:Defend_Guardian","Guardian:Defend_Guardian","Guardian:Defend_Guardian","Guardian:CurlUp","Guardian:TwinSlam+1","Guardian:Planning","Guardian:Gem_Lightblue","Guardian:Gem_Lightblue","Guardian:Gem_Lightblue","Guardian:Gem_Red","Guardian:Gem_Red","Guardian:Planning","downfall:Icky","Guardian:BodySlam+1","Guardian:HyperBeam_Guardian","Guardian:TimeSifter","Guardian:PiercingHide","Guardian:PiercingHide","Guardian:SpikerProtocol"],"relics":["Guardian:ModeShifter","downfall:HeartsMalice","Guardian:PickAxe","Bird Faced Urn","TheAbacus"],"acts_visited":["Exordium"],"potions_floor_usage":[10,16],"damage_taken":[{"damage":0,"enemies":"Small Slimes","floor":2,"turns":1},{"damage":0,"enemies":"Cultist","floor":4,"turns":1},{"damage":0,"enemies":"Cultist","floor":5,"turns":1},{"damage":10,"enemies":"2 Louse","floor":6,"turns":4},{"damage":26,"enemies":"Large Slime","floor":10,"turns":10},{"damage":5,"enemies":"downfall:FleeingMerchant","floor":12,"turns":4},{"damage":0,"enemies":"Gremlin Gang","floor":14,"turns":1},{"damage":13,"enemies":"Exordium Thugs","floor":15,"turns":5},{"damage":39,"enemies":"WA_ARCHETYPE_RETAIN","floor":16,"turns":7}],"seed_played":"-3774140358428694717","potions_obtained":[{"floor":6,"key":"Slimebound:ThreeZeroPotion"},{"floor":10,"key":"SmokeBomb"},{"floor":14,"key":"DistilledChaos"},{"floor":15,"key":"Fire Potion"}],"is_trial":false,"path_per_floor":["R","M","?","M","?","M","T","?","?","M","R","$","R","M","M","B"],"character_chosen":"GUARDIAN","items_purchased":["TheAbacus","Guardian:TimeSifter","Guardian:PiercingHide"],"campfire_rested":1,"item_purchase_floors":[12,12,12],"current_hp_per_floor":[80,80,80,80,38,28,28,28,28,2,26,21,21,21,10,0,0,0],"gold":49,"neow_bonus":"THREE_ENEMY_KILL","is_daily":false,"chose_seed":false,"campfire_upgraded":2,"win_rate":0.0,"timestamp":1611034600,"path_taken":["R","M","?","?","?","M","T","?","?","M","R","?","R","?","M","BOSS"],"items_purchased_type":["Relic","Card","Card"],"build_version":"2020-12-22","purchased_purges":1,"victory":false,"max_hp_per_floor":[80,80,80,80,80,80,80,80,80,80,80,80,80,80,80,80,80,80],"card_choices":[{"not_picked":["Guardian:Reroute","Guardian:WalkerClaw"],"picked":"Guardian:Planning","floor":2},{"not_picked":["Guardian:PrimingBeam","Guardian:BronzeOrb"],"picked":"Guardian:Gem_Crimson","floor":4},{"not_picked":["Guardian:Incinerate","Guardian:RefractedBeam"],"picked":"Guardian:Planning","floor":6},{"not_picked":["Guardian:VentSteam","Guardian:PrimingBeam"],"picked":"Guardian:BodySlam","floor":10},{"not_picked":["Guardian:DecasProtection","Guardian:PolyBeam"],"picked":"Guardian:HyperBeam_Guardian","floor":12},{"not_picked":["Guardian:TimeBomb","Guardian:PrimingBeam"],"picked":"Guardian:PiercingHide","floor":14},{"not_picked":["Guardian:Suspension","Guardian:CrystalBeam"],"picked":"Guardian:SpikerProtocol","floor":15}],"player_experience":1003075,"relics_obtained":[{"floor":7,"key":"Bird Faced Urn"}],"event_choices":[{"cards_removed":["Guardian:Defend_Guardian"],"damage_healed":0,"gold_gain":0,"player_choice":"Offered Basic","damage_taken":0,"max_hp_gain":0,"max_hp_loss":0,"event_name":"Bonfire Elementals","floor":3,"gold_loss":0}],"is_beta":false,"boss_relics":[],"items_purged_floors":[12],"is_endless":false,"potions_floor_spawned":[6,10,14,15],"killed_by":"WA_ARCHETYPE_RETAIN","ascension_level":0}}