{"host":"0azimyi6n3ugndj4","time":1611100400,"event":{"mods":["2.2 Compatiblity","BaseMod","Bestiary","Conspire","Curses Come First","Defuse TimeMaze Blight","Hermit","Hubris","Hyrulean Relics","Infinite Spire","Keyboard Shortcuts","Minty Spire (QoL Compilation)","Relic Stats","Replay The Spire","StSLib","SuperFastMode","The Cursed","The Hierophant","Uncapped","¡¼?Úª?ø«¡½REMEMod"],"gold_per_floor":[137,137,137,137,205,306,389,484,484,579,641,730,218,331,331,558,558,626,739,1003,1003,1092,1092,1202,1202,1226,1333,1434,1499,988,1089,1089,1351,1351,1428,1428,1502,1502,1502,1594,1692,1784,1807,1923,1994,2018,2099,2212,2212,2444,2459,2459],"floor_reached":51,"language":"KOR","playtime":702,"items_purged":["Eruption","Demon Form"],"score":2697,"play_id":"ed8c9f71-9457-4162-bc15-c3c079b442d6","local_time":"20210120085320","daily_mods":["Draft","Hoarder","Insanity","Chimera","Specialized","Vintage","ControlledChaos","Allstar","Diverse","Colorless Cards","Heirloom","Time Dilation","Flight","DeadlyEvents","Elite Swarm","Lethality","Midas","Binary"],"is_ascension_mode":true,"campfire_choices":[{"floor":15.0,"key":"DIG"},{"floor":23.0,"key":"REST"},{"data":"Adaptation","floor":32.0,"key":"PURGE"}],"circlet_count":0,"master_deck":["Echo Form","DevaForm","AscendersBane","Bash","Survivor","Zap","Strike_R","Strike_G","Strike_B","Defend_R","Defend_G","Defend_P+1","Replay:BluntJabs","TheCursedMod:RavingStaff","hierophant:PassingBell","FollowUp","Backflip","Combust","Cold Snap","ForeignInfluence","TheCursedMod:RavingStaff","TheCursedMod:CursedBlade","Sweeping Beam","Accuracy","Halt","hierophant:Smite","Go for the Eyes","hierophant:Encroach","hierophant:RepressedViolence","hierophant:RustyCrate","hierophant:Purify","TheCursedMod:CursedBoomerang","hermit:LowProfile","hermit:SprayPray","Finesse","ReachHeaven","TheCursedMod:FleshFromBone","Sweeping Beam","TheCursedMod:RavingStaff","hermit:Feint","hierophant:Flagellation","Cloak And Dagger","hermit:Quickdraw","WreathOfFlame","hierophant:Remorse","TheCursedMod:RapidMovement","Force Field","TheCursedMod:StingEye","hermit:Quickdraw","Bane","Defy Death","hierophant:PassingBell","TheCursedMod:SpitefulStrike","hermit:Grudge","hierophant:FaithHealing","Perfected Strike","TheCursedMod:TacticalStrike","TheCursedMod:CursedBlade","Genetic Algorithm","Go for the Eyes","hermit:CalledShot","REME_Flogging","REME_Flogging","REME_Flogging","REME_Flogging","REME_Flogging","REME_Flogging","REME_Flogging","REME_Flogging","REME_Flogging","REME_Flogging","REME_Flogging","REME_Flogging","REME_Flogging","REME_Flogging","REME_Flogging","Deadly Poison","Deadly Poison","Deadly Poison","Discovery","Discovery","Discovery","Backflip","Backflip","Backflip","Heavy Blade","Heavy Blade","Heavy Blade","hermit:HighCaliber","hermit:HighCaliber","hermit:HighCaliber","LikeWater","LikeWater","LikeWater","TheCursedMod:SpitefulStrike","TheCursedMod:SpitefulStrike","TheCursedMod:SpitefulStrike","Perseverance+1","Perseverance","Perseverance","Halt","Halt","Halt","Underhanded Strike","Underhanded Strike","Underhanded Strike","Backstab","Backstab","Backstab","Ball Lightning","Ball Lightning","Ball Lightning","Cloak And Dagger","Cloak And Dagger","Cloak And Dagger","Dagger Throw","Dagger Throw","Dagger Throw","REME_Repentance","REME_Repentance","REME_Repentance","hierophant:Invocation","hierophant:Invocation","hierophant:Invocation","Intimidate","Intimidate","Intimidate"],"relics":["Ring of the Snake","Frozen Eye","Busted Crown","REME_ComplimentaryCards","Vampiric Spirits","hubris:CuriousFeather","conspire:Boomerang","hubris:Towel","zeldaRelics:CourageTriforce","zeldaRelics:WisdomTriforce","Potion Belt","ClockworkSouvenir","Boot","Pen Nib","zeldaRelics:PowerTriforce","Regal Pillow","hubris:ScarierMask","infinitespire:Beetle Shell","Red Mask","Centennial Puzzle","conspire:SpecialSausage","hubris:TenFootPole","infinitespire:WardingShard","Snack Pack","Singing Bowl","zeldaRelics:Boomerang","StoneCalendar","Ancient Tea Set","hubris:HollowSoul","infinitespire:CheckeredPen","conspire:Dentures","REME_ChargedStone","Lee\u0027s Waffle","Oddly Smooth Stone","Tiny Chest","Pondfish Scales","Toy Ornithopter","War Paint","Gremlin Food","Vajra","Replay:Wax Seal","conspire:DeflatedDodgeball","Durian"],"acts_visited":["Exordium","TheCity","TheBeyond"],"potions_floor_usage":[51,51,51,51],"damage_taken":[{"damage":0.0,"enemies":"Jaw Worm","floor":1.0,"turns":1.0},{"damage":10.0,"enemies":"2 Louse","floor":5.0,"turns":2.0},{"damage":0.0,"enemies":"Gremlin Nob","floor":6.0,"turns":1.0},{"damage":10.0,"enemies":"3 Sentries","floor":7.0,"turns":4.0},{"damage":0.0,"enemies":"Lagavulin","floor":8.0,"turns":2.0},{"damage":0.0,"enemies":"Gremlin Nob","floor":10.0,"turns":1.0},{"damage":0.0,"enemies":"Cultist","floor":11.0,"turns":1.0},{"damage":5.0,"enemies":"3 Sentries","floor":12.0,"turns":4.0},{"damage":0.0,"enemies":"Gremlin Nob","floor":14.0,"turns":1.0},{"damage":0.0,"enemies":"Slime Boss","floor":16.0,"turns":2.0},{"damage":0.0,"enemies":"conspire:FuzzyDice","floor":18.0,"turns":1.0},{"damage":0.0,"enemies":"Masked Bandits","floor":19.0,"turns":1.0},{"damage":0.0,"enemies":"Slavers","floor":22.0,"turns":1.0},{"damage":0.0,"enemies":"Nightmare","floor":24.0,"turns":1.0},{"damage":0.0,"enemies":"Book of Stabbing","floor":27.0,"turns":2.0},{"damage":0.0,"enemies":"Gremlin Leader","floor":28.0,"turns":2.0},{"damage":0.0,"enemies":"3 Byrds","floor":29.0,"turns":1.0},{"damage":0.0,"enemies":"conspire:SneckoGhost","floor":31.0,"turns":1.0},{"damage":1.0,"enemies":"Collector","floor":33.0,"turns":4.0},{"damage":0.0,"enemies":"Orb Walker","floor":35.0,"turns":1.0},{"damage":21.0,"enemies":"3 Shapes","floor":37.0,"turns":1.0},{"damage":0.0,"enemies":"Giant Head","floor":40.0,"turns":1.0},{"damage":0.0,"enemies":"Reptomancer","floor":41.0,"turns":1.0},{"damage":0.0,"enemies":"Giant Head","floor":42.0,"turns":1.0},{"damage":0.0,"enemies":"Nemesis","floor":44.0,"turns":2.0},{"damage":0.0,"enemies":"Maw","floor":45.0,"turns":3.0},{"damage":12.0,"enemies":"Giant Head","floor":47.0,"turns":4.0},{"damage":0.0,"enemies":"Reptomancer","floor":48.0,"turns":1.0},{"damage":47,"enemies":"Replay:Hell Engine","floor":50,"turns":5},{"damage":71,"enemies":"conspire:OrnateMirror","floor":51,"turns":1}],"seed_played":"7852139624174509225","potions_obtained":[{"floor":7.0,"key":"DuplicationPotion"},{"floor":10.0,"key":"Block Potion"},{"floor":11.0,"key":"SpeedPotion"},{"floor":12.0,"key":"Milkshake"},{"floor":22.0,"key":"Energy Potion"},{"floor":28.0,"key":"Fire Potion"},{"floor":36.0,"key":"FairyPotion"},{"floor":36.0,"key":"AttackPotion"},{"floor":45.0,"key":"DistilledChaos"}],"is_trial":true,"path_per_floor":["M","?","?","?","M","E","E","E","T","E","M","E","$","E","R","B",null,"M","?","?","AVR","E","R","NM","?","T","E","E","M","$","E","R","B",null,"M","?","M","AVR","T","E","E","E","T","E","M","T","E","E","R","B","B"],"character_chosen":"THE_SILENT","items_purchased":["ClockworkSouvenir","Boot","Pen Nib","zeldaRelics:Boomerang","StoneCalendar"],"campfire_rested":1,"item_purchase_floors":[13,13,13,30,30],"current_hp_per_floor":[66,66,62,62,52,66,56,66,66,66,66,61,61,66,66,66,66,66,66,45,45,66,66,66,60,60,66,66,66,66,66,66,66,66,66,66,62,73,73,73,73,73,73,73,73,73,61,78,78,37,0,0],"gold":2459,"neow_bonus":"","is_daily":false,"chose_seed":false,"campfire_upgraded":0,"win_rate":0.0,"timestamp":1611100400,"path_taken":["M","?","?","?","M","E","?","E","T","?","?","?","?","E","R","BOSS","M","?","?","AVR","?","R","NM","?","T","?","E","?","$","?","R","BOSS","M","?","?","AVR","?","E","?","?","T","E","?","?","?","?","R","BOSS","BOSS"],"items_purchased_type":["Relic","Relic","Relic","Relic","Relic"],"build_version":"2020-12-22","purchased_purges":2,"victory":false,"max_hp_per_floor":[66,66,66,66,66,66,66,66,66,66,66,66,66,66,66,66,66,66,66,66,66,66,66,66,66,66,66,66,66,66,66,66,66,66,66,66,66,73,73,73,73,73,73,73,73,73,73,78,78,78,78,78],"relic_stats":{"Regal Pillow":0,"Lee\u0027s Waffle":11,"Singing Bowl":0,"counters":[30,57],"StoneCalendar":[0],"Pen Nib":[17],"War Paint":["Defend_P","Perseverance"],"Boot":[5],"Centennial Puzzle":[15],"Busted Crown":204,"Tiny Chest":1,"obtain_stats":[{"Regal Pillow":15,"zeldaRelics:Boomerang":30,"Singing Bowl":29,"Vampiric Spirits":0,"REME_ChargedStone":38,"Vajra":45,"conspire:SpecialSausage":21,"StoneCalendar":30,"Boot":13,"Ancient Tea Set":31,"zeldaRelics:WisdomTriforce":12,"ClockworkSouvenir":13,"Frozen Eye":0,"Centennial Puzzle":21,"hubris:ScarierMask":17,"Tiny Chest":40,"hubris:CuriousFeather":1,"zeldaRelics:CouragePiece":6,"Red Mask":19,"Replay:Wax Seal":46,"zeldaRelics:PowerPiece":14,"Ring of the Snake":0,"Potion Belt":11,"conspire:Dentures":37,"Gremlin Food":44,"zeldaRelics:WisdomPiece":9,"Lee\u0027s Waffle":38,"Oddly Smooth Stone":39,"Pen Nib":13,"infinitespire:Beetle Shell":18,"hubris:HollowSoul":34,"conspire:Boomerang":2,"zeldaRelics:PowerTriforce":24,"infinitespire:CheckeredPen":35,"hubris:Towel":4,"War Paint":43,"zeldaRelics:CourageTriforce":8,"Pondfish Scales":41,"Busted Crown":0,"infinitespire:WardingShard":27,"hubris:TenFootPole":26,"Snack Pack":28,"Durian":48,"conspire:DeflatedDodgeball":47,"Toy Ornithopter":42,"REME_ComplimentaryCards":0},{"Regal Pillow":9,"zeldaRelics:Boomerang":17,"Singing Bowl":17,"Vampiric Spirits":0,"REME_ChargedStone":21,"Vajra":26,"conspire:SpecialSausage":12,"StoneCalendar":17,"Boot":8,"Ancient Tea Set":18,"zeldaRelics:WisdomTriforce":8,"ClockworkSouvenir":8,"Frozen Eye":0,"Centennial Puzzle":12,"hubris:ScarierMask":10,"Tiny Chest":22,"hubris:CuriousFeather":1,"zeldaRelics:CouragePiece":3,"Red Mask":12,"Replay:Wax Seal":26,"zeldaRelics:PowerPiece":9,"Ring of the Snake":0,"Potion Belt":7,"conspire:Dentures":21,"Gremlin Food":25,"zeldaRelics:WisdomPiece":5,"Lee\u0027s Waffle":21,"Oddly Smooth Stone":21,"Pen Nib":8,"infinitespire:Beetle Shell":11,"hubris:HollowSoul":19,"conspire:Boomerang":1,"zeldaRelics:PowerTriforce":14,"infinitespire:CheckeredPen":20,"hubris:Towel":1,"War Paint":24,"zeldaRelics:CourageTriforce":5,"Pondfish Scales":23,"Busted Crown":0,"infinitespire:WardingShard":15,"hubris:TenFootPole":14,"Snack Pack":16,"Durian":28,"conspire:DeflatedDodgeball":27,"Toy Ornithopter":24,"REME_ComplimentaryCards":0},{"Regal Pillow":17,"zeldaRelics:Boomerang":28,"Singing Bowl":28,"Vampiric Spirits":0,"REME_ChargedStone":35,"Vajra":43,"conspire:SpecialSausage":21,"StoneCalendar":28,"Boot":16,"Ancient Tea Set":29,"zeldaRelics:WisdomTriforce":16,"ClockworkSouvenir":16,"Frozen Eye":0,"Centennial Puzzle":21,"hubris:ScarierMask":19,"Tiny Chest":36,"hubris:CuriousFeather":1,"zeldaRelics:CouragePiece":4,"Red Mask":21,"Replay:Wax Seal":43,"zeldaRelics:PowerPiece":17,"Ring of the Snake":0,"Potion Belt":12,"conspire:Dentures":35,"Gremlin Food":40,"zeldaRelics:WisdomPiece":10,"Lee\u0027s Waffle":35,"Oddly Smooth Stone":35,"Pen Nib":16,"infinitespire:Beetle Shell":20,"hubris:HollowSoul":33,"conspire:Boomerang":1,"zeldaRelics:PowerTriforce":23,"infinitespire:CheckeredPen":34,"hubris:Towel":1,"War Paint":38,"zeldaRelics:CourageTriforce":10,"Pondfish Scales":37,"Busted Crown":0,"infinitespire:WardingShard":25,"hubris:TenFootPole":23,"Snack Pack":27,"Durian":48,"conspire:DeflatedDodgeball":47,"Toy Ornithopter":38,"REME_ComplimentaryCards":0}],"Toy Ornithopter":20,"Ring of the Snake":[62]},"card_choices":[{"not_picked":["Well Laid Plans","hierophant:Doubloon"],"picked":"Deadly Poison","floor":0.0},{"not_picked":["Swift Strike","TheCursedMod:StingEye"],"picked":"Discovery","floor":0.0},{"not_picked":["hierophant:HammerAndAnvil","TheCursedMod:TacticalStrike"],"picked":"Backflip","floor":0.0},{"not_picked":["Turbo","Quick Slash"],"picked":"Heavy Blade","floor":0.0},{"not_picked":["hierophant:Community","Turbo"],"picked":"hermit:HighCaliber","floor":0.0},{"not_picked":["Rebound","PathToVictory"],"picked":"LikeWater","floor":0.0},{"not_picked":["Havoc","Crippling Poison"],"picked":"TheCursedMod:SpitefulStrike","floor":0.0},{"not_picked":["TheCursedMod:CursedBlade","Slice"],"picked":"Perseverance","floor":0.0},{"not_picked":["FlyingSleeves","hierophant:Empathy"],"picked":"Halt","floor":0.0},{"not_picked":["Leap","ReplayTheSpireMod:Strike From Hell"],"picked":"Underhanded Strike","floor":0.0},{"not_picked":["Flex","Seeing Red"],"picked":"Backstab","floor":0.0},{"not_picked":["Capacitor","REME_Compress"],"picked":"Ball Lightning","floor":0.0},{"not_picked":["hierophant:RepressedViolence","Ball Lightning"],"picked":"Cloak And Dagger","floor":0.0},{"not_picked":["Stack","Fire Breathing"],"picked":"Dagger Throw","floor":0.0},{"not_picked":["Evaluate","Deflect"],"picked":"REME_Repentance","floor":0.0}],"player_experience":1571115,"relics_obtained":[{"floor":1.0,"key":"hubris:CuriousFeather"},{"floor":2.0,"key":"conspire:Boomerang"},{"floor":6.0,"key":"zeldaRelics:CouragePiece"},{"floor":7.0,"key":"zeldaRelics:CouragePiece"},{"floor":8.0,"key":"zeldaRelics:CouragePiece"},{"floor":9.0,"key":"zeldaRelics:WisdomPiece"},{"floor":10.0,"key":"zeldaRelics:WisdomPiece"},{"floor":11.0,"key":"Potion Belt"},{"floor":12.0,"key":"zeldaRelics:WisdomPiece"},{"floor":14.0,"key":"zeldaRelics:PowerPiece"},{"floor":15.0,"key":"Regal Pillow"},{"floor":18.0,"key":"infinitespire:Beetle Shell"},{"floor":19.0,"key":"Red Mask"},{"floor":22.0,"key":"zeldaRelics:PowerPiece"},{"floor":24.0,"key":"zeldaRelics:PowerPiece"},{"floor":26.0,"key":"hubris:TenFootPole"},{"floor":27.0,"key":"infinitespire:WardingShard"},{"floor":28.0,"key":"Snack Pack"},{"floor":29.0,"key":"Singing Bowl"},{"floor":31.0,"key":"Ancient Tea Set"},{"floor":35.0,"key":"infinitespire:CheckeredPen"},{"floor":37.0,"key":"conspire:Dentures"},{"floor":39.0,"key":"Oddly Smooth Stone"},{"floor":40.0,"key":"Tiny Chest"},{"floor":41.0,"key":"Pondfish Scales"},{"floor":42.0,"key":"Toy Ornithopter"},{"floor":43.0,"key":"War Paint"},{"floor":44.0,"key":"Gremlin Food"},{"floor":45.0,"key":"Vajra"},{"floor":46.0,"key":"Replay:Wax Seal"},{"floor":47.0,"key":"conspire:DeflatedDodgeball"},{"floor":48.0,"key":"Durian"}],"event_choices":[{"damage_healed":0.0,"max_hp_gain":0.0,"max_hp_loss":0.0,"gold_gain":0.0,"event_name":"conspire:Investor","player_choice":"Leave","floor":3.0,"gold_loss":0.0,"damage_taken":0.0},{"damage_healed":0.0,"max_hp_gain":0.0,"max_hp_loss":0.0,"gold_gain":0.0,"event_name":"Masked Bandits","player_choice":"Fought Bandits","floor":19.0,"gold_loss":0.0,"damage_taken":0.0},{"damage_healed":0.0,"max_hp_gain":0.0,"max_hp_loss":0.0,"gold_gain":0.0,"event_name":"Knowing Skull","player_choice":"","floor":25.0,"potions_obtained":[],"gold_loss":0.0,"damage_taken":6.0,"cards_obtained":[]},{"damage_healed":0.0,"max_hp_gain":0.0,"max_hp_loss":0.0,"gold_gain":0.0,"event_name":"Lab","player_choice":"Got Potions","floor":36.0,"gold_loss":0.0,"damage_taken":0.0}],"is_beta":false,"boss_relics":[{"not_picked":["Replay:Wanted Poster","hubris:Stopwatch"],"picked":"hubris:ScarierMask"},{"not_picked":["Empty Cage","Velvet Choker"],"picked":"hubris:HollowSoul"}],"items_purged_floors":[21,38],"is_endless":true,"potions_floor_spawned":[7,10,11,12,18,22,24,28,29,42,44,45,50],"killed_by":"conspire:OrnateMirror","ascension_level":20}}