{"host":"81vb4cbob60wa1na","time":1611082781,"event":{"mods":["BaseMod","Dio Mod","Downfall","GifTheSpireLib","Hermit","Highlight Path","Minty Spire (QoL Compilation)","StSLib","The Bug Knight","The Cursed","The Disciple"],"gold_per_floor":[113,125,102,121,44,44,63,63,63,63,75,3,3,16,16,112,162,176,187,37,37,37,37,37,37,61,79,0,19,19,36,36,36,36],"floor_reached":33,"language":"ENG","playtime":1338,"items_purged":[],"score":237,"play_id":"a39d2ae8-7323-41af-94a8-03ff56fe369d","local_time":"20210119135941","is_ascension_mode":false,"campfire_choices":[{"data":"dioMod:GoodbyeJojo","floor":6,"key":"SMITH"},{"data":"dioMod:LaserVision","floor":8,"key":"SMITH"},{"data":"dioMod:TheWalk","floor":13,"key":"SMITH"},{"data":"dioMod:MudaMudaMuda","floor":15,"key":"SMITH"},{"data":"dioMod:SevenPageMuda","floor":23,"key":"SMITH"},{"data":"dioMod:DarkRebirth","floor":25,"key":"SMITH"},{"data":"dioMod:CoffinBath","floor":30,"key":"SMITH"},{"floor":32,"key":"REST"}],"circlet_count":0,"master_deck":["dioMod:Strike","dioMod:Strike","dioMod:Strike+1","dioMod:Strike","Bite","dioMod:Defend","dioMod:Defend","dioMod:Defend","dioMod:Defend+1","dioMod:ComposedMuda","dioMod:DoubleTime","dioMod:TripleThreat+1","dioMod:Diversion","dioMod:GoodbyeJojo+1","dioMod:LaserVision+1","dioMod:TheWalk+1","dioMod:DarkRebirth+1","dioMod:MudaMudaMuda+1","dioMod:SevenPageMuda+1","dioMod:DoubleTime","dioMod:DisarmingVoice","downfall:Bewildered","dioMod:CoffinBath+1","dioMod:BloodSuck","dioMod:DaggerToss+1"],"relics":["dioMod:VampireBlood","HollowMod:PaleOreRelic","Tiny House","Regal Pillow","Enchiridion","sneckomod:BabySnecko","Happy Flower"],"acts_visited":["Exordium","TheCity"],"potions_floor_usage":[16,18,29,33,33],"damage_taken":[{"damage":0,"enemies":"Cultist","floor":1,"turns":4},{"damage":8,"enemies":"2 Louse","floor":2,"turns":2},{"damage":11,"enemies":"Jaw Worm","floor":4,"turns":3},{"damage":18,"enemies":"Lots of Slimes","floor":7,"turns":5},{"damage":1,"enemies":"Exordium Thugs","floor":11,"turns":3},{"damage":2,"enemies":"Blue Slaver","floor":14,"turns":2},{"damage":52,"enemies":"Slime Boss","floor":16,"turns":7},{"damage":22,"enemies":"Shell Parasite","floor":18,"turns":3},{"damage":2,"enemies":"Spheric Guardian","floor":19,"turns":3},{"damage":2,"enemies":"Snake Plant","floor":27,"turns":4},{"damage":15,"enemies":"Snecko","floor":29,"turns":3},{"damage":39,"enemies":"Cultist and Chosen","floor":31,"turns":6},{"damage":141,"enemies":"Champ","floor":33,"turns":16}],"seed_played":"-2034324415031207311","potions_obtained":[{"floor":7,"key":"Explosive Potion"},{"floor":11,"key":"hexamod:SoulburnPotion"},{"floor":16,"key":"BlessingOfTheForge"},{"floor":17,"key":"dioMod:HumanBlood"},{"floor":18,"key":"PowerPotion"},{"floor":19,"key":"PowerPotion"}],"is_trial":false,"path_per_floor":["M","M","$","M","$","R","M","R","T","?","M","$","R","M","R","B",null,"M","M","$","?","?","R","$","R","T","M","?","M","R","M","R","B"],"character_chosen":"THE_DEFAULT","items_purchased":["dioMod:TripleThreat","dioMod:GoodbyeJojo","dioMod:DarkRebirth","Regal Pillow"],"campfire_rested":1,"item_purchase_floors":[3,5,12,20],"current_hp_per_floor":[82,82,82,76,76,76,79,79,79,63,72,72,72,73,73,34,87,72,75,75,59,59,59,59,59,59,72,72,70,70,46,87,0,0],"gold":36,"neow_bonus":"TEN_PERCENT_HP_BONUS","is_daily":false,"chose_seed":false,"campfire_upgraded":7,"win_rate":0.0,"timestamp":1611082781,"path_taken":["M","?","$","M","?","R","M","R","T","?","?","?","R","M","R","BOSS","M","M","$","?","?","R","$","R","T","M","?","M","R","M","R","BOSS"],"items_purchased_type":["Card","Card","Card","Relic"],"build_version":"2020-12-22","purchased_purges":0,"victory":false,"max_hp_per_floor":[82,82,82,82,82,82,82,82,82,82,82,82,82,82,82,82,87,87,87,87,87,87,87,87,87,87,87,87,87,87,87,87,87,87],"card_choices":[{"not_picked":["dioMod:StreetSign","dioMod:Roundabout"],"picked":"dioMod:ComposedMuda","floor":1},{"not_picked":["dioMod:GoodbyeJojo","dioMod:HeavyLifting"],"picked":"dioMod:DoubleTime","floor":2},{"not_picked":["dioMod:FlyAway","dioMod:CoffinBath"],"picked":"dioMod:Diversion","floor":4},{"not_picked":["dioMod:Muda","dioMod:CutDeep"],"picked":"dioMod:LaserVision","floor":7},{"not_picked":["dioMod:VengefulMuda","dioMod:Diversion"],"picked":"dioMod:TheWalk","floor":11},{"not_picked":["dioMod:StreetSign","dioMod:BloodShield"],"picked":"dioMod:MudaMudaMuda","floor":14},{"not_picked":["dioMod:GoldVial","dioMod:Regeneration"],"picked":"dioMod:SevenPageMuda","floor":16},{"not_picked":["dioMod:TripleThreat","dioMod:Freeze"],"picked":"dioMod:DoubleTime","floor":17},{"not_picked":["dioMod:SecretPlan","dioMod:VengefulMuda","dioMod:BloodTransfusion"],"picked":"SKIP","floor":18},{"not_picked":["dioMod:SecretPlan","dioMod:DaggerSpree+1"],"picked":"dioMod:DisarmingVoice","floor":19},{"not_picked":["dioMod:ComboFever","dioMod:CutDeep"],"picked":"dioMod:CoffinBath","floor":27},{"not_picked":["dioMod:SecretPlan","dioMod:FlyAway"],"picked":"dioMod:BloodSuck","floor":29},{"not_picked":["dioMod:BloodShield","dioMod:DarkRebirth"],"picked":"dioMod:DaggerToss+1","floor":31}],"player_experience":267949,"relics_obtained":[{"floor":9,"key":"HollowMod:PaleOreRelic"},{"floor":21,"key":"Enchiridion"},{"floor":26,"key":"Happy Flower"}],"event_choices":[{"damage_healed":0,"gold_gain":0,"player_choice":"Entered Light","damage_taken":16,"max_hp_gain":0,"max_hp_loss":0,"event_name":"Shining Light","floor":10,"gold_loss":0,"cards_upgraded":["dioMod:TripleThreat","dioMod:Strike"]},{"damage_healed":0,"gold_gain":0,"player_choice":"Obtained Book","damage_taken":16,"max_hp_gain":0,"max_hp_loss":0,"event_name":"Cursed Tome","floor":21,"gold_loss":0},{"damage_healed":0,"gold_gain":0,"player_choice":"Paid Fearfully","damage_taken":0,"max_hp_gain":0,"max_hp_loss":0,"event_name":"Masked Bandits","floor":28,"gold_loss":79}],"is_beta":false,"boss_relics":[{"not_picked":["Velvet Choker","Snecko Eye"],"picked":"Tiny House"}],"items_purged_floors":[],"is_endless":false,"potions_floor_spawned":[7,11,16,18,19],"killed_by":"Champ","ascension_level":0}}