{"host":"l5xpox9cbdko122s","time":1611068827,"event":{"mods":["BaseMod","Minty Spire (QoL Compilation)"],"gold_per_floor":[211,386,401,401,401,401,421,371,420,420,455,471,271,288,288,288,288],"floor_reached":16,"language":"ENG","playtime":715,"items_purged":[],"score":100,"play_id":"ad743593-c87e-4f33-9ee5-31a28f179df2","local_time":"20210119100707","is_ascension_mode":false,"campfire_choices":[{"floor":6,"key":"RECALL"},{"data":"Perfected Strike","floor":15,"key":"SMITH"}],"circlet_count":0,"master_deck":["Strike_R","Strike_R","Strike_R+1","Strike_R","Strike_R+1","Defend_R","Defend_R","Defend_R","Bash","Perfected Strike","Perfected Strike+1"],"relics":["Burning Blood","Meat on the Bone","PreservedInsect","Whetstone"],"acts_visited":["Exordium"],"potions_floor_usage":[7,11,16],"damage_taken":[{"damage":12,"enemies":"2 Louse","floor":1,"turns":4},{"damage":4,"enemies":"Small Slimes","floor":3,"turns":6},{"damage":0,"enemies":"Jaw Worm","floor":7,"turns":5},{"damage":52,"enemies":"Lagavulin","floor":11,"turns":7},{"damage":0,"enemies":"Large Slime","floor":12,"turns":5},{"damage":9,"enemies":"Blue Slaver","floor":14,"turns":3},{"damage":52,"enemies":"Hexaghost","floor":16,"turns":9}],"seed_played":"2785167073441288610","potions_obtained":[{"floor":3,"key":"Dexterity Potion"},{"floor":7,"key":"SpeedPotion"},{"floor":12,"key":"LiquidBronze"}],"is_trial":false,"path_per_floor":["M","?","M","?","?","R","M","?","T","T","E","M","$","M","R","B"],"character_chosen":"IRONCLAD","items_purchased":["Perfected Strike","Whetstone"],"campfire_rested":0,"item_purchase_floors":[13,13],"current_hp_per_floor":[74,74,76,81,74,74,80,80,80,80,46,52,52,49,49,0,0],"gold":288,"neow_bonus":"HUNDRED_GOLD","is_daily":false,"chose_seed":false,"campfire_upgraded":1,"win_rate":0.0,"timestamp":1611068827,"path_taken":["M","?","M","?","?","R","?","?","T","?","E","M","$","M","R","BOSS"],"items_purchased_type":["Card","Relic"],"build_version":"2020-12-22","purchased_purges":0,"victory":false,"max_hp_per_floor":[80,80,80,85,85,85,85,85,85,85,85,85,85,85,85,85,85],"card_choices":[{"not_picked":["Thunderclap","Clash","Reckless Charge"],"picked":"SKIP","floor":1},{"not_picked":["Shrug It Off","Armaments","Havoc"],"picked":"SKIP","floor":3},{"not_picked":["Burning Pact","Flex"],"picked":"Perfected Strike","floor":7},{"not_picked":["Armaments","Whirlwind","Rage"],"picked":"SKIP","floor":11},{"not_picked":["Warcry","Havoc","Shockwave"],"picked":"SKIP","floor":12},{"not_picked":["Wild Strike","Bloodletting","Anger"],"picked":"SKIP","floor":14}],"player_experience":128805,"relics_obtained":[{"floor":10,"key":"Meat on the Bone"},{"floor":11,"key":"PreservedInsect"}],"event_choices":[{"damage_healed":0,"gold_gain":175,"player_choice":"AGREE","damage_taken":0,"max_hp_gain":0,"max_hp_loss":0,"event_name":"Liars Game","floor":2,"gold_loss":0,"cards_obtained":["Doubt"]},{"damage_healed":0,"gold_gain":0,"player_choice":"Donut","damage_taken":0,"max_hp_gain":5,"max_hp_loss":0,"event_name":"Big Fish","floor":4,"gold_loss":0},{"cards_removed":["Doubt"],"damage_healed":0,"gold_gain":0,"player_choice":"Card Removal","damage_taken":7,"max_hp_gain":0,"max_hp_loss":0,"event_name":"Golden Wing","floor":5,"gold_loss":0},{"cards_removed":["Defend_R"],"damage_healed":0,"gold_gain":0,"player_choice":"Card Removal","damage_taken":0,"max_hp_gain":0,"max_hp_loss":0,"event_name":"The Cleric","floor":8,"gold_loss":50}],"is_beta":false,"boss_relics":[],"items_purged_floors":[],"is_endless":false,"potions_floor_spawned":[3,7,12],"killed_by":"Hexaghost","ascension_level":0}}