{"host":"sc0o2qwpf9j16a4i","time":1611067263,"event":{"mods":["AchievementEnabler","BaseMod","BetterRewards","Block Reminder","Colored Map","Colored Powertips","Custom Start","Highlight Path","Minty Spire (QoL Compilation)","Relic Stats"],"gold_per_floor":[112,77,97,97,114,114,129,161,161,161,189,203,228,282,282,360,360,378,398,63,75,0,0,26,26,107,122,122,122,154,165,165,244,244,260,271,319,344,364,399,399,428,428,456,469,469,499,514,514,514,514,514,514,197,222,222],"floor_reached":57,"language":"ENG","playtime":3170,"items_purged":["Strike_B","Defend_B"],"score":3660,"play_id":"2e7d3ac8-f242-47a2-94fb-3b263a50b57d","local_time":"20210119164103","is_ascension_mode":true,"campfire_choices":[{"data":"Defragment","floor":6,"key":"SMITH"},{"data":"Echo Form","floor":15,"key":"SMITH"},{"data":"Coolheaded","floor":23,"key":"SMITH"},{"data":"Hologram","floor":25,"key":"SMITH"},{"data":"Glacier","floor":29,"key":"SMITH"},{"data":"Coolheaded","floor":32,"key":"SMITH"},{"floor":41,"key":"RECALL"},{"floor":46,"key":"REST"},{"floor":49,"key":"REST"},{"floor":53,"key":"REST"}],"circlet_count":0,"master_deck":["AscendersBane","Defend_B","Defend_B","Zap","Dualcast","Self Repair","Ball Lightning+1","Compile Driver+1","Defragment+1","Apotheosis+1","Barrage+1","FTL+1","Hologram+1","Coolheaded+1","Echo Form+1","Undo+1","Stack","Electrodynamics","White Noise+1","Self Repair+1","Blizzard+1","Glacier+1","Compile Driver+1","Skim+1","Stack+1","Coolheaded+1","Machine Learning+1","Go for the Eyes+1","Reinforced Body","Coolheaded","Coolheaded","Capacitor+1","Reboot","Consume"],"relics":["Cracked Core","Molten Egg 2","Pen Nib","Lantern","Sling","Cables","Orichalcum","Toy Ornithopter","OrangePellets","Tiny Chest","Frozen Eye","Centennial Puzzle","Incense Burner","Mummified Hand","Eternal Feather","StrikeDummy","Nunchaku","Astrolabe","Membership Card","Bottled Lightning","MealTicket","Frozen Egg 2","Fusion Hammer","Mango","Bag of Preparation","Shuriken","Bag of Marbles","Anchor","Boot","Kunai","Akabeko","Dead Branch"],"acts_visited":["Exordium","TheCity","TheBeyond","TheEnding"],"potions_floor_usage":[8,13,16,16,24,56,56,56,56],"damage_taken":[{"damage":4,"enemies":"Jaw Worm","floor":1,"turns":2},{"damage":1,"enemies":"2 Louse","floor":3,"turns":3},{"damage":2,"enemies":"Small Slimes","floor":5,"turns":3},{"damage":8,"enemies":"Red Slaver","floor":7,"turns":3},{"damage":4,"enemies":"3 Sentries","floor":8,"turns":5},{"damage":11,"enemies":"Lagavulin","floor":11,"turns":5},{"damage":0,"enemies":"Looter","floor":12,"turns":2},{"damage":6,"enemies":"3 Sentries","floor":13,"turns":4},{"damage":10,"enemies":"Slime Boss","floor":16,"turns":4},{"damage":18,"enemies":"Shell Parasite","floor":18,"turns":4},{"damage":0,"enemies":"Chosen","floor":19,"turns":3},{"damage":4,"enemies":"Snake Plant","floor":21,"turns":7},{"damage":21,"enemies":"Gremlin Leader","floor":24,"turns":4},{"damage":15,"enemies":"Centurion and Healer","floor":27,"turns":2},{"damage":3,"enemies":"Slavers","floor":30,"turns":3},{"damage":36,"enemies":"Cultist and Chosen","floor":31,"turns":8},{"damage":5,"enemies":"Automaton","floor":33,"turns":12},{"damage":29,"enemies":"3 Shapes","floor":35,"turns":3},{"damage":5,"enemies":"3 Darklings","floor":36,"turns":2},{"damage":6,"enemies":"2 Orb Walkers","floor":37,"turns":5},{"damage":10,"enemies":"4 Shapes","floor":39,"turns":4},{"damage":16,"enemies":"Reptomancer","floor":40,"turns":5},{"damage":0,"enemies":"Giant Head","floor":42,"turns":8},{"damage":17,"enemies":"Reptomancer","floor":44,"turns":7},{"damage":0,"enemies":"Sphere and 2 Shapes","floor":45,"turns":3},{"damage":0,"enemies":"Giant Head","floor":47,"turns":9},{"damage":1,"enemies":"Jaw Worm Horde","floor":48,"turns":3},{"damage":30,"enemies":"Awakened One","floor":50,"turns":10},{"damage":32,"enemies":"Time Eater","floor":51,"turns":25},{"damage":0,"enemies":"Shield and Spear","floor":55,"turns":6},{"damage":20,"enemies":"The Heart","floor":56,"turns":9}],"seed_played":"-4941657659076411381","potions_obtained":[{"floor":5,"key":"Regen Potion"},{"floor":7,"key":"Energy Potion"},{"floor":12,"key":"Energy Potion"},{"floor":13,"key":"Swift Potion"},{"floor":18,"key":"Dexterity Potion"},{"floor":21,"key":"Block Potion"},{"floor":24,"key":"SteroidPotion"},{"floor":35,"key":"EntropicBrew"},{"floor":39,"key":"DuplicationPotion"}],"is_trial":false,"path_per_floor":["M","?","M","?","M","R","M","E","T","?","E","M","E","T","R","B",null,"M","M","$","M","?","R","E","R","T","M","?","R","E","M","R","B",null,"M","M","?","T","M","E","R","E","T","E","M","R","E","M","R","B","B",null,"R","$","E","B",null],"character_chosen":"DEFECT","items_purchased":["Molten Egg 2","Pen Nib","Self Repair","Lantern","Sling","Ball Lightning+1","Compile Driver+1","Cables","Orichalcum","Defragment","Toy Ornithopter","Apotheosis","OrangePellets","Tiny Chest","Frozen Eye","Centennial Puzzle","Membership Card","Bottled Lightning","Kunai","Reboot","Akabeko"],"campfire_rested":3,"item_purchase_floors":[0,0,0,0,0,0,0,0,0,0,0,0,0,0,0,0,20,20,54,54,54],"current_hp_per_floor":[28,45,54,54,62,62,54,71,71,71,70,70,71,71,71,71,71,71,71,71,71,71,71,70,71,71,56,56,71,71,65,71,71,71,52,57,65,65,75,79,85,85,85,85,85,85,85,85,85,75,73,82,85,85,85,85],"gold":222,"neow_bonus":"","is_daily":false,"chose_seed":false,"campfire_upgraded":6,"win_rate":0.0,"timestamp":1611067263,"path_taken":["M","?","M","?","M","R","M","E","T","?","E","M","E","?","R","BOSS","M","M","$","M","?","R","E","R","T","M","?","R","E","M","R","BOSS","M","M","?","?","M","E","R","E","T","E","?","R","E","M","R","BOSS","BOSS","R","$","E","BOSS"],"items_purchased_type":["Relic","Relic","Card","Relic","Relic","Card","Card","Relic","Relic","Card","Relic","Card","Relic","Relic","Relic","Relic","Relic","Relic","Relic","Card","Relic"],"build_version":"2020-12-22","purchased_purges":2,"victory":true,"max_hp_per_floor":[71,71,71,71,71,71,71,71,71,71,71,71,71,71,71,71,71,71,71,71,71,71,71,71,71,71,71,71,71,71,71,71,71,71,71,71,85,85,85,85,85,85,85,85,85,85,85,85,85,85,85,85,85,85,85,85],"relic_stats":{"counters":[143,722],"Astrolabe":["White Noise","Self Repair","Blizzard"],"Dead Branch":[7],"Eternal Feather":31,"Pen Nib":[21],"Bag of Preparation":[140],"Orichalcum":[360],"Boot":[55],"Cables":[244,127,104,13,0],"OrangePellets":[40],"Centennial Puzzle":[72],"Nunchaku":[17],"Mummified Hand":[159],"Shuriken":[19],"Tiny Chest":3,"MealTicket":0,"Kunai":[9],"obtain_stats":[{"Calipers":15,"Gremlin Horn":29,"Vajra":6,"Runic Capacitor":13,"Sling":0,"Boot":9,"Blood Vial":14,"Sozu":17,"Centennial Puzzle":0,"HornCleat":0,"Strawberry":11,"MealTicket":0,"Prayer Wheel":7,"Fusion Hammer":34,"Kunai":34,"Toxic Egg 2":0,"Girya":41,"Pear":7,"Happy Flower":7,"Dead Branch":26,"Astrolabe":34,"Blue Candle":10,"Oddly Smooth Stone":36,"Eternal Feather":11,"Pen Nib":0,"Letter Opener":0,"War Paint":46,"Question Card":9,"Akabeko":13,"Cables":0,"SlaversCollar":17,"OrangePellets":27,"Shuriken":40,"Bronze Scales":27,"Snecko Eye":17,"Pandora\u0027s Box":17,"Molten Egg 2":0,"StrikeDummy":13,"Meat on the Bone":10,"Pocketwatch":9,"Lantern":12,"Regal Pillow":0,"Singing Bowl":0,"StoneCalendar":46,"Mango":37,"Bag of Preparation":24,"Incense Burner":8,"Smiling Mask":26,"Cursed Key":17,"Frozen Eye":0,"Emotion Chip":6,"Nunchaku":9,"Dream Catcher":45,"Matryoshka":2,"Shovel":0,"Mummified Hand":48,"Pantograph":26,"Gambling Chip":39,"Tiny Chest":0,"WingedGreaves":34,"Red Mask":19,"Chemical X":0,"Cracked Core":0,"NeowsBlessing":0,"PreservedInsect":43,"Omamori":24,"Orichalcum":0,"Frozen Egg 2":30,"Medical Kit":0,"Mercury Hourglass":24,"Nuclear Battery":34,"Peace Pipe":12,"Calling Bell":34,"DataDisk":13,"Anchor":31,"Ornamental Fan":24,"Orrery":0,"Turnip":55,"Bag of Marbles":42,"Membership Card":0,"Bottled Lightning":20,"FossilizedHelix":29,"TungstenRod":0,"Toy Ornithopter":13},{"Calipers":61,"Gremlin Horn":15,"Vajra":57,"Runic Capacitor":39,"Sling":54,"Boot":58,"Blood Vial":7,"Sozu":41,"Centennial Puzzle":112,"HornCleat":30,"Strawberry":72,"MealTicket":30,"Prayer Wheel":35,"Fusion Hammer":48,"Kunai":105,"Toxic Egg 2":30,"Girya":22,"Pear":70,"Happy Flower":58,"Dead Branch":12,"Astrolabe":80,"Blue Candle":92,"Oddly Smooth Stone":19,"Eternal Feather":118,"Pen Nib":66,"Letter Opener":30,"War Paint":109,"Question Card":3,"Akabeko":94,"Cables":30,"SlaversCollar":8,"OrangePellets":101,"Shuriken":134,"Bronze Scales":12,"Snecko Eye":75,"Pandora\u0027s Box":95,"Molten Egg 2":112,"StrikeDummy":120,"Meat on the Bone":4,"Pocketwatch":91,"Lantern":72,"Regal Pillow":88,"Singing Bowl":54,"StoneCalendar":25,"Mango":132,"Bag of Preparation":76,"Incense Burner":117,"Smiling Mask":12,"Cursed Key":62,"Frozen Eye":112,"Emotion Chip":3,"Nunchaku":3,"Dream Catcher":24,"Matryoshka":1,"Shovel":54,"Mummified Hand":26,"Pantograph":46,"Gambling Chip":53,"Tiny Chest":112,"WingedGreaves":105,"Red Mask":43,"Chemical X":30,"Cracked Core":0,"NeowsBlessing":0,"PreservedInsect":84,"Omamori":100,"Orichalcum":88,"Frozen Egg 2":127,"Medical Kit":88,"Mercury Hourglass":12,"Nuclear Battery":18,"Peace Pipe":59,"Calling Bell":105,"DataDisk":39,"Anchor":104,"Ornamental Fan":45,"Orrery":66,"Turnip":29,"Bag of Marbles":135,"Membership Card":30,"Bottled Lightning":123,"FossilizedHelix":15,"TungstenRod":30,"Toy Ornithopter":73},{"Calipers":291,"Gremlin Horn":56,"Vajra":269,"Runic Capacitor":191,"Sling":259,"Boot":278,"Blood Vial":22,"Sozu":202,"Centennial Puzzle":549,"HornCleat":167,"Strawberry":351,"MealTicket":167,"Prayer Wheel":179,"Fusion Hammer":238,"Kunai":506,"Toxic Egg 2":167,"Girya":99,"Pear":341,"Happy Flower":278,"Dead Branch":48,"Astrolabe":400,"Blue Candle":444,"Oddly Smooth Stone":79,"Eternal Feather":570,"Pen Nib":327,"Letter Opener":167,"War Paint":524,"Question Card":3,"Akabeko":454,"Cables":167,"SlaversCollar":30,"OrangePellets":482,"Shuriken":642,"Bronze Scales":48,"Snecko Eye":370,"Pandora\u0027s Box":460,"Molten Egg 2":549,"StrikeDummy":576,"Meat on the Bone":9,"Pocketwatch":441,"Lantern":351,"Regal Pillow":432,"Singing Bowl":259,"StoneCalendar":116,"Mango":633,"Bag of Preparation":373,"Incense Burner":565,"Smiling Mask":48,"Cursed Key":302,"Frozen Eye":549,"Emotion Chip":3,"Nunchaku":3,"Dream Catcher":111,"Matryoshka":1,"Shovel":259,"Mummified Hand":126,"Pantograph":224,"Gambling Chip":257,"Tiny Chest":549,"WingedGreaves":506,"Red Mask":210,"Chemical X":167,"Cracked Core":0,"NeowsBlessing":0,"PreservedInsect":413,"Omamori":478,"Orichalcum":432,"Frozen Egg 2":603,"Medical Kit":432,"Mercury Hourglass":48,"Nuclear Battery":76,"Peace Pipe":283,"Calling Bell":506,"DataDisk":191,"Anchor":495,"Ornamental Fan":219,"Orrery":327,"Turnip":158,"Bag of Marbles":650,"Membership Card":167,"Bottled Lightning":587,"FossilizedHelix":56,"TungstenRod":167,"Toy Ornithopter":357}],"Toy Ornithopter":30},"card_choices":[{"not_picked":["Conserve Battery","Capacitor"],"picked":"Barrage+1","floor":1},{"not_picked":["Skim","Streamline+1","Double Energy"],"picked":"SKIP","floor":3},{"not_picked":["Steam","Ball Lightning+1"],"picked":"FTL+1","floor":5},{"not_picked":["Steam","Gash+1"],"picked":"Hologram","floor":7},{"not_picked":["Beam Cell+1","Hologram"],"picked":"Coolheaded","floor":8},{"not_picked":["Go for the Eyes+1","White Noise"],"picked":"Echo Form","floor":11},{"not_picked":["Tempest","Turbo"],"picked":"Undo","floor":12},{"not_picked":["Steam","Tempest"],"picked":"Stack","floor":13},{"not_picked":["All For One+1","Thunder Strike+1"],"picked":"Electrodynamics","floor":16},{"not_picked":["Gash+1","Cold Snap+1"],"picked":"Glacier","floor":18},{"not_picked":["Melter+1","Redo"],"picked":"Compile Driver+1","floor":19},{"not_picked":["White Noise","Stack"],"picked":"Skim+1","floor":21},{"not_picked":["Darkness","Leap"],"picked":"Stack+1","floor":24},{"not_picked":["Turbo","Blizzard+1","Aggregate"],"picked":"SKIP","floor":27},{"not_picked":["Scrape+1","Sweeping Beam+1","White Noise"],"picked":"SKIP","floor":30},{"not_picked":["Auto Shields+1","Steam"],"picked":"Coolheaded","floor":31},{"not_picked":["Rainbow","Reboot"],"picked":"Machine Learning+1","floor":33},{"not_picked":["Undo+1","Streamline+1","Stack"],"picked":"SKIP","floor":35},{"not_picked":["Stack","Steam"],"picked":"Go for the Eyes+1","floor":36},{"not_picked":["Chaos+1","Stack"],"picked":"Reinforced Body","floor":37},{"not_picked":["Barrage+1","Streamline+1"],"picked":"Coolheaded","floor":39},{"not_picked":["Redo","Auto Shields"],"picked":"Coolheaded","floor":40},{"not_picked":["Coolheaded","Reboot","Double Energy"],"picked":"SKIP","floor":42},{"not_picked":["Hologram","BootSequence+1","Compile Driver+1"],"picked":"SKIP","floor":44},{"not_picked":["Rebound+1","Go for the Eyes+1","Undo"],"picked":"SKIP","floor":45},{"not_picked":["Seek","Darkness"],"picked":"Capacitor+1","floor":47},{"not_picked":["Beam Cell+1","Conserve Battery+1","FTL+1"],"picked":"SKIP","floor":48},{"not_picked":["Cold Snap+1","Rebound+1"],"picked":"Consume","floor":55}],"player_experience":748450,"relics_obtained":[{"floor":8,"key":"Incense Burner"},{"floor":9,"key":"Mummified Hand"},{"floor":11,"key":"Eternal Feather"},{"floor":13,"key":"StrikeDummy"},{"floor":14,"key":"Nunchaku"},{"floor":24,"key":"MealTicket"},{"floor":30,"key":"Frozen Egg 2"},{"floor":37,"key":"Mango"},{"floor":38,"key":"Bag of Preparation"},{"floor":40,"key":"Shuriken"},{"floor":42,"key":"Bag of Marbles"},{"floor":44,"key":"Anchor"},{"floor":47,"key":"Boot"},{"floor":55,"key":"Dead Branch"}],"event_choices":[{"damage_healed":17,"gold_gain":0,"player_choice":"Healed","damage_taken":0,"max_hp_gain":0,"max_hp_loss":0,"event_name":"The Cleric","floor":2,"gold_loss":35},{"damage_healed":0,"gold_gain":0,"player_choice":"Grow","damage_taken":0,"max_hp_gain":0,"max_hp_loss":0,"event_name":"Living Wall","floor":4,"gold_loss":0,"cards_upgraded":["Apotheosis"]},{"damage_healed":0,"gold_gain":0,"player_choice":"Ignored","damage_taken":0,"max_hp_gain":0,"max_hp_loss":0,"event_name":"Liars Game","floor":10,"gold_loss":0},{"cards_removed":["Strike_B"],"damage_healed":0,"gold_gain":0,"player_choice":"Gave Gold","damage_taken":0,"max_hp_gain":0,"max_hp_loss":0,"event_name":"Beggar","floor":22,"gold_loss":75},{"damage_healed":0,"gold_gain":0,"player_choice":"Forge","damage_taken":0,"max_hp_gain":0,"max_hp_loss":0,"event_name":"Accursed Blacksmith","floor":28,"gold_loss":0,"cards_upgraded":["Undo"]},{"damage_healed":0,"gold_gain":0,"player_choice":"Fight","damage_taken":0,"max_hp_gain":0,"max_hp_loss":0,"event_name":"Mysterious Sphere","floor":37,"gold_loss":0}],"is_beta":false,"boss_relics":[{"not_picked":["Calling Bell","SacredBark"],"picked":"Astrolabe"},{"not_picked":["Black Star","Velvet Choker"],"picked":"Fusion Hammer"}],"items_purged_floors":[20,54],"is_endless":false,"potions_floor_spawned":[5,7,12,13,18,21,24,31,35,37,39,47,48],"ascension_level":20}}