{"host":"n91w9dq5l8qws978","time":1611081809,"event":{"mods":["BaseMod","Bestiary","Challenge The Spire","Custom Start","Defuse TimeMaze Blight","Keyboard Shortcuts","Minty Spire (QoL Compilation)","MonsterHotkey","Relic Stats","StSLib","Uncapped"],"gold_per_floor":[117,133,133,150,163,193,193,158,207,15,27,40,70,90,90,164,164,176,191,191,203,203,203],"floor_reached":22,"language":"ENG","playtime":985,"items_purged":[],"score":340,"play_id":"ad5b05ed-92f6-4acf-a052-fbad563bab3c","local_time":"20210119184329","is_ascension_mode":true,"campfire_choices":[{"data":"Neutralize","floor":7.0,"key":"SMITH"},{"data":"Mayhem","floor":15.0,"key":"SMITH"}],"circlet_count":0,"master_deck":["AscendersBane","Strike_G","Strike_G","Strike_G","Strike_G","Strike_G","Defend_G","Defend_G","Defend_G","Defend_G","Defend_G","Survivor+1","Neutralize+1","Deadly Poison","Dagger Spray+1","Deadly Poison","Dagger Throw","Tactician","Mayhem+1","Poisoned Stab","Bouncing Flask","Dagger Spray","Bane","Envenom","Dagger Throw","Acrobatics"],"relics":["Ring of the Snake","Mummified Hand","Bronze Scales","Happy Flower","HoveringKite"],"acts_visited":["Exordium","TheCity"],"potions_floor_usage":[19,21,22],"damage_taken":[{"damage":0.0,"enemies":"Cultist","floor":1.0,"turns":4.0},{"damage":2.0,"enemies":"Jaw Worm","floor":2.0,"turns":5.0},{"damage":0.0,"enemies":"2 Louse","floor":4.0,"turns":2.0},{"damage":0.0,"enemies":"Lots of Slimes","floor":5.0,"turns":1.0},{"damage":12.0,"enemies":"Gremlin Nob","floor":6.0,"turns":4.0},{"damage":0.0,"enemies":"3 Louse","floor":11.0,"turns":2.0},{"damage":4.0,"enemies":"2 Fungi Beasts","floor":12.0,"turns":3.0},{"damage":32.0,"enemies":"3 Sentries","floor":13.0,"turns":5.0},{"damage":7.0,"enemies":"Blue Slaver","floor":14.0,"turns":3.0},{"damage":22.0,"enemies":"Hexaghost","floor":16.0,"turns":8.0},{"damage":3,"enemies":"3 Byrds","floor":18,"turns":4},{"damage":18,"enemies":"2 Thieves","floor":19,"turns":3},{"damage":10,"enemies":"3 Cultists","floor":21,"turns":4},{"damage":27,"enemies":"Snake Plant","floor":22,"turns":2}],"seed_played":"4582242861562908514","potions_obtained":[{"floor":2.0,"key":"FairyPotion"},{"floor":11.0,"key":"Dexterity Potion"},{"floor":16.0,"key":"AttackPotion"},{"floor":19,"key":"Fire Potion"}],"is_trial":false,"path_per_floor":["M","M","?","M","M","E","R","?","T","$","M","M","E","M","R","B",null,"M","M","?","M","M"],"character_chosen":"THE_SILENT","items_purchased":["Mayhem"],"campfire_rested":0,"item_purchase_floors":[10],"current_hp_per_floor":[59,57,44,44,44,32,32,48,48,48,48,44,12,5,5,4,51,48,30,30,20,0,0],"gold":203,"neow_bonus":"THREE_CARDS","is_daily":false,"chose_seed":false,"campfire_upgraded":2,"win_rate":0.0,"timestamp":1611081809,"path_taken":["M","M","?","M","M","E","R","?","T","$","M","M","E","M","R","BOSS","M","M","?","M","?"],"items_purchased_type":["Card"],"build_version":"2020-12-22","purchased_purges":0,"victory":false,"max_hp_per_floor":[66,66,66,66,66,66,66,66,66,66,66,66,66,66,66,66,66,66,66,66,66,66,66],"relic_stats":{"Happy Flower":[8],"counters":[14,50],"Mummified Hand":[9],"Bronze Scales":[114],"HoveringKite":[5],"obtain_stats":[{"Happy Flower":13,"Mummified Hand":6,"Bronze Scales":9,"HoveringKite":17,"Ring of the Snake":0},{"Happy Flower":8,"Mummified Hand":5,"Bronze Scales":5,"HoveringKite":10,"Ring of the Snake":0},{"Happy Flower":26,"Mummified Hand":16,"Bronze Scales":16,"HoveringKite":37,"Ring of the Snake":0}],"Ring of the Snake":[28]},"card_choices":[{"not_picked":["Outmaneuver","Choke"],"picked":"Deadly Poison","floor":0.0},{"not_picked":["Slice","Flying Knee"],"picked":"Dagger Spray","floor":1.0},{"not_picked":["Sucker Punch","Catalyst"],"picked":"Deadly Poison","floor":2.0},{"not_picked":["Cloak And Dagger","Blade Dance","Underhanded Strike"],"picked":"SKIP","floor":4.0},{"not_picked":["Endless Agony","Expertise"],"picked":"Dagger Throw","floor":5.0},{"not_picked":["Night Terror","Quick Slash"],"picked":"Tactician","floor":6.0},{"not_picked":["Backstab","Blade Dance"],"picked":"Poisoned Stab","floor":11.0},{"not_picked":["Prepared","Eviscerate"],"picked":"Bouncing Flask","floor":12.0},{"not_picked":["Malaise","Sucker Punch"],"picked":"Dagger Spray","floor":13.0},{"not_picked":["Blade Dance","Blur"],"picked":"Bane","floor":14.0},{"not_picked":["Phantasmal Killer","Bullet Time"],"picked":"Envenom","floor":16.0},{"not_picked":["Terror","Outmaneuver+1"],"picked":"Dagger Throw","floor":18},{"not_picked":["Terror","Concentrate","Bane"],"picked":"SKIP","floor":19},{"not_picked":["Deflect","Dagger Spray"],"picked":"Acrobatics","floor":21}],"player_experience":397643,"relics_obtained":[{"floor":6.0,"key":"Mummified Hand"},{"floor":9.0,"key":"Bronze Scales"},{"floor":13.0,"key":"Happy Flower"}],"event_choices":[{"damage_healed":0.0,"max_hp_gain":0.0,"max_hp_loss":0.0,"gold_gain":0.0,"event_name":"Shining Light","player_choice":"Entered Light","floor":3.0,"gold_loss":0.0,"damage_taken":13.0,"cards_upgraded":["Dagger Spray","Survivor"]},{"damage_healed":16.0,"max_hp_gain":0.0,"max_hp_loss":0.0,"gold_gain":0.0,"event_name":"The Cleric","player_choice":"Healed","floor":8.0,"gold_loss":35.0,"damage_taken":0.0},{"damage_healed":0,"gold_gain":0,"player_choice":"Ignored","damage_taken":0,"max_hp_gain":0,"max_hp_loss":0,"event_name":"N\u0027loth","floor":20,"gold_loss":0}],"is_beta":false,"boss_relics":[{"not_picked":["Ring of the Serpent","Calling Bell"],"picked":"HoveringKite"}],"items_purged_floors":[],"is_endless":false,"potions_floor_spawned":[2,11,14,16,19],"killed_by":"Snake Plant","ascension_level":14}}