{"host":"78zdngn0u28jm0pp","time":1611094969,"event":{"mods":["BaseMod","Jorbs\u0027s Wanderer Trilogy","Minty Spire (QoL Compilation)","Permanent Neow","Quick Restart","Relic Stats","StSLib","Unceasing Turn Reminder"],"gold_per_floor":[115,115,131,147,166,199,199,231,255,284,303,303,336,355,355,452,452,468,168,188,201,213,213,247,260,260,293,293,293,307,332,332,434,434,453,73,90,106,106,131,131,164,191,210,24,39,69,89,89,89,89,89,9,41,41],"floor_reached":56,"language":"ENG","playtime":3671,"items_purged":["Strike_R"],"score":1602,"play_id":"2c9122f5-b1b1-4854-acc1-0418062f7e9e","local_time":"20210119152248","is_ascension_mode":true,"campfire_choices":[{"data":"Spot Weakness","floor":15,"key":"SMITH"},{"data":"Corruption","floor":23,"key":"SMITH"},{"data":"Dark Embrace","floor":28,"key":"SMITH"},{"data":"Barricade","floor":32,"key":"SMITH"},{"floor":49,"key":"RECALL"},{"data":"Evolve","floor":52,"key":"SMITH"}],"circlet_count":0,"master_deck":["Strike_R+1","Defend_R","Defend_R","Defend_R","Defend_R","Bash","Twin Strike","True Grit","Pommel Strike","Spot Weakness+1","Feel No Pain","Pummel","Pommel Strike","Corruption+1","Uppercut+1","Dark Embrace+1","Armaments+1","Disarm","Shrug It Off","Reckless Charge+1","Whirlwind+1","Shrug It Off","Barricade+1","Double Tap","Dropkick+1","Feel No Pain","Battle Trance","Immolate","Dark Embrace+1","Offering","Evolve+1","Dual Wield+1","Second Wind+1","Exhume"],"relics":["Burning Blood","Ancient Tea Set","Singing Bowl","Juzu Bracelet","Vajra","Dream Catcher","Orichalcum","SlaversCollar","Bag of Marbles","Mercury Hourglass","Omamori","Shuriken","Cursed Key","Medical Kit","WarpedTongs","Bird Faced Urn","Whetstone","Centennial Puzzle","Anchor","Ice Cream","Happy Flower"],"acts_visited":["Exordium","TheCity","TheBeyond","TheEnding"],"potions_floor_usage":[5,6,8,8,10,14,16,21,24,33,38,42,42,44,55,55,55,55,55],"damage_taken":[{"damage":12,"enemies":"Jaw Worm","floor":1,"turns":4},{"damage":1,"enemies":"Cultist","floor":3,"turns":4},{"damage":0,"enemies":"2 Louse","floor":4,"turns":3},{"damage":2,"enemies":"Gremlin Gang","floor":5,"turns":4},{"damage":35,"enemies":"3 Sentries","floor":6,"turns":7},{"damage":28,"enemies":"Lagavulin","floor":8,"turns":5},{"damage":3,"enemies":"Gremlin Nob","floor":10,"turns":3},{"damage":0,"enemies":"Large Slime","floor":11,"turns":4},{"damage":9,"enemies":"3 Sentries","floor":13,"turns":7},{"damage":4,"enemies":"Exordium Thugs","floor":14,"turns":2},{"damage":9,"enemies":"Hexaghost","floor":16,"turns":7},{"damage":20,"enemies":"Shell Parasite","floor":18,"turns":5},{"damage":9,"enemies":"Chosen","floor":20,"turns":4},{"damage":17,"enemies":"Snake Plant","floor":21,"turns":4},{"damage":8,"enemies":"Snecko","floor":22,"turns":5},{"damage":8,"enemies":"Gremlin Leader","floor":24,"turns":5},{"damage":19,"enemies":"Chosen and Byrds","floor":25,"turns":7},{"damage":10,"enemies":"Book of Stabbing","floor":27,"turns":5},{"damage":6,"enemies":"Centurion and Healer","floor":30,"turns":5},{"damage":1,"enemies":"Slavers","floor":31,"turns":2},{"damage":15,"enemies":"Collector","floor":33,"turns":6},{"damage":3,"enemies":"3 Shapes","floor":35,"turns":4},{"damage":11,"enemies":"Orb Walker","floor":37,"turns":4},{"damage":35,"enemies":"Writhing Mass","floor":38,"turns":7},{"damage":20,"enemies":"Reptomancer","floor":40,"turns":4},{"damage":22,"enemies":"Nemesis","floor":42,"turns":5},{"damage":6,"enemies":"3 Darklings","floor":44,"turns":3},{"damage":12,"enemies":"Sphere and 2 Shapes","floor":46,"turns":4},{"damage":6,"enemies":"Reptomancer","floor":47,"turns":4},{"damage":0,"enemies":"4 Shapes","floor":48,"turns":1},{"damage":6,"enemies":"Donu and Deca","floor":50,"turns":6},{"damage":46,"enemies":"Shield and Spear","floor":54,"turns":5},{"damage":60,"enemies":"The Heart","floor":55,"turns":6}],"seed_played":"-2047570591080131269","potions_obtained":[{"floor":4,"key":"BlessingOfTheForge"},{"floor":5,"key":"SteroidPotion"},{"floor":7,"key":"Ancient Potion"},{"floor":7,"key":"Strength Potion"},{"floor":7,"key":"Swift Potion"},{"floor":8,"key":"DistilledChaos"},{"floor":13,"key":"Fire Potion"},{"floor":14,"key":"SkillPotion"},{"floor":20,"key":"Weak Potion"},{"floor":22,"key":"Regen Potion"},{"floor":25,"key":"GamblersBrew"},{"floor":30,"key":"Dexterity Potion"},{"floor":35,"key":"BloodPotion"},{"floor":38,"key":"PowerPotion"},{"floor":42,"key":"EssenceOfSteel"},{"floor":47,"key":"Dexterity Potion"},{"floor":48,"key":"PowerPotion"},{"floor":54,"key":"EntropicBrew"}],"is_trial":false,"path_per_floor":["M","?","M","M","M","E","?","E","T","E","M","?","E","M","R","B",null,"M","$","M","M","M","R","E","M","T","E","R","?","M","E","R","B",null,"M","$","M","M","?","E","?","E","T","M","$","M","E","M","R","B",null,"R","$","E","B",null],"character_chosen":"IRONCLAD","items_purchased":["Dark Embrace","Bag of Marbles","Medical Kit","Feel No Pain","Battle Trance","Immolate","Evolve","Anchor","Exhume"],"campfire_rested":0,"item_purchase_floors":[19,19,36,36,36,36,45,45,53],"current_hp_per_floor":[74,74,79,80,80,51,51,31,31,36,44,44,41,43,43,40,86,72,72,69,58,56,56,70,57,57,53,53,53,53,58,58,49,88,88,88,83,73,73,61,61,59,59,67,67,71,85,93,93,96,96,96,96,68,30],"gold":41,"neow_bonus":"RANDOM_COMMON_RELIC","is_daily":false,"chose_seed":false,"campfire_upgraded":5,"win_rate":0.0,"timestamp":1611094968,"path_taken":["M","?","?","M","M","E","?","E","T","E","M","?","E","M","R","BOSS","M","$","M","M","M","R","E","M","T","E","R","?","M","E","R","BOSS","M","$","M","M","?","E","?","E","T","M","$","M","E","M","R","BOSS","R","$","E","BOSS"],"items_purchased_type":["Card","Relic","Relic","Card","Card","Card","Card","Relic","Card"],"build_version":"2020-12-22","purchased_purges":1,"victory":true,"max_hp_per_floor":[80,80,80,80,80,80,80,82,82,84,86,86,86,86,86,86,86,86,86,86,86,86,86,88,88,88,88,88,88,88,88,88,88,88,88,88,88,90,90,92,92,92,92,94,94,96,96,96,96,96,96,96,96,98,98],"relic_stats":{"Singing Bowl":18,"Happy Flower":[2],"counters":[33,150],"Juzu Bracelet":2,"Whetstone":["Strike_R","Reckless Charge"],"Orichalcum":[126],"Cursed Key":1,"Medical Kit":[51],"Burning Blood":180,"Mercury Hourglass":[324],"WarpedTongs":[33],"Dream Catcher":0,"Centennial Puzzle":[13],"Shuriken":[34],"Bird Faced Urn":[79],"obtain_stats":[{"Ice Cream":47,"Singing Bowl":6,"Happy Flower":54,"Vajra":9,"Juzu Bracelet":8,"Omamori":27,"Whetstone":42,"Orichalcum":13,"Ancient Tea Set":0,"Cursed Key":34,"Medical Kit":36,"Burning Blood":0,"Mercury Hourglass":24,"WarpedTongs":39,"SlaversCollar":17,"Dream Catcher":10,"Centennial Puzzle":43,"Anchor":45,"Shuriken":31,"Bird Faced Urn":40,"Bag of Marbles":19},{"Ice Cream":29,"Singing Bowl":5,"Happy Flower":32,"Vajra":6,"Juzu Bracelet":6,"Omamori":18,"Whetstone":26,"Orichalcum":9,"Ancient Tea Set":0,"Cursed Key":21,"Medical Kit":22,"Burning Blood":0,"Mercury Hourglass":16,"WarpedTongs":24,"SlaversCollar":11,"Dream Catcher":7,"Centennial Puzzle":26,"Anchor":27,"Shuriken":20,"Bird Faced Urn":25,"Bag of Marbles":12},{"Ice Cream":132,"Singing Bowl":22,"Happy Flower":144,"Vajra":27,"Juzu Bracelet":27,"Omamori":85,"Whetstone":122,"Orichalcum":41,"Ancient Tea Set":0,"Cursed Key":98,"Medical Kit":102,"Burning Blood":0,"Mercury Hourglass":73,"WarpedTongs":113,"SlaversCollar":50,"Dream Catcher":30,"Centennial Puzzle":122,"Anchor":125,"Shuriken":92,"Bird Faced Urn":117,"Bag of Marbles":55}]},"card_choices":[{"not_picked":["Cleave","Heavy Blade","Entrench"],"picked":"SKIP","floor":1},{"not_picked":["Heavy Blade","Entrench"],"picked":"Twin Strike","floor":3},{"not_picked":["Iron Wave","Power Through"],"picked":"True Grit","floor":4},{"not_picked":["Sentinel","Cleave"],"picked":"Pommel Strike","floor":5},{"not_picked":["Wild Strike","Pommel Strike"],"picked":"Spot Weakness","floor":6},{"not_picked":["Cleave","Clash","Sentinel"],"picked":"Singing Bowl","floor":8},{"not_picked":["Fiend Fire","Dropkick","Twin Strike"],"picked":"Singing Bowl","floor":10},{"not_picked":["Dropkick","Metallicize","Twin Strike"],"picked":"Singing Bowl","floor":11},{"not_picked":["Headbutt","Reckless Charge"],"picked":"Pummel","floor":13},{"not_picked":["Pummel","Clash"],"picked":"Pommel Strike","floor":14},{"not_picked":["Double Tap","Bludgeon"],"picked":"Corruption","floor":16},{"not_picked":["Infernal Blade","Metallicize"],"picked":"Uppercut+1","floor":18},{"not_picked":["Carnage","Anger"],"picked":"Armaments+1","floor":20},{"not_picked":["Fire Breathing","Rupture+1"],"picked":"Disarm","floor":21},{"not_picked":["Uppercut+1","Thunderclap+1"],"picked":"Shrug It Off","floor":22},{"not_picked":["Body Slam","Combust","Reaper"],"picked":"Singing Bowl","floor":24},{"not_picked":["Power Through","Wild Strike"],"picked":"Reckless Charge","floor":25},{"not_picked":["Body Slam","Heavy Blade+1"],"picked":"Whirlwind+1","floor":27},{"not_picked":["Armaments","Twin Strike"],"picked":"Shrug It Off","floor":30},{"not_picked":["Flame Barrier+1","Exhume"],"picked":"Barricade","floor":31},{"not_picked":["Barricade","Exhume"],"picked":"Double Tap","floor":33},{"not_picked":["Rampage+1","Thunderclap"],"picked":"Dropkick+1","floor":35},{"not_picked":["Armaments","Rupture+1"],"picked":"Dark Embrace+1","floor":37},{"not_picked":["Intimidate","Iron Wave","Anger"],"picked":"Singing Bowl","floor":38},{"not_picked":["Flex","Feed","Battle Trance+1"],"picked":"Singing Bowl","floor":40},{"not_picked":["Infernal Blade+1","Clothesline+1"],"picked":"Offering","floor":42},{"not_picked":["Twin Strike+1","Armaments+1","Anger+1"],"picked":"Singing Bowl","floor":44},{"not_picked":["True Grit","Sever Soul","Iron Wave"],"picked":"Singing Bowl","floor":46},{"not_picked":["Clothesline","Iron Wave"],"picked":"Dual Wield+1","floor":47},{"not_picked":["Body Slam","Anger"],"picked":"Second Wind+1","floor":48},{"not_picked":["Shockwave","Juggernaut","Blood for Blood"],"picked":"Singing Bowl","floor":54}],"player_experience":775807,"relics_obtained":[{"floor":6,"key":"Singing Bowl"},{"floor":8,"key":"Juzu Bracelet"},{"floor":9,"key":"Vajra"},{"floor":10,"key":"Dream Catcher"},{"floor":13,"key":"Orichalcum"},{"floor":24,"key":"Mercury Hourglass"},{"floor":27,"key":"Omamori"},{"floor":31,"key":"Shuriken"},{"floor":40,"key":"Bird Faced Urn"},{"floor":42,"key":"Whetstone"},{"floor":43,"key":"Centennial Puzzle"},{"floor":47,"key":"Ice Cream"},{"floor":54,"key":"Happy Flower"}],"event_choices":[{"cards_removed":["Strike_R"],"damage_healed":0,"gold_gain":0,"player_choice":"Purged","damage_taken":0,"max_hp_gain":0,"max_hp_loss":0,"event_name":"Purifier","floor":2,"gold_loss":0},{"damage_healed":0,"gold_gain":0,"player_choice":"Got Potions","damage_taken":0,"max_hp_gain":0,"max_hp_loss":0,"event_name":"Lab","floor":7,"gold_loss":0},{"damage_healed":0,"gold_gain":0,"cards_transformed":["Strike_R"],"player_choice":"Change","damage_taken":0,"max_hp_gain":0,"max_hp_loss":0,"event_name":"Living Wall","floor":12,"gold_loss":0,"cards_obtained":["Feel No Pain"]},{"cards_removed":["Strike_R"],"damage_healed":0,"gold_gain":0,"player_choice":"Offered Basic","damage_taken":0,"max_hp_gain":0,"max_hp_loss":0,"event_name":"Bonfire Elementals","floor":29,"gold_loss":0},{"damage_healed":0,"gold_gain":0,"player_choice":"Rummage","damage_taken":0,"relics_obtained":["WarpedTongs"],"max_hp_gain":0,"max_hp_loss":0,"event_name":"Accursed Blacksmith","floor":39,"gold_loss":0,"cards_obtained":["Pain"]},{"damage_healed":0,"gold_gain":0,"player_choice":"Ignored","damage_taken":0,"max_hp_gain":0,"max_hp_loss":0,"event_name":"Tomb of Lord Red Mask","floor":41,"gold_loss":0}],"is_beta":false,"boss_relics":[{"not_picked":["Runic Cube","Astrolabe"],"picked":"SlaversCollar"},{"not_picked":["Runic Pyramid","Busted Crown"],"picked":"Cursed Key"}],"items_purged_floors":[19],"is_endless":false,"potions_floor_spawned":[4,5,8,13,14,20,22,25,30,35,38,42,47,48,54],"ascension_level":4}}