{"host":"640uue19m79c7wbt","time":1611019036,"event":{"mods":["BaseMod","Colored Map","Googly Eyes","Highlight Path","Minty Spire (QoL Compilation)","Quick Restart","StSLib"],"gold_per_floor":[117,117,8,8,18,18,52,28,28,28,28,55,55,74,74,147,147,161,161,161,86,4,4,4],"floor_reached":23,"language":"ENG","playtime":542,"items_purged":["Strike_G"],"score":371,"play_id":"d9a0029b-4e32-43e5-9729-74c3ef9a2dee","local_time":"20210118201716","is_ascension_mode":true,"campfire_choices":[{"data":"Distraction","floor":6.0,"key":"SMITH"},{"data":"Die Die Die","floor":10.0,"key":"SMITH"},{"data":"Blade Dance","floor":13.0,"key":"SMITH"},{"data":"Caltrops","floor":15.0,"key":"SMITH"}],"circlet_count":0,"master_deck":["AscendersBane","Strike_G","Strike_G","Strike_G+1","Defend_G","Defend_G","Defend_G","Defend_G","Defend_G","Survivor+1","Neutralize","Blade Dance+1","Distraction+1","Accuracy+1","PiercingWail","Die Die Die+1","Dagger Throw","Caltrops+1","Die Die Die","Night Terror","Bouncing Flask","Enlightenment"],"relics":["Ring of the Snake","NeowsBlessing","Pear","Bottled Tornado","Smiling Mask","HoveringKite","MutagenicStrength","Nunchaku"],"acts_visited":["Exordium","TheCity"],"potions_floor_usage":[],"damage_taken":[{"damage":0.0,"enemies":"Cultist","floor":1.0,"turns":1.0},{"damage":0.0,"enemies":"Small Slimes","floor":5.0,"turns":1.0},{"damage":0.0,"enemies":"Gremlin Nob","floor":7.0,"turns":1.0},{"damage":3.0,"enemies":"3 Sentries","floor":12.0,"turns":5.0},{"damage":0.0,"enemies":"2 Louse","floor":14.0,"turns":3.0},{"damage":33.0,"enemies":"The Guardian","floor":16.0,"turns":8.0},{"damage":0.0,"enemies":"3 Byrds","floor":18.0,"turns":2.0},{"damage":69,"enemies":"Gremlin Leader","floor":23,"turns":5}],"seed_played":"7512033335522114219","potions_obtained":[{"floor":7.0,"key":"EssenceOfSteel"},{"floor":16.0,"key":"Ancient Potion"}],"is_trial":false,"path_per_floor":["M","?","$","?","M","R","E","$","T","R","?","E","R","M","R","B",null,"M","?","?","?","$","E"],"character_chosen":"THE_SILENT","items_purchased":["Accuracy","Dagger Throw","Enlightenment"],"campfire_rested":0,"item_purchase_floors":[3,8,22],"current_hp_per_floor":[59,59,59,59,59,59,69,69,69,69,54,51,51,51,51,18,62,62,62,62,62,62,0,0],"gold":4,"neow_bonus":"THREE_ENEMY_KILL","is_daily":false,"chose_seed":false,"campfire_upgraded":4,"win_rate":0.0,"timestamp":1611019036,"path_taken":["M","?","?","?","?","R","E","?","T","R","?","E","R","M","R","BOSS","M","?","?","?","$","E"],"items_purchased_type":["Card","Card","Card"],"build_version":"2020-12-22","purchased_purges":1,"victory":false,"max_hp_per_floor":[66,66,66,66,66,66,76,76,76,76,76,76,76,76,76,76,76,76,76,76,76,76,76,76],"card_choices":[{"not_picked":["Poisoned Stab","Deadly Poison"],"picked":"Blade Dance","floor":1.0},{"not_picked":["Deadly Poison","Backflip"],"picked":"PiercingWail","floor":5.0},{"not_picked":["Eviscerate","Prepared"],"picked":"Die Die Die","floor":7.0},{"not_picked":["Quick Slash","Prepared"],"picked":"Caltrops","floor":12.0},{"not_picked":["Deflect","Dagger Spray"],"picked":"Die Die Die","floor":14.0},{"not_picked":["A Thousand Cuts","Venomology"],"picked":"Night Terror","floor":16.0},{"not_picked":["Outmaneuver","Quick Slash"],"picked":"Bouncing Flask","floor":18.0}],"player_experience":614632,"relics_obtained":[{"floor":7.0,"key":"Pear"},{"floor":9.0,"key":"Bottled Tornado"},{"floor":12.0,"key":"Smiling Mask"}],"event_choices":[{"damage_healed":0.0,"max_hp_gain":0.0,"max_hp_loss":0.0,"gold_gain":0.0,"cards_transformed":["Strike_G"],"event_name":"Transmorgrifier","player_choice":"Transformed","floor":2.0,"gold_loss":0.0,"damage_taken":0.0,"cards_obtained":["Distraction"]},{"damage_healed":0.0,"max_hp_gain":0.0,"max_hp_loss":0.0,"gold_gain":0.0,"event_name":"Accursed Blacksmith","player_choice":"Forge","floor":4.0,"gold_loss":0.0,"damage_taken":0.0,"cards_upgraded":["Accuracy"]},{"damage_healed":0.0,"max_hp_gain":0.0,"max_hp_loss":0.0,"gold_gain":0.0,"event_name":"Shining Light","player_choice":"Entered Light","floor":11.0,"gold_loss":0.0,"damage_taken":15.0,"cards_upgraded":["Survivor","Strike_G"]},{"damage_healed":0.0,"max_hp_gain":0.0,"max_hp_loss":0.0,"gold_gain":0.0,"event_name":"Drug Dealer","player_choice":"Inject Mutagens","floor":19.0,"gold_loss":0.0,"damage_taken":0.0,"relics_obtained":["MutagenicStrength"]},{"damage_healed":0.0,"max_hp_gain":0.0,"max_hp_loss":0.0,"gold_gain":0.0,"event_name":"Addict","player_choice":"Stole Relic","floor":20.0,"gold_loss":0.0,"damage_taken":0.0,"relics_obtained":["Nunchaku"],"cards_obtained":["Shame"]},{"cards_removed":["Shame"],"damage_healed":0.0,"max_hp_gain":0.0,"max_hp_loss":0.0,"gold_gain":0.0,"event_name":"Beggar","player_choice":"Gave Gold","floor":21.0,"gold_loss":75.0,"damage_taken":0.0}],"is_beta":false,"boss_relics":[{"not_picked":["Velvet Choker","Runic Pyramid"],"picked":"HoveringKite"}],"items_purged_floors":[3],"is_endless":false,"potions_floor_spawned":[7,16],"killed_by":"Gremlin Leader","ascension_level":14}}