{"host":"szp1d6dso4pv7ddl","time":1611014688,"event":{"mods":["AchievementEnabler","Alarm Clock","BaseMod","Bestiary","Block Reminder","Colored Map","Colored Powertips","Curses Come First","Dark Map","Displayed Cursed Tome","Highlight Path","Minty Spire (QoL Compilation)","Permanent Neow","Quick Restart","Relic Sorter","Relic Stats","StSLib","Synergy Search"],"gold_per_floor":[117,117,140,30,30,30,59,79,79,79,8,25,43,94,94,170,170,187,187,170,1,1,1],"floor_reached":22,"language":"ENG","playtime":749,"items_purged":["Defend_R","Strike_R"],"score":352,"play_id":"befe7e03-1339-40d1-b175-59a3aa61f9de","local_time":"20210118160448","is_ascension_mode":true,"campfire_choices":[{"data":"Bash","floor":6,"key":"SMITH"},{"data":"Barricade","floor":10,"key":"SMITH"},{"data":"Hemokinesis","floor":15,"key":"SMITH"}],"circlet_count":0,"master_deck":["AscendersBane","Strike_R","Strike_R","Strike_R","Strike_R","Defend_R","Defend_R","Defend_R","Bash+1","Hemokinesis+1","Barricade+1","Sword Boomerang","Rage","Disarm","Hemokinesis+1","Offering","Seeing Red","Ghostly Armor"],"relics":["Burning Blood","PreservedInsect","Tiny Chest","Red Skull","Paper Frog","Gambling Chip","Strawberry","Black Star"],"acts_visited":["Exordium","TheCity"],"potions_floor_usage":[],"damage_taken":[{"damage":13,"enemies":"Small Slimes","floor":1,"turns":5},{"damage":2,"enemies":"Gremlin Nob","floor":7,"turns":2},{"damage":2,"enemies":"Jaw Worm","floor":8,"turns":1},{"damage":2,"enemies":"Cultist","floor":12,"turns":4},{"damage":14,"enemies":"Looter","floor":13,"turns":3},{"damage":30,"enemies":"Slime Boss","floor":16,"turns":6},{"damage":31,"enemies":"Spheric Guardian","floor":18,"turns":4},{"damage":25,"enemies":"2 Thieves","floor":20,"turns":4},{"damage":24,"enemies":"Centurion and Healer","floor":22,"turns":2}],"seed_played":"-7851903950211386341","potions_obtained":[{"floor":8,"key":"Ancient Potion"},{"floor":12,"key":"SpeedPotion"}],"is_trial":false,"path_per_floor":["M","?","T","$","?","R","E","M","T","R","$","M","M","T","R","B",null,"M","?","M","$","M"],"character_chosen":"IRONCLAD","items_purchased":["Hemokinesis","Rage","Ghostly Armor"],"campfire_rested":0,"item_purchase_floors":[4,11,21],"current_hp_per_floor":[61,43,43,43,43,43,47,51,51,51,51,55,47,54,54,30,69,44,38,19,19,0,0],"gold":1,"neow_bonus":"RANDOM_COMMON_RELIC","is_daily":false,"chose_seed":false,"campfire_upgraded":3,"win_rate":0.0,"timestamp":1611014688,"path_taken":["M","?","?","$","?","R","E","M","T","R","$","?","M","?","R","BOSS","M","?","M","$","M"],"items_purchased_type":["Card","Card","Card"],"build_version":"2020-12-22","purchased_purges":2,"victory":false,"max_hp_per_floor":[75,75,75,75,75,75,75,75,75,75,75,75,75,82,82,82,82,82,82,82,82,82,82],"relic_stats":{"counters":[9,31],"Gambling Chip":[20],"Tiny Chest":1,"PreservedInsect":22,"Black Star":0,"obtain_stats":[{"Gambling Chip":9,"Strawberry":14,"Tiny Chest":2,"PreservedInsect":0,"Black Star":17,"Burning Blood":0,"Red Skull":3,"Paper Frog":7},{"Gambling Chip":3,"Strawberry":5,"Tiny Chest":1,"PreservedInsect":0,"Black Star":6,"Burning Blood":0,"Red Skull":1,"Paper Frog":2},{"Gambling Chip":8,"Strawberry":15,"Tiny Chest":5,"PreservedInsect":0,"Black Star":21,"Burning Blood":0,"Red Skull":5,"Paper Frog":7}],"Burning Blood":48},"card_choices":[{"not_picked":["True Grit","Entrench","Blood for Blood"],"picked":"SKIP","floor":1},{"not_picked":["True Grit","Armaments"],"picked":"Barricade","floor":7},{"not_picked":["Headbutt","Twin Strike"],"picked":"Sword Boomerang","floor":8},{"not_picked":["Burning Pact","Pommel Strike"],"picked":"Disarm","floor":12},{"not_picked":["Clothesline","Power Through"],"picked":"Hemokinesis","floor":13},{"not_picked":["Brutality","Immolate"],"picked":"Offering","floor":16},{"not_picked":["Wild Strike","Havoc","Rampage+1"],"picked":"SKIP","floor":18},{"not_picked":["Clash+1","Clothesline"],"picked":"Seeing Red","floor":20}],"player_experience":1221688,"relics_obtained":[{"floor":3,"key":"Red Skull"},{"floor":7,"key":"Paper Frog"},{"floor":9,"key":"Gambling Chip"},{"floor":14,"key":"Strawberry"}],"event_choices":[{"damage_healed":0,"gold_gain":0,"player_choice":"Success","damage_taken":18,"relics_obtained":["Tiny Chest"],"max_hp_gain":0,"max_hp_loss":0,"event_name":"Scrap Ooze","floor":2,"gold_loss":0},{"damage_healed":0,"gold_gain":0,"player_choice":"Upgraded","damage_taken":0,"max_hp_gain":0,"max_hp_loss":0,"event_name":"Upgrade Shrine","floor":5,"gold_loss":0,"cards_upgraded":["Hemokinesis"]},{"damage_healed":0,"gold_gain":0,"player_choice":"","damage_taken":6,"max_hp_gain":0,"max_hp_loss":0,"event_name":"Knowing Skull","floor":19,"potions_obtained":[],"gold_loss":0,"cards_obtained":[]}],"is_beta":false,"boss_relics":[{"not_picked":["Calling Bell","Ectoplasm"],"picked":"Black Star"}],"items_purged_floors":[4,21],"is_endless":false,"potions_floor_spawned":[8,12,20],"killed_by":"Centurion and Healer","ascension_level":14}}