{"host":"i7jfea87xc8lz16p","time":1611072223,"event":{"mods":["AchievementEnabler","BaseMod","Colored Powertips","Minty Spire (QoL Compilation)","Relic Stats"],"gold_per_floor":[117,117,132,179,15,48,68,68,68,68,79,92,92,132,132,222,222,236,126,147,166,191,226,251,251,319,355,86,126,1,20,20,116,116,135,159,159,159],"floor_reached":37,"language":"ENG","playtime":2139,"items_purged":["Strike_G","Shame","Strike_G"],"score":892,"play_id":"b7bde850-2f3e-4838-aa52-7d1d8250be9c","local_time":"20210119170343","is_ascension_mode":true,"campfire_choices":[{"data":"Noxious Fumes","floor":8,"key":"SMITH"},{"data":"Leg Sweep","floor":10,"key":"SMITH"},{"floor":15,"key":"REST"},{"floor":25,"key":"REST"},{"floor":32,"key":"REST"}],"circlet_count":0,"master_deck":["AscendersBane","Strike_G","Strike_G","Defend_G","Defend_G","Defend_G+1","Defend_G","Defend_G","Survivor","Neutralize","Dagger Throw","Noxious Fumes+1","Leg Sweep+1","All Out Attack","Poisoned Stab","Bouncing Flask","Footwork","Tools of the Trade","Deadly Poison","Well Laid Plans","Footwork+1","Quick Slash","Noxious Fumes+1","Corpse Explosion","Blur"],"relics":["Ring of the Snake","NeowsBlessing","Happy Flower","Oddly Smooth Stone","Golden Idol","Blood Vial","Cursed Key","Art of War","HornCleat","Pear","TwistedFunnel","Red Mask","Black Star"],"acts_visited":["Exordium","TheCity","TheBeyond"],"potions_floor_usage":[14,27,29,29],"damage_taken":[{"damage":0,"enemies":"Cultist","floor":1,"turns":1},{"damage":0,"enemies":"Jaw Worm","floor":3,"turns":1},{"damage":0,"enemies":"Lagavulin","floor":6,"turns":1},{"damage":4,"enemies":"Small Slimes","floor":7,"turns":4},{"damage":0,"enemies":"Looter","floor":11,"turns":4},{"damage":9,"enemies":"Red Slaver","floor":12,"turns":4},{"damage":21,"enemies":"3 Sentries","floor":14,"turns":8},{"damage":7,"enemies":"Slime Boss","floor":16,"turns":11},{"damage":0,"enemies":"Spheric Guardian","floor":18,"turns":6},{"damage":22,"enemies":"3 Byrds","floor":20,"turns":5},{"damage":14,"enemies":"Centurion and Healer","floor":21,"turns":9},{"damage":0,"enemies":"Cultist and Chosen","floor":22,"turns":7},{"damage":1,"enemies":"Book of Stabbing","floor":23,"turns":8},{"damage":10,"enemies":"Snake Plant","floor":24,"turns":5},{"damage":23,"enemies":"Gremlin Leader","floor":27,"turns":7},{"damage":26,"enemies":"Masked Bandits","floor":29,"turns":4},{"damage":2,"enemies":"3 Cultists","floor":31,"turns":5},{"damage":29,"enemies":"Automaton","floor":33,"turns":10},{"damage":8,"enemies":"3 Shapes","floor":35,"turns":3},{"damage":14,"enemies":"3 Darklings","floor":36,"turns":4},{"damage":42,"enemies":"Spire Growth","floor":37,"turns":5}],"seed_played":"-5903925216662532085","potions_obtained":[{"floor":3,"key":"LiquidBronze"},{"floor":7,"key":"LiquidMemories"},{"floor":12,"key":"SkillPotion"},{"floor":16,"key":"Dexterity Potion"},{"floor":27,"key":"Weak Potion"}],"is_trial":false,"path_per_floor":["M","?","M","T","$","E","M","R","T","R","M","M","?","E","R","B",null,"M","?","M","M","M","E","M","R","T","E","$","?","$","M","R","B",null,"M","M","M"],"character_chosen":"THE_SILENT","items_purchased":["Leg Sweep","TwistedFunnel"],"campfire_rested":3,"item_purchase_floors":[5,28],"current_hp_per_floor":[59,64,64,64,64,64,60,60,60,60,60,51,51,30,49,44,59,61,61,41,29,31,32,24,43,43,32,32,8,8,8,30,3,56,50,38,0,0],"gold":159,"neow_bonus":"THREE_ENEMY_KILL","is_daily":false,"chose_seed":false,"campfire_upgraded":2,"win_rate":0.0,"timestamp":1611072223,"path_taken":["M","?","M","?","$","E","M","R","T","R","M","M","?","E","R","BOSS","M","?","?","M","M","E","M","R","T","E","$","?","$","M","R","BOSS","M","M","M"],"items_purchased_type":["Card","Relic"],"build_version":"2020-12-22","purchased_purges":3,"victory":false,"max_hp_per_floor":[66,71,71,71,71,71,71,71,71,71,71,71,64,64,64,64,64,64,64,64,64,64,64,64,64,64,74,74,74,74,74,74,74,74,74,74,74,74],"relic_stats":{"Blood Vial":28,"Happy Flower":[36],"counters":[21,112],"Golden Idol":101,"Art of War":[3],"Black Star":0,"Cursed Key":1,"obtain_stats":[{"TwistedFunnel":28,"Pear":27,"NeowsBlessing":0,"Happy Flower":4,"Golden Idol":13,"Oddly Smooth Stone":9,"Cursed Key":17,"Blood Vial":14,"HornCleat":26,"Art of War":23,"Red Mask":29,"Black Star":34,"Ring of the Snake":0},{"TwistedFunnel":15,"Pear":15,"NeowsBlessing":0,"Happy Flower":2,"Golden Idol":6,"Oddly Smooth Stone":4,"Cursed Key":8,"Blood Vial":7,"HornCleat":14,"Art of War":13,"Red Mask":16,"Black Star":18,"Ring of the Snake":0},{"TwistedFunnel":81,"Pear":81,"NeowsBlessing":0,"Happy Flower":2,"Golden Idol":15,"Oddly Smooth Stone":7,"Cursed Key":34,"Blood Vial":23,"HornCleat":74,"Art of War":69,"Red Mask":85,"Black Star":100,"Ring of the Snake":0}],"Ring of the Snake":[42]},"card_choices":[{"not_picked":["Dodge and Roll","Bane"],"picked":"Dagger Throw","floor":1},{"not_picked":["Dagger Throw","Predator"],"picked":"Noxious Fumes","floor":3},{"not_picked":["Dodge and Roll","Dagger Throw"],"picked":"All Out Attack","floor":6},{"not_picked":["Dagger Spray","Acrobatics"],"picked":"Poisoned Stab","floor":7},{"not_picked":["Poisoned Stab","Flying Knee"],"picked":"Bouncing Flask","floor":11},{"not_picked":["Outmaneuver","Masterful Stab"],"picked":"Footwork","floor":12},{"not_picked":["Outmaneuver","Backstab","Accuracy"],"picked":"SKIP","floor":14},{"not_picked":["After Image","Unload"],"picked":"Tools of the Trade","floor":16},{"not_picked":["Concentrate","Flying Knee"],"picked":"Deadly Poison","floor":18},{"not_picked":["Sucker Punch","Skewer"],"picked":"Well Laid Plans","floor":20},{"not_picked":["Quick Slash+1","Bane"],"picked":"Footwork+1","floor":21},{"not_picked":["Acrobatics","Slice"],"picked":"Quick Slash","floor":22},{"not_picked":["Phantasmal Killer","Leg Sweep"],"picked":"Noxious Fumes+1","floor":23},{"not_picked":["Quick Slash+1","Slice","Distraction+1"],"picked":"SKIP","floor":24},{"not_picked":["Dagger Spray","Slice","Cloak And Dagger"],"picked":"SKIP","floor":27},{"not_picked":["Dagger Spray","Glass Knife","Deadly Poison"],"picked":"SKIP","floor":31},{"not_picked":["Bullet Time","Die Die Die"],"picked":"Corpse Explosion","floor":33},{"not_picked":["Slice","Quick Slash+1","All Out Attack+1"],"picked":"SKIP","floor":35},{"not_picked":["Underhanded Strike","Well Laid Plans"],"picked":"Blur","floor":36}],"player_experience":1817799,"relics_obtained":[{"floor":4,"key":"Happy Flower"},{"floor":9,"key":"Oddly Smooth Stone"},{"floor":14,"key":"Blood Vial"},{"floor":23,"key":"Art of War"},{"floor":26,"key":"HornCleat"},{"floor":27,"key":"Pear"},{"floor":29,"key":"Red Mask"}],"event_choices":[{"damage_healed":0,"gold_gain":0,"player_choice":"Donut","damage_taken":0,"max_hp_gain":5,"max_hp_loss":0,"event_name":"Big Fish","floor":2,"gold_loss":0},{"damage_healed":0,"gold_gain":0,"player_choice":"Lose Max HP","damage_taken":0,"relics_obtained":["Golden Idol"],"max_hp_gain":0,"max_hp_loss":7,"event_name":"Golden Idol","floor":13,"gold_loss":0},{"cards_removed":["Strike_G"],"damage_healed":0,"gold_gain":0,"player_choice":"Upgrade and Remove","damage_taken":0,"max_hp_gain":0,"max_hp_loss":0,"event_name":"Designer","floor":19,"gold_loss":110,"cards_upgraded":["Defend_G"]},{"damage_healed":0,"gold_gain":0,"player_choice":"Fought Bandits","damage_taken":0,"max_hp_gain":0,"max_hp_loss":0,"event_name":"Masked Bandits","floor":29,"gold_loss":0}],"is_beta":false,"boss_relics":[{"not_picked":["Busted Crown","SacredBark"],"picked":"Cursed Key"},{"not_picked":["WristBlade","Pandora\u0027s Box"],"picked":"Black Star"}],"items_purged_floors":[5,28,30],"is_endless":false,"potions_floor_spawned":[3,7,12,16,21,22,27],"killed_by":"Spire Growth","ascension_level":20}}