{"host":"k5wd0jv1m6dz3iwi","time":1611048862,"event":{"mods":["BaseMod","Better Vampires","Challenge The Spire","Custom Start","Highlight Path","Minty Spire (QoL Compilation)","Rare Cards Sparkle","Relic Stats","Slay the Relics Exporter","StSLib","everything is the same but u backflip on backflip"],"gold_per_floor":[115,128,140,16,28,56,56,81,81,110,110,139,156,188,188,260,260,270,170,170,180,215,215,242,242,242,258,287,287,387,415,415,492,492,502,556,574,849,849,879,879,35,59,59,59,77,77,111,111,111],"floor_reached":51,"language":"ENG","playtime":3008,"items_purged":["Meteor Strike","Steam","Regret"],"score":2107,"play_id":"6ee91226-32e3-4834-a20f-12cd43ddaa45","local_time":"20210119093422","daily_mods":["Shiny","Time Dilation","Binary"],"is_ascension_mode":true,"campfire_choices":[{"data":"Buffer","floor":7,"key":"SMITH"},{"data":"Seek","floor":15,"key":"SMITH"},{"data":"Seek","floor":23,"key":"SMITH"},{"data":"Fission","floor":25,"key":"SMITH"},{"data":"Biased Cognition","floor":32,"key":"SMITH"},{"data":"Reinforced Body","floor":41,"key":"SMITH"},{"data":"Secret Technique","floor":47,"key":"SMITH"},{"floor":49,"key":"REST"}],"circlet_count":0,"master_deck":["AscendersBane","Multi-Cast+1","Hyperbeam+1","Biased Cognition+1","Machine Learning+1","Electrodynamics+1","Buffer+1","Rainbow+1","Seek+1","Echo Form+1","All For One+1","Reboot+1","Amplify+1","Creative AI+1","Fission+1","Core Surge+1","Leap+1","BootSequence+1","Beam Cell+1","Turbo+1","Chill+1","Force Field+1","Conserve Battery+1","Seek+1","Heatsinks+1","Static Discharge+1","Doom and Gloom+1","Reinforced Body+1","Skim","Heatsinks+1","Secret Technique+1","Regret"],"relics":["Cracked Core","Pantograph","Ancient Tea Set","Bronze Scales","Singing Bowl","CaptainsWheel","Juzu Bracelet","Philosopher\u0027s Stone","Red Mask","Calipers","Gambling Chip","Frozen Egg 2","Nilry\u0027s Codex","Du-Vu Doll","HornCleat","Strawberry","Cursed Key","Thread and Needle","Mark of the Bloom","Bottled Lightning","Kunai","Toolbox","Lantern","Anchor"],"acts_visited":["Exordium","TheCity","TheBeyond"],"potions_floor_usage":[6,30,36,48,50,50],"damage_taken":[{"damage":7,"enemies":"Jaw Worm","floor":1,"turns":3},{"damage":0,"enemies":"2 Louse","floor":2,"turns":1},{"damage":0,"enemies":"Cultist","floor":3,"turns":2},{"damage":1,"enemies":"Looter","floor":5,"turns":2},{"damage":0,"enemies":"Gremlin Nob","floor":6,"turns":1},{"damage":0,"enemies":"Lagavulin","floor":8,"turns":5},{"damage":0,"enemies":"Gremlin Nob","floor":10,"turns":4},{"damage":0,"enemies":"3 Sentries","floor":12,"turns":4},{"damage":0,"enemies":"Red Slaver","floor":13,"turns":3},{"damage":0,"enemies":"Lagavulin","floor":14,"turns":6},{"damage":0,"enemies":"The Guardian","floor":16,"turns":7},{"damage":0,"enemies":"Spheric Guardian","floor":18,"turns":4},{"damage":7,"enemies":"2 Thieves","floor":21,"turns":2},{"damage":0,"enemies":"Masked Bandits","floor":22,"turns":4},{"damage":0,"enemies":"Book of Stabbing","floor":24,"turns":5},{"damage":0,"enemies":"Centurion and Healer","floor":27,"turns":3},{"damage":0,"enemies":"Slavers","floor":28,"turns":2},{"damage":11,"enemies":"Colosseum Slavers","floor":30,"turns":2},{"damage":0,"enemies":"Colosseum Nobs","floor":30,"turns":3},{"damage":0,"enemies":"Book of Stabbing","floor":31,"turns":5},{"damage":1,"enemies":"Champ","floor":33,"turns":7},{"damage":0,"enemies":"3 Darklings","floor":35,"turns":2},{"damage":0,"enemies":"2 Orb Walkers","floor":36,"turns":2},{"damage":0,"enemies":"3 Shapes","floor":37,"turns":2},{"damage":0,"enemies":"Reptomancer","floor":40,"turns":3},{"damage":0,"enemies":"Maw","floor":46,"turns":4},{"damage":0,"enemies":"Giant Head","floor":48,"turns":3},{"damage":0,"enemies":"Donu and Deca","floor":50,"turns":7}],"seed_played":"-2937218680678333883","potions_obtained":[{"floor":1,"key":"DuplicationPotion"},{"floor":3,"key":"LiquidMemories"},{"floor":10,"key":"FairyPotion"},{"floor":12,"key":"Explosive Potion"},{"floor":14,"key":"Block Potion"},{"floor":22,"key":"PowerPotion"},{"floor":30,"key":"Fire Potion"},{"floor":31,"key":"LiquidBronze"},{"floor":35,"key":"PowerPotion"},{"floor":36,"key":"LiquidBronze"},{"floor":48,"key":"PotionOfCapacity"}],"is_trial":true,"path_per_floor":["M","M","M","$","M","E","R","E","T","E","?","E","M","E","R","B",null,"M","$","?","M","?","R","E","R","T","M","E","?","?","E","R","B",null,"M","?","M","?","?","E","R","$","T","?","?","M","R","E","R","B",null],"character_chosen":"DEFECT","items_purchased":["Beam Cell","Kunai","Toolbox","Skim","Heatsinks+1","Secret Technique"],"campfire_rested":1,"item_purchase_floors":[4,42,42,42,42,42],"current_hp_per_floor":[57,57,57,57,56,56,56,56,56,58,58,60,60,60,60,75,75,77,77,55,50,50,50,52,52,52,54,56,35,26,33,33,59,91,91,93,95,95,95,95,95,95,95,95,95,95,95,95,95,95],"gold":111,"neow_bonus":"","is_daily":false,"chose_seed":false,"campfire_upgraded":7,"win_rate":0.0,"timestamp":1611048862,"path_taken":["M","M","M","$","M","E","R","E","T","E","?","E","M","E","R","BOSS","M","$","?","M","?","R","E","R","T","M","E","?","?","E","R","BOSS","M","?","M","?","?","E","R","$","T","?","?","M","R","E","R","BOSS"],"items_purchased_type":["Card","Relic","Relic","Card","Card","Card"],"build_version":"2020-12-22","purchased_purges":3,"victory":true,"max_hp_per_floor":[71,71,71,71,71,71,71,71,71,73,73,75,75,75,75,75,75,77,77,82,84,84,84,86,86,86,88,90,90,92,99,99,101,101,101,103,105,105,105,105,105,105,105,105,105,107,107,109,109,109],"relic_stats":{"Mark of the Bloom":61,"Singing Bowl":26,"counters":[28,98],"Pantograph":40,"Bronze Scales":[215],"Gambling Chip":[26],"Juzu Bracelet":2,"Kunai":[4],"Cursed Key":1,"obtain_stats":[{"Mark of the Bloom":39,"Lantern":43,"Calipers":24,"Singing Bowl":10,"Nilry\u0027s Codex":29,"Thread and Needle":36,"Juzu Bracelet":14,"Frozen Egg 2":28,"Ancient Tea Set":8,"Cursed Key":34,"Du-Vu Doll":30,"CaptainsWheel":12,"Anchor":48,"HornCleat":30,"Pantograph":6,"Bronze Scales":9,"Gambling Chip":26,"Strawberry":31,"Toolbox":42,"Philosopher\u0027s Stone":17,"Red Mask":22,"Bottled Lightning":40,"Kunai":42,"Cracked Core":0},{"Mark of the Bloom":24,"Lantern":25,"Calipers":15,"Singing Bowl":7,"Nilry\u0027s Codex":17,"Thread and Needle":23,"Juzu Bracelet":10,"Frozen Egg 2":17,"Ancient Tea Set":6,"Cursed Key":21,"Du-Vu Doll":19,"CaptainsWheel":8,"Anchor":27,"HornCleat":19,"Pantograph":5,"Bronze Scales":6,"Gambling Chip":15,"Strawberry":20,"Toolbox":25,"Philosopher\u0027s Stone":11,"Red Mask":14,"Bottled Lightning":25,"Kunai":25,"Cracked Core":0},{"Mark of the Bloom":81,"Lantern":84,"Calipers":53,"Singing Bowl":18,"Nilry\u0027s Codex":58,"Thread and Needle":79,"Juzu Bracelet":31,"Frozen Egg 2":58,"Ancient Tea Set":14,"Cursed Key":75,"Du-Vu Doll":63,"CaptainsWheel":22,"Anchor":91,"HornCleat":63,"Pantograph":9,"Bronze Scales":14,"Gambling Chip":53,"Strawberry":68,"Toolbox":84,"Philosopher\u0027s Stone":38,"Red Mask":48,"Bottled Lightning":84,"Kunai":84,"Cracked Core":0}]},"card_choices":[{"not_picked":["Compile Driver"],"picked":"Cold Snap","floor":1},{"not_picked":["Beam Cell"],"picked":"Leap","floor":2},{"not_picked":["Tempest"],"picked":"BootSequence","floor":3},{"not_picked":["Go for the Eyes"],"picked":"Turbo","floor":5},{"not_picked":["Thunder Strike"],"picked":"Chill","floor":6},{"not_picked":["Sweeping Beam","Compile Driver"],"picked":"SKIP","floor":8},{"not_picked":["Melter","Compile Driver"],"picked":"Singing Bowl","floor":10},{"not_picked":["Compile Driver","Tempest"],"picked":"Singing Bowl","floor":12},{"not_picked":["Beam Cell"],"picked":"Force Field","floor":13},{"not_picked":["Compile Driver"],"picked":"Conserve Battery","floor":14},{"not_picked":["Machine Learning"],"picked":"Seek","floor":16},{"not_picked":["Streamline","Cold Snap"],"picked":"Singing Bowl","floor":18},{"not_picked":["Coolheaded","Streamline"],"picked":"Singing Bowl","floor":21},{"not_picked":["Compile Driver"],"picked":"Heatsinks","floor":22},{"not_picked":["Tempest","Stack"],"picked":"Singing Bowl","floor":24},{"not_picked":["Beam Cell","Rebound+1"],"picked":"Singing Bowl","floor":27},{"not_picked":["Darkness","Fusion"],"picked":"Singing Bowl","floor":28},{"not_picked":["Recycle","Cold Snap"],"picked":"Singing Bowl","floor":30},{"not_picked":["Sweeping Beam"],"picked":"Static Discharge+1","floor":31},{"not_picked":["Multi-Cast","Fission"],"picked":"Singing Bowl","floor":33},{"not_picked":["Leap+1"],"picked":"Doom and Gloom","floor":35},{"not_picked":["Steam+1","Turbo"],"picked":"Singing Bowl","floor":36},{"not_picked":["Steam","Turbo"],"picked":"Singing Bowl","floor":37},{"not_picked":["Genetic Algorithm"],"picked":"Reinforced Body","floor":40},{"not_picked":["Darkness","Rebound"],"picked":"Singing Bowl","floor":46},{"not_picked":["Steam","Thunder Strike"],"picked":"Singing Bowl","floor":48}],"player_experience":1261189,"relics_obtained":[{"floor":6,"key":"Pantograph"},{"floor":8,"key":"Ancient Tea Set"},{"floor":9,"key":"Bronze Scales"},{"floor":10,"key":"Singing Bowl"},{"floor":12,"key":"CaptainsWheel"},{"floor":14,"key":"Juzu Bracelet"},{"floor":22,"key":"Red Mask"},{"floor":24,"key":"Calipers"},{"floor":26,"key":"Gambling Chip"},{"floor":28,"key":"Frozen Egg 2"},{"floor":29,"key":"Nilry\u0027s Codex"},{"floor":30,"key":"Du-Vu Doll"},{"floor":30,"key":"HornCleat"},{"floor":31,"key":"Strawberry"},{"floor":36,"key":"Thread and Needle"},{"floor":40,"key":"Bottled Lightning"},{"floor":43,"key":"Lantern"},{"floor":48,"key":"Anchor"}],"event_choices":[{"damage_healed":0,"gold_gain":0,"cards_transformed":["Thunder Strike"],"player_choice":"Transformed","damage_taken":0,"max_hp_gain":0,"max_hp_loss":0,"event_name":"Transmorgrifier","floor":11,"gold_loss":0,"cards_obtained":["Steam"]},{"damage_healed":0,"gold_gain":0,"player_choice":"Shed Blood","damage_taken":27,"max_hp_gain":5,"max_hp_loss":0,"event_name":"Forgotten Altar","floor":20,"gold_loss":0},{"damage_healed":0,"gold_gain":0,"player_choice":"Fought Bandits","damage_taken":0,"max_hp_gain":0,"max_hp_loss":0,"event_name":"Masked Bandits","floor":22,"gold_loss":0},{"damage_healed":0,"gold_gain":0,"player_choice":"Obtained Book","damage_taken":21,"max_hp_gain":0,"max_hp_loss":0,"event_name":"Cursed Tome","floor":29,"gold_loss":0},{"damage_healed":0,"gold_gain":0,"player_choice":"Fight","damage_taken":0,"max_hp_gain":0,"max_hp_loss":0,"event_name":"Colosseum","floor":30,"gold_loss":0},{"damage_healed":0,"gold_gain":0,"player_choice":"Fought Nobs","damage_taken":0,"max_hp_gain":0,"max_hp_loss":0,"event_name":"Colosseum","floor":30,"gold_loss":0},{"damage_healed":0,"gold_gain":0,"player_choice":"Fight","damage_taken":0,"max_hp_gain":0,"max_hp_loss":0,"event_name":"Mysterious Sphere","floor":36,"gold_loss":0},{"damage_healed":0,"gold_gain":275,"player_choice":"Desecrate","damage_taken":0,"max_hp_gain":0,"max_hp_loss":0,"event_name":"Golden Shrine","floor":38,"gold_loss":0,"cards_obtained":["Regret"]},{"damage_healed":0,"gold_gain":0,"player_choice":"Upgrade","damage_taken":0,"relics_obtained":["Mark of the Bloom"],"max_hp_gain":0,"max_hp_loss":0,"event_name":"MindBloom","floor":39,"gold_loss":0,"cards_upgraded":["Multi-Cast","Hyperbeam","Machine Learning","Electrodynamics","Rainbow","Echo Form","All For One","Reboot","Amplify","Creative AI","Core Surge","Cold Snap","Leap","BootSequence","Beam Cell","Turbo","Chill","Force Field","Conserve Battery","Heatsinks","Doom and Gloom"]},{"cards_removed":["Cold Snap"],"damage_healed":0,"gold_gain":0,"player_choice":"Removed Attack","damage_taken":0,"max_hp_gain":0,"max_hp_loss":0,"event_name":"Falling","floor":44,"gold_loss":0},{"damage_healed":0,"gold_gain":0,"player_choice":"Got Potions","damage_taken":0,"max_hp_gain":0,"max_hp_loss":0,"event_name":"Lab","floor":45,"gold_loss":0}],"is_beta":false,"boss_relics":[{"not_picked":["SacredBark","Runic Dome"],"picked":"Philosopher\u0027s Stone"},{"not_picked":["Sozu","Tiny House"],"picked":"Cursed Key"}],"items_purged_floors":[4,19,42],"is_endless":false,"potions_floor_spawned":[1,3,10,12,14,16,22,27,30,31,35,36,48],"ascension_level":15}}