{"host":"hw9lt6p3yhr90vz0","time":1611035808,"event":{"mods":["BaseMod","DeckTracker","Minty Spire (QoL Compilation)","Relic Stats"],"gold_per_floor":[111,127,142,142,155,184,184,203,203,216,216,242,242,242,242],"floor_reached":14,"language":"ENG","playtime":826,"items_purged":[],"score":147,"play_id":"36252db9-1f52-4f3e-b5c4-13633e7da8ef","local_time":"20210119005648","is_ascension_mode":true,"campfire_choices":[{"floor":7,"key":"REST"}],"circlet_count":0,"master_deck":["Strike_R","Strike_R","Strike_R","Strike_R","Strike_R","Defend_R","Defend_R","Defend_R","Defend_R","Bash","Searing Blow","Dual Wield","Twin Strike","Double Tap","Uppercut","Flex","Twin Strike","Flex","Dropkick","Offering"],"relics":["Burning Blood","Mango","Juzu Bracelet","White Beast Statue"],"acts_visited":["Exordium"],"potions_floor_usage":[6,12],"damage_taken":[{"damage":3.0,"enemies":"Small Slimes","floor":1.0,"turns":3.0},{"damage":1.0,"enemies":"Cultist","floor":2.0,"turns":3.0},{"damage":9.0,"enemies":"2 Louse","floor":3.0,"turns":3.0},{"damage":20,"enemies":"Large Slime","floor":5,"turns":5},{"damage":35,"enemies":"Lagavulin","floor":6,"turns":6},{"damage":12,"enemies":"Blue Slaver","floor":8,"turns":3},{"damage":15,"enemies":"Red Slaver","floor":10,"turns":3},{"damage":22,"enemies":"Gremlin Nob","floor":12,"turns":5},{"damage":61,"enemies":"3 Sentries","floor":14,"turns":8}],"seed_played":"-4071694492526144488","potions_obtained":[{"floor":1.0,"key":"CultistPotion"},{"floor":6,"key":"HeartOfIron"}],"is_trial":false,"path_per_floor":["M","M","M","?","M","E","R","M","T","M","T","E","?","E"],"character_chosen":"IRONCLAD","items_purchased":[],"campfire_rested":1,"item_purchase_floors":[],"current_hp_per_floor":[88,88,85,85,71,56,86,80,80,71,71,55,55,0,0],"gold":242,"neow_bonus":"TEN_PERCENT_HP_BONUS","is_daily":false,"chose_seed":false,"campfire_upgraded":0,"win_rate":0.0,"timestamp":1611035808,"path_taken":["M","M","M","?","M","E","R","?","T","M","?","E","?","E"],"items_purchased_type":[],"build_version":"2020-12-22","purchased_purges":0,"victory":false,"max_hp_per_floor":[88,88,88,88,88,102,102,102,102,102,102,102,102,102,102],"relic_stats":{"counters":[6,30],"Juzu Bracelet":1,"obtain_stats":[{"Mango":6,"Juzu Bracelet":11,"Burning Blood":0,"White Beast Statue":12},{"Mango":2,"Juzu Bracelet":4,"Burning Blood":0,"White Beast Statue":5},{"Mango":11,"Juzu Bracelet":17,"Burning Blood":0,"White Beast Statue":22}],"Burning Blood":30},"card_choices":[{"not_picked":["Heavy Blade","Clothesline"],"picked":"Searing Blow","floor":1.0},{"not_picked":["Flex","Havoc"],"picked":"Dual Wield","floor":2.0},{"not_picked":["Thunderclap","Wild Strike"],"picked":"Twin Strike","floor":3.0},{"not_picked":["Clothesline","Dual Wield"],"picked":"Uppercut","floor":5},{"not_picked":["Reckless Charge","Wild Strike"],"picked":"Flex","floor":6},{"not_picked":["Wild Strike","Body Slam"],"picked":"Twin Strike","floor":8},{"not_picked":["Thunderclap","Fiend Fire"],"picked":"Flex","floor":10},{"not_picked":["Havoc","Dark Embrace"],"picked":"Dropkick","floor":12}],"player_experience":1233613,"relics_obtained":[{"floor":6,"key":"Mango"},{"floor":11,"key":"Juzu Bracelet"},{"floor":12,"key":"White Beast Statue"}],"event_choices":[{"damage_healed":0.0,"max_hp_gain":0.0,"max_hp_loss":0.0,"gold_gain":0.0,"event_name":"Match and Keep!","player_choice":"1 cards matched","floor":4.0,"gold_loss":0.0,"damage_taken":0.0,"cards_obtained":["Double Tap"]},{"damage_healed":0,"gold_gain":0,"player_choice":"1 cards matched","damage_taken":0,"max_hp_gain":0,"max_hp_loss":0,"event_name":"Match and Keep!","floor":13,"gold_loss":0,"cards_obtained":["Offering"]}],"is_beta":false,"boss_relics":[],"items_purged_floors":[],"is_endless":false,"potions_floor_spawned":[1,6],"killed_by":"3 Sentries","ascension_level":4}}