{"host":"obplhmlw33xb91v8","time":1611082241,"event":{"mods":["BaseMod","Block Reminder","Curses Come First","Evolution","Minty Spire (QoL Compilation)","Quick Restart","Relic Stats","Spicy Shops","StSLib","Uncapped","Waifu the Spire","slay the spire mod where everything is the same but ironclad has a cowboy hat"],"gold_per_floor":[117,117,44,55,55,55,20,20,20,20,31,57,57,85,85,85,85],"floor_reached":16,"language":"ENG","playtime":305,"items_purged":[],"score":133,"play_id":"2d8a61c5-f15d-4fd7-8717-59be39be29b5","local_time":"20210119135041","is_ascension_mode":true,"campfire_choices":[{"data":"Backstab","floor":6.0,"key":"SMITH"},{"data":"PiercingWail","floor":8.0,"key":"SMITH"},{"floor":15,"key":"REST"}],"circlet_count":0,"master_deck":["Strike_G+1","Strike_G","Strike_G","Strike_G+1","Defend_G","Defend_G","Defend_G","Defend_G","Defend_G","Survivor","Neutralize","Backstab+1","PiercingWail+1","Dagger Spray","Choke","Leg Sweep","Crippling Poison"],"relics":["Ring of the Snake","EVO:Axolotl","NeowsBlessing","Bird Faced Urn","Omamori","Mummified Hand","InkBottle","Happy Flower","Centennial Puzzle"],"acts_visited":["Exordium"],"potions_floor_usage":[14,14],"damage_taken":[{"damage":0.0,"enemies":"Small Slimes","floor":1.0,"turns":1.0},{"damage":0.0,"enemies":"Jaw Worm","floor":4.0,"turns":1.0},{"damage":0.0,"enemies":"Cultist","floor":11.0,"turns":1.0},{"damage":30.0,"enemies":"3 Sentries","floor":12.0,"turns":6.0},{"damage":14,"enemies":"Lagavulin","floor":14,"turns":7},{"damage":33,"enemies":"The Guardian","floor":16,"turns":5}],"seed_played":"-4368233379000046669","potions_obtained":[{"floor":4.0,"key":"CultistPotion"},{"floor":12.0,"key":"Block Potion"}],"is_trial":false,"path_per_floor":["M","?","$","M","?","R","?","R","T","?","M","E","?","E","R","B"],"character_chosen":"THE_SILENT","items_purchased":["Bird Faced Urn"],"campfire_rested":1,"item_purchase_floors":[3],"current_hp_per_floor":[70,56,56,56,38,38,55,55,55,55,55,25,25,11,32,0,0],"gold":85,"neow_bonus":"THREE_ENEMY_KILL","is_daily":false,"chose_seed":false,"campfire_upgraded":2,"win_rate":0.0,"timestamp":1611082241,"path_taken":["M","?","$","M","?","R","?","R","T","?","M","E","?","E","R","BOSS"],"items_purchased_type":["Relic"],"build_version":"2020-12-22","purchased_purges":0,"victory":false,"max_hp_per_floor":[70,70,70,70,70,70,70,70,70,70,70,70,70,70,70,70,70],"relic_stats":{"Centennial Puzzle":[3],"Happy Flower":[4],"counters":[6,21],"Mummified Hand":[0],"Bird Faced Urn":[0],"obtain_stats":[{"Centennial Puzzle":14,"NeowsBlessing":0,"Happy Flower":13,"Mummified Hand":9,"Bird Faced Urn":3,"Omamori":5,"EVO:Axolotl":0,"InkBottle":12,"Ring of the Snake":0},{"Centennial Puzzle":5,"NeowsBlessing":0,"Happy Flower":4,"Mummified Hand":2,"Bird Faced Urn":1,"Omamori":2,"EVO:Axolotl":0,"InkBottle":4,"Ring of the Snake":0},{"Centennial Puzzle":16,"NeowsBlessing":0,"Happy Flower":9,"Mummified Hand":2,"Bird Faced Urn":1,"Omamori":2,"EVO:Axolotl":0,"InkBottle":9,"Ring of the Snake":0}],"InkBottle":[2],"Ring of the Snake":[12]},"card_choices":[{"not_picked":["Prepared","Dodge and Roll"],"picked":"Backstab","floor":1.0},{"not_picked":["Bouncing Flask","Deadly Poison"],"picked":"PiercingWail","floor":4.0},{"not_picked":["Dodge and Roll","Expertise"],"picked":"Choke","floor":11.0},{"not_picked":["Deadly Poison","Sucker Punch"],"picked":"Leg Sweep","floor":12.0},{"not_picked":["Calculated Gamble","Leg Sweep"],"picked":"Crippling Poison","floor":14}],"player_experience":208011,"relics_obtained":[{"floor":9.0,"key":"Mummified Hand"},{"floor":12.0,"key":"InkBottle"},{"floor":14,"key":"Centennial Puzzle"}],"event_choices":[{"damage_healed":0.0,"max_hp_gain":0.0,"max_hp_loss":0.0,"gold_gain":0.0,"event_name":"Shining Light","player_choice":"Entered Light","floor":2.0,"gold_loss":0.0,"damage_taken":14.0,"cards_upgraded":["Strike_G","Strike_G"]},{"damage_healed":0.0,"max_hp_gain":0.0,"max_hp_loss":0.0,"gold_gain":0.0,"event_name":"Scrap Ooze","player_choice":"Success","floor":5.0,"gold_loss":0.0,"damage_taken":18.0,"relics_obtained":["Omamori"]},{"damage_healed":17.0,"max_hp_gain":0.0,"max_hp_loss":0.0,"gold_gain":0.0,"event_name":"The Cleric","player_choice":"Healed","floor":7.0,"gold_loss":35.0,"damage_taken":0.0},{"damage_healed":0.0,"max_hp_gain":0.0,"max_hp_loss":0.0,"gold_gain":0.0,"cards_transformed":["Strike_G"],"event_name":"Living Wall","player_choice":"Change","floor":10.0,"gold_loss":0.0,"damage_taken":0.0,"cards_obtained":["Dagger Spray"]},{"damage_healed":0.0,"max_hp_gain":0.0,"max_hp_loss":0.0,"gold_gain":0.0,"event_name":"Big Fish","player_choice":"Box","floor":13.0,"gold_loss":0.0,"damage_taken":0.0,"relics_obtained":["Happy Flower"],"cards_obtained":["Regret"]}],"is_beta":false,"boss_relics":[],"items_purged_floors":[],"is_endless":false,"potions_floor_spawned":[4,12],"killed_by":"The Guardian","ascension_level":5}}