{"host":"qqgw5gp46oujbhdl","time":1611051810,"event":{"mods":["Aspiration","BaseMod","BetterRewards","CatGirl Mod","Downfall","Hermit","Infinite Spire","Melee Mod","Minty Spire (QoL Compilation)","StSLib","The Death Knight","The Disciple","The Forsaken","The Hayseed","The Hierophant","The Marked","The Servant 0.9.4","The Spell Scribe","The Valiant","TheBandit","TheVacant","Wandering Minibosses"],"gold_per_floor":[119,119,194,194,214,239,239,267,267,267,267,297,297,316,316,418,418,437,437,437,59,71,71,91,106,106,16,16,16,16,51,51,157,157,180,180,200,200,200],"floor_reached":38,"language":"POL","playtime":3437,"items_purged":["theVacant:VacantStarterStrike"],"score":498,"play_id":"c7dcebfe-6d0f-431e-98ff-493ae7210845","local_time":"20210119112330","is_ascension_mode":false,"campfire_choices":[{"floor":7,"key":"REST"},{"data":"theVacant:Gloom","floor":10,"key":"SMITH"},{"data":"theVacant:Enrage","floor":13,"key":"SMITH"},{"data":"theVacant:Sneeze","floor":15,"key":"SMITH"},{"floor":23,"key":"REST"},{"floor":28,"key":"REST"},{"data":"theVacant:VacantStarterDefend","floor":30,"key":"SMITH"},{"data":"theVacant:VacantStarterDefend","floor":32,"key":"SMITH"}],"circlet_count":0,"master_deck":["theVacant:VacantStarterStrike+1","theVacant:VacantStarterStrike+1","theVacant:VacantStarterDefend+1","theVacant:VacantStarterDefend+1","theVacant:VacantStarterDefend+1","theVacant:VacantStarterDefend+1","theVacant:Release+1","theVacant:Crunch+1","theVacant:Enrage+1","theVacant:Gloom+1","theVacant:Sneeze+1","theVacant:Yeet+1","theVacant:MindBreak+1","theVacant:Spinshield+1","theVacant:Jab+1","theVacant:Throttle+1","theVacant:GraveWave+1","theVacant:GraveDigger+1","theVacant:DarkStrike+1","theVacant:Whip+1"],"relics":["theVacant:BrassGoblet","infinitespire:Golems Mask","Juzu Bracelet","Molten Egg 2","Oddly Smooth Stone","theForsaken:PaleLantern","PreservedInsect","aspiration:Nostalgia","TheSimpletonMod:SpudOfTheInnocent","aspiration:StickyExplosives_weak","CeramicFish","Du-Vu Doll","SlaversCollar","Strawberry"],"acts_visited":["Exordium","TheCity","TheBeyond"],"potions_floor_usage":[16,16,25,33],"damage_taken":[{"damage":2,"enemies":"2 Louse","floor":1,"turns":2},{"damage":0,"enemies":"Small Slimes","floor":5,"turns":2},{"damage":20,"enemies":"Gremlin Nob","floor":6,"turns":5},{"damage":13,"enemies":"Lagavulin","floor":8,"turns":6},{"damage":0,"enemies":"Jaw Worm","floor":14,"turns":3},{"damage":0,"enemies":"Hexaghost","floor":16,"turns":5},{"damage":1,"enemies":"Spheric Guardian","floor":18,"turns":3},{"damage":3,"enemies":"Shell Parasite","floor":22,"turns":3},{"damage":15,"enemies":"Snake Plant","floor":24,"turns":4},{"damage":14,"enemies":"Centurion and Healer","floor":25,"turns":4},{"damage":0,"enemies":"Slavers","floor":31,"turns":2},{"damage":1,"enemies":"Champ","floor":33,"turns":5},{"damage":8,"enemies":"3 Darklings","floor":35,"turns":2},{"damage":10,"enemies":"Orb Walker","floor":37,"turns":2},{"damage":18,"enemies":"infinitespire:Three Voidlings","floor":38,"turns":4},{"damage":71,"enemies":"Nightmare_Alpha","floor":38,"turns":6}],"seed_played":"-5925407374415060637","potions_obtained":[{"floor":6,"key":"Swift Potion"},{"floor":8,"key":"hexamod:SoulburnPotion"},{"floor":14,"key":"SkillPotion"},{"floor":16,"key":"AttackPotion"},{"floor":24,"key":"DeathKnight:RimePotion"},{"floor":31,"key":"SteroidPotion"}],"is_trial":false,"path_per_floor":["M","?","?","?","M","E","R","E","T","R","?","?","R","M","R","B",null,"M","?","?","$","M","R","M","M","T","?","R","T","R","E","R","B",null,"M","?","M","?"],"character_chosen":"THE_VACANT","items_purchased":["PreservedInsect","aspiration:Nostalgia"],"campfire_rested":3,"item_purchase_floors":[21,21],"current_hp_per_floor":[86,86,75,57,57,37,63,50,50,50,50,50,50,50,50,50,88,87,61,44,44,41,68,53,39,39,39,66,66,66,66,66,65,93,85,92,82,0,0],"gold":200,"neow_bonus":"TEN_PERCENT_HP_BONUS","is_daily":false,"chose_seed":false,"campfire_upgraded":5,"win_rate":0.0,"timestamp":1611051810,"path_taken":["M","?","?","?","M","E","R","E","T","R","?","?","R","M","R","BOSS","M","?","?","?","M","R","M","M","T","?","R","?","R","E","R","BOSS","M","?","M","?"],"items_purchased_type":["Relic","Relic"],"build_version":"2020-12-22","purchased_purges":1,"victory":false,"max_hp_per_floor":[88,88,88,88,88,88,88,88,88,88,88,88,88,88,88,88,88,88,88,93,93,93,93,93,93,93,93,93,93,93,93,93,93,93,93,100,100,100,100],"card_choices":[{"not_picked":["theVacant:ShriekingBlast","theVacant:BattleScars"],"picked":"theVacant:Enrage","floor":1},{"not_picked":["theVacant:Sneeze","theVacant:CursedBlast"],"picked":"theVacant:Gloom","floor":5},{"not_picked":["theVacant:Gloom","theVacant:Reconnect","theVacant:PitOfDespair"],"picked":"SKIP","floor":6},{"not_picked":["theVacant:Unearth","theVacant:Thoughtseize"],"picked":"theVacant:Sneeze","floor":8},{"not_picked":["theVacant:GraveDigger+1","theVacant:BellToll+1"],"picked":"theVacant:Yeet+1","floor":14},{"not_picked":["theVacant:DimensionTear+1","theVacant:WhenDarknessComes"],"picked":"theVacant:MindBreak","floor":16},{"not_picked":["theVacant:Recover","theVacant:Necromancy"],"picked":"theVacant:Spinshield+1","floor":18},{"not_picked":["theVacant:GraveDigger+1","theVacant:Whip+1"],"picked":"theVacant:Jab+1","floor":22},{"not_picked":["theVacant:Cower+1","theVacant:Expand"],"picked":"theVacant:Throttle+1","floor":24},{"not_picked":["theVacant:Enrage","theVacant:Acceptance"],"picked":"theVacant:GraveWave+1","floor":25},{"not_picked":["theVacant:LashOut+1","theVacant:MindBreak"],"picked":"theVacant:GraveDigger+1","floor":31},{"not_picked":["theVacant:DeathSpiral+1","theVacant:Prevent"],"picked":"theVacant:DarkStrike+1","floor":33},{"not_picked":["theVacant:ShriekingBlast+1","theVacant:Throttle+1"],"picked":"theVacant:Whip+1","floor":35},{"not_picked":["theVacant:Threat+1","theVacant:Necromancy","theVacant:ShriekingBlast+1"],"picked":"SKIP","floor":37}],"player_experience":407352,"relics_obtained":[{"floor":6,"key":"infinitespire:Golems Mask"},{"floor":8,"key":"Juzu Bracelet"},{"floor":9,"key":"Molten Egg 2"},{"floor":26,"key":"aspiration:StickyExplosives_weak"},{"floor":29,"key":"CeramicFish"},{"floor":31,"key":"Du-Vu Doll"}],"event_choices":[{"damage_healed":0,"gold_gain":0,"player_choice":"Grow","damage_taken":0,"max_hp_gain":0,"max_hp_loss":0,"event_name":"Living Wall","floor":2,"gold_loss":0,"cards_upgraded":["theVacant:Crunch"]},{"damage_healed":0,"gold_gain":75,"player_choice":"Gather Gold","damage_taken":11,"max_hp_gain":0,"max_hp_loss":0,"event_name":"World of Goop","floor":3,"gold_loss":0},{"damage_healed":0,"gold_gain":0,"player_choice":"Entered Light","damage_taken":18,"max_hp_gain":0,"max_hp_loss":0,"event_name":"Shining Light","floor":4,"gold_loss":0,"cards_upgraded":["theVacant:VacantStarterDefend","theVacant:Release"]},{"damage_healed":0,"gold_gain":30,"player_choice":"Searched \u00272\u0027 times","damage_taken":0,"relics_obtained":["Oddly Smooth Stone"],"max_hp_gain":0,"max_hp_loss":0,"event_name":"Dead Adventurer","floor":12,"gold_loss":0},{"damage_healed":0,"gold_gain":0,"player_choice":"Shed Blood","damage_taken":22,"max_hp_gain":5,"max_hp_loss":0,"event_name":"Forgotten Altar","floor":20,"gold_loss":0},{"cards_removed":["theVacant:VacantStarterStrike"],"damage_healed":0,"gold_gain":0,"player_choice":"Upgrade and Remove","damage_taken":0,"max_hp_gain":0,"max_hp_loss":0,"event_name":"Designer","floor":27,"gold_loss":90,"cards_upgraded":["theVacant:VacantStarterDefend"]},{"damage_healed":0,"gold_gain":0,"player_choice":"Gave Potion","damage_taken":0,"relics_obtained":["Strawberry"],"max_hp_gain":0,"max_hp_loss":0,"event_name":"WeMeetAgain","floor":36,"gold_loss":0}],"is_beta":false,"boss_relics":[{"not_picked":["Philosopher\u0027s Stone","aspiration:FutureDiary"],"picked":"theForsaken:PaleLantern"},{"not_picked":["Sozu","Tiny House"],"picked":"SlaversCollar"}],"items_purged_floors":[21],"is_endless":false,"potions_floor_spawned":[6,8,14,16,24,31],"killed_by":"Nightmare_Alpha","ascension_level":0}}