{"host":"mp3zbolja7t2zuvr","time":1611020326,"event":{"mods":["AchievementEnabler","BaseMod","Curses Come First","Minty Spire (QoL Compilation)","Permanent Neow","Relic Stats","StSLib","Synergy Search","Uncapped"],"gold_per_floor":[115,132,145,110,128,128,177,191,215,215,215,215,233,253,253,384,384,404,100,123,123,96,96,96,19,45,45,45],"floor_reached":27,"language":"ENG","playtime":1355,"items_purged":["Skewer"],"score":270,"play_id":"eeada09a-bf51-40d1-a45e-c0f035695cd7","local_time":"20210118203846","is_ascension_mode":true,"campfire_choices":[{"data":"Calculated Gamble","floor":6,"key":"SMITH"},{"floor":10,"key":"REST"},{"floor":12,"key":"REST"},{"floor":15,"key":"REST"},{"data":"After Image","floor":23,"key":"SMITH"}],"circlet_count":0,"master_deck":["Survivor","Neutralize","Choke+1","Blur+1","PiercingWail+1","Sucker Punch","Dagger Spray","Calculated Gamble+1","Caltrops","Acrobatics","Riddle With Holes","Underhanded Strike","Blade Dance","After Image+1","Caltrops","Skewer","Skewer","Outmaneuver","Escape Plan","Dagger Throw","Poisoned Stab","Backflip","Reflex","PiercingWail","Prepared","Bite","Bite","Bite","Bite","Bite","Backflip","Leg Sweep"],"relics":["Astrolabe","Toy Ornithopter","Pen Nib","Golden Idol","Pandora\u0027s Box","Frozen Eye","MutagenicStrength","Nunchaku"],"acts_visited":["Exordium","TheCity"],"potions_floor_usage":[7,7,14,16],"damage_taken":[{"damage":1,"enemies":"Jaw Worm","floor":1,"turns":7},{"damage":2,"enemies":"2 Louse","floor":2,"turns":3},{"damage":3,"enemies":"Cultist","floor":3,"turns":7},{"damage":11,"enemies":"Exordium Wildlife","floor":5,"turns":4},{"damage":31,"enemies":"Gremlin Nob","floor":7,"turns":6},{"damage":5,"enemies":"Looter","floor":8,"turns":4},{"damage":1,"enemies":"Lots of Slimes","floor":13,"turns":3},{"damage":4,"enemies":"Exordium Thugs","floor":14,"turns":3},{"damage":44,"enemies":"Slime Boss","floor":16,"turns":12},{"damage":16,"enemies":"Shell Parasite","floor":18,"turns":6},{"damage":32,"enemies":"2 Thieves","floor":20,"turns":5},{"damage":27,"enemies":"Slavers","floor":27,"turns":1}],"seed_played":"1531727265136697577","potions_obtained":[{"floor":1,"key":"LiquidMemories"},{"floor":3,"key":"ColorlessPotion"},{"floor":7,"key":"Energy Potion"},{"floor":13,"key":"SpeedPotion"}],"is_trial":false,"path_per_floor":["M","M","M","$","M","R","E","M","T","R","?","R","M","M","R","B",null,"M","$","M","?","$","R","?","$","T","E"],"character_chosen":"THE_SILENT","items_purchased":["Caltrops","Reflex","Frozen Eye","PiercingWail","Backflip","Leg Sweep"],"campfire_rested":3,"item_purchase_floors":[4,19,19,19,22,25],"current_hp_per_floor":[69,67,64,64,53,53,22,17,17,38,21,42,41,42,63,24,70,54,54,22,22,22,22,22,22,22,0,0],"gold":45,"neow_bonus":"BOSS_RELIC","is_daily":false,"chose_seed":false,"campfire_upgraded":2,"win_rate":0.0,"timestamp":1611020326,"path_taken":["M","M","M","$","M","R","E","M","T","R","?","R","M","M","R","BOSS","M","$","M","?","$","R","?","?","T","E"],"items_purchased_type":["Card","Card","Relic","Card","Card","Card"],"build_version":"2020-12-22","purchased_purges":1,"victory":false,"max_hp_per_floor":[70,70,70,70,70,70,70,70,70,70,70,70,70,70,70,70,70,70,70,70,49,49,49,49,49,49,49,49],"relic_stats":{"Nunchaku":[0],"counters":[12,61],"Golden Idol":43,"Astrolabe":["Choke","Blur","PiercingWail"],"Pandora\u0027s Box":["Caltrops","Skewer","Skewer","Outmaneuver","Escape Plan","Dagger Throw","Poisoned Stab"],"Pen Nib":[4],"obtain_stats":[{"Frozen Eye":19,"Nunchaku":26,"Golden Idol":11,"Astrolabe":0,"MutagenicStrength":24,"Pandora\u0027s Box":17,"Pen Nib":9,"Toy Ornithopter":7,"Ring of the Snake":0},{"Frozen Eye":10,"Nunchaku":11,"Golden Idol":6,"Astrolabe":0,"MutagenicStrength":11,"Pandora\u0027s Box":9,"Pen Nib":6,"Toy Ornithopter":5,"Ring of the Snake":0},{"Frozen Eye":55,"Nunchaku":60,"Golden Idol":31,"Astrolabe":0,"MutagenicStrength":60,"Pandora\u0027s Box":49,"Pen Nib":31,"Toy Ornithopter":27,"Ring of the Snake":0}],"Toy Ornithopter":10},"card_choices":[{"not_picked":["Terror","Choke"],"picked":"Sucker Punch","floor":1},{"not_picked":["Acrobatics","All Out Attack"],"picked":"Dagger Spray","floor":2},{"not_picked":["Backflip","Flying Knee"],"picked":"Calculated Gamble","floor":3},{"not_picked":["Catalyst","Outmaneuver"],"picked":"Acrobatics","floor":5},{"not_picked":["Sucker Punch","Poisoned Stab"],"picked":"Riddle With Holes","floor":7},{"not_picked":["Finisher","Dagger Spray"],"picked":"Skewer","floor":8},{"not_picked":["Dodge and Roll","Deadly Poison"],"picked":"Underhanded Strike","floor":13},{"not_picked":["Underhanded Strike","Finisher"],"picked":"Blade Dance","floor":14},{"not_picked":["Doppelganger","Envenom"],"picked":"After Image","floor":16},{"not_picked":["Escape Plan+1","Dash"],"picked":"Backflip","floor":18},{"not_picked":["Well Laid Plans","Choke"],"picked":"Prepared","floor":20}],"player_experience":115056,"relics_obtained":[{"floor":7,"key":"Toy Ornithopter"},{"floor":9,"key":"Pen Nib"},{"floor":26,"key":"Nunchaku"}],"event_choices":[{"damage_healed":0,"gold_gain":0,"player_choice":"Take Damage","damage_taken":17,"relics_obtained":["Golden Idol"],"max_hp_gain":0,"max_hp_loss":0,"event_name":"Golden Idol","floor":11,"gold_loss":0},{"damage_healed":0,"gold_gain":0,"player_choice":"Became a vampire","damage_taken":0,"max_hp_gain":0,"max_hp_loss":21,"event_name":"Vampires","floor":21,"gold_loss":0,"cards_obtained":["Bite","Bite","Bite","Bite","Bite"]},{"damage_healed":0,"gold_gain":0,"player_choice":"Inject Mutagens","damage_taken":0,"relics_obtained":["MutagenicStrength"],"max_hp_gain":0,"max_hp_loss":0,"event_name":"Drug Dealer","floor":24,"gold_loss":0}],"is_beta":false,"boss_relics":[{"not_picked":["SacredBark","Cursed Key"],"picked":"Pandora\u0027s Box"}],"items_purged_floors":[19],"is_endless":false,"potions_floor_spawned":[1,3,7,13],"killed_by":"Slavers","ascension_level":3}}