{"host":"em9efm4p5pcttx73","time":1611079618,"event":{"mods":["BaseMod","Minty Spire (QoL Compilation)"],"gold_per_floor":[116,116,129,57,57,57,100,33,33,54,90,111,147,163,163,282,282,303,319,60,60,60,89,101,130,130,142,142,142,241,256,256,361,361,377,392,417,435,95,95,124,124,151,163,175,219,231,278,290,302],"floor_reached":51,"language":"ENG","playtime":4502,"items_purged":["Defend_G","Defend_G+1"],"score":883,"play_id":"cf9f0310-aa1b-4709-a0c6-a4dddd426e07","local_time":"20210119190658","is_ascension_mode":true,"campfire_choices":[{"data":"Accuracy","floor":6,"key":"SMITH"},{"floor":15,"key":"REST"},{"data":"Envenom","floor":29,"key":"SMITH"},{"data":"Prepared","floor":32,"key":"SMITH"},{"data":"Envenom","floor":40,"key":"SMITH"},{"data":"Outmaneuver","floor":42,"key":"SMITH"},{"data":"Acrobatics","floor":44,"key":"SMITH"},{"data":"Blade Dance","floor":49,"key":"SMITH"}],"circlet_count":0,"master_deck":["Strike_G+1","Strike_G+1","Strike_G+1","Strike_G+1","Defend_G+1","Defend_G+1","Defend_G+1","Survivor","Neutralize","Venomology+1","Eviscerate","Blade Dance+1","Accuracy+1","Slice","Accuracy","Footwork","Prepared","Calculated Gamble","Blade Dance","Acrobatics+1","Phantasmal Killer","Expertise","Escape Plan","Prepared+1","Deflect+1","Outmaneuver+1","Envenom+1","Endless Agony","Envenom+1","Bane","Slice+1","Eviscerate","Finisher+1"],"relics":["Ring of the Serpent","Bloody Idol","Ancient Tea Set","Mummified Hand","Mercury Hourglass","Sundial","WristBlade","Pen Nib","Tiny Chest","Centennial Puzzle","Happy Flower","InkBottle","Strawberry","Kunai","Blood Vial","MawBank","Pear","MealTicket"],"acts_visited":["Exordium","TheCity","TheBeyond"],"potions_floor_usage":[7,7,7,11,11,13,13,16,16,23,24,24,31,33,33,33,33,41,46,46,46,50,50,50],"damage_taken":[{"damage":6,"enemies":"Jaw Worm","floor":1,"turns":4},{"damage":0,"enemies":"2 Louse","floor":3,"turns":3},{"damage":0,"enemies":"Gremlin Nob","floor":7,"turns":2},{"damage":0,"enemies":"Cultist","floor":10,"turns":3},{"damage":19,"enemies":"Lagavulin","floor":11,"turns":5},{"damage":0,"enemies":"3 Louse","floor":12,"turns":3},{"damage":31,"enemies":"Gremlin Nob","floor":13,"turns":3},{"damage":0,"enemies":"Looter","floor":14,"turns":2},{"damage":10,"enemies":"Hexaghost","floor":16,"turns":7},{"damage":0,"enemies":"Spheric Guardian","floor":18,"turns":1},{"damage":9,"enemies":"Shell Parasite","floor":19,"turns":3},{"damage":0,"enemies":"Gremlin Leader","floor":23,"turns":2},{"damage":10,"enemies":"Centurion and Healer","floor":24,"turns":2},{"damage":21,"enemies":"Slavers","floor":25,"turns":3},{"damage":0,"enemies":"3 Cultists","floor":27,"turns":3},{"damage":0,"enemies":"Cultist and Chosen","floor":31,"turns":3},{"damage":40,"enemies":"Automaton","floor":33,"turns":5},{"damage":10,"enemies":"3 Darklings","floor":35,"turns":2},{"damage":2,"enemies":"3 Shapes","floor":36,"turns":2},{"damage":28,"enemies":"Writhing Mass","floor":38,"turns":3},{"damage":18,"enemies":"Nemesis","floor":41,"turns":5},{"damage":0,"enemies":"Reptomancer","floor":46,"turns":3},{"damage":0,"enemies":"Giant Head","floor":48,"turns":4},{"damage":94,"enemies":"Time Eater","floor":50,"turns":9}],"seed_played":"8094042169627058990","potions_obtained":[{"floor":3,"key":"ColorlessPotion"},{"floor":12,"key":"LiquidBronze"},{"floor":14,"key":"Explosive Potion"},{"floor":23,"key":"AttackPotion"},{"floor":27,"key":"EssenceOfSteel"},{"floor":33,"key":"Fire Potion"},{"floor":38,"key":"Ancient Potion"},{"floor":48,"key":"Block Potion"}],"is_trial":false,"path_per_floor":["M","?","M","$","?","R","E","$","T","M","E","M","E","M","R","B",null,"M","M","$","?","?","E","M","E","T","M","?","R","?","M","R","B",null,"M","M","T","M","$","R","E","R","T","R","$","E","?","E","R","B",null],"character_chosen":"THE_SILENT","items_purchased":["Accuracy","Accuracy","Escape Plan","Pen Nib","Kunai"],"campfire_rested":1,"item_purchase_floors":[4,8,20,20,39],"current_hp_per_floor":[64,64,64,64,64,64,64,64,64,64,45,45,14,14,33,23,65,65,56,56,56,56,61,56,40,40,45,45,45,50,55,55,20,65,60,63,72,49,49,49,36,36,41,46,51,73,78,82,82,24],"gold":314,"neow_bonus":"ONE_RANDOM_RARE_CARD","is_daily":false,"chose_seed":false,"campfire_upgraded":7,"win_rate":0.0,"timestamp":1611079618,"path_taken":["M","?","M","$","?","R","E","?","T","?","E","M","E","M","R","BOSS","M","M","$","?","?","E","?","E","T","M","?","R","?","M","R","BOSS","M","M","?","M","$","R","E","R","T","R","$","E","?","E","R","BOSS"],"items_purchased_type":["Card","Card","Card","Relic","Relic"],"build_version":"2020-12-22","purchased_purges":2,"victory":true,"max_hp_per_floor":[70,70,70,70,65,65,65,65,65,65,65,65,65,65,65,65,65,65,65,65,65,65,65,65,65,65,65,65,65,65,65,65,65,65,65,65,72,72,72,72,72,72,72,72,72,82,82,82,82,82],"card_choices":[{"not_picked":["Flying Knee","Blade Dance"],"picked":"Eviscerate","floor":1},{"not_picked":["Bane","Cloak And Dagger"],"picked":"Blade Dance","floor":3},{"not_picked":["Glass Knife","Quick Slash"],"picked":"Slice","floor":7},{"not_picked":["Dagger Spray","Deadly Poison"],"picked":"Footwork","floor":10},{"not_picked":["Blur","Storm of Steel"],"picked":"Prepared","floor":11},{"not_picked":["Quick Slash","Eviscerate"],"picked":"Calculated Gamble","floor":12},{"not_picked":["Night Terror","Flying Knee"],"picked":"Blade Dance","floor":13},{"not_picked":["Riddle With Holes","Dodge and Roll"],"picked":"Acrobatics","floor":14},{"not_picked":["Doppelganger","Corpse Explosion"],"picked":"Phantasmal Killer","floor":16},{"not_picked":["Dagger Spray","Noxious Fumes","Sucker Punch"],"picked":"SKIP","floor":18},{"not_picked":["Dash","Poisoned Stab+1"],"picked":"Expertise","floor":19},{"not_picked":["Blur","Noxious Fumes"],"picked":"Prepared","floor":23},{"not_picked":["Backflip+1","Flying Knee"],"picked":"Deflect+1","floor":24},{"not_picked":["Dagger Spray","Dodge and Roll"],"picked":"Outmaneuver","floor":25},{"not_picked":["Footwork","Crippling Poison"],"picked":"Envenom","floor":27},{"not_picked":["Outmaneuver","Escape Plan"],"picked":"Endless Agony","floor":31},{"not_picked":["Phantasmal Killer","Glass Knife"],"picked":"Envenom","floor":33},{"not_picked":["Deadly Poison+1","Catalyst"],"picked":"Bane","floor":35},{"not_picked":["Underhanded Strike","Flechettes+1","Poisoned Stab+1"],"picked":"SKIP","floor":36},{"not_picked":["Terror","Predator","Cloak And Dagger+1"],"picked":"SKIP","floor":38},{"not_picked":["Deflect","Wraith Form v2"],"picked":"Slice+1","floor":41},{"not_picked":["Bane+1","Night Terror"],"picked":"Eviscerate","floor":46},{"not_picked":["Blur+1","Quick Slash+1"],"picked":"Finisher+1","floor":48}],"player_experience":121182,"relics_obtained":[{"floor":7,"key":"Ancient Tea Set"},{"floor":9,"key":"Mummified Hand"},{"floor":11,"key":"Mercury Hourglass"},{"floor":13,"key":"Sundial"},{"floor":23,"key":"Centennial Puzzle"},{"floor":25,"key":"Happy Flower"},{"floor":26,"key":"InkBottle"},{"floor":37,"key":"Strawberry"},{"floor":41,"key":"Blood Vial"},{"floor":43,"key":"MawBank"},{"floor":46,"key":"Pear"},{"floor":48,"key":"MealTicket"}],"event_choices":[{"damage_healed":0,"gold_gain":0,"player_choice":"Grow","damage_taken":0,"max_hp_gain":0,"max_hp_loss":0,"event_name":"Living Wall","floor":2,"gold_loss":0,"cards_upgraded":["Venomology"]},{"damage_healed":0,"gold_gain":0,"player_choice":"Lose Max HP","damage_taken":0,"relics_obtained":["Golden Idol"],"max_hp_gain":0,"max_hp_loss":5,"event_name":"Golden Idol","floor":5,"gold_loss":0},{"damage_healed":0,"gold_gain":0,"player_choice":"Gave Idol","damage_taken":0,"relics_obtained":["Bloody Idol"],"max_hp_gain":0,"max_hp_loss":0,"event_name":"Forgotten Altar","floor":21,"relics_lost":["Golden Idol"],"gold_loss":0},{"damage_healed":0,"gold_gain":0,"player_choice":"Gave Potion","damage_taken":0,"relics_obtained":["Tiny Chest"],"max_hp_gain":0,"max_hp_loss":0,"event_name":"WeMeetAgain","floor":22,"gold_loss":0},{"damage_healed":0,"gold_gain":0,"player_choice":"Simplicity","damage_taken":0,"max_hp_gain":0,"max_hp_loss":0,"event_name":"Back to Basics","floor":28,"gold_loss":0,"cards_upgraded":["Strike_G","Strike_G","Strike_G","Strike_G","Strike_G","Defend_G","Defend_G","Defend_G","Defend_G"]},{"damage_healed":0,"gold_gain":99,"player_choice":"Stole From Cult","damage_taken":0,"max_hp_gain":0,"max_hp_loss":0,"event_name":"Nest","floor":30,"gold_loss":0},{"cards_removed":["Strike_G"],"damage_healed":0,"gold_gain":0,"player_choice":"Removed Attack","damage_taken":0,"max_hp_gain":0,"max_hp_loss":0,"event_name":"Falling","floor":47,"gold_loss":0}],"is_beta":false,"boss_relics":[{"not_picked":["Philosopher\u0027s Stone","Pandora\u0027s Box"],"picked":"WristBlade"},{"not_picked":["Velvet Choker","Sozu"],"picked":"Ring of the Serpent"}],"items_purged_floors":[20,39],"is_endless":false,"potions_floor_spawned":[3,12,14,23,25,27,31,33,38,48],"ascension_level":1}}