{"host":"8d3fefv2347kqkpz","time":1611046143,"event":{"mods":["100% Spire Juice","AchievementEnabler","Act Like it!","Aspiration","BaseMod","Better Vampires","Colored Map","Colored Powertips","Conspire","GifTheSpireLib","Highlight Path","Mimic Mod","Minty Spire (QoL Compilation)","Quick Restart","Reimu£®≤©¿ˆ¡È√Œ£©","Relic Stats","Remilia£®¿Ÿ√◊¿Ú—«£©","Replay The Spire","Spicy Shops","StSLib","The Gatherer","The Jungle","The Senshi","The Servant 0.9.4","Waifu the Spire","vexMod"],"gold_per_floor":[115,132,132,150,166,166,185,185,185,220,266,266,231,262,262,280,280],"floor_reached":16,"language":"ZHS","playtime":758,"items_purged":[],"score":112,"play_id":"4276c2d2-d57b-4099-91c0-c695e064f079","local_time":"20210119164903","is_ascension_mode":false,"campfire_choices":[{"floor":6.0,"key":"RECALL"},{"floor":8.0,"key":"REST"},{"floor":15.0,"key":"REST"}],"circlet_count":0,"master_deck":["Strike_P","Strike_P","Strike_P","Strike_P","Defend_P","Defend_P","Defend_P","Defend_P","Eruption","Vigilance","Protect","Protect","WindmillStrike","Injury"],"relics":["PureWater","Replay:Bandana","Mastiff:ReiMu","Molten Egg 2","Blue Candle"],"acts_visited":["Exordium"],"potions_floor_usage":[16],"damage_taken":[{"damage":4.0,"enemies":"2 Louse","floor":1.0,"turns":3.0},{"damage":0.0,"enemies":"conspire:RoseBush","floor":2.0,"turns":5.0},{"damage":0.0,"enemies":"Small Slimes","floor":4.0,"turns":4.0},{"damage":2.0,"enemies":"Looter","floor":5.0,"turns":4.0},{"damage":18.0,"enemies":"Red Slaver","floor":7.0,"turns":9.0},{"damage":14.0,"enemies":"Blue Slaver","floor":10.0,"turns":3.0},{"damage":30.0,"enemies":"Gremlin Nob","floor":11.0,"turns":5.0},{"damage":4.0,"enemies":"Replay:BlueRogue","floor":14.0,"turns":7.0},{"damage":80,"enemies":"The Guardian","floor":16,"turns":10}],"seed_played":"-7600199090509508479","potions_obtained":[{"floor":1.0,"key":"Venom Potion"},{"floor":5.0,"key":"BlessingOfTheForge"},{"floor":7.0,"key":"SkillPotion"}],"is_trial":false,"path_per_floor":["M","M","?","M","M","R","M","R","T","M","E","?","?","E","R","B"],"character_chosen":"WATCHER","items_purchased":[],"campfire_rested":2,"item_purchase_floors":[],"current_hp_per_floor":[75,75,75,75,73,73,55,78,78,64,34,34,53,49,72,0,0],"gold":280,"neow_bonus":"TEN_PERCENT_HP_BONUS","is_daily":false,"chose_seed":false,"campfire_upgraded":0,"win_rate":0.0,"timestamp":1611046143,"path_taken":["M","M","?","M","M","R","M","R","T","M","E","?","?","E","R","BOSS"],"items_purchased_type":[],"build_version":"2020-12-22","purchased_purges":0,"victory":false,"max_hp_per_floor":[79,79,79,79,79,79,79,79,79,79,79,79,79,79,79,79,79],"relic_stats":{"counters":[9,50],"Blue Candle":[0],"obtain_stats":[{"Replay:Bandana":9,"Mastiff:ReiMu":11,"Blue Candle":14,"Molten Egg 2":12,"PureWater":0},{"Replay:Bandana":5,"Mastiff:ReiMu":7,"Blue Candle":8,"Molten Egg 2":7,"PureWater":0},{"Replay:Bandana":25,"Mastiff:ReiMu":33,"Blue Candle":40,"Molten Egg 2":33,"PureWater":0}]},"card_choices":[{"not_picked":["BattleHymn","FlyingSleeves"],"picked":"Protect","floor":1.0},{"not_picked":["Replay:AtTheReady","CutThroughFate","Crescendo"],"picked":"SKIP","floor":2.0},{"not_picked":["EmptyBody","Evaluate"],"picked":"Protect","floor":4.0},{"not_picked":["Sanctity","FlurryOfBlows","Indignation"],"picked":"SKIP","floor":5.0},{"not_picked":["Adaptation","ClearTheMind","EmptyMind"],"picked":"SKIP","floor":7.0},{"not_picked":["Replay:AtTheReady","Halt"],"picked":"WindmillStrike","floor":10.0},{"not_picked":["Collect","Alpha","Crescendo"],"picked":"SKIP","floor":11.0},{"not_picked":["WreathOfFlame","Replay:AtTheReady","InnerPeace"],"picked":"SKIP","floor":14.0}],"player_experience":141174,"relics_obtained":[{"floor":9.0,"key":"Replay:Bandana"},{"floor":11.0,"key":"Mastiff:ReiMu"},{"floor":14.0,"key":"Blue Candle"}],"event_choices":[{"damage_healed":0.0,"max_hp_gain":0.0,"max_hp_loss":0.0,"gold_gain":0.0,"event_name":"conspire:LoneGhost","player_choice":"Disagree","floor":3.0,"gold_loss":0.0,"damage_taken":0.0},{"damage_healed":19.0,"max_hp_gain":0.0,"max_hp_loss":0.0,"gold_gain":0.0,"event_name":"The Cleric","player_choice":"Healed","floor":13.0,"gold_loss":35.0,"damage_taken":0.0}],"is_beta":false,"boss_relics":[],"items_purged_floors":[],"is_endless":false,"potions_floor_spawned":[1,5,7],"killed_by":"The Guardian","ascension_level":0}}