{"host":"1tl36azeqm6yhdgj","time":1611085177,"event":{"mods":["AchievementEnabler","BaseMod","Minty Spire (QoL Compilation)","StSLib","The IronCluck","everything is the same but u backflip on backflip"],"gold_per_floor":[116,132,143,158,176,202,127,140,218,218,218,218,218],"floor_reached":12,"language":"ENG","playtime":322,"items_purged":[],"score":160,"play_id":"303785b3-16c1-44bd-8a9a-d8a3bf8764e3","local_time":"20210119143937","is_ascension_mode":true,"campfire_choices":[{"floor":10,"key":"REST"}],"circlet_count":0,"master_deck":["AscendersBane","Strike_R","Strike_R","Strike_R","Strike_R","Defend_R","Defend_R","Defend_R","Defend_R","Bash","Seeing Red","Cleave","Clothesline","Intimidate","Dropkick","Infernal Blade+1","Regret"],"relics":["Burning Blood","NeowsBlessing","Toxic Egg 2","Mummified Hand","Mercury Hourglass"],"acts_visited":["Exordium"],"potions_floor_usage":[4,6],"damage_taken":[{"damage":0,"enemies":"2 Louse","floor":1,"turns":1},{"damage":0,"enemies":"Small Slimes","floor":2,"turns":1},{"damage":0,"enemies":"Jaw Worm","floor":3,"turns":1},{"damage":10,"enemies":"Lots of Slimes","floor":4,"turns":2},{"damage":9,"enemies":"2 Fungi Beasts","floor":5,"turns":4},{"damage":41,"enemies":"Lagavulin","floor":6,"turns":8},{"damage":20,"enemies":"Large Slime","floor":8,"turns":10},{"damage":51,"enemies":"Gremlin Nob","floor":12,"turns":4}],"seed_played":"-299763955104201483","potions_obtained":[{"floor":1,"key":"Block Potion"},{"floor":3,"key":"PowerPotion"}],"is_trial":false,"path_per_floor":["M","M","M","M","M","E","?","M","T","R","?","E"],"character_chosen":"IRONCLAD","items_purchased":[],"campfire_rested":1,"item_purchase_floors":[],"current_hp_per_floor":[74,75,75,71,68,33,33,19,19,41,41,0,0],"gold":218,"neow_bonus":"THREE_ENEMY_KILL","is_daily":false,"chose_seed":false,"campfire_upgraded":0,"win_rate":0.0,"timestamp":1611085177,"path_taken":["M","M","M","M","M","E","?","M","T","R","?","E"],"items_purchased_type":[],"build_version":"2020-12-22","purchased_purges":0,"victory":false,"max_hp_per_floor":[75,75,75,75,75,75,75,75,75,75,75,75,75],"card_choices":[{"not_picked":["Blood for Blood","Pommel Strike"],"picked":"Seeing Red","floor":1},{"not_picked":["Anger","Armaments"],"picked":"Cleave","floor":2},{"not_picked":["Armaments","Sword Boomerang"],"picked":"Clothesline","floor":3},{"not_picked":["Shrug It Off","Warcry"],"picked":"Intimidate","floor":4},{"not_picked":["Power Through","Entrench","Warcry"],"picked":"SKIP","floor":5},{"not_picked":["Bludgeon","Metallicize"],"picked":"Dropkick","floor":6},{"not_picked":["Clash","Warcry+1"],"picked":"Infernal Blade+1","floor":8}],"player_experience":2001759,"relics_obtained":[{"floor":6,"key":"Toxic Egg 2"},{"floor":9,"key":"Mummified Hand"}],"event_choices":[{"cards_removed":["Strike_R"],"damage_healed":0,"gold_gain":0,"player_choice":"Card Removal","damage_taken":0,"max_hp_gain":0,"max_hp_loss":0,"event_name":"The Cleric","floor":7,"gold_loss":75},{"damage_healed":0,"gold_gain":0,"player_choice":"Box","damage_taken":0,"relics_obtained":["Mercury Hourglass"],"max_hp_gain":0,"max_hp_loss":0,"event_name":"Big Fish","floor":11,"gold_loss":0,"cards_obtained":["Regret"]}],"is_beta":false,"boss_relics":[],"items_purged_floors":[],"is_endless":false,"potions_floor_spawned":[1,3],"killed_by":"Gremlin Nob","ascension_level":19}}