{"host":"7tqog9fnhs0gxmti","time":1611053510,"event":{"mods":["AchievementEnabler","Act Like it!","Astrologer","BaseMod","Colored Map","Colored Powertips","Hermit","Highlight Path","Minty Spire (QoL Compilation)","StSLib","The Construct","everything is the same but u backflip on backflip"],"gold_per_floor":[111,186,202,202,219,219,236,89,112,151,179,18,18,18,18,124,124,124,124,24,24,24,24,24,24,24,24,24,24,24],"floor_reached":29,"language":"ENG","playtime":849,"items_purged":["construct:DefenseMode","Writhe"],"score":288,"play_id":"ae059694-e5d2-4e5f-b25a-cff96d58ef80","local_time":"20210119185150","is_ascension_mode":false,"campfire_choices":[{"data":"construct:AttackMode","floor":6,"key":"SMITH"},{"floor":13,"key":"REST"},{"data":"construct:Autoturret","floor":15,"key":"SMITH"},{"data":"construct:Autoturret","floor":23,"key":"SMITH"}],"circlet_count":0,"master_deck":["construct:Strike_Gold","construct:Strike_Gold","construct:Strike_Gold","construct:Strike_Gold","construct:Strike_Gold","construct:Defend_Gold","construct:Defend_Gold","construct:Defend_Gold","construct:Defend_Gold","construct:Defend_Gold","construct:AttackMode+1","construct:Versatility","construct:SuppressiveFire","construct:Forcefield","construct:Autoturret+1","construct:Analyze","construct:HeavyBolt","construct:Missile","construct:Autoturret+1","construct:Reserves","construct:PanicFire","construct:OneWayMirror","construct:SweepLaser+1","construct:ShiftStrike+1","construct:ReactiveShield+1"],"relics":["construct:Cogwheel","NeowsBlessing","Pen Nib","CeramicFish","Kunai","Ectoplasm","Molten Egg 2","Bag of Marbles","construct:MasterCore","MealTicket","Darkstone Periapt"],"acts_visited":["Exordium","TheCity"],"potions_floor_usage":[10,16,16,18,24,25],"damage_taken":[{"damage":0,"enemies":"2 Louse","floor":1,"turns":1},{"damage":0,"enemies":"Small Slimes","floor":3,"turns":2},{"damage":0,"enemies":"Cultist","floor":5,"turns":1},{"damage":9,"enemies":"Blue Slaver","floor":7,"turns":4},{"damage":27,"enemies":"Lagavulin","floor":10,"turns":6},{"damage":19,"enemies":"2 Fungi Beasts","floor":11,"turns":3},{"damage":21,"enemies":"Slime Boss","floor":16,"turns":8},{"damage":10,"enemies":"Shell Parasite","floor":18,"turns":5},{"damage":13,"enemies":"Chosen","floor":21,"turns":5},{"damage":38,"enemies":"Sentry and Sphere","floor":22,"turns":6},{"damage":20,"enemies":"Snecko","floor":24,"turns":4},{"damage":0,"enemies":"Slavers","floor":25,"turns":2},{"damage":13,"enemies":"Book of Stabbing","floor":28,"turns":4},{"damage":5,"enemies":"Snake Plant","floor":29,"turns":1}],"seed_played":"-8700526516434857106","potions_obtained":[{"floor":3,"key":"SpeedPotion"},{"floor":5,"key":"PowerPotion"},{"floor":7,"key":"Strength Potion"},{"floor":16,"key":"Weak Potion"},{"floor":22,"key":"Regen Potion"},{"floor":24,"key":"SneckoOil"}],"is_trial":false,"path_per_floor":["M","?","M","?","M","R","M","$","T","E","M","$","R","?","R","B",null,"M","?","$","M","M","R","M","E","T","?","E","M"],"character_chosen":"THE_CONSTRUCT_MOD","items_purchased":["construct:Autoturret","construct:Analyze","construct:Autoturret","construct:Reserves"],"campfire_rested":1,"item_purchase_floors":[8,8,12,12],"current_hp_per_floor":[85,74,74,74,74,74,65,65,65,38,19,19,44,32,32,11,85,75,75,75,62,24,24,16,16,16,16,3,0,0],"gold":24,"neow_bonus":"THREE_ENEMY_KILL","is_daily":false,"chose_seed":false,"campfire_upgraded":3,"win_rate":0.0,"timestamp":1611053510,"path_taken":["M","?","M","?","M","R","?","$","T","E","M","$","R","?","R","BOSS","M","?","$","M","M","R","M","E","T","?","E","?"],"items_purchased_type":["Card","Card","Card","Card"],"build_version":"2020-12-22","purchased_purges":2,"victory":false,"max_hp_per_floor":[85,85,85,85,85,85,85,85,85,85,85,85,85,85,85,85,85,85,85,85,85,85,85,85,85,85,85,85,85,85],"card_choices":[{"not_picked":["construct:VentSteam","construct:Accumulate"],"picked":"construct:Versatility","floor":1},{"not_picked":["construct:Hazardproof","construct:Bunker"],"picked":"construct:SuppressiveFire","floor":3},{"not_picked":["construct:VentSteam","construct:HardReboot"],"picked":"construct:Forcefield","floor":5},{"not_picked":["construct:SyphonStrike","construct:FierceBash"],"picked":"construct:FlakBarrage","floor":7},{"not_picked":["construct:Disrupt","construct:Backfire"],"picked":"construct:HeavyBolt","floor":10},{"not_picked":["construct:SyphonStrike","construct:Versatility"],"picked":"construct:Missile","floor":11},{"not_picked":["construct:MemoryTap","construct:Reserves"],"picked":"construct:PanicFire","floor":16},{"not_picked":["construct:ModeShift+1","construct:Tumble+1"],"picked":"construct:OneWayMirror","floor":18},{"not_picked":["construct:ScrapCannon+1","construct:Analyze"],"picked":"construct:SweepLaser+1","floor":21},{"not_picked":["construct:SweepLaser+1","construct:QuickAttack+1"],"picked":"construct:ShiftStrike+1","floor":22},{"not_picked":["construct:UnbalancingBlast+1","construct:Reinforce","construct:Dampening"],"picked":"SKIP","floor":24},{"not_picked":["construct:UnbalancingBlast+1","construct:Hazardproof","construct:SuppressiveFire+1"],"picked":"SKIP","floor":25},{"not_picked":["construct:MassProduction","construct:Analyze"],"picked":"construct:ReactiveShield+1","floor":28}],"player_experience":770908,"relics_obtained":[{"floor":9,"key":"Pen Nib"},{"floor":10,"key":"CeramicFish"},{"floor":25,"key":"Bag of Marbles"},{"floor":26,"key":"construct:MasterCore"},{"floor":28,"key":"Darkstone Periapt"}],"event_choices":[{"damage_healed":0,"gold_gain":75,"player_choice":"Gather Gold","damage_taken":11,"max_hp_gain":0,"max_hp_loss":0,"event_name":"World of Goop","floor":2,"gold_loss":0},{"damage_healed":0,"gold_gain":0,"player_choice":"0 cards matched","damage_taken":0,"max_hp_gain":0,"max_hp_loss":0,"event_name":"Match and Keep!","floor":4,"gold_loss":0,"cards_obtained":[]},{"damage_healed":0,"gold_gain":0,"player_choice":"Success","damage_taken":12,"relics_obtained":["Kunai"],"max_hp_gain":0,"max_hp_loss":0,"event_name":"Scrap Ooze","floor":14,"gold_loss":0},{"damage_healed":0,"gold_gain":0,"player_choice":"Opened","damage_taken":0,"relics_obtained":["Molten Egg 2"],"max_hp_gain":0,"max_hp_loss":0,"event_name":"The Mausoleum","floor":19,"gold_loss":0,"cards_obtained":["Writhe"]},{"cards_removed":["construct:FlakBarrage"],"damage_healed":0,"gold_gain":0,"player_choice":"Gave Card","damage_taken":0,"relics_obtained":["MealTicket"],"max_hp_gain":0,"max_hp_loss":0,"event_name":"WeMeetAgain","floor":27,"gold_loss":0}],"is_beta":false,"boss_relics":[{"not_picked":["Astrolabe","Calling Bell"],"picked":"Ectoplasm"}],"items_purged_floors":[8,20],"is_endless":false,"potions_floor_spawned":[3,5,7,16,22,24],"killed_by":"Snake Plant","ascension_level":0}}