{"host":"zk71suw73lg2r165","time":1611033711,"event":{"mods":["BaseMod","Colored Map","Minty Spire (QoL Compilation)","Permanent Neow","Relic Stats","StSLib"],"gold_per_floor":[117,117,82,95,52,52,66,101,146,146,165,165,44,79,79,153,153,163,178,196,196,196],"floor_reached":21,"language":"ENG","playtime":843,"items_purged":[],"score":378,"play_id":"fb627dd6-d9dc-4e5f-96bb-278ffad4dbcc","local_time":"20210119002151","is_ascension_mode":true,"campfire_choices":[{"data":"Neutralize","floor":6.0,"key":"SMITH"},{"floor":10.0,"key":"REST"},{"floor":15.0,"key":"REST"}],"circlet_count":0,"master_deck":["AscendersBane","Strike_G","Strike_G","Strike_G","Strike_G+1","Strike_G+1","Defend_G","Defend_G","Defend_G","Defend_G","Defend_G","Survivor","Neutralize+1","Dagger Spray","PiercingWail","Footwork","Poisoned Stab","Prepared","Leg Sweep","Predator","Footwork","Poisoned Stab","Glass Knife","Deflect","Tactician","Underhanded Strike"],"relics":["HoveringKite","Toy Ornithopter","Regal Pillow","Potion Belt","SacredBark"],"acts_visited":["Exordium","TheCity"],"potions_floor_usage":[21,21],"damage_taken":[{"damage":8.0,"enemies":"Small Slimes","floor":1.0,"turns":5.0},{"damage":0.0,"enemies":"2 Louse","floor":4.0,"turns":3.0},{"damage":0.0,"enemies":"Jaw Worm","floor":7.0,"turns":4.0},{"damage":40.0,"enemies":"Gremlin Nob","floor":8.0,"turns":5.0},{"damage":0.0,"enemies":"Red Slaver","floor":11.0,"turns":3.0},{"damage":26.0,"enemies":"Lagavulin","floor":14.0,"turns":8.0},{"damage":12.0,"enemies":"Hexaghost","floor":16.0,"turns":14.0},{"damage":23.0,"enemies":"Shell Parasite","floor":18.0,"turns":11.0},{"damage":31,"enemies":"Chosen","floor":19,"turns":7},{"damage":36,"enemies":"Snecko","floor":20,"turns":12},{"damage":28,"enemies":"Sentry and Sphere","floor":21,"turns":7}],"seed_played":"7491157470544281258","potions_obtained":[{"floor":4.0,"key":"DuplicationPotion"},{"floor":7.0,"key":"Block Potion"},{"floor":8.0,"key":"Dexterity Potion"},{"floor":11.0,"key":"Explosive Potion"},{"floor":12.0,"key":"FairyPotion"},{"floor":19,"key":"FearPotion"}],"is_trial":false,"path_per_floor":["M","?","?","M","$","R","M","E","T","R","M","?","$","E","R","B",null,"M","M","M","M"],"character_chosen":"THE_SILENT","items_purchased":["Footwork","Predator","Footwork"],"campfire_rested":2,"item_purchase_floors":[5,13,13],"current_hp_per_floor":[51,31,47,47,47,47,47,7,7,41,46,46,46,20,54,42,60,37,6,16,0,0],"gold":196,"neow_bonus":"BOSS_RELIC","is_daily":false,"chose_seed":false,"campfire_upgraded":1,"win_rate":0.0,"timestamp":1611033711,"path_taken":["M","?","?","M","?","R","?","E","T","R","M","?","$","E","R","BOSS","M","?","?","M"],"items_purchased_type":["Card","Card","Card"],"build_version":"2020-12-22","purchased_purges":0,"victory":false,"max_hp_per_floor":[66,66,66,66,66,66,66,66,66,66,66,66,66,66,66,66,66,66,66,66,66,66],"relic_stats":{"Regal Pillow":30,"counters":[11,79],"HoveringKite":[24],"obtain_stats":[{"Potion Belt":14,"Regal Pillow":9,"SacredBark":17,"HoveringKite":0,"Toy Ornithopter":8,"Ring of the Snake":0},{"Potion Belt":6,"Regal Pillow":4,"SacredBark":7,"HoveringKite":0,"Toy Ornithopter":4,"Ring of the Snake":0},{"Potion Belt":28,"Regal Pillow":17,"SacredBark":42,"HoveringKite":0,"Toy Ornithopter":17,"Ring of the Snake":0}],"Toy Ornithopter":15},"card_choices":[{"not_picked":["Quick Slash","Deflect"],"picked":"Dagger Spray","floor":1.0},{"not_picked":["Dagger Spray","Bane"],"picked":"PiercingWail","floor":4.0},{"not_picked":["PiercingWail","Calculated Gamble"],"picked":"Poisoned Stab","floor":7.0},{"not_picked":["Storm of Steel","Eviscerate"],"picked":"Prepared","floor":8.0},{"not_picked":["Eviscerate","Accuracy"],"picked":"Leg Sweep","floor":11.0},{"not_picked":["Skewer","Sucker Punch"],"picked":"Poisoned Stab","floor":14.0},{"not_picked":["After Image","Unload"],"picked":"Glass Knife","floor":16.0},{"not_picked":["Flying Knee","Well Laid Plans"],"picked":"Deflect","floor":18.0},{"not_picked":["Eviscerate","Cloak And Dagger"],"picked":"Tactician","floor":19},{"not_picked":["Bouncing Flask","Flechettes"],"picked":"Underhanded Strike","floor":20}],"player_experience":1345341,"relics_obtained":[{"floor":8.0,"key":"Toy Ornithopter"},{"floor":9.0,"key":"Regal Pillow"},{"floor":14.0,"key":"Potion Belt"}],"event_choices":[{"damage_healed":0.0,"max_hp_gain":0.0,"max_hp_loss":0.0,"gold_gain":0.0,"event_name":"Shining Light","player_choice":"Entered Light","floor":2.0,"gold_loss":0.0,"damage_taken":20.0,"cards_upgraded":["Strike_G","Strike_G"]},{"damage_healed":16.0,"max_hp_gain":0.0,"max_hp_loss":0.0,"gold_gain":0.0,"event_name":"The Cleric","player_choice":"Healed","floor":3.0,"gold_loss":35.0,"damage_taken":0.0},{"damage_healed":0.0,"max_hp_gain":0.0,"max_hp_loss":0.0,"gold_gain":0.0,"event_name":"Lab","player_choice":"Got Potions","floor":12.0,"gold_loss":0.0,"damage_taken":0.0}],"is_beta":false,"boss_relics":[{"not_picked":["Ectoplasm","Empty Cage"],"picked":"SacredBark"}],"items_purged_floors":[],"is_endless":false,"potions_floor_spawned":[4,7,8,11,19],"killed_by":"Sentry and Sphere","ascension_level":20}}