{"host":"47mn4tgofsdu2qaz","time":1611037922,"event":{"mods":["BaseMod","Marisa????????","Minty Spire (QoL Compilation)"],"gold_per_floor":[115,128,144,144,163,163,163,181,204,216,248,285,297,341,353,462,474,498,523,805,845,886,898,898],"floor_reached":23,"language":"ENG","playtime":1670,"items_purged":[],"score":205,"play_id":"85638666-fe7a-45ec-92b1-ba750058c45f","local_time":"20210118233202","is_ascension_mode":false,"campfire_choices":[{"data":"UpSweep","floor":7.0,"key":"SMITH"},{"data":"PowerUp","floor":10.0,"key":"SMITH"},{"data":"DarkSpark","floor":13.0,"key":"SMITH"},{"data":"UnstableBomb","floor":15.0,"key":"SMITH"}],"circlet_count":0,"master_deck":["Strike_MRS","Strike_MRS","Strike_MRS","Strike_MRS","Defend_MRS","Defend_MRS","Defend_MRS","Defend_MRS","MasterSpark","UpSweep+1","ManaConvection","MysteriousBeam+1","FairyDestructionRay","SuperPerseids","PowerUp+1","DarkSpark+1","PulseMagic","UnstableBomb+1","TreasureHunter","WitchOfGreed","LuminesStrike","SprinkleStarSeal","GalacticHalo"],"relics":["BewitchedHakkero","Anchor","Toy Ornithopter","MawBank","Centennial Puzzle","HornCleat"],"acts_visited":["Exordium","TheCity"],"potions_floor_usage":[],"damage_taken":[{"damage":0.0,"enemies":"Small Slimes","floor":1.0,"turns":4.0},{"damage":0.0,"enemies":"Cultist","floor":2.0,"turns":4.0},{"damage":1.0,"enemies":"Jaw Worm","floor":3.0,"turns":2.0},{"damage":0.0,"enemies":"Gremlin Gang","floor":5.0,"turns":2.0},{"damage":0.0,"enemies":"Looter","floor":8.0,"turns":2.0},{"damage":5.0,"enemies":"Exordium Thugs","floor":11.0,"turns":3.0},{"damage":5.0,"enemies":"Gremlin Nob","floor":12.0,"turns":3.0},{"damage":9.0,"enemies":"3 Sentries","floor":14.0,"turns":4.0},{"damage":35.0,"enemies":"The Guardian","floor":16.0,"turns":10.0},{"damage":17.0,"enemies":"Spheric Guardian","floor":18.0,"turns":4.0},{"damage":5.0,"enemies":"2 Thieves","floor":19.0,"turns":2.0},{"damage":14.0,"enemies":"Shelled Parasite and Fungi","floor":21.0,"turns":4.0},{"damage":7.0,"enemies":"Snake Plant","floor":22.0,"turns":3.0},{"damage":15,"enemies":"Slavers","floor":23,"turns":1}],"seed_played":"-6793921225077461664","potions_obtained":[{"floor":1.0,"key":"BottledSpark"},{"floor":2.0,"key":"PowerPotion"},{"floor":12.0,"key":"SkillPotion"},{"floor":16.0,"key":"EntropicBrew"},{"floor":19.0,"key":"Explosive Potion"},{"floor":21.0,"key":"CultistPotion"},{"floor":22.0,"key":"Dexterity Potion"}],"is_trial":false,"path_per_floor":["M","M","M","?","M","?","R","M","T","R","M","E","R","E","R","B",null,"M","M","?","M","M","E"],"character_chosen":"MARISA","items_purchased":[],"campfire_rested":0,"item_purchase_floors":[],"current_hp_per_floor":[75,75,74,49,49,49,49,49,49,49,44,49,49,45,45,10,75,58,53,26,12,5,0,0],"gold":898,"neow_bonus":"RANDOM_COMMON_RELIC","is_daily":false,"chose_seed":false,"campfire_upgraded":4,"win_rate":0.0,"timestamp":1611037922,"path_taken":["M","M","M","?","M","?","R","M","T","R","?","E","R","E","R","BOSS","M","M","?","M","?","E"],"items_purchased_type":[],"build_version":"2020-12-22","purchased_purges":0,"victory":false,"max_hp_per_floor":[75,75,75,75,75,75,75,75,75,75,75,75,75,75,75,75,75,75,75,75,75,75,75,75],"card_choices":[{"not_picked":["AsteroidBelt","DoubleSpark"],"picked":"ManaConvection","floor":1.0},{"not_picked":["FairyDestructionRay","NonDirectionalLaser"],"picked":"MysteriousBeam","floor":2.0},{"not_picked":["MysteriousBeam","6A"],"picked":"FairyDestructionRay","floor":3.0},{"not_picked":["GasGiant","MysteriousBeam"],"picked":"SuperPerseids","floor":5.0},{"not_picked":["CollectingQuirk","EnergyRecoil"],"picked":"PowerUp","floor":8.0},{"not_picked":["MysteriousBeam","DoubleSpark"],"picked":"DarkSpark","floor":11.0},{"not_picked":["MysteriousBeam","MagicAbsorber"],"picked":"PulseMagic","floor":12.0},{"not_picked":["GrandCross","DC"],"picked":"UnstableBomb","floor":14.0},{"not_picked":["SatelliteIllusion","BlazingStar"],"picked":"TreasureHunter","floor":16.0},{"not_picked":["ShootingEcho","PulseMagic"],"picked":"WitchOfGreed","floor":18.0},{"not_picked":["Robbery","PowerUp"],"picked":"LuminesStrike","floor":19.0},{"not_picked":["MilkyWay+1","LuminesStrike"],"picked":"SprinkleStarSeal","floor":21.0},{"not_picked":["NonDirectionalLaser","ChargeUpSpray"],"picked":"GalacticHalo","floor":22.0}],"player_experience":60172,"relics_obtained":[{"floor":9.0,"key":"MawBank"},{"floor":12.0,"key":"Centennial Puzzle"},{"floor":14.0,"key":"HornCleat"}],"event_choices":[{"damage_healed":0.0,"max_hp_gain":0.0,"max_hp_loss":0.0,"gold_gain":0.0,"event_name":"Scrap Ooze","player_choice":"Success","floor":4.0,"gold_loss":0.0,"damage_taken":25.0,"relics_obtained":["Toy Ornithopter"]},{"damage_healed":0.0,"max_hp_gain":0.0,"max_hp_loss":0.0,"gold_gain":0.0,"event_name":"Upgrade Shrine","player_choice":"Upgraded","floor":6.0,"gold_loss":0.0,"damage_taken":0.0,"cards_upgraded":["MysteriousBeam"]},{"damage_healed":0.0,"max_hp_gain":0.0,"max_hp_loss":0.0,"gold_gain":270.0,"event_name":"Knowing Skull","player_choice":"GOLD GOLD GOLD ","floor":20.0,"potions_obtained":[],"gold_loss":0.0,"damage_taken":27.0,"cards_obtained":[]}],"is_beta":false,"boss_relics":[{"not_picked":["Runic Dome","Ectoplasm"],"picked":"BewitchedHakkero"}],"items_purged_floors":[],"is_endless":false,"potions_floor_spawned":[1,2,12,16,19,22],"killed_by":"Slavers","ascension_level":0}}