{"host":"h15mxg6fckhg46bu","time":1611048744,"event":{"mods":["BaseMod","Block Reminder","Minty Spire (QoL Compilation)","StSLib"],"gold_per_floor":[10,24,24,24,36,36,62,97,124,141,141,141,158,168,168,271,271,286,286,298,3,13,53,53,81,81,81,105,142,67,96,96,208,208,224,251,276,300,300,300,329,172,196,233,6,45,65,87,87,87,87],"floor_reached":50,"language":"ENG","playtime":6967,"items_purged":["Defend_R"],"score":710,"play_id":"e7fa5820-a079-42e0-bfcb-30bd2991c319","local_time":"20210119033224","is_ascension_mode":true,"campfire_choices":[{"data":"Bash","floor":6,"key":"SMITH"},{"data":"Pommel Strike","floor":12,"key":"SMITH"},{"data":"Fire Breathing","floor":15,"key":"SMITH"},{"data":"Evolve","floor":24,"key":"SMITH"},{"floor":27,"key":"REST"},{"data":"Flame Barrier","floor":32,"key":"SMITH"},{"floor":40,"key":"REST"},{"floor":49,"key":"REST"}],"circlet_count":0,"master_deck":["Strike_R","Strike_R","Strike_R","Strike_R","Defend_R","Defend_R","Defend_R","Bash+1","Fire Breathing","Fire Breathing+1","Sword Boomerang","Ghostly Armor","Pommel Strike+1","Parasite","Clothesline","Reaper+1","Exhume+1","True Grit+1","Wild Strike+1","Power Through","Evolve+1","Bloodletting","Pommel Strike+1","Rampage+1","Heavy Blade+1","Shrug It Off+1","Flame Barrier+1","Exhume","Inflame+1","Fire Breathing+1","Power Through","Clothesline+1","Master of Strategy","Warcry+1","Spot Weakness","Warcry","Reaper"],"relics":["Burning Blood","FossilizedHelix","Bronze Scales","Art of War","Ornamental Fan","Red Skull","Sozu","Sling","CeramicFish","Nunchaku","Blood Vial","Mark of Pain","Orichalcum","Shuriken","Lee\u0027s Waffle","Whetstone"],"acts_visited":["Exordium","TheCity","TheBeyond"],"potions_floor_usage":[16,16,23],"damage_taken":[{"damage":0,"enemies":"Small Slimes","floor":1,"turns":6},{"damage":0,"enemies":"2 Louse","floor":2,"turns":4},{"damage":0,"enemies":"Jaw Worm","floor":5,"turns":3},{"damage":10,"enemies":"3 Sentries","floor":8,"turns":4},{"damage":30,"enemies":"Gremlin Gang","floor":10,"turns":5},{"damage":15,"enemies":"Large Slime","floor":13,"turns":5},{"damage":0,"enemies":"2 Fungi Beasts","floor":14,"turns":3},{"damage":39,"enemies":"Hexaghost","floor":16,"turns":7},{"damage":16,"enemies":"Spheric Guardian","floor":18,"turns":4},{"damage":16,"enemies":"Shell Parasite","floor":20,"turns":6},{"damage":14,"enemies":"Cultist and Chosen","floor":22,"turns":5},{"damage":18,"enemies":"Gremlin Leader","floor":23,"turns":7},{"damage":37,"enemies":"3 Cultists","floor":25,"turns":6},{"damage":17,"enemies":"Centurion and Healer","floor":28,"turns":6},{"damage":27,"enemies":"Book of Stabbing","floor":29,"turns":4},{"damage":10,"enemies":"Cultist and Chosen","floor":31,"turns":6},{"damage":57,"enemies":"Automaton","floor":33,"turns":9},{"damage":0,"enemies":"Orb Walker","floor":35,"turns":4},{"damage":32,"enemies":"3 Darklings","floor":36,"turns":5},{"damage":4,"enemies":"Transient","floor":37,"turns":5},{"damage":42,"enemies":"Spire Growth","floor":38,"turns":5},{"damage":11,"enemies":"Sphere and 2 Shapes","floor":41,"turns":4},{"damage":30,"enemies":"Nemesis","floor":44,"turns":7},{"damage":38,"enemies":"Reptomancer","floor":46,"turns":6},{"damage":10,"enemies":"3 Darklings","floor":47,"turns":4},{"damage":34,"enemies":"Jaw Worm Horde","floor":48,"turns":5},{"damage":73,"enemies":"Awakened One","floor":50,"turns":5}],"seed_played":"7331828068886182614","potions_obtained":[{"floor":1,"key":"LiquidBronze"},{"floor":14,"key":"LiquidBronze"},{"floor":16,"key":"Explosive Potion"}],"is_trial":false,"path_per_floor":["M","M","?","?","M","R","T","E","T","M","?","R","M","M","R","B",null,"M","?","M","$","M","E","R","M","T","R","M","E","?","M","R","B",null,"M","M","M","M","?","R","M","$","T","E","$","E","M","M","R","B"],"character_chosen":"IRONCLAD","items_purchased":["Power Through","Evolve","Sling","Master of Strategy","Lee\u0027s Waffle"],"campfire_rested":3,"item_purchase_floors":[21,21,21,42,45],"current_hp_per_floor":[80,80,80,77,80,80,80,76,76,52,72,72,63,69,69,46,72,62,62,55,55,55,70,70,47,47,71,74,62,62,67,67,34,69,80,64,68,38,38,62,74,74,74,57,87,67,65,39,65,0,0],"gold":87,"neow_bonus":"ONE_RARE_RELIC","is_daily":false,"chose_seed":false,"campfire_upgraded":5,"win_rate":0.0,"timestamp":1611048744,"path_taken":["M","M","?","?","M","R","?","E","T","?","?","R","M","M","R","BOSS","M","?","M","$","M","E","R","M","T","R","M","E","?","M","R","BOSS","M","M","M","M","?","R","M","$","T","E","$","E","M","M","R","BOSS"],"items_purchased_type":["Card","Card","Relic","Card","Relic"],"build_version":"2020-12-22","purchased_purges":1,"victory":false,"max_hp_per_floor":[80,80,80,80,80,80,80,80,80,80,80,80,80,80,80,80,80,80,80,80,80,80,80,80,80,80,80,80,80,80,80,80,80,80,80,80,80,80,80,80,80,80,80,80,87,87,87,87,87,87,87],"card_choices":[{"not_picked":["Searing Blow","Rampage"],"picked":"Fire Breathing","floor":1},{"not_picked":["Clothesline","Armaments"],"picked":"Fire Breathing","floor":2},{"not_picked":["Sever Soul","Havoc"],"picked":"Sword Boomerang","floor":5},{"not_picked":["Sentinel","Headbutt"],"picked":"Ghostly Armor","floor":8},{"not_picked":["Anger","Havoc"],"picked":"Pommel Strike","floor":10},{"not_picked":["Sword Boomerang","Havoc"],"picked":"Clothesline","floor":13},{"not_picked":["Clash","Thunderclap"],"picked":"Reaper","floor":14},{"not_picked":["Double Tap","Corruption"],"picked":"Exhume","floor":16},{"not_picked":["Anger+1","Clothesline"],"picked":"True Grit+1","floor":18},{"not_picked":["Pummel+1","Shrug It Off"],"picked":"Wild Strike+1","floor":20},{"not_picked":["Perfected Strike","True Grit"],"picked":"Bloodletting","floor":22},{"not_picked":["Bloodletting+1","Armaments"],"picked":"Pommel Strike+1","floor":23},{"not_picked":["Sword Boomerang","Entrench"],"picked":"Rampage","floor":25},{"not_picked":["Hemokinesis","Thunderclap"],"picked":"Heavy Blade+1","floor":28},{"not_picked":["Sever Soul+1","Headbutt"],"picked":"Shrug It Off+1","floor":29},{"not_picked":["Rampage+1","Dropkick+1"],"picked":"Flame Barrier","floor":31},{"not_picked":["Bludgeon","Offering"],"picked":"Exhume","floor":33},{"not_picked":["Blood for Blood+1","Body Slam","Dark Embrace"],"picked":"SKIP","floor":35},{"not_picked":["Searing Blow","Pommel Strike+1"],"picked":"Inflame+1","floor":36},{"not_picked":["Pummel","Havoc"],"picked":"Fire Breathing+1","floor":37},{"not_picked":["Shrug It Off+1","Perfected Strike"],"picked":"Power Through","floor":38},{"not_picked":["Body Slam","Twin Strike"],"picked":"Clothesline+1","floor":41},{"not_picked":["Shockwave+1","Havoc"],"picked":"Warcry+1","floor":44},{"not_picked":["Dual Wield+1","Twin Strike"],"picked":"Spot Weakness","floor":46},{"not_picked":["Flex","Sword Boomerang+1"],"picked":"Warcry","floor":47},{"not_picked":["Dark Embrace","Heavy Blade+1"],"picked":"Reaper","floor":48}],"player_experience":3860294,"relics_obtained":[{"floor":7,"key":"Art of War"},{"floor":8,"key":"Ornamental Fan"},{"floor":9,"key":"Red Skull"},{"floor":23,"key":"CeramicFish"},{"floor":26,"key":"Nunchaku"},{"floor":29,"key":"Blood Vial"},{"floor":43,"key":"Orichalcum"},{"floor":44,"key":"Shuriken"},{"floor":46,"key":"Whetstone"}],"event_choices":[{"damage_healed":0,"gold_gain":0,"player_choice":"Ignored","damage_taken":0,"max_hp_gain":0,"max_hp_loss":0,"event_name":"Golden Idol","floor":3,"gold_loss":0},{"damage_healed":0,"gold_gain":0,"player_choice":"Success","damage_taken":3,"relics_obtained":["Bronze Scales"],"max_hp_gain":0,"max_hp_loss":0,"event_name":"Scrap Ooze","floor":4,"gold_loss":0},{"damage_healed":20,"gold_gain":0,"player_choice":"Healed and dodged fight","damage_taken":0,"max_hp_gain":0,"max_hp_loss":0,"event_name":"Mushrooms","floor":11,"gold_loss":0,"cards_obtained":["Parasite"]},{"damage_healed":0,"gold_gain":0,"player_choice":"Ignored","damage_taken":0,"max_hp_gain":0,"max_hp_loss":0,"event_name":"Ghosts","floor":19,"gold_loss":0},{"cards_removed":["Strike_R"],"damage_healed":0,"gold_gain":0,"player_choice":"Gave Gold","damage_taken":0,"max_hp_gain":0,"max_hp_loss":0,"event_name":"Beggar","floor":30,"gold_loss":75},{"damage_healed":0,"gold_gain":0,"player_choice":"Upgraded","damage_taken":0,"max_hp_gain":0,"max_hp_loss":0,"event_name":"Upgrade Shrine","floor":39,"gold_loss":0,"cards_upgraded":["Exhume"]}],"is_beta":false,"boss_relics":[{"not_picked":["Philosopher\u0027s Stone","Runic Cube"],"picked":"Sozu"},{"not_picked":["Astrolabe","Busted Crown"],"picked":"Mark of Pain"}],"items_purged_floors":[45],"is_endless":false,"potions_floor_spawned":[1,14,16,18,23,28,31,33,37,41,44,46],"killed_by":"Awakened One","ascension_level":5}}