{"host":"7sni158j623xchr2","time":1611076694,"event":{"mods":["BaseMod","Colored Map","Highlight Path","Minty Spire (QoL Compilation)","Permanent Neow","Potion Indicator Mod","Rare Cards Sparkle","Relic Sorter","Relic Stats","StSLib","everything is the same but u backflip on backflip"],"gold_per_floor":[119,0,0,16,31,31,61,61,61,93,93,123,298,310,310,310,310],"floor_reached":16,"language":"ENG","playtime":325,"items_purged":[],"score":113,"play_id":"c23b9f47-820c-481c-ae76-4c7977469fd6","local_time":"20210119111814","is_ascension_mode":true,"campfire_choices":[{"data":"All Out Attack","floor":6,"key":"SMITH"},{"data":"Dagger Spray","floor":8,"key":"SMITH"},{"data":"Neutralize","floor":11,"key":"SMITH"},{"data":"Noxious Fumes","floor":15,"key":"SMITH"}],"circlet_count":0,"master_deck":["Strike_G","Strike_G","Strike_G","Strike_G","Strike_G","Defend_G","Defend_G","Defend_G","Defend_G","Defend_G","Survivor","Neutralize+1","Backflip","All Out Attack+1","Dagger Spray+1","Decay","Deadly Poison","PiercingWail","Flying Knee","Noxious Fumes+1","Doubt","Bane"],"relics":["Ring of the Snake","NeowsBlessing","Art of War","Ornamental Fan","Sundial","Odd Mushroom"],"acts_visited":["Exordium"],"potions_floor_usage":[7],"damage_taken":[{"damage":0,"enemies":"2 Louse","floor":1,"turns":1},{"damage":0,"enemies":"Cultist","floor":4,"turns":1},{"damage":0,"enemies":"Jaw Worm","floor":5,"turns":1},{"damage":24,"enemies":"Lagavulin","floor":7,"turns":6},{"damage":7,"enemies":"3 Sentries","floor":10,"turns":4},{"damage":0,"enemies":"The Mushroom Lair","floor":12,"turns":2},{"damage":9,"enemies":"Looter","floor":14,"turns":3},{"damage":30,"enemies":"The Guardian","floor":16,"turns":9}],"seed_played":"-1060698988650804247","potions_obtained":[{"floor":4,"key":"SneckoOil"},{"floor":10,"key":"Strength Potion"}],"is_trial":false,"path_per_floor":["M","$","?","M","M","R","E","R","T","E","R","?","?","M","R","B"],"character_chosen":"THE_SILENT","items_purchased":["All Out Attack","Dagger Spray"],"campfire_rested":0,"item_purchase_floors":[2,2],"current_hp_per_floor":[70,70,70,70,70,70,46,46,46,39,39,39,39,30,30,0,0],"gold":310,"neow_bonus":"THREE_ENEMY_KILL","is_daily":false,"chose_seed":false,"campfire_upgraded":4,"win_rate":0.0,"timestamp":1611076694,"path_taken":["M","$","?","M","?","R","E","R","T","E","R","?","?","M","R","BOSS"],"items_purchased_type":["Card","Card"],"build_version":"2020-12-22","purchased_purges":0,"victory":false,"max_hp_per_floor":[70,70,70,70,70,70,70,70,70,70,70,70,70,70,70,70,70],"relic_stats":{"counters":[8,27],"Ornamental Fan":[20],"Sundial":[0],"Art of War":[2],"obtain_stats":[{"NeowsBlessing":0,"Ornamental Fan":9,"Sundial":10,"Art of War":7,"Odd Mushroom":12,"Ring of the Snake":0},{"NeowsBlessing":0,"Ornamental Fan":4,"Sundial":5,"Art of War":4,"Odd Mushroom":6,"Ring of the Snake":0},{"NeowsBlessing":0,"Ornamental Fan":9,"Sundial":13,"Art of War":9,"Odd Mushroom":15,"Ring of the Snake":0}],"Ring of the Snake":[16]},"card_choices":[{"not_picked":["Slice","Deflect"],"picked":"Backflip","floor":1},{"not_picked":["Backflip","Outmaneuver","Bane"],"picked":"SKIP","floor":4},{"not_picked":["Flechettes","Slice"],"picked":"Deadly Poison","floor":5},{"not_picked":["Night Terror","Noxious Fumes"],"picked":"PiercingWail","floor":7},{"not_picked":["Doppelganger","Acrobatics"],"picked":"Flying Knee","floor":10},{"not_picked":["Blade Dance","Flying Knee"],"picked":"Noxious Fumes","floor":12},{"not_picked":["Dagger Throw","Deflect"],"picked":"Bane","floor":14}],"player_experience":1646509,"relics_obtained":[{"floor":7,"key":"Art of War"},{"floor":9,"key":"Ornamental Fan"},{"floor":10,"key":"Sundial"},{"floor":12,"key":"Odd Mushroom"}],"event_choices":[{"damage_healed":0,"gold_gain":0,"player_choice":"Cursed","damage_taken":0,"max_hp_gain":0,"max_hp_loss":0,"event_name":"Wheel of Change","floor":3,"gold_loss":0,"cards_obtained":["Decay"]},{"damage_healed":0,"gold_gain":0,"player_choice":"Fought Mushrooms","damage_taken":0,"max_hp_gain":0,"max_hp_loss":0,"event_name":"Mushrooms","floor":12,"gold_loss":0},{"damage_healed":0,"gold_gain":175,"player_choice":"AGREE","damage_taken":0,"max_hp_gain":0,"max_hp_loss":0,"event_name":"Liars Game","floor":13,"gold_loss":0,"cards_obtained":["Doubt"]}],"is_beta":false,"boss_relics":[],"items_purged_floors":[],"is_endless":false,"potions_floor_spawned":[4,10],"killed_by":"The Guardian","ascension_level":1}}