{"host":"hi7fki77kkmhrce8","time":1611099767,"event":{"mods":["AchievementEnabler","BaseMod","Colored Map","Colored Powertips","Downfall","Minty Spire (QoL Compilation)","Relic Stats","StSLib","SuperFastMode"],"gold_per_floor":[99,118,133,133,133,133,133,83,83,83,233,245,145,177,195,195,195,195],"floor_reached":16,"language":"ENG","playtime":1094,"items_purged":[],"score":98,"play_id":"469a57a3-508e-4002-8250-1b3bcf29d2bc","local_time":"20210119184247","is_ascension_mode":false,"campfire_choices":[{"floor":1,"key":"RECALL"},{"data":"bronze:Philosophize","floor":9,"key":"SMITH"},{"data":"bronze:Verify","floor":13,"key":"SMITH"}],"circlet_count":0,"master_deck":["bronze:Strike","bronze:Strike","bronze:Strike","bronze:Defend","bronze:Defend","bronze:Defend","bronze:Defend","bronze:Replicate","bronze:Goto","bronze:Frontload","bronze:Shell","bronze:Turbo","bronze:Verify+1","bronze:Philosophize+1","downfall:Icky","bronze:Invalidate","bronze:Return"],"relics":["bronze:BronzeCore","Mercury Hourglass","Kunai","downfall:HeartBlessingRed","Blood Vial"],"acts_visited":["Exordium"],"potions_floor_usage":[15,16],"damage_taken":[{"damage":0,"enemies":"Small Slimes","floor":2,"turns":3},{"damage":2,"enemies":"2 Louse","floor":3,"turns":4},{"damage":0,"enemies":"Cultist","floor":5,"turns":1},{"damage":0,"enemies":"downfall:FleeingMerchant","floor":8,"turns":4},{"damage":0,"enemies":"Large Slime","floor":12,"turns":8},{"damage":16,"enemies":"3 Sentries","floor":14,"turns":6},{"damage":25,"enemies":"Exordium Thugs","floor":15,"turns":5},{"damage":36,"enemies":"DF_ARCHETYPE_STREAMLINE","floor":16,"turns":4}],"seed_played":"-2537425210473667409","potions_obtained":[{"floor":3,"key":"LiquidBronze"},{"floor":15,"key":"Swift Potion"}],"is_trial":false,"path_per_floor":["R","M","M","?","M","?","T","$","R","?","?","M","R","E","M","B"],"character_chosen":"THE_AUTOMATON","items_purchased":["bronze:Philosophize"],"campfire_rested":0,"item_purchase_floors":[8],"current_hp_per_floor":[77,77,75,75,75,75,75,75,75,72,72,72,72,56,33,0,0,0],"gold":195,"neow_bonus":"TEN_PERCENT_HP_BONUS","is_daily":false,"chose_seed":false,"campfire_upgraded":2,"win_rate":0.0,"timestamp":1611099767,"path_taken":["R","M","M","?","M","?","T","$","R","?","?","M","R","E","M","BOSS"],"items_purchased_type":["Card"],"build_version":"2020-12-22","purchased_purges":0,"victory":false,"max_hp_per_floor":[77,77,77,77,77,77,77,77,77,77,77,77,77,77,77,77,77,77],"relic_stats":{"Blood Vial":4,"counters":[8,35],"Kunai":[1],"obtain_stats":[{"Blood Vial":14,"bronze:BronzeCore":0,"downfall:BrokenWingStatue":4,"downfall:HeartBlessingRed":13,"Kunai":10,"Mercury Hourglass":7},{"Blood Vial":6,"bronze:BronzeCore":0,"downfall:BrokenWingStatue":2,"downfall:HeartBlessingRed":5,"Kunai":4,"Mercury Hourglass":3},{"Blood Vial":26,"bronze:BronzeCore":0,"downfall:BrokenWingStatue":7,"downfall:HeartBlessingRed":20,"Kunai":12,"Mercury Hourglass":8}],"Mercury Hourglass":[111]},"card_choices":[{"not_picked":["bronze:WildBeam","bronze:Shield"],"picked":"bronze:Frontload","floor":2},{"not_picked":["bronze:Frontload","bronze:ClassDefault"],"picked":"bronze:Shell","floor":3},{"not_picked":["bronze:GetLatest","bronze:WhirlingStrike"],"picked":"bronze:Turbo","floor":5},{"not_picked":["bronze:MaxOutput","bronze:FollowUp"],"picked":"bronze:Verify","floor":8},{"not_picked":["bronze:WhirlingStrike","bronze:Backtrace","bronze:Fortify"],"picked":"SKIP","floor":12},{"not_picked":["bronze:ItsAFeature","bronze:FollowUp"],"picked":"bronze:Invalidate","floor":14},{"not_picked":["bronze:Backtrace","bronze:BitShift"],"picked":"bronze:Return","floor":15}],"player_experience":137328,"relics_obtained":[{"floor":7,"key":"Mercury Hourglass"},{"floor":14,"key":"Blood Vial"}],"event_choices":[{"cards_removed":["bronze:Strike"],"damage_healed":0,"gold_gain":0,"player_choice":"Card Removal","damage_taken":0,"max_hp_gain":0,"max_hp_loss":0,"event_name":"The Cleric","floor":6,"gold_loss":0},{"damage_healed":0,"gold_gain":0,"player_choice":"Success","damage_taken":3,"relics_obtained":["Kunai"],"max_hp_gain":0,"max_hp_loss":0,"event_name":"Scrap Ooze","floor":10,"gold_loss":0}],"is_beta":false,"boss_relics":[],"items_purged_floors":[],"is_endless":false,"potions_floor_spawned":[3,15],"killed_by":"DF_ARCHETYPE_STREAMLINE","ascension_level":0}}