{"host":"928gv66myv2vlnsd","time":1611082377,"event":{"mods":["BaseMod","Minty Spire (QoL Compilation)","StSLib"],"gold_per_floor":[110,124,144,164,12,12,40,40,40,56,91,91,107,124,124,222,222,239,253,253,266,266,266,266],"floor_reached":23,"language":"ENG","playtime":1849,"items_purged":["Parasite"],"score":378,"play_id":"8883ac8c-8aa2-462f-8afb-be21a54fceb5","local_time":"20210119135257","is_ascension_mode":true,"campfire_choices":[{"data":"After Image","floor":6,"key":"SMITH"},{"floor":8,"key":"REST"},{"floor":12,"key":"REST"},{"floor":15,"key":"REST"}],"circlet_count":0,"master_deck":["AscendersBane","Defend_G","Defend_G","Defend_G","Defend_G","Defend_G","Survivor","Neutralize","After Image+1","Finisher","Prepared","Crippling Poison","Well Laid Plans","Reflex","Noxious Fumes","Blade Dance","Calculated Gamble","PiercingWail","Infinite Blades","Burst","Acrobatics","Reflex+1","Ghostly","Ghostly","Ghostly","Ghostly","Ghostly","Bane","Bite","Bite","Bite","Bite","Bite"],"relics":["Ring of the Snake","StrikeDummy","InkBottle","Oddly Smooth Stone","Fusion Hammer"],"acts_visited":["Exordium","TheCity"],"potions_floor_usage":[11,23],"damage_taken":[{"damage":2,"enemies":"2 Louse","floor":1,"turns":4},{"damage":1,"enemies":"Small Slimes","floor":2,"turns":5},{"damage":2,"enemies":"Jaw Worm","floor":3,"turns":6},{"damage":20,"enemies":"Exordium Thugs","floor":4,"turns":7},{"damage":17,"enemies":"3 Sentries","floor":7,"turns":15},{"damage":15,"enemies":"Large Slime","floor":10,"turns":8},{"damage":20,"enemies":"Gremlin Nob","floor":11,"turns":4},{"damage":0,"enemies":"Looter","floor":13,"turns":2},{"damage":0,"enemies":"Blue Slaver","floor":14,"turns":5},{"damage":19,"enemies":"Slime Boss","floor":16,"turns":10},{"damage":4,"enemies":"Spheric Guardian","floor":18,"turns":5},{"damage":1,"enemies":"Shell Parasite","floor":19,"turns":6},{"damage":0,"enemies":"3 Cultists","floor":21,"turns":6},{"damage":30,"enemies":"Book of Stabbing","floor":23,"turns":9}],"seed_played":"-9008154078638556837","potions_obtained":[{"floor":2,"key":"PowerPotion"},{"floor":4,"key":"DistilledChaos"},{"floor":11,"key":"Poison Potion"}],"is_trial":false,"path_per_floor":["M","M","M","M","$","R","E","R","T","M","E","R","M","M","R","B",null,"M","M","?","M","?","E"],"character_chosen":"THE_SILENT","items_purchased":["Reflex"],"campfire_rested":3,"item_purchase_floors":[5],"current_hp_per_floor":[61,60,58,38,38,38,21,41,41,26,6,26,26,26,46,27,57,53,52,33,33,23,0,0],"gold":266,"neow_bonus":"THREE_RARE_CARDS","is_daily":false,"chose_seed":false,"campfire_upgraded":1,"win_rate":0.0,"timestamp":1611082377,"path_taken":["M","M","M","M","$","R","E","R","T","M","E","R","M","M","R","BOSS","M","M","?","M","?","E"],"items_purchased_type":["Card"],"build_version":"2020-12-22","purchased_purges":1,"victory":false,"max_hp_per_floor":[70,70,70,70,67,67,67,67,67,67,67,67,67,67,67,67,67,67,67,33,33,23,23,23],"card_choices":[{"not_picked":["Corpse Explosion","Wraith Form v2"],"picked":"After Image","floor":0},{"not_picked":["Eviscerate","Dodge and Roll"],"picked":"Finisher","floor":1},{"not_picked":["Concentrate","Footwork"],"picked":"Prepared","floor":2},{"not_picked":["Predator","Catalyst"],"picked":"Crippling Poison","floor":3},{"not_picked":["Deflect","Sucker Punch"],"picked":"Well Laid Plans","floor":4},{"not_picked":["Deadly Poison","Bane"],"picked":"Noxious Fumes","floor":7},{"not_picked":["Blur","Slice"],"picked":"Blade Dance","floor":10},{"not_picked":["Deadly Poison","Choke"],"picked":"Calculated Gamble","floor":11},{"not_picked":["PiercingWail","Dash","Sucker Punch"],"picked":"SKIP","floor":13},{"not_picked":["Dash","Sucker Punch"],"picked":"PiercingWail","floor":13},{"not_picked":["Flechettes","Catalyst"],"picked":"Infinite Blades","floor":14},{"not_picked":["Unload","Grand Finale"],"picked":"Burst","floor":16},{"not_picked":["Dagger Spray","Endless Agony"],"picked":"Acrobatics","floor":18},{"not_picked":["Concentrate","Slice"],"picked":"Reflex+1","floor":19},{"not_picked":["Distraction+1","Predator"],"picked":"Bane","floor":21}],"player_experience":1254815,"relics_obtained":[{"floor":7,"key":"StrikeDummy"},{"floor":9,"key":"InkBottle"},{"floor":11,"key":"Oddly Smooth Stone"}],"event_choices":[{"damage_healed":0,"gold_gain":0,"player_choice":"Became a Ghost","damage_taken":0,"max_hp_gain":0,"max_hp_loss":34,"event_name":"Ghosts","floor":20,"gold_loss":0,"cards_obtained":["Ghostly","Ghostly","Ghostly","Ghostly","Ghostly"]},{"damage_healed":0,"gold_gain":0,"player_choice":"Became a vampire","damage_taken":0,"max_hp_gain":0,"max_hp_loss":10,"event_name":"Vampires","floor":22,"gold_loss":0,"cards_obtained":["Bite","Bite","Bite","Bite","Bite"]}],"is_beta":false,"boss_relics":[{"not_picked":["Snecko Eye","Velvet Choker"],"picked":"Fusion Hammer"}],"items_purged_floors":[5],"is_endless":false,"potions_floor_spawned":[2,4,11,14,16,19],"killed_by":"Book of Stabbing","ascension_level":12}}