{"host":"f5mjulaw5aqlqmd7","time":1611068960,"event":{"mods":["Act Like it!","BaseMod","Colored Map","GifTheSpireLib","Hallownest","Minty Spire (QoL Compilation)","StSLib","The Bug Knight"],"gold_per_floor":[109,121,141,157,157,139,139,156,209,209,222,187,201,51,51,150,150,167,15,15,33,45,45,45],"floor_reached":23,"language":"ENG","playtime":1902,"items_purged":[],"score":187,"play_id":"ac5622e8-b8ba-4f59-a9e2-6cc634a09baf","local_time":"20210119100920","is_ascension_mode":false,"campfire_choices":[{"data":"HollowMod:SoulEater","floor":7,"key":"SMITH"},{"data":"HollowMod:ShapeofUnn","floor":10,"key":"SMITH"},{"data":"HollowMod:HowlingWraiths","floor":15,"key":"SMITH"}],"circlet_count":0,"master_deck":["HollowMod:NailStrikeStart","HollowMod:NailStrikeStart","HollowMod:NailStrikeStart","HollowMod:QuickDashStart","HollowMod:QuickDashStart","HollowMod:QuickDashStart","HollowMod:QuickDashStart","HollowMod:FocusHealStart","HollowMod:PogoStrike","HollowMod:SoulEater+1","HollowMod:ShapeofUnn+1","HollowMod:HowlingWraiths+1","HollowMod:SoulSplash","HollowMod:GreatSlash","HollowMod:SoulStrike","HollowMod:DashSlash","HollowMod:ChannelNail","HollowMod:VengefulSpirit","HollowMod:CloakDash","HollowMod:SoulSplash","HollowMod:AwokenDreamNail","HollowMod:SoulSplash","Bandage Up","HollowMod:FastStrike","HollowMod:FallenFury","HollowMod:DreamGate+1","HollowMod:GrimmsGift+1"],"relics":["HollowMod:VesselMask","CultistMask","Bronze Scales","Black Star"],"acts_visited":["Exordium","TheCity"],"potions_floor_usage":[16],"damage_taken":[{"damage":11,"enemies":"Jaw Worm","floor":1,"turns":4},{"damage":1,"enemies":"Cultist","floor":2,"turns":3},{"damage":0,"enemies":"2 Louse","floor":3,"turns":2},{"damage":6,"enemies":"2 Fungi Beasts","floor":4,"turns":2},{"damage":21,"enemies":"Exordium Thugs","floor":6,"turns":5},{"damage":0,"enemies":"3 Louse","floor":8,"turns":2},{"damage":12,"enemies":"2 Fungi Beasts","floor":11,"turns":3},{"damage":2,"enemies":"Exordium Wildlife","floor":13,"turns":2},{"damage":20,"enemies":"Slime Boss","floor":16,"turns":7},{"damage":25,"enemies":"Chosen","floor":18,"turns":5},{"damage":37,"enemies":"2 Thieves","floor":21,"turns":5},{"damage":57,"enemies":"Shelled Parasite and Fungi","floor":22,"turns":6},{"damage":8,"enemies":"Book of Stabbing","floor":23,"turns":2}],"seed_played":"7882169868708478582","potions_obtained":[{"floor":1,"key":"Regen Potion"},{"floor":4,"key":"LiquidMemories"},{"floor":8,"key":"FairyPotion"},{"floor":21,"key":"Block Potion"}],"is_trial":false,"path_per_floor":["M","M","M","M","?","M","R","M","T","R","M","?","M","$","R","B",null,"M","$","?","M","M","E"],"character_chosen":"THE_BUGKNIGHT","items_purchased":["HollowMod:VengefulSpirit","HollowMod:CloakDash","HollowMod:SoulSplash","Bandage Up","HollowMod:FastStrike"],"campfire_rested":0,"item_purchase_floors":[14,14,14,19,19],"current_hp_per_floor":[74,73,73,67,67,46,46,46,46,46,40,58,56,56,56,51,75,56,56,56,29,8,0,0],"gold":45,"neow_bonus":"TRANSFORM_CARD","is_daily":false,"chose_seed":false,"campfire_upgraded":3,"win_rate":0.0,"timestamp":1611068960,"path_taken":["M","M","M","M","?","M","R","M","T","R","?","?","M","$","R","BOSS","M","$","?","M","M","E"],"items_purchased_type":["Card","Card","Card","Card","Card"],"build_version":"2020-12-22","purchased_purges":0,"victory":false,"max_hp_per_floor":[75,75,75,75,75,75,75,75,75,75,75,75,75,75,75,75,75,75,75,75,75,75,75,75],"card_choices":[{"not_picked":["HollowMod:NewLittleFool","HollowMod:SiblingsSouls"],"picked":"HollowMod:ShapeofUnn","floor":1},{"not_picked":["HollowMod:SoulShaman","HollowMod:LifebloodCocoon"],"picked":"HollowMod:HowlingWraiths","floor":2},{"not_picked":["HollowMod:DesolateDive","HollowMod:NewLittleFool"],"picked":"HollowMod:SoulSplash","floor":3},{"not_picked":["HollowMod:WraithStrike","HollowMod:DungDefenderAura"],"picked":"HollowMod:GreatSlash","floor":4},{"not_picked":["HollowMod:LuriensSpire","HollowMod:InfectedCysts","HollowMod:AbyssShriek"],"picked":"SKIP","floor":6},{"not_picked":["HollowMod:BlackTendrils","HollowMod:SoulSplash"],"picked":"HollowMod:SoulStrike","floor":8},{"not_picked":["HollowMod:InfectedCysts","HollowMod:DescendingDark"],"picked":"HollowMod:DashSlash","floor":11},{"not_picked":["HollowMod:WraithStrike","HollowMod:RecoilStrike"],"picked":"HollowMod:ChannelNail","floor":13},{"not_picked":["HollowMod:Weaversong","HollowMod:HerrahsAnger"],"picked":"HollowMod:AwokenDreamNail","floor":16},{"not_picked":["HollowMod:DescendingDark+1","HollowMod:SharpenedNail"],"picked":"HollowMod:SoulSplash","floor":18},{"not_picked":["HollowMod:InfectedAttack+1","HollowMod:ShadowDash"],"picked":"HollowMod:DreamGate+1","floor":21},{"not_picked":["HollowMod:SharpenedNail+1","HollowMod:ShapeofUnn"],"picked":"HollowMod:GrimmsGift+1","floor":22}],"player_experience":47874,"relics_obtained":[{"floor":9,"key":"Bronze Scales"}],"event_choices":[{"damage_healed":0,"gold_gain":0,"player_choice":"Trade","damage_taken":0,"relics_obtained":["CultistMask"],"max_hp_gain":0,"max_hp_loss":0,"event_name":"FaceTrader","floor":5,"gold_loss":0},{"damage_healed":18,"gold_gain":0,"player_choice":"Healed","damage_taken":0,"max_hp_gain":0,"max_hp_loss":0,"event_name":"The Cleric","floor":12,"gold_loss":35},{"damage_healed":0,"gold_gain":0,"player_choice":"1 cards matched","damage_taken":0,"max_hp_gain":0,"max_hp_loss":0,"event_name":"Match and Keep!","floor":20,"gold_loss":0,"cards_obtained":["HollowMod:FallenFury"]}],"is_beta":false,"boss_relics":[{"not_picked":["Empty Cage","Snecko Eye"],"picked":"Black Star"}],"items_purged_floors":[],"is_endless":false,"potions_floor_spawned":[1,4,8,21],"killed_by":"Book of Stabbing","ascension_level":0}}