{"host":"nii9k1idymerq4qj","time":1611042208,"event":{"mods":["Act Like it!","Arknights The Spire","BaseMod","Colored Powertips","Minty Spire (QoL Compilation)","Remilia£®¿Ÿ√◊¿Ú—«£©","Replay The Spire","StSLib","Waifu the Spire","Yuyuko"],"gold_per_floor":[119,44,64,78,78,109,122,22,75,75,101,71,90,112,112,208,208,223,234,88,99,189,220,236,255,255,272,283,383,383,413,413,514,514,533,579,579,41,91,108,128,156,182,182,202,219,229,240,240,240],"floor_reached":51,"language":"ZHS","playtime":5247,"items_purged":["Defend_RM","Strike_RM","Strike_RM"],"score":1183,"play_id":"bad08054-a256-4533-82fd-07db4994452c","local_time":"20210119154328","is_ascension_mode":false,"campfire_choices":[{"data":"ScarletNetherworld","floor":15,"key":"SMITH"},{"data":"TwelveNightmare","floor":30,"key":"SMITH"},{"data":"CurseOfVladTepes","floor":32,"key":"SMITH"},{"data":"BloodyCatastrophe","floor":44,"key":"SMITH"},{"data":"BloodyCatastrophe","floor":49,"key":"SMITH"}],"circlet_count":0,"master_deck":["Strike_RM+1","Defend_RM+1","Defend_RM+1","Defend_RM+1","RedMoon+1","ScarletShoot","HeartBreak","RedRainbow+1","RedNightlessCastle+1","ScarletNetherworld+1","Stigmanizer+1","BadLadyScramble","UnstableMagic","TransientEternity","ScarletMeister","ScarletDevil","CurseOfVladTepes+1","TwelveNightmare+1","MastersStateliness+1","ScarletDevil+1","ScarletCoffin","BloodyCatastrophe+1","BloodyCatastrophe+1","ScarletImprint","ForbiddenFruit","ForecastOfChange","ScarletImprint+1"],"relics":["ScarletHat","Replay:Accelerometer","ReplayTheSpireMod:TigerMarble","Gungnir","Odd Mushroom","SlaversCollar","Replay:Rubber Ducky","TypeBBloodRedTea","HornCleat","Counterbalance","Replay:Mystery Machine","Replay:Bottled Eggs","ReplayTheSpireMod:Shallot","APieceOfRedMist","Ice Cream","Thread and Needle","OrangePellets","Lantern","FairyMaid","Blue Doll","Vajra","Boot","Happy Flower","Replay:Bottled Snecko"],"acts_visited":["Exordium","TheCity","TheBeyond"],"potions_floor_usage":[6,14,16,23,28,31,33,36,36,39,42,50,50],"damage_taken":[{"damage":0,"enemies":"Small Slimes","floor":1,"turns":6},{"damage":8,"enemies":"Cultist","floor":3,"turns":5},{"damage":0,"enemies":"2 Louse","floor":4,"turns":2},{"damage":34,"enemies":"Lagavulin","floor":6,"turns":6},{"damage":0,"enemies":"Red Slaver","floor":7,"turns":3},{"damage":0,"enemies":"3 Sentries","floor":11,"turns":3},{"damage":1,"enemies":"Looter","floor":12,"turns":4},{"damage":0,"enemies":"Large Slime","floor":13,"turns":4},{"damage":0,"enemies":"The Mushroom Lair","floor":14,"turns":2},{"damage":4,"enemies":"The Guardian","floor":16,"turns":9},{"damage":15,"enemies":"Chosen","floor":18,"turns":8},{"damage":10,"enemies":"2 Thieves","floor":19,"turns":4},{"damage":10,"enemies":"Snake Plant","floor":21,"turns":5},{"damage":12,"enemies":"Book of Stabbing","floor":23,"turns":5},{"damage":0,"enemies":"Centurion and Healer","floor":24,"turns":6},{"damage":0,"enemies":"Snecko","floor":25,"turns":7},{"damage":0,"enemies":"Sentry and Sphere","floor":27,"turns":3},{"damage":0,"enemies":"Chosen and Byrds","floor":28,"turns":6},{"damage":0,"enemies":"Colosseum Slavers","floor":29,"turns":6},{"damage":0,"enemies":"Colosseum Nobs","floor":29,"turns":5},{"damage":0,"enemies":"Slavers","floor":31,"turns":4},{"damage":0,"enemies":"Pondfish","floor":33,"turns":9},{"damage":0,"enemies":"3 Darklings","floor":35,"turns":4},{"damage":39,"enemies":"2 Orb Walkers","floor":36,"turns":7},{"damage":4,"enemies":"Mind Bloom Boss Battle","floor":39,"turns":1},{"damage":8,"enemies":"3 Shapes","floor":40,"turns":3},{"damage":0,"enemies":"Jaw Worm Horde","floor":41,"turns":4},{"damage":27,"enemies":"Reptomancer","floor":42,"turns":5},{"damage":2,"enemies":"Spire Growth","floor":45,"turns":3},{"damage":8,"enemies":"Writhing Mass","floor":46,"turns":3},{"damage":0,"enemies":"3 Darklings","floor":47,"turns":1},{"damage":8,"enemies":"Transient","floor":48,"turns":5},{"damage":9,"enemies":"Awakened One","floor":50,"turns":8}],"seed_played":"2752298589768509518","potions_obtained":[{"floor":3,"key":"Strength Potion"},{"floor":7,"key":"EssenceOfSteel"},{"floor":13,"key":"Swift Potion"},{"floor":14,"key":"Explosive Potion"},{"floor":16,"key":"PowerPotion"},{"floor":19,"key":"Milkshake"},{"floor":24,"key":"Elixir"},{"floor":27,"key":"Adrenaline Potion"},{"floor":29,"key":"Languid Potion"},{"floor":31,"key":"BlessingOfTheForge"},{"floor":36,"key":"Fruit Juice"},{"floor":36,"key":"Fire Potion"},{"floor":36,"key":"Swift Potion"},{"floor":40,"key":"Block Potion"},{"floor":41,"key":"Toxic Potion"},{"floor":46,"key":"SteroidPotion"},{"floor":46,"key":"Elixir"}],"is_trial":false,"path_per_floor":["M","$","M","M","?","E","M","$","T","$","E","M","M","?","R","B",null,"M","M","$","M","?","E","M","M","T","M","M","?","R","E","R","B",null,"M","?","?","$","?","M","M","E","T","R","M","M","M","M","R","B",null],"character_chosen":"REMILIA","items_purchased":["Replay:Rubber Ducky","OrangePellets","BloodyCatastrophe","Lantern"],"campfire_rested":0,"item_purchase_floors":[20,38,38,38],"current_hp_per_floor":[75,75,67,67,67,33,35,35,35,35,41,42,42,42,42,45,75,60,54,54,48,36,28,41,49,49,52,58,69,69,74,74,75,75,75,42,42,42,45,44,48,34,34,34,35,40,46,45,45,44],"gold":240,"neow_bonus":"RANDOM_EVENT","is_daily":false,"chose_seed":false,"campfire_upgraded":5,"win_rate":0.0,"timestamp":1611042208,"path_taken":["M","$","M","M","?","E","M","$","T","?","E","M","M","?","R","BOSS","M","M","$","M","?","E","M","M","T","M","?","?","R","E","R","BOSS","M","?","?","$","?","M","M","E","T","R","M","M","M","M","R","BOSS"],"items_purchased_type":["Relic","Relic","Card","Relic"],"build_version":"2020-12-22","purchased_purges":3,"victory":true,"max_hp_per_floor":[75,75,75,75,75,75,75,75,75,75,75,75,75,75,75,75,75,75,75,75,75,75,75,75,75,75,75,75,75,75,75,75,75,75,75,75,75,75,75,75,75,80,80,80,80,80,80,80,80,80],"card_choices":[{"not_picked":["NightDance","MastersStateliness"],"picked":"RedRainbow","floor":1},{"not_picked":["BlasphemousPunishment","RedRainbow"],"picked":"RedNightlessCastle","floor":3},{"not_picked":["RedRainbow","GlobalNightmare"],"picked":"ScarletNetherworld","floor":4},{"not_picked":["BombardNight","BlasphemousPunishment"],"picked":"Stigmanizer","floor":6},{"not_picked":["ScarletDevilSign","HunterOfTheNight"],"picked":"BadLadyScramble","floor":7},{"not_picked":["BloodyTrap","HunterOfTheNight"],"picked":"UnstableMagic","floor":11},{"not_picked":["UnstableMagic","BloodHunter"],"picked":"TransientEternity","floor":12},{"not_picked":["VampirishNight","Stigmanizer","StarOfDavid"],"picked":"SKIP","floor":13},{"not_picked":["KillingBlow","BloodySeventeenLaser"],"picked":"ScarletMeister","floor":16},{"not_picked":["StarOfDavid","FavorOfDestiny"],"picked":"ScarletDevil","floor":18},{"not_picked":["ChainGang","BombardNight+1","ReincarnationDial"],"picked":"SKIP","floor":19},{"not_picked":["BloodHunter","DiffusionOfMisfortune+1","NightLord"],"picked":"SKIP","floor":21},{"not_picked":["NightDance","MastersStateliness"],"picked":"CurseOfVladTepes","floor":23},{"not_picked":["BloodHunter","NightDance"],"picked":"TwelveNightmare","floor":24},{"not_picked":["Septette","EndlessAdversity+1","UnstableMagic"],"picked":"SKIP","floor":25},{"not_picked":["BloodyMagicSquare","EndlessAdversity","VampireKiss"],"picked":"SKIP","floor":27},{"not_picked":["BloodHunter","CharismaGuard+1"],"picked":"MastersStateliness+1","floor":28},{"not_picked":["RedNightlessCastle","StarOfDavid"],"picked":"ScarletDevil","floor":31},{"not_picked":["ChaoticDestiny","HeartBreak"],"picked":"ScarletCoffin","floor":33},{"not_picked":["DiffusionOfMisfortune+1","MiserableFate+1","ChainGang"],"picked":"SKIP","floor":35},{"not_picked":["MillenniumVampire","MastersStateliness"],"picked":"ScarletImprint","floor":39},{"not_picked":["FavorOfDestiny+1","VampireSweep","RedRainbow"],"picked":"SKIP","floor":40},{"not_picked":["Septette","Stigmanizer+1"],"picked":"ForbiddenFruit","floor":41},{"not_picked":["VampireKiss+1","UnstableMagic+1"],"picked":"ForecastOfChange","floor":42},{"not_picked":["VampirishNight+1","EmergencyRegeneration","MillenniumVampire+1"],"picked":"SKIP","floor":45},{"not_picked":["Stigmanizer","BlasphemousPunishment+1"],"picked":"ScarletImprint+1","floor":46},{"not_picked":["MastersStateliness+1","BombardNight","HunterOfTheNight+1"],"picked":"SKIP","floor":47},{"not_picked":["Maim","ReincarnationDial+1","EmergencyRegeneration"],"picked":"SKIP","floor":48}],"player_experience":107107,"relics_obtained":[{"floor":6,"key":"Replay:Accelerometer"},{"floor":9,"key":"ReplayTheSpireMod:TigerMarble"},{"floor":11,"key":"Gungnir"},{"floor":14,"key":"Odd Mushroom"},{"floor":23,"key":"TypeBBloodRedTea"},{"floor":26,"key":"HornCleat"},{"floor":29,"key":"Counterbalance"},{"floor":29,"key":"Replay:Mystery Machine"},{"floor":29,"key":"Replay:Bottled Eggs"},{"floor":31,"key":"ReplayTheSpireMod:Shallot"},{"floor":36,"key":"Ice Cream"},{"floor":36,"key":"Thread and Needle"},{"floor":39,"key":"FairyMaid"},{"floor":40,"key":"Blue Doll"},{"floor":41,"key":"Vajra"},{"floor":42,"key":"Boot"},{"floor":43,"key":"Happy Flower"},{"floor":46,"key":"Replay:Bottled Snecko"}],"event_choices":[{"damage_healed":0,"gold_gain":0,"cards_transformed":["Strike_RM"],"player_choice":"Change","damage_taken":0,"max_hp_gain":0,"max_hp_loss":0,"event_name":"Living Wall","floor":0,"gold_loss":0,"cards_obtained":["HeartBreak"]},{"damage_healed":0,"gold_gain":0,"player_choice":"Bought 0 Potions","damage_taken":0,"max_hp_gain":0,"max_hp_loss":0,"event_name":"The Woman in Blue","floor":5,"gold_loss":0},{"damage_healed":0,"gold_gain":0,"player_choice":"Fought Mushrooms","damage_taken":0,"max_hp_gain":0,"max_hp_loss":0,"event_name":"Mushrooms","floor":14,"gold_loss":0},{"damage_healed":0,"gold_gain":90,"player_choice":"GOLD ","damage_taken":12,"max_hp_gain":0,"max_hp_loss":0,"event_name":"Knowing Skull","floor":22,"potions_obtained":[],"gold_loss":0,"cards_obtained":[]},{"damage_healed":0,"gold_gain":0,"player_choice":"Fight","damage_taken":0,"max_hp_gain":0,"max_hp_loss":0,"event_name":"Colosseum","floor":29,"gold_loss":0},{"damage_healed":0,"gold_gain":0,"player_choice":"Fought Nobs","damage_taken":0,"max_hp_gain":0,"max_hp_loss":0,"event_name":"Colosseum","floor":29,"gold_loss":0},{"damage_healed":0,"gold_gain":0,"player_choice":"Fight","damage_taken":0,"max_hp_gain":0,"max_hp_loss":0,"event_name":"Mysterious Sphere","floor":36,"gold_loss":0},{"damage_healed":0,"gold_gain":0,"player_choice":"Ignored","damage_taken":0,"max_hp_gain":0,"max_hp_loss":0,"event_name":"Tomb of Lord Red Mask","floor":37,"gold_loss":0},{"damage_healed":0,"gold_gain":0,"player_choice":"Fight","damage_taken":0,"max_hp_gain":0,"max_hp_loss":0,"event_name":"MindBloom","floor":39,"gold_loss":0}],"is_beta":false,"boss_relics":[{"not_picked":["Replay:Wanted Poster","Ring of Chaos"],"picked":"SlaversCollar"},{"not_picked":["Philosopher\u0027s Stone","Painkiller Herb"],"picked":"APieceOfRedMist"}],"items_purged_floors":[2,8,38],"is_endless":false,"potions_floor_spawned":[3,7,13,14,16,19,24,27,29,31,36,40,41,46],"ascension_level":0}}