{"host":"81vb4cbob60wa1na","time":1611081066,"event":{"mods":["BaseMod","Downfall","GifTheSpireLib","Hermit","Highlight Path","Minty Spire (QoL Compilation)","StSLib","The Cursed","The Disciple"],"gold_per_floor":[109,109,109,127,142,142,142,155,155,165,165,165,211,222,222,222,222],"floor_reached":16,"language":"ENG","playtime":511,"items_purged":[],"score":92,"play_id":"0f65e1bd-e181-4d11-aed0-fd2157e1b1d5","local_time":"20210119133106","is_ascension_mode":false,"campfire_choices":[{"data":"hermit:Manifest","floor":6,"key":"SMITH"},{"floor":11,"key":"REST"},{"data":"hermit:EyeOfTheStorm","floor":15,"key":"SMITH"}],"circlet_count":0,"master_deck":["hermit:Strike_Hermit+1","hermit:Strike_Hermit","hermit:Strike_Hermit","hermit:Strike_Hermit","hermit:Defend_Hermit","hermit:Defend_Hermit","hermit:Defend_Hermit","hermit:Defend_Hermit","hermit:Snapshot","hermit:Covet+1","hermit:Manifest+1","hermit:ShadowCloak+1","Regret","hermit:Grudge","hermit:EyeOfTheStorm+1","hermit:SprayPray","hermit:Misfire","hermit:GhostlyPresence"],"relics":["hermit:Momento","Frozen Egg 2","Nunchaku","Boot"],"acts_visited":["Exordium"],"potions_floor_usage":[16,16],"damage_taken":[{"damage":2,"enemies":"Jaw Worm","floor":1,"turns":3},{"damage":0,"enemies":"Small Slimes","floor":4,"turns":3},{"damage":0,"enemies":"Cultist","floor":5,"turns":4},{"damage":10,"enemies":"Looter","floor":8,"turns":3},{"damage":7,"enemies":"Blue Slaver","floor":10,"turns":5},{"damage":3,"enemies":"Gremlin Gang","floor":14,"turns":3},{"damage":61,"enemies":"Hexaghost","floor":16,"turns":14}],"seed_played":"-8869388008328890793","potions_obtained":[{"floor":1,"key":"hermit:Tonic"},{"floor":4,"key":"bronze:BurnAndBuffPotion"},{"floor":5,"key":"Energy Potion"}],"is_trial":false,"path_per_floor":["M","?","?","M","M","R","?","M","T","M","R","?","T","M","R","B"],"character_chosen":"HERMIT","items_purchased":[],"campfire_rested":1,"item_purchase_floors":[],"current_hp_per_floor":[73,58,58,58,58,58,58,48,48,41,63,63,63,60,60,0,0],"gold":222,"neow_bonus":"THREE_CARDS","is_daily":false,"chose_seed":false,"campfire_upgraded":2,"win_rate":0.0,"timestamp":1611081066,"path_taken":["M","?","?","M","M","R","?","M","T","?","R","?","?","M","R","BOSS"],"items_purchased_type":[],"build_version":"2020-12-22","purchased_purges":0,"victory":false,"max_hp_per_floor":[75,75,75,75,75,75,75,75,75,75,75,75,75,75,75,75,75],"card_choices":[{"not_picked":["hermit:BigShot","hermit:DeadMansHand"],"picked":"hermit:Manifest","floor":0},{"not_picked":["hermit:FlashPowder","hermit:Coalescence"],"picked":"hermit:ShadowCloak","floor":1},{"not_picked":["hermit:LowProfile","hermit:FlashPowder"],"picked":"hermit:Grudge","floor":4},{"not_picked":["hermit:GhostlyPresence","hermit:Shortfuse"],"picked":"hermit:EyeOfTheStorm","floor":5},{"not_picked":["hermit:Feint","hermit:HoleUp"],"picked":"hermit:SprayPray","floor":8},{"not_picked":["hermit:CalledShot","hermit:Glare"],"picked":"hermit:Misfire","floor":10},{"not_picked":["hermit:PistolWhip","hermit:HighCaliber"],"picked":"hermit:GhostlyPresence","floor":14}],"player_experience":267438,"relics_obtained":[{"floor":9,"key":"Nunchaku"},{"floor":13,"key":"Boot"}],"event_choices":[{"damage_healed":0,"gold_gain":0,"player_choice":"Entered Light","damage_taken":15,"max_hp_gain":0,"max_hp_loss":0,"event_name":"Shining Light","floor":2,"gold_loss":0,"cards_upgraded":["hermit:Strike_Hermit","hermit:Covet"]},{"damage_healed":0,"gold_gain":0,"player_choice":"Box","damage_taken":0,"relics_obtained":["Frozen Egg 2"],"max_hp_gain":0,"max_hp_loss":0,"event_name":"Big Fish","floor":3,"gold_loss":0,"cards_obtained":["Regret"]},{"damage_healed":0,"gold_gain":0,"player_choice":"Leave","damage_taken":0,"max_hp_gain":0,"max_hp_loss":0,"event_name":"FaceTrader","floor":7,"gold_loss":0},{"damage_healed":0,"gold_gain":0,"player_choice":"Grow","damage_taken":0,"max_hp_gain":0,"max_hp_loss":0,"event_name":"Living Wall","floor":12,"gold_loss":0,"cards_upgraded":["hermit:ShadowCloak"]}],"is_beta":false,"boss_relics":[],"items_purged_floors":[],"is_endless":false,"potions_floor_spawned":[1,4,5],"killed_by":"Hexaghost","ascension_level":0}}