{"host":"pl1fbpkom0aq337f","time":1611059389,"event":{"mods":["AchievementEnabler","BaseMod","Colored Map","Minty Spire (QoL Compilation)","The Servant 0.9.4"],"gold_per_floor":[116,116,128,28,28,28,28,43,118,118,129,129,139,139,173,173,272,272,282,282,295,5,17,45,45,61,61,91,91,116,135,135,145,220,29,29,124,124,140,6,56,70,84,84,117,130,185,185,232,262,262,274,274,274,274,274,274,58,87,87],"floor_reached":61,"language":"ENG","playtime":4261,"items_purged":["Strike_S","Strike_S","Strike_S"],"score":1372,"play_id":"ea5826f8-9c2d-409c-a642-1e82cff64a44","local_time":"20210119132949","is_ascension_mode":false,"campfire_choices":[{"floor":6.0,"key":"REST"},{"data":"1","floor":14.0,"key":"LIFT"},{"data":"2","floor":16.0,"key":"LIFT"},{"data":"3","floor":25.0,"key":"LIFT"},{"floor":27.0,"key":"REST"},{"floor":32.0,"key":"REST"},{"data":"FloweringNight","floor":36.0,"key":"SMITH"},{"floor":44.0,"key":"RECALL"},{"data":"BottledTime","floor":53,"key":"SMITH"},{"data":"Apotheosis","floor":54,"key":"SMITH"},{"data":"RealityMarble","floor":57,"key":"SMITH"}],"circlet_count":0,"master_deck":["Strike_S","Defend_S","Defend_S","Defend_S","Defend_S","KidneyShot","Exchange+1","WasteNot+1","Rewind","ShatteredReality","BottledTime+1","SilverBlades","Starlight","Snipe","FloweringNight+1","RealityMarble+1","RealityMarble+1","ShatteredReality","Panache","Alleviate","SilverBlades","Potential+1","Moonlight","Alleviate","PendulumOfEternity","BottledTime+1","SilverBlades+1","Replace+1","FloweringNight","TimeWarp+1","Apotheosis+1","BottledTime+1","SurpressingFire+1","Advance+1"],"relics":["Uniform","Happy Flower","Question Card","Girya","Unceasing Top","Sozu","Prayer Wheel","Red Mask","Bag of Marbles","The Courier","Bottled Tornado","Mummified Hand","SlaversCollar","Incense Burner","Letter Opener","Thread and Needle","HornCleat","Frozen Eye","Blood Vial"],"acts_visited":["Exordium","TheCity","TheBeyond","TheEnding"],"potions_floor_usage":[],"damage_taken":[{"damage":6.0,"enemies":"2 Louse","floor":1.0,"turns":4.0},{"damage":6.0,"enemies":"Jaw Worm","floor":3.0,"turns":5.0},{"damage":0.0,"enemies":"Small Slimes","floor":8.0,"turns":4.0},{"damage":2.0,"enemies":"Red Slaver","floor":11.0,"turns":3.0},{"damage":0.0,"enemies":"3 Louse","floor":13.0,"turns":3.0},{"damage":13.0,"enemies":"Gremlin Nob","floor":15.0,"turns":3.0},{"damage":16.0,"enemies":"Hexaghost","floor":17.0,"turns":7.0},{"damage":3.0,"enemies":"2 Thieves","floor":19.0,"turns":4.0},{"damage":8.0,"enemies":"Shell Parasite","floor":21.0,"turns":4.0},{"damage":0.0,"enemies":"Centurion and Healer","floor":23.0,"turns":5.0},{"damage":28.0,"enemies":"Masked Bandits","floor":24.0,"turns":4.0},{"damage":0.0,"enemies":"Snake Plant","floor":26.0,"turns":3.0},{"damage":15.0,"enemies":"Gremlin Leader","floor":28.0,"turns":4.0},{"damage":23.0,"enemies":"Slavers","floor":30.0,"turns":3.0},{"damage":1.0,"enemies":"Chosen and Byrds","floor":31.0,"turns":4.0},{"damage":2.0,"enemies":"Cultist and Chosen","floor":33.0,"turns":3.0},{"damage":0.0,"enemies":"Champ","floor":37.0,"turns":4.0},{"damage":0.0,"enemies":"3 Shapes","floor":39.0,"turns":1.0},{"damage":0.0,"enemies":"Mind Bloom Boss Battle","floor":41.0,"turns":3.0},{"damage":0.0,"enemies":"Orb Walker","floor":42.0,"turns":2.0},{"damage":0.0,"enemies":"Spire Growth","floor":43.0,"turns":2.0},{"damage":0.0,"enemies":"Giant Head","floor":45.0,"turns":4.0},{"damage":0.0,"enemies":"Transient","floor":46.0,"turns":5.0},{"damage":0.0,"enemies":"2 Orb Walkers","floor":49.0,"turns":3.0},{"damage":0.0,"enemies":"Nemesis","floor":50.0,"turns":5.0},{"damage":0,"enemies":"Writhing Mass","floor":52,"turns":2},{"damage":0,"enemies":"Donu and Deca","floor":55,"turns":4},{"damage":0,"enemies":"Shield and Spear","floor":59,"turns":3},{"damage":22,"enemies":"The Heart","floor":60,"turns":5}],"seed_played":"3101997394508320540","potions_obtained":[{"floor":1.0,"key":"SmokeBomb"},{"floor":3.0,"key":"LiquidMemories"},{"floor":15.0,"key":"Block Potion"}],"is_trial":false,"path_per_floor":["M","?","M","$","?","R","?","M","T","T","M","?","M","R","E","R","B",null,"M","?","M","$","M","?","R","M","R","E","T","E","M","R","M","?","$","R","B",null,"M","$","?","M","M","R","E","M","T","$","?","E","?","M","R","R","B",null,"R","$","E","B",null],"character_chosen":"THE_SERVANT","items_purchased":["ShatteredReality","Panache","Mummified Hand","Apotheosis","Frozen Eye"],"campfire_rested":3,"item_purchase_floors":[4,22,35,40,58],"current_hp_per_floor":[65,51,45,45,27,48,48,48,48,48,46,51,51,51,38,38,22,76,73,73,65,65,65,37,37,37,59,44,44,21,20,42,40,33,33,33,33,76,76,76,76,76,76,76,76,76,76,76,76,76,76,76,76,76,76,76,76,76,76,54],"gold":87,"neow_bonus":"TEN_PERCENT_HP_BONUS","is_daily":false,"chose_seed":false,"campfire_upgraded":4,"win_rate":0.0,"timestamp":1611059389,"path_taken":["M","?","M","$","?","R","?","M","T","T","?","?","M","R","E","R","BOSS","M","?","M","$","M","?","R","M","R","E","T","E","M","R","M","?","$","R","BOSS","M","$","?","M","M","R","E","M","T","$","?","E","?","M","R","R","BOSS","R","$","E","BOSS"],"items_purchased_type":["Card","Card","Relic","Card","Relic"],"build_version":"2020-12-22","purchased_purges":3,"victory":true,"max_hp_per_floor":[71,71,71,71,71,71,71,71,71,71,71,76,76,76,76,76,76,76,76,76,76,76,76,76,76,76,76,76,76,76,76,76,76,76,76,76,76,76,76,76,76,76,76,76,76,76,76,76,76,76,76,76,76,76,76,76,76,76,76,76],"card_choices":[{"not_picked":["Potential","BestPractice"],"picked":"WasteNot","floor":1.0},{"not_picked":["Unruled","Replace"],"picked":"Rewind","floor":3.0},{"not_picked":["Dilation","BestPractice"],"picked":"BottledTime","floor":8.0},{"not_picked":["StarChef","Spin","DoubleEdge"],"picked":"SilverBlades","floor":11.0},{"not_picked":["Defy","Potential","Revamp"],"picked":"Starlight","floor":13.0},{"not_picked":["Desolation","Replace","Spin"],"picked":"Snipe","floor":15.0},{"not_picked":["Dilation","LightFlow","KillingDoll"],"picked":"FloweringNight","floor":17.0},{"not_picked":["Unruled","Reset","Replace"],"picked":"RealityMarble+1","floor":19.0},{"not_picked":["Rewind","Hightail","Rearm"],"picked":"RealityMarble","floor":21.0},{"not_picked":["FastForward+1","Unruled","WasteNot+1"],"picked":"ShatteredReality","floor":21.0},{"not_picked":["Desolation","Rearm+1","SurpressingFire+1"],"picked":"Alleviate","floor":23.0},{"not_picked":["Rearm+1","Hightail+1","InstantArmor","SurpressingFire"],"picked":"SKIP","floor":23.0},{"not_picked":["MoonPhase+1","Sabotage+1","Gouge"],"picked":"SilverBlades","floor":24.0},{"not_picked":["BestPractice+1","Revamp","Sabotage"],"picked":"Potential+1","floor":26.0},{"not_picked":["Revamp","Initiator","Defy+1"],"picked":"Moonlight","floor":26.0},{"not_picked":["Ricochet+1","Revamp","DoubleEdge"],"picked":"Alleviate","floor":28.0},{"not_picked":["Replace","LightFlow","Spin"],"picked":"PendulumOfEternity","floor":30.0},{"not_picked":["KillingDoll","Misdirection","Ricochet"],"picked":"BottledTime+1","floor":31.0},{"not_picked":["Replace","Rewind+1","FastForward","Moonlight"],"picked":"SKIP","floor":31.0},{"not_picked":["BottledTime","FastForward","Alleviate"],"picked":"SilverBlades+1","floor":33.0},{"not_picked":["ShatteredReality","Potential+1","Starlight+1"],"picked":"Replace+1","floor":33.0},{"not_picked":["TheWorld","PendulumOfEternity","ForgedInTime"],"picked":"FloweringNight","floor":37.0},{"not_picked":["Alleviate+1","Luminosity+1","Read"],"picked":"TimeWarp+1","floor":39.0},{"not_picked":["Barrier+1","Defy","Starlight+1","Rearm+1"],"picked":"SKIP","floor":39.0},{"not_picked":["FastForward+1","FloweringNight","MoonPhase+1"],"picked":"BottledTime+1","floor":42.0},{"not_picked":["Collapse","Gouge+1","TimeWarp","Reset+1"],"picked":"SKIP","floor":42.0},{"not_picked":["Unruled","DoubleEdge","Rearm"],"picked":"SurpressingFire+1","floor":43.0},{"not_picked":["Spin","TimeWarp","Alleviate+1","Ricochet"],"picked":"SKIP","floor":43.0},{"not_picked":["Snipe+1","Spin+1","Potential+1","Defy+1"],"picked":"SKIP","floor":45.0},{"not_picked":["GearUp","Advance+1","Comet+1","Solidify"],"picked":"SKIP","floor":46.0},{"not_picked":["Reset+1","GearUp+1","Snipe","Shuttle+1"],"picked":"SKIP","floor":46.0},{"not_picked":["Gouge","Ricochet","Contraction+1","Misdirection"],"picked":"SKIP","floor":50.0},{"not_picked":["DoubleEdge+1","Rearm+1","Defy"],"picked":"Advance+1","floor":52},{"not_picked":["Replace","Rewind","ShatteredReality","Deny"],"picked":"SKIP","floor":52},{"not_picked":["ShatteredReality","Foresight+1","Revamp","Barrier+1"],"picked":"SKIP","floor":59}],"player_experience":474468,"relics_obtained":[{"floor":9.0,"key":"Question Card"},{"floor":10.0,"key":"Girya"},{"floor":15.0,"key":"Unceasing Top"},{"floor":24.0,"key":"Red Mask"},{"floor":28.0,"key":"Bag of Marbles"},{"floor":29.0,"key":"The Courier"},{"floor":30.0,"key":"Bottled Tornado"},{"floor":41.0,"key":"Incense Burner"},{"floor":45.0,"key":"Letter Opener"},{"floor":49.0,"key":"Thread and Needle"},{"floor":50.0,"key":"HornCleat"},{"floor":59,"key":"Blood Vial"}],"event_choices":[{"damage_healed":0.0,"max_hp_gain":0.0,"max_hp_loss":0.0,"gold_gain":0.0,"event_name":"Shining Light","player_choice":"Entered Light","floor":2.0,"gold_loss":0.0,"damage_taken":14.0,"cards_upgraded":["Exchange","WasteNot"]},{"damage_healed":0.0,"max_hp_gain":0.0,"max_hp_loss":0.0,"gold_gain":0.0,"event_name":"Scrap Ooze","player_choice":"Success","floor":5.0,"gold_loss":0.0,"damage_taken":18.0,"relics_obtained":["Happy Flower"]},{"damage_healed":0.0,"max_hp_gain":0.0,"max_hp_loss":0.0,"gold_gain":0.0,"event_name":"NoteForYourself","player_choice":"Ignored","floor":7.0,"gold_loss":0.0,"damage_taken":0.0},{"damage_healed":0.0,"max_hp_gain":5.0,"max_hp_loss":0.0,"gold_gain":0.0,"event_name":"Big Fish","player_choice":"Donut","floor":12.0,"gold_loss":0.0,"damage_taken":0.0},{"damage_healed":0.0,"max_hp_gain":0.0,"max_hp_loss":0.0,"gold_gain":0.0,"event_name":"The Mausoleum","player_choice":"Opened","floor":20.0,"gold_loss":0.0,"damage_taken":0.0,"relics_obtained":["Prayer Wheel"]},{"damage_healed":0.0,"max_hp_gain":0.0,"max_hp_loss":0.0,"gold_gain":0.0,"event_name":"Masked Bandits","player_choice":"Fought Bandits","floor":24.0,"gold_loss":0.0,"damage_taken":0.0},{"damage_healed":0.0,"max_hp_gain":0.0,"max_hp_loss":0.0,"gold_gain":75.0,"event_name":"FaceTrader","player_choice":"Touch","floor":34.0,"gold_loss":0.0,"damage_taken":7.0},{"damage_healed":0.0,"max_hp_gain":0.0,"max_hp_loss":0.0,"gold_gain":0.0,"event_name":"MindBloom","player_choice":"Fight","floor":41.0,"gold_loss":0.0,"damage_taken":0.0},{"damage_healed":0.0,"max_hp_gain":0.0,"max_hp_loss":0.0,"gold_gain":0.0,"event_name":"Mysterious Sphere","player_choice":"Fight","floor":49.0,"gold_loss":0.0,"damage_taken":0.0},{"damage_healed":0,"gold_gain":0,"player_choice":"Memory 1","damage_taken":0,"max_hp_gain":0,"max_hp_loss":0,"event_name":"SensoryStone","floor":51,"gold_loss":0}],"is_beta":false,"boss_relics":[{"not_picked":["MysterySword","Velvet Choker"],"picked":"Sozu"},{"not_picked":["Tiny House","Coffee Dripper"],"picked":"SlaversCollar"}],"items_purged_floors":[4,22,58],"is_endless":false,"potions_floor_spawned":[1,3,15,19,23,24,30,31,33,39,43,46,49,52],"ascension_level":0}}