{"host":"nn0usk9aafse27ii","time":1611093131,"event":{"mods":["BaseMod","Colored Map","Highlight Path","Minty Spire (QoL Compilation)","Robot Space Explorer","Shop Mod","StSLib"],"gold_per_floor":[217,230,244,262,272,272,302,302,327,327,103,117,129,143,143,238,238,250,250,94,106,122,122,157,172,227,227,247,278,57,72,72,171,171,183,183,183,183,202,202,55,82,82,102,133,133,160,175,175,175,175,175,1,36,36,36],"floor_reached":55,"language":"ENG","playtime":6442,"items_purged":["RobotSpaceExplorer:Strike"],"score":818,"play_id":"32aac382-4b99-466b-8c2c-2b87aab88b25","local_time":"20210119135211","is_ascension_mode":false,"campfire_choices":[{"data":"RobotSpaceExplorer:PowerGlove","floor":6.0,"key":"SMITH"},{"data":"RobotSpaceExplorer:RigExplosive","floor":8.0,"key":"SMITH"},{"floor":10.0,"key":"RECALL"},{"data":"RobotSpaceExplorer:PlasmaMissile","floor":15.0,"key":"SMITH"},{"data":"RobotSpaceExplorer:DroneSwarm","floor":23,"key":"SMITH"},{"data":"RobotSpaceExplorer:LaserBurst","floor":32,"key":"SMITH"},{"data":"Secret Technique","floor":40,"key":"SMITH"},{"data":"RobotSpaceExplorer:GearShield","floor":46,"key":"SMITH"},{"floor":49,"key":"REST"},{"data":"RobotSpaceExplorer:GearShield","floor":52,"key":"SMITH"}],"circlet_count":0,"master_deck":["RobotSpaceExplorer:Strike","RobotSpaceExplorer:Strike","RobotSpaceExplorer:Defend+1","RobotSpaceExplorer:Defend","RobotSpaceExplorer:Defend","RobotSpaceExplorer:Defend+1","RobotSpaceExplorer:Scan","RobotSpaceExplorer:MiniDrones","RobotSpaceExplorer:GearShield+1","RobotSpaceExplorer:PowerGlove+1","RobotSpaceExplorer:StunGrenade","RobotSpaceExplorer:RigExplosive+1","RobotSpaceExplorer:StunGrenade","RobotSpaceExplorer:PlasmaMissile+1","RobotSpaceExplorer:ScrapToss","RobotSpaceExplorer:SurgingShield","RobotSpaceExplorer:DroneSwarm+1","RobotSpaceExplorer:Counterblock+1","RobotSpaceExplorer:LaserBurst+1","RobotSpaceExplorer:GearShield+1","RobotSpaceExplorer:ScrapShield","RobotSpaceExplorer:ScrapToss+1","RobotSpaceExplorer:Electropulse","RobotSpaceExplorer:Blaster","CurseOfTheBell","RobotSpaceExplorer:ScrapMissile+1","Secret Technique+1","RobotSpaceExplorer:FreezingShield+1","RobotSpaceExplorer:MiniBoosters+1","RobotSpaceExplorer:Comet"],"relics":["RobotSpaceExplorer:RoboCore","Odd Mushroom","War Paint","Potion Belt","Philosopher\u0027s Stone","PreservedInsect","Bronze Scales","Bag of Marbles","Lee\u0027s Waffle","Calling Bell","Art of War","Ice Cream","RobotSpaceExplorer:BottledGravity","Toy Ornithopter","Nunchaku","Mummified Hand","RobotSpaceExplorer:FoglandsKnife","Oddly Smooth Stone","Anchor"],"acts_visited":["Exordium","TheCity","TheBeyond","TheEnding"],"potions_floor_usage":[22,22,24,24,24,25,27,28,29,29,31,31,33,33,35,42,42,42,44,45,45,50,50,50,50,54,54,55,55,55],"damage_taken":[{"damage":0.0,"enemies":"Cultist","floor":1.0,"turns":4.0},{"damage":9.0,"enemies":"Jaw Worm","floor":2.0,"turns":4.0},{"damage":0.0,"enemies":"Small Slimes","floor":3.0,"turns":4.0},{"damage":0.0,"enemies":"3 Louse","floor":4.0,"turns":3.0},{"damage":0.0,"enemies":"Blue Slaver","floor":5.0,"turns":4.0},{"damage":0.0,"enemies":"The Mushroom Lair","floor":7.0,"turns":2.0},{"damage":0.0,"enemies":"Exordium Thugs","floor":12.0,"turns":3.0},{"damage":0.0,"enemies":"Looter","floor":13.0,"turns":2.0},{"damage":0.0,"enemies":"Red Slaver","floor":14.0,"turns":3.0},{"damage":24.0,"enemies":"Hexaghost","floor":16.0,"turns":9.0},{"damage":6.0,"enemies":"Shell Parasite","floor":18.0,"turns":3.0},{"damage":8.0,"enemies":"Spheric Guardian","floor":21.0,"turns":4.0},{"damage":5,"enemies":"Shelled Parasite and Fungi","floor":22,"turns":5},{"damage":0,"enemies":"Slavers","floor":24,"turns":2},{"damage":0,"enemies":"3 Cultists","floor":25,"turns":4},{"damage":0,"enemies":"Snake Plant","floor":27,"turns":1},{"damage":3,"enemies":"Shelled Parasite and Fungi","floor":28,"turns":6},{"damage":0,"enemies":"Gremlin Leader","floor":29,"turns":5},{"damage":0,"enemies":"Centurion and Healer","floor":31,"turns":3},{"damage":6,"enemies":"Collector","floor":33,"turns":7},{"damage":5,"enemies":"Orb Walker","floor":35,"turns":3},{"damage":4,"enemies":"3 Darklings","floor":39,"turns":4},{"damage":34,"enemies":"Giant Head","floor":42,"turns":7},{"damage":6,"enemies":"Writhing Mass","floor":44,"turns":6},{"damage":0,"enemies":"Reptomancer","floor":45,"turns":4},{"damage":14,"enemies":"Nemesis","floor":47,"turns":5},{"damage":0,"enemies":"4 Shapes","floor":48,"turns":3},{"damage":80,"enemies":"Time Eater","floor":50,"turns":12},{"damage":23,"enemies":"Shield and Spear","floor":54,"turns":5},{"damage":75,"enemies":"The Heart","floor":55,"turns":8}],"seed_played":"98621505549325968","potions_obtained":[{"floor":1.0,"key":"DistilledChaos"},{"floor":2.0,"key":"Swift Potion"},{"floor":3.0,"key":"Energy Potion"},{"floor":14.0,"key":"SmokeBomb"},{"floor":16.0,"key":"Regen Potion"},{"floor":21.0,"key":"SkillPotion"},{"floor":22,"key":"SkillPotion"},{"floor":28,"key":"SneckoOil"},{"floor":33,"key":"BlessingOfTheForge"},{"floor":44,"key":"Regen Potion"},{"floor":47,"key":"AttackPotion"},{"floor":48,"key":"SteroidPotion"}],"is_trial":false,"path_per_floor":["M","M","M","M","M","R","?","R","T","R","$","M","M","M","R","B",null,"M","?","$","M","M","R","E","M","T","M","M","E","$","M","R","B",null,"M","?","?","?","M","R","$","E","T","M","E","R","E","M","R","B",null,"R","$","E","B"],"character_chosen":"RobotSpaceExplorer","items_purchased":["Potion Belt","PreservedInsect","Lee\u0027s Waffle","RobotSpaceExplorer:Electropulse","Toy Ornithopter","Block Potion","Dexterity Potion","Ancient Potion"],"campfire_rested":1,"item_purchase_floors":[11,20,30,30,41,53,53,53],"current_hp_per_floor":[75,66,66,66,66,66,66,66,66,66,66,66,66,66,66,42,75,69,69,69,61,56,56,65,65,65,65,62,62,82,82,82,76,82,77,77,77,77,73,73,73,52,52,51,73,73,59,59,78,15,78,78,78,60,0,0],"gold":36,"neow_bonus":"HUNDRED_GOLD","is_daily":false,"chose_seed":false,"campfire_upgraded":8,"win_rate":0.0,"timestamp":1611093131,"path_taken":["M","M","M","?","M","R","?","R","T","R","$","M","M","M","R","BOSS","M","?","$","M","M","R","E","M","T","M","M","E","$","M","R","BOSS","M","?","?","?","?","R","$","E","T","M","E","R","E","M","R","BOSS","R","$","E","BOSS"],"items_purchased_type":["Relic","Relic","Relic","Card","Relic","Potion","Potion","Potion"],"build_version":"2020-12-22","purchased_purges":1,"victory":false,"max_hp_per_floor":[75,75,75,75,75,75,75,75,75,75,75,75,75,75,75,75,75,75,75,75,75,75,75,75,75,75,75,75,75,82,82,82,82,82,82,82,78,78,78,78,78,78,78,78,78,78,78,78,78,78,78,78,78,78,78,78],"card_choices":[{"not_picked":["RobotSpaceExplorer:ScrapMissile","RobotSpaceExplorer:StunGrenade"],"picked":"RobotSpaceExplorer:MiniDrones","floor":1.0},{"not_picked":["RobotSpaceExplorer:ScrapShield","RobotSpaceExplorer:MetalStrike"],"picked":"RobotSpaceExplorer:GearShield","floor":2.0},{"not_picked":["RobotSpaceExplorer:GlueShot","RobotSpaceExplorer:SurgingShield"],"picked":"RobotSpaceExplorer:PowerGlove","floor":3.0},{"not_picked":["RobotSpaceExplorer:SurgingStrike","RobotSpaceExplorer:FrostMissile"],"picked":"RobotSpaceExplorer:StunGrenade","floor":4.0},{"not_picked":["RobotSpaceExplorer:ShockKick","RobotSpaceExplorer:Ammunition"],"picked":"RobotSpaceExplorer:RigExplosive","floor":5.0},{"not_picked":["RobotSpaceExplorer:Arsenal","RobotSpaceExplorer:GlueShot"],"picked":"RobotSpaceExplorer:StunGrenade","floor":7.0},{"not_picked":["RobotSpaceExplorer:Pulsar","RobotSpaceExplorer:TurboDodge"],"picked":"RobotSpaceExplorer:PlasmaMissile","floor":12.0},{"not_picked":["RobotSpaceExplorer:MiniDrones","RobotSpaceExplorer:ScrapMissile"],"picked":"RobotSpaceExplorer:ScrapToss","floor":13.0},{"not_picked":["RobotSpaceExplorer:Jetpack","RobotSpaceExplorer:StunGrenade"],"picked":"RobotSpaceExplorer:SurgingShield","floor":14.0},{"not_picked":["RobotSpaceExplorer:Asteroid","RobotSpaceExplorer:ShockMissile"],"picked":"RobotSpaceExplorer:DroneSwarm","floor":16.0},{"not_picked":["RobotSpaceExplorer:ExhaustFan","RobotSpaceExplorer:Ammunition","RobotSpaceExplorer:StunGrenade+1"],"picked":"SKIP","floor":18.0},{"not_picked":["RobotSpaceExplorer:Pulsar","RobotSpaceExplorer:SurgingShield"],"picked":"RobotSpaceExplorer:Counterblock+1","floor":21.0},{"not_picked":["RobotSpaceExplorer:GlueShot","RobotSpaceExplorer:Explosion"],"picked":"RobotSpaceExplorer:LaserBurst","floor":22},{"not_picked":["RobotSpaceExplorer:ShovelStrike","RobotSpaceExplorer:ImprovisedAttack"],"picked":"RobotSpaceExplorer:GearShield","floor":24},{"not_picked":["RobotSpaceExplorer:ShovelStrike","RobotSpaceExplorer:ImprovisedAttack+1","RobotSpaceExplorer:GlueShot+1"],"picked":"SKIP","floor":25},{"not_picked":["RobotSpaceExplorer:StunGrenade","RobotSpaceExplorer:ScrapMissile"],"picked":"RobotSpaceExplorer:ScrapShield","floor":28},{"not_picked":["RobotSpaceExplorer:ShockKick","RobotSpaceExplorer:SlimeMissile"],"picked":"RobotSpaceExplorer:ScrapToss+1","floor":29},{"not_picked":["RobotSpaceExplorer:GlueShot","RobotSpaceExplorer:DualCore","RobotSpaceExplorer:Ammunition+1"],"picked":"SKIP","floor":31},{"not_picked":["RobotSpaceExplorer:Explosion","RobotSpaceExplorer:Multitool"],"picked":"RobotSpaceExplorer:Blaster","floor":33},{"not_picked":["RobotSpaceExplorer:Ammunition","RobotSpaceExplorer:ExhaustFan+1"],"picked":"RobotSpaceExplorer:ScrapMissile+1","floor":35},{"not_picked":["Mind Blast","Thinking Ahead"],"picked":"Secret Technique","floor":36},{"not_picked":["RobotSpaceExplorer:FrostMissile","RobotSpaceExplorer:MetalStrike+1","RobotSpaceExplorer:Counterblock+1"],"picked":"SKIP","floor":39},{"not_picked":["RobotSpaceExplorer:ScrapShield+1","RobotSpaceExplorer:Electroshield"],"picked":"RobotSpaceExplorer:FreezingShield+1","floor":42},{"not_picked":["RobotSpaceExplorer:FranticSearch","RobotSpaceExplorer:Ammunition+1","RobotSpaceExplorer:SwiftStep+1"],"picked":"SKIP","floor":44},{"not_picked":["RobotSpaceExplorer:ShockKick+1","RobotSpaceExplorer:StarLightning+1"],"picked":"RobotSpaceExplorer:MiniBoosters+1","floor":45},{"not_picked":["RobotSpaceExplorer:DoubleBlock+1","RobotSpaceExplorer:SurgingStrike","RobotSpaceExplorer:FreezeRay"],"picked":"SKIP","floor":47},{"not_picked":["RobotSpaceExplorer:ScrapShield+1","RobotSpaceExplorer:Probe+1","RobotSpaceExplorer:MiniBoosters"],"picked":"SKIP","floor":48},{"not_picked":["RobotSpaceExplorer:Pulsar","RobotSpaceExplorer:Blitz"],"picked":"RobotSpaceExplorer:Comet","floor":54}],"player_experience":355234,"relics_obtained":[{"floor":7.0,"key":"Odd Mushroom"},{"floor":9.0,"key":"War Paint"},{"floor":24,"key":"Bronze Scales"},{"floor":29,"key":"Bag of Marbles"},{"floor":34,"key":"Art of War"},{"floor":34,"key":"Ice Cream"},{"floor":34,"key":"RobotSpaceExplorer:BottledGravity"},{"floor":42,"key":"Nunchaku"},{"floor":43,"key":"Mummified Hand"},{"floor":45,"key":"RobotSpaceExplorer:FoglandsKnife"},{"floor":47,"key":"Oddly Smooth Stone"},{"floor":54,"key":"Anchor"}],"event_choices":[{"damage_healed":0.0,"max_hp_gain":0.0,"max_hp_loss":0.0,"gold_gain":0.0,"event_name":"Mushrooms","player_choice":"Fought Mushrooms","floor":7.0,"gold_loss":0.0,"damage_taken":0.0},{"cards_removed":["RobotSpaceExplorer:Strike"],"damage_healed":0.0,"max_hp_gain":0.0,"max_hp_loss":0.0,"gold_gain":0.0,"event_name":"Back to Basics","player_choice":"Elegance","floor":19.0,"gold_loss":0.0,"damage_taken":0.0},{"damage_healed":0,"gold_gain":0,"player_choice":"Memory 1","damage_taken":0,"max_hp_gain":0,"max_hp_loss":0,"event_name":"SensoryStone","floor":36,"gold_loss":0},{"damage_healed":0,"gold_gain":0,"player_choice":"Max HP","damage_taken":0,"max_hp_gain":0,"max_hp_loss":4,"event_name":"Winding Halls","floor":37,"gold_loss":0},{"cards_removed":["RobotSpaceExplorer:MiniLasers"],"damage_healed":0,"gold_gain":0,"player_choice":"Removed Attack","damage_taken":0,"max_hp_gain":0,"max_hp_loss":0,"event_name":"Falling","floor":38,"gold_loss":0}],"is_beta":false,"boss_relics":[{"not_picked":["Ectoplasm","Cursed Key"],"picked":"Philosopher\u0027s Stone"},{"not_picked":["Velvet Choker","Fusion Hammer"],"picked":"Calling Bell"}],"items_purged_floors":[11],"is_endless":false,"potions_floor_spawned":[1,2,3,14,16,21,22,27,28,33,44,47,48],"killed_by":"The Heart","ascension_level":0}}