{"host":"6bsan6hkua32tfq7","time":1611037429,"event":{"mods":["BaseMod","Better Third Choice","Colored Map","Highlight Path","Minty Spire (QoL Compilation)","StSLib"],"gold_per_floor":[115,134,69,69,69,69,85,85,132,57,57,76,95,129,129,202,202,220,145,145,145,155,155,190,90,162,192,210,220,252,271,271,344,344,359,234,248,98,98,98,125,139,217,242,242,261,261,281,281,281,281,281,281,48,79,79,79],"floor_reached":56,"language":"ENG","playtime":2498,"items_purged":["Strike_P","Strike_P","Defend_P","Defend_P"],"score":2330,"play_id":"91c81320-0949-43c6-8e5f-3ced8de998c2","local_time":"20210119072349","is_ascension_mode":true,"campfire_choices":[{"data":"DeusExMachina","floor":6.0,"key":"SMITH"},{"floor":8.0,"key":"REST"},{"floor":15.0,"key":"DIG"},{"floor":23.0,"key":"DIG"},{"floor":32.0,"key":"DIG"},{"floor":40.0,"key":"RECALL"},{"floor":45.0,"key":"DIG"},{"floor":47.0,"key":"REST"},{"floor":49.0,"key":"DIG"},{"floor":53.0,"key":"DIG"}],"circlet_count":0,"master_deck":["AscendersBane","Eruption","Vigilance","DeusExMachina+1","BattleHymn","Sunder+1","DevaForm","PathToVictory","Omniscience","DeceiveReality","Necronomicurse","WaveOfTheHand+1","Meditate+1","Collect+1","MasterReality"],"relics":["PureWater","betterThird:SlimedRelic","Dead Branch","Toy Ornithopter","Shovel","Art of War","Snecko Eye","Necronomicon","Potion Belt","Du-Vu Doll","Toxic Egg 2","Gremlin Horn","Question Card","FossilizedHelix","Empty Cage","Bag of Marbles","Orichalcum","Sundial","Lantern","Shuriken","Bottled Tornado"],"acts_visited":["Exordium","TheCity","TheBeyond","TheEnding"],"potions_floor_usage":[56,56,56],"damage_taken":[{"damage":1.0,"enemies":"Small Slimes","floor":1.0,"turns":4.0},{"damage":3.0,"enemies":"2 Louse","floor":2.0,"turns":3.0},{"damage":0.0,"enemies":"Cultist","floor":7.0,"turns":3.0},{"damage":0.0,"enemies":"Red Slaver","floor":12.0,"turns":5.0},{"damage":0.0,"enemies":"3 Louse","floor":13.0,"turns":9.0},{"damage":0.0,"enemies":"Lagavulin","floor":14.0,"turns":4.0},{"damage":10.0,"enemies":"Hexaghost","floor":16.0,"turns":6.0},{"damage":0.0,"enemies":"Spheric Guardian","floor":18.0,"turns":1.0},{"damage":0.0,"enemies":"Shell Parasite","floor":22.0,"turns":1.0},{"damage":0.0,"enemies":"Slavers","floor":24.0,"turns":3.0},{"damage":0.0,"enemies":"Gremlin Leader","floor":27.0,"turns":3.0},{"damage":0.0,"enemies":"Centurion and Healer","floor":28.0,"turns":1.0},{"damage":0.0,"enemies":"Snake Plant","floor":29.0,"turns":1.0},{"damage":0.0,"enemies":"Book of Stabbing","floor":30.0,"turns":6.0},{"damage":0.0,"enemies":"Shelled Parasite and Fungi","floor":31.0,"turns":1.0},{"damage":7.0,"enemies":"Collector","floor":33.0,"turns":4.0},{"damage":0.0,"enemies":"3 Darklings","floor":35.0,"turns":3.0},{"damage":13.0,"enemies":"3 Shapes","floor":37.0,"turns":5.0},{"damage":0.0,"enemies":"Reptomancer","floor":41.0,"turns":3.0},{"damage":18.0,"enemies":"Spire Growth","floor":42.0,"turns":3.0},{"damage":0.0,"enemies":"Nemesis","floor":44.0,"turns":3.0},{"damage":0.0,"enemies":"3 Darklings","floor":46.0,"turns":4.0},{"damage":0.0,"enemies":"Transient","floor":48.0,"turns":6.0},{"damage":26.0,"enemies":"Donu and Deca","floor":50.0,"turns":6.0},{"damage":22.0,"enemies":"Awakened One","floor":51.0,"turns":8.0},{"damage":0,"enemies":"Shield and Spear","floor":55,"turns":1},{"damage":86,"enemies":"The Heart","floor":56,"turns":8}],"seed_played":"8907893135948513132","potions_obtained":[{"floor":2.0,"key":"Regen Potion"},{"floor":12.0,"key":"Energy Potion"},{"floor":13.0,"key":"SteroidPotion"},{"floor":18.0,"key":"Swift Potion"},{"floor":24.0,"key":"PowerPotion"},{"floor":28.0,"key":"Fruit Juice"},{"floor":33.0,"key":"StancePotion"},{"floor":41.0,"key":"FearPotion"},{"floor":42.0,"key":"Ancient Potion"},{"floor":55,"key":"Swift Potion"}],"is_trial":false,"path_per_floor":["M","M","?","?","$","R","M","R","T","?","?","M","M","E","R","B",null,"M","$","?","?","M","R","E","$","T","E","M","M","E","M","R","B",null,"M","$","M","$","?","R","E","M","T","E","R","M","R","M","R","B","B",null,"R","$","E","B"],"character_chosen":"WATCHER","items_purchased":["MasterReality","BottledMiracle"],"campfire_rested":2,"item_purchase_floors":[54,54],"current_hp_per_floor":[60,57,46,23,23,23,23,43,43,43,43,43,48,48,48,57,65,65,65,44,68,68,68,68,68,68,68,68,68,68,68,68,61,66,66,66,53,53,53,53,63,45,45,45,45,45,66,66,66,40,23,58,58,58,58,0,0],"gold":79,"neow_bonus":"ONE_RANDOM_RARE_CARD","is_daily":false,"chose_seed":false,"campfire_upgraded":1,"win_rate":0.0,"timestamp":1611037429,"path_taken":["M","M","?","?","$","R","M","R","T","?","?","?","M","E","R","BOSS","M","$","?","?","?","R","E","$","T","E","M","M","E","?","R","BOSS","M","$","M","?","?","R","E","M","T","E","R","M","R","M","R","BOSS","BOSS","R","$","E","BOSS"],"items_purchased_type":["Card","Potion"],"build_version":"2020-12-22","purchased_purges":4,"victory":false,"max_hp_per_floor":[68,68,68,68,68,68,68,68,68,68,68,68,68,68,68,68,68,68,68,68,68,68,68,68,68,68,68,68,68,68,68,68,68,68,68,68,68,68,65,65,70,70,70,70,70,70,70,70,70,70,70,70,70,70,70,70,70],"card_choices":[{"not_picked":["Halt","FollowUp"],"picked":"BattleHymn","floor":1.0},{"not_picked":["FlyingSleeves","Evaluate"],"picked":"CarveReality","floor":2.0},{"not_picked":["Protect","Crescendo"],"picked":"DevaForm","floor":7.0},{"not_picked":["FearNoEvil","SashWhip","BowlingBash"],"picked":"SKIP","floor":12.0},{"not_picked":["Protect","Crescendo"],"picked":"PathToVictory","floor":13.0},{"not_picked":["SashWhip","Crescendo","Tantrum"],"picked":"SKIP","floor":14.0},{"not_picked":["DevaForm","Ragnarok"],"picked":"Omniscience","floor":16.0},{"not_picked":["ForeignInfluence","CutThroughFate"],"picked":"DeceiveReality","floor":18.0},{"not_picked":["FlyingSleeves","CarveReality","EmptyBody"],"picked":"SKIP","floor":22.0},{"not_picked":["Sanctity","Weave","EmptyFist"],"picked":"SKIP","floor":24.0},{"not_picked":["Nirvana","CarveReality","ClearTheMind+1"],"picked":"SKIP","floor":27.0},{"not_picked":["JustLucky","Brilliance"],"picked":"WaveOfTheHand+1","floor":28.0},{"not_picked":["Prostrate+1","Consecrate","Wallop"],"picked":"SKIP","floor":29.0},{"not_picked":["ForeignInfluence+1","Prostrate+1"],"picked":"Meditate+1","floor":30.0},{"not_picked":["SashWhip","Halt+1","Indignation+1","BattleHymn"],"picked":"SKIP","floor":31.0},{"not_picked":["Wireheading","Sanctity+1","Halt+1","FearNoEvil"],"picked":"SKIP","floor":35.0},{"not_picked":["JustLucky","Evaluate+1","FlyingSleeves","CutThroughFate"],"picked":"SKIP","floor":37.0},{"not_picked":["Protect+1","WreathOfFlame+1","MasterReality","CutThroughFate"],"picked":"SKIP","floor":41.0},{"not_picked":["Weave","FlyingSleeves+1","JustLucky","CrushJoints+1"],"picked":"SKIP","floor":42.0},{"not_picked":["CutThroughFate","FlyingSleeves","Prostrate+1"],"picked":"Collect+1","floor":44.0},{"not_picked":["SashWhip","Nirvana","Adaptation","EmptyFist"],"picked":"SKIP","floor":46.0},{"not_picked":["WheelKick","SandsOfTime","PathToVictory+1","WaveOfTheHand+1"],"picked":"SKIP","floor":48.0},{"not_picked":["LikeWater","SashWhip","FollowUp","Consecrate"],"picked":"SKIP","floor":55}],"player_experience":5315150,"relics_obtained":[{"floor":9.0,"key":"Toy Ornithopter"},{"floor":14.0,"key":"Shovel"},{"floor":15.0,"key":"Art of War"},{"floor":20.0,"key":"Necronomicon"},{"floor":23.0,"key":"Potion Belt"},{"floor":24.0,"key":"Du-Vu Doll"},{"floor":26.0,"key":"Toxic Egg 2"},{"floor":27.0,"key":"Gremlin Horn"},{"floor":30.0,"key":"Question Card"},{"floor":32.0,"key":"FossilizedHelix"},{"floor":41.0,"key":"Bag of Marbles"},{"floor":44.0,"key":"Orichalcum"},{"floor":45.0,"key":"Sundial"},{"floor":49.0,"key":"Lantern"},{"floor":53.0,"key":"Shuriken"},{"floor":55,"key":"Bottled Tornado"}],"event_choices":[{"damage_healed":0.0,"max_hp_gain":0.0,"max_hp_loss":0.0,"gold_gain":0.0,"event_name":"betterThird:BetterGoop","player_choice":"Slimed","floor":3.0,"gold_loss":65.0,"damage_taken":11.0},{"cards_removed":["Strike_P"],"damage_healed":0.0,"max_hp_gain":0.0,"max_hp_loss":0.0,"gold_gain":0.0,"event_name":"The Cleric","player_choice":"Card Removal","floor":10.0,"gold_loss":75.0,"damage_taken":0.0},{"cards_removed":["Strike_P"],"damage_healed":0.0,"max_hp_gain":0.0,"max_hp_loss":0.0,"gold_gain":0.0,"event_name":"Purifier","player_choice":"Purged","floor":11.0,"gold_loss":0.0,"damage_taken":0.0},{"damage_healed":0.0,"max_hp_gain":0.0,"max_hp_loss":0.0,"gold_gain":0.0,"event_name":"Cursed Tome","player_choice":"Obtained Book","floor":20.0,"gold_loss":0.0,"damage_taken":21.0},{"cards_removed":["CarveReality"],"damage_healed":24.0,"max_hp_gain":0.0,"max_hp_loss":0.0,"gold_gain":0.0,"event_name":"Bonfire Elementals","player_choice":"Offered Uncommon","floor":21.0,"gold_loss":0.0,"damage_taken":0.0},{"damage_healed":0.0,"max_hp_gain":0.0,"max_hp_loss":3.0,"gold_gain":0.0,"event_name":"Winding Halls","player_choice":"Max HP","floor":39.0,"gold_loss":0.0,"damage_taken":0.0}],"is_beta":false,"boss_relics":[{"not_picked":["Calling Bell","Cursed Key"],"picked":"Snecko Eye"},{"not_picked":["Velvet Choker","Runic Dome"],"picked":"Empty Cage"}],"items_purged_floors":[19,25,36,38],"is_endless":false,"potions_floor_spawned":[2,12,13,14,18,24,28,33,41,42,55],"killed_by":"The Heart","ascension_level":20}}