{"host":"jm9833yuloeli2yd","time":1611095810,"event":{"mods":["BaseMod","Better Altar","Better Match","Better Note","Better Sensory Stone","Better Skull","Better Third Choice","Better Vampires","BetterRewards","Colored Map","Colored Powertips","DeckTracker","Minty Spire (QoL Compilation)","Permanent Neow","Quick Restart","Slay-I","StSLib","SuperFastMode"],"gold_per_floor":[130,190,228,42,102,191,255,255,255],"floor_reached":8,"language":"ENG","playtime":351,"items_purged":["Strike_G","Strike_G"],"score":116,"play_id":"08cfb82c-6d8a-4e37-8f78-5d2e76681f4c","local_time":"20210119173650","is_ascension_mode":true,"campfire_choices":[],"circlet_count":0,"master_deck":["AscendersBane","Strike_G","Strike_G","Strike_G","Defend_G","Defend_G","Defend_G","Defend_G","Defend_G","Survivor","Neutralize","Backstab","Finesse","Footwork","Backstab","HandOfGreed","Dodge and Roll","Footwork","Dagger Throw","Calculated Gamble","Dagger Spray","Footwork","Crippling Poison","Heel Hook","Calculated Gamble"],"relics":["Ring of the Snake","Tough Bandages","Unceasing Top","Bag of Preparation","Smiling Mask","MealTicket"],"acts_visited":["Exordium"],"potions_floor_usage":[7,8],"damage_taken":[{"damage":0,"enemies":"Small Slimes","floor":1,"turns":2},{"damage":0,"enemies":"2 Louse","floor":2,"turns":4},{"damage":0,"enemies":"Cultist","floor":3,"turns":3},{"damage":5,"enemies":"Exordium Thugs","floor":5,"turns":8},{"damage":9,"enemies":"3 Sentries","floor":6,"turns":12},{"damage":11,"enemies":"Gremlin Nob","floor":7,"turns":4},{"damage":27,"enemies":"Gremlin Nob","floor":8,"turns":4}],"seed_played":"1713633285037290854","potions_obtained":[{"floor":1,"key":"SpeedPotion"}],"is_trial":false,"path_per_floor":["M","M","M","$","M","E","?","E"],"character_chosen":"THE_SILENT","items_purchased":["Backstab","Finesse","Footwork","Bag of Preparation","Backstab","HandOfGreed","Swift Potion","Dodge and Roll","Footwork","Footwork"],"campfire_rested":0,"item_purchase_floors":[0,0,0,0,0,0,0,0,0,4],"current_hp_per_floor":[52,52,52,52,47,38,27,0,0],"gold":255,"neow_bonus":"","is_daily":false,"chose_seed":false,"campfire_upgraded":0,"win_rate":0.0,"timestamp":1611095810,"path_taken":["M","M","M","$","M","E","?","E"],"items_purchased_type":["Card","Card","Card","Relic","Card","Card","Potion","Card","Card","Card"],"build_version":"2020-12-22","purchased_purges":2,"victory":false,"max_hp_per_floor":[66,66,66,66,66,66,66,66,66],"card_choices":[{"not_picked":["Setup","Blade Dance"],"picked":"Dagger Throw","floor":1},{"not_picked":["Flying Knee","Reflex"],"picked":"Calculated Gamble","floor":2},{"not_picked":["Deflect","Deadly Poison"],"picked":"Dagger Spray","floor":3},{"not_picked":["Blur","Acrobatics"],"picked":"Crippling Poison","floor":5},{"not_picked":["Skewer","Bane"],"picked":"Heel Hook","floor":6},{"not_picked":["Phantasmal Killer","Escape Plan"],"picked":"Calculated Gamble","floor":7}],"player_experience":1328224,"relics_obtained":[{"floor":6,"key":"Smiling Mask"},{"floor":7,"key":"MealTicket"}],"event_choices":[{"damage_healed":0,"gold_gain":30,"player_choice":"Searched \u00272\u0027 times","damage_taken":0,"max_hp_gain":0,"max_hp_loss":0,"event_name":"Dead Adventurer","floor":7,"gold_loss":0}],"is_beta":false,"boss_relics":[],"items_purged_floors":[0,4],"is_endless":false,"potions_floor_spawned":[1,5],"killed_by":"Gremlin Nob","ascension_level":20}}