{"host":"r53pw7z744tg3fxg","time":1611087200,"event":{"mods":["AchievementEnabler","BaseMod","Colored Map","Colored Powertips","Highlight Path","Minty Spire (QoL Compilation)","Quick Restart","Transform Curses"],"gold_per_floor":[119,133,133,96,115,145,145,170,170,170,187,187,187,225,225,312,312,333,342,188,103,103,103,115,141,167,167,167],"floor_reached":27,"language":"ENG","playtime":881,"items_purged":["Regret"],"score":412,"play_id":"f696977d-dd5c-4b7b-a582-367b496e0c40","local_time":"20210119131320","is_ascension_mode":true,"campfire_choices":[{"floor":7,"key":"REST"},{"data":"Eruption","floor":10,"key":"SMITH"},{"data":"Consecrate","floor":12,"key":"SMITH"},{"floor":15,"key":"REST"},{"floor":23,"key":"REST"}],"circlet_count":0,"master_deck":["AscendersBane","Strike_P","Strike_P","Strike_P","Strike_P","Defend_P","Defend_P","Defend_P","Defend_P","Eruption+1","Vigilance","Evaluate","CarveReality","EmptyBody","WheelKick","Consecrate+1","BowlingBash+1","FlurryOfBlows+1","LessonLearned+1","Prostrate","Wallop+1","Worship","Establishment"],"relics":["PureWater","Pen Nib","Shuriken","Gremlin Horn","Molten Egg 2","Darkstone Periapt","CeramicFish","Black Star","Ice Cream","Dream Catcher"],"acts_visited":["Exordium","TheCity"],"potions_floor_usage":[6,6,8,14,14,25,27,27],"damage_taken":[{"damage":0,"enemies":"2 Louse","floor":1,"turns":3},{"damage":1,"enemies":"Cultist","floor":2,"turns":4},{"damage":7,"enemies":"Small Slimes","floor":5,"turns":3},{"damage":7,"enemies":"Gremlin Nob","floor":6,"turns":3},{"damage":13,"enemies":"3 Sentries","floor":8,"turns":8},{"damage":2,"enemies":"2 Fungi Beasts","floor":11,"turns":3},{"damage":32,"enemies":"Lagavulin","floor":14,"turns":5},{"damage":39,"enemies":"Hexaghost","floor":16,"turns":8},{"damage":15,"enemies":"2 Thieves","floor":18,"turns":4},{"damage":12,"enemies":"Spheric Guardian","floor":24,"turns":4},{"damage":12,"enemies":"Chosen and Byrds","floor":25,"turns":5},{"damage":60,"enemies":"Book of Stabbing","floor":27,"turns":5}],"seed_played":"1481771707261952006","potions_obtained":[{"floor":2,"key":"FearPotion"},{"floor":3,"key":"Explosive Potion"},{"floor":8,"key":"EntropicBrew"},{"floor":16,"key":"CultistPotion"},{"floor":18,"key":"LiquidBronze"},{"floor":25,"key":"AttackPotion"}],"is_trial":false,"path_per_floor":["M","M","?","$","M","E","R","E","T","R","M","R","?","E","R","B",null,"M","?","$","?","?","R","M","M","T","E"],"character_chosen":"WATCHER","items_purchased":["CarveReality","Worship"],"campfire_rested":3,"item_purchase_floors":[4,20],"current_hp_per_floor":[61,60,60,60,53,46,66,53,53,53,51,51,57,25,47,8,58,43,43,43,43,48,70,58,46,46,0,0],"gold":167,"neow_bonus":"RANDOM_COMMON_RELIC","is_daily":false,"chose_seed":false,"campfire_upgraded":2,"win_rate":0.0,"timestamp":1611087200,"path_taken":["M","M","?","$","M","E","R","E","T","R","?","R","?","E","R","BOSS","M","?","$","?","?","R","M","?","T","E"],"items_purchased_type":["Card","Card"],"build_version":"2020-12-22","purchased_purges":1,"victory":false,"max_hp_per_floor":[68,68,68,68,68,68,68,68,68,68,68,68,74,74,74,74,74,74,74,74,74,74,74,74,74,74,74,74],"card_choices":[{"not_picked":["JustLucky","Study"],"picked":"Evaluate","floor":1},{"not_picked":["Halt","ThirdEye"],"picked":"CutThroughFate","floor":2},{"not_picked":["InnerPeace","FlurryOfBlows"],"picked":"EmptyBody","floor":5},{"not_picked":["MasterReality","SashWhip"],"picked":"WheelKick","floor":6},{"not_picked":["Adaptation","Halt"],"picked":"Consecrate","floor":8},{"not_picked":["ClearTheMind","CrushJoints+1"],"picked":"BowlingBash+1","floor":11},{"not_picked":["ConjureBlade","ThirdEye"],"picked":"FlurryOfBlows+1","floor":14},{"not_picked":["ConjureBlade","Alpha"],"picked":"LessonLearned+1","floor":16},{"not_picked":["ThirdEye+1","CutThroughFate+1"],"picked":"Prostrate","floor":18},{"not_picked":["Evaluate","Vengeance","Collect"],"picked":"SKIP","floor":24},{"not_picked":["Evaluate","SashWhip+1"],"picked":"Establishment","floor":25}],"player_experience":1311990,"relics_obtained":[{"floor":6,"key":"Shuriken"},{"floor":8,"key":"Gremlin Horn"},{"floor":9,"key":"Molten Egg 2"},{"floor":14,"key":"CeramicFish"},{"floor":26,"key":"Dream Catcher"}],"event_choices":[{"damage_healed":0,"gold_gain":0,"player_choice":"Got Potions","damage_taken":0,"max_hp_gain":0,"max_hp_loss":0,"event_name":"Lab","floor":3,"gold_loss":0},{"damage_healed":0,"gold_gain":0,"player_choice":"Box","damage_taken":0,"relics_obtained":["Darkstone Periapt"],"max_hp_gain":0,"max_hp_loss":0,"event_name":"Big Fish","floor":13,"gold_loss":0,"cards_obtained":["Regret"]},{"damage_healed":0,"gold_gain":0,"player_choice":"Read","damage_taken":0,"max_hp_gain":0,"max_hp_loss":0,"event_name":"The Library","floor":19,"gold_loss":0,"cards_obtained":["Wallop"]},{"damage_healed":0,"gold_gain":0,"player_choice":"Obtained Relic","damage_taken":0,"relics_obtained":["Ice Cream"],"max_hp_gain":0,"max_hp_loss":0,"event_name":"Addict","floor":21,"gold_loss":85},{"cards_removed":["CutThroughFate"],"damage_healed":5,"gold_gain":0,"player_choice":"Offered Common","damage_taken":0,"max_hp_gain":0,"max_hp_loss":0,"event_name":"Bonfire Elementals","floor":22,"gold_loss":0},{"cards_removed":["CutThroughFate"],"damage_healed":5,"gold_gain":0,"player_choice":"Offered Special","damage_taken":0,"max_hp_gain":0,"max_hp_loss":0,"event_name":"Bonfire Elementals","floor":22,"gold_loss":0}],"is_beta":false,"boss_relics":[{"not_picked":["Pandora\u0027s Box","SacredBark"],"picked":"Black Star"}],"items_purged_floors":[20],"is_endless":false,"potions_floor_spawned":[2,8,16,18,25],"killed_by":"Book of Stabbing","ascension_level":16}}