{"host":"9l1knhxfturzliqa","time":1611037640,"event":{"mods":["BaseMod","Colored Map","Colored Powertips","DeckTracker","Highlight Path","Keyboard Shortcuts","Minty Spire (QoL Compilation)","Random Character Button"],"gold_per_floor":[110,120,140,150,160,191,191,217,217,217,234,251,251,251,251,251,251],"floor_reached":16,"language":"KOR","playtime":816,"items_purged":[],"score":222,"play_id":"05c566ed-c285-4efe-b4a0-4930a8fc580a","local_time":"20210119152720","is_ascension_mode":true,"campfire_choices":[{"data":"Glass Knife","floor":7.0,"key":"SMITH"},{"floor":10.0,"key":"REST"},{"floor":15.0,"key":"REST"}],"circlet_count":0,"master_deck":["AscendersBane","Strike_G","Strike_G","Strike_G","Strike_G","Strike_G","Defend_G","Defend_G","Defend_G","Defend_G","Defend_G","Survivor","Neutralize","Dagger Spray","PiercingWail+1","Deadly Poison","Bane+1","Glass Knife+1","Prepared","Deflect","Outmaneuver","Backflip","Crippling Poison","Reflex"],"relics":["Ring of the Snake","NeowsBlessing","Prayer Wheel","Toy Ornithopter","Happy Flower"],"acts_visited":["Exordium"],"potions_floor_usage":[16],"damage_taken":[{"damage":0.0,"enemies":"Jaw Worm","floor":1.0,"turns":1.0},{"damage":0.0,"enemies":"Small Slimes","floor":2.0,"turns":1.0},{"damage":0.0,"enemies":"2 Louse","floor":3.0,"turns":1.0},{"damage":3.0,"enemies":"Blue Slaver","floor":4.0,"turns":5.0},{"damage":7.0,"enemies":"3 Louse","floor":5.0,"turns":4.0},{"damage":22.0,"enemies":"Lagavulin","floor":6.0,"turns":4.0},{"damage":33.0,"enemies":"Gremlin Nob","floor":8.0,"turns":4.0},{"damage":6.0,"enemies":"Exordium Thugs","floor":11.0,"turns":4.0},{"damage":8.0,"enemies":"Large Slime","floor":12.0,"turns":5.0},{"damage":33,"enemies":"Slime Boss","floor":16,"turns":8}],"seed_played":"-4514477997093342442","potions_obtained":[{"floor":2.0,"key":"FearPotion"},{"floor":3.0,"key":"FairyPotion"},{"floor":11.0,"key":"AttackPotion"},{"floor":12.0,"key":"Block Potion"}],"is_trial":false,"path_per_floor":["M","M","M","M","M","E","R","E","T","R","M","M","?","?","R","B"],"character_chosen":"THE_SILENT","items_purchased":[],"campfire_rested":2,"item_purchase_floors":[],"current_hp_per_floor":[59,59,59,56,49,27,27,19,19,38,32,29,9,9,28,0,0],"gold":251,"neow_bonus":"THREE_ENEMY_KILL","is_daily":false,"chose_seed":false,"campfire_upgraded":1,"win_rate":0.0,"timestamp":1611037640,"path_taken":["M","M","M","M","M","E","R","E","T","R","M","M","?","?","R","BOSS"],"items_purchased_type":[],"build_version":"2020-12-22","purchased_purges":0,"victory":false,"max_hp_per_floor":[66,66,66,66,66,66,66,66,66,66,66,66,66,66,66,66,66],"card_choices":[{"not_picked":["Outmaneuver","Heel Hook"],"picked":"Dagger Spray","floor":1.0},{"not_picked":["Poisoned Stab","Deadly Poison"],"picked":"PiercingWail","floor":2.0},{"not_picked":["Blade Dance","Poisoned Stab"],"picked":"Deadly Poison","floor":3.0},{"not_picked":["Dodge and Roll","All Out Attack"],"picked":"Bane","floor":4.0},{"not_picked":["Backflip","Masterful Stab"],"picked":"Glass Knife","floor":5.0},{"not_picked":["Flying Knee","Heel Hook"],"picked":"Prepared","floor":6.0},{"not_picked":["Endless Agony","Flying Knee"],"picked":"Deflect","floor":8.0},{"not_picked":["Bane","Prepared"],"picked":"Outmaneuver","floor":11.0},{"not_picked":["Calculated Gamble","Doppelganger"],"picked":"Backflip","floor":11.0},{"not_picked":["PiercingWail","Deadly Poison"],"picked":"Crippling Poison","floor":12.0},{"not_picked":["Quick Slash","All Out Attack"],"picked":"Reflex","floor":12.0}],"player_experience":490886,"relics_obtained":[{"floor":6.0,"key":"Prayer Wheel"},{"floor":8.0,"key":"Toy Ornithopter"},{"floor":9.0,"key":"Happy Flower"}],"event_choices":[{"damage_healed":0.0,"max_hp_gain":0.0,"max_hp_loss":0.0,"gold_gain":0.0,"event_name":"Shining Light","player_choice":"Entered Light","floor":13.0,"gold_loss":0.0,"damage_taken":20.0,"cards_upgraded":["PiercingWail","Bane"]},{"damage_healed":0.0,"max_hp_gain":0.0,"max_hp_loss":0.0,"gold_gain":0.0,"event_name":"Dead Adventurer","player_choice":"Searched \u00270\u0027 times","floor":14.0,"gold_loss":0.0,"damage_taken":0.0}],"is_beta":false,"boss_relics":[],"items_purged_floors":[],"is_endless":false,"potions_floor_spawned":[2,3,11,12],"killed_by":"Slime Boss","ascension_level":19}}