{"host":"9nt1zhl3k8mtcf72","time":1611098141,"event":{"mods":["Aspiration","BaseMod","BetterRewards","Conjunction","Conspire","Downfall","Energized Spire","Friendly Minions","GifTheSpireLib","Halation","Hubris","Infinite Spire","JesterMod","Mimic Mod","Minty Spire (QoL Compilation)","RatMod","Spikes Relics","StSLib","Stuff the Spire","Trackpad","Useless Jewels Mod","Wandering Minibosses","vexMod"],"gold_per_floor":[99,110,110,210,210,220,256,271,111,127,127,146,158,174,185,286,286,186,186,204,42,42,54,122,139,139,139,139],"floor_reached":26,"language":"ENG","playtime":895,"items_purged":[],"score":202,"play_id":"d80f9c0d-49ab-4267-a853-c6599618fe71","local_time":"20210119181541","is_ascension_mode":false,"campfire_choices":[{"floor":1,"key":"RECALL"},{"floor":11,"key":"REST"},{"data":"bronze:Optimize","floor":18,"key":"SMITH"}],"circlet_count":0,"master_deck":["bronze:Replicate","bronze:Goto","bronze:Flail","bronze:Iterate","bronze:Branch","bronze:BronzeOrb","bronze:DelayedSlice","expansioncontent:HyperBeam","bronze:FineTuning","bronze:WhirlingStrike","bronze:WhirlingStrike","bronze:Iterate","bronze:RecursiveStrike","bronze:Overload","bronze:Optimize","bronze:Shell","bronze:Overheat","bronze:Optimize+1","bronze:RecursiveStrike","Pain","Pain","bronze:GetLatest","bronze:ChosenStrike+1"],"relics":["bronze:BronzeCore","halation:PinkSoulGem","hubris:TenFootPole","Pandora\u0027s Box","downfall:HeartBlessingRed","Membership Card","infinitespire:WardingShard"],"acts_visited":["Exordium","TheCity"],"potions_floor_usage":[6,16,16,16,25,26],"damage_taken":[{"damage":2,"enemies":"Cultist","floor":2,"turns":5},{"damage":6,"enemies":"Jaw Worm","floor":6,"turns":3},{"damage":8,"enemies":"2 Louse","floor":7,"turns":7},{"damage":6,"enemies":"2 Louse","floor":8,"turns":2},{"damage":2,"enemies":"downfall:FleeingMerchant","floor":9,"turns":4},{"damage":7,"enemies":"Red Slaver","floor":10,"turns":2},{"damage":0,"enemies":"conspire:2 RoseBushes","floor":12,"turns":3},{"damage":0,"enemies":"Exordium Wildlife","floor":13,"turns":2},{"damage":0,"enemies":"Lots of Slimes","floor":14,"turns":2},{"damage":6,"enemies":"2 Fungi Beasts","floor":15,"turns":2},{"damage":47,"enemies":"SI_SHIV_ARCHETYPE","floor":16,"turns":8},{"damage":0,"enemies":"Spheric Guardian","floor":20,"turns":1},{"damage":19,"enemies":"downfall:FleeingMerchant","floor":21,"turns":4},{"damage":15,"enemies":"3 Cultists","floor":23,"turns":3},{"damage":34,"enemies":"Cultist and Chosen","floor":25,"turns":5},{"damage":11,"enemies":"Nightmare","floor":26,"turns":2}],"seed_played":"-2256540024781787870","potions_obtained":[{"floor":5,"key":"sneckomod:MuddlingPotion"},{"floor":5,"key":"GamblersBrew"},{"floor":5,"key":"SmokeBomb"},{"floor":8,"key":"FearPotion"},{"floor":10,"key":"SkillPotion"},{"floor":14,"key":"LiquidBronze"},{"floor":16,"key":"conspire:TimeTravelPotion"},{"floor":25,"key":"Strength Potion"}],"is_trial":false,"path_per_floor":["R","M","?","?","?","M","MIM","M","$","M","R","M","M","M","M","B",null,"R","?","M","$","?","M","T","M","NM"],"character_chosen":"THE_AUTOMATON","items_purchased":["bronze:DelayedSlice","expansioncontent:HyperBeam","Membership Card"],"campfire_rested":1,"item_purchase_floors":[9,9,21],"current_hp_per_floor":[70,68,68,68,68,62,54,48,46,39,60,60,60,60,54,7,70,70,70,70,51,51,36,36,4,0,0,0],"gold":139,"neow_bonus":"RANDOM_COMMON_RELIC","is_daily":false,"chose_seed":false,"campfire_upgraded":1,"win_rate":0.0,"timestamp":1611098141,"path_taken":["R","M","?","?","?","M","MIM","M","$","M","R","M","M","?","M","BOSS","R","?","?","$","?","?","T","M","NM"],"items_purchased_type":["Card","Card","Relic"],"build_version":"2020-12-22","purchased_purges":0,"victory":false,"max_hp_per_floor":[70,70,70,70,70,70,70,70,70,70,70,70,70,70,70,70,70,70,70,70,70,70,70,70,70,70,70,70],"card_choices":[{"not_picked":["bronze:Philosophize","bronze:ForLoop"],"picked":"bronze:Flail","floor":2},{"not_picked":["bronze:WhirlingStrike","bronze:Flail"],"picked":"bronze:Iterate","floor":6},{"not_picked":["bronze:Frontload","bronze:BuggyMess"],"picked":"bronze:Branch","floor":7},{"not_picked":["bronze:Shield","bronze:Branch"],"picked":"bronze:BronzeOrb","floor":8},{"not_picked":["bronze:Branch","bronze:Invalidate","bronze:Shield"],"picked":"SKIP","floor":9},{"not_picked":["bronze:Branch","bronze:Frontload"],"picked":"bronze:FineTuning","floor":10},{"not_picked":["bronze:OilSpill","bronze:Shield"],"picked":"bronze:DelayedGuard","floor":12},{"not_picked":["bronze:FindAndReplace","bronze:FollowUp"],"picked":"bronze:WhirlingStrike","floor":13},{"not_picked":["bronze:ChosenStrike","bronze:DelayedSlice"],"picked":"bronze:WhirlingStrike","floor":14},{"not_picked":["bronze:Philosophize","bronze:Overload"],"picked":"bronze:Iterate","floor":15},{"not_picked":["bronze:ThunderWave","bronze:FindAndReplace"],"picked":"bronze:RecursiveStrike","floor":16},{"not_picked":["bronze:Turbo","bronze:ForLoop","bronze:Repulsor"],"picked":"SKIP","floor":20},{"not_picked":["bronze:BurnOut","bronze:Repulsor+1","bronze:WildBeam"],"picked":"SKIP","floor":21},{"not_picked":["bronze:DarkDash","bronze:Return"],"picked":"bronze:GetLatest","floor":23},{"not_picked":["bronze:Allocate","bronze:ForLoop"],"picked":"bronze:ChosenStrike+1","floor":25}],"player_experience":491839,"relics_obtained":[{"floor":7,"key":"hubris:TenFootPole"}],"event_choices":[],"is_beta":false,"boss_relics":[{"not_picked":["Tiny House","Black Star"],"picked":"Pandora\u0027s Box"}],"items_purged_floors":[],"is_endless":false,"potions_floor_spawned":[8,10,12,14,16,25],"killed_by":"Nightmare","ascension_level":0}}