{"host":"f0gpob8hq9vgebej","time":1611016622,"event":{"mods":["AchievementEnabler","BaseMod","Minty Spire (QoL Compilation)","Quick Restart","SuperFastMode"],"gold_per_floor":[117,131,147,165,179,199,199,234,234,234,107,123,73,89,89,192,242,254,164,147,158,190,190,190],"floor_reached":23,"language":"KOR","playtime":1335,"items_purged":["Strike_B","Strike_B","Strike_B"],"score":256,"play_id":"775474fd-a18a-4ab7-b364-1e4ab4abf15f","local_time":"20210119093702","is_ascension_mode":true,"campfire_choices":[{"data":"Fission","floor":7,"key":"SMITH"},{"data":"Zap","floor":10,"key":"SMITH"},{"data":"Defragment","floor":15,"key":"SMITH"}],"circlet_count":0,"master_deck":["Strike_B+1","Defend_B","Defend_B","Defend_B","Defend_B","Zap+1","Dualcast","Self Repair","Capacitor","Fission+1","Ball Lightning","Defragment+1","Storm","Amplify","Defragment+1","Defragment","Genetic Algorithm","Steam Power"],"relics":["Cracked Core","Bag of Preparation","Smiling Mask","Tiny House","Red Mask"],"acts_visited":["Exordium","TheCity"],"potions_floor_usage":[16,16,16,22,22,23],"damage_taken":[{"damage":3,"enemies":"Small Slimes","floor":1,"turns":3},{"damage":14,"enemies":"2 Louse","floor":2,"turns":3},{"damage":7,"enemies":"Jaw Worm","floor":3,"turns":3},{"damage":19,"enemies":"Large Slime","floor":4,"turns":7},{"damage":7,"enemies":"Looter","floor":5,"turns":4},{"damage":9,"enemies":"2 Fungi Beasts","floor":6,"turns":4},{"damage":20,"enemies":"Lagavulin","floor":8,"turns":7},{"damage":6,"enemies":"Blue Slaver","floor":12,"turns":4},{"damage":0,"enemies":"3 Louse","floor":14,"turns":2},{"damage":5,"enemies":"Hexaghost","floor":16,"turns":8},{"damage":16,"enemies":"Shell Parasite","floor":18,"turns":4},{"damage":37,"enemies":"2 Thieves","floor":20,"turns":5},{"damage":32,"enemies":"Cultist and Chosen","floor":21,"turns":5},{"damage":0,"enemies":"Masked Bandits","floor":22,"turns":2},{"damage":14,"enemies":"Slavers","floor":23,"turns":2}],"seed_played":"-7046538432676879184","potions_obtained":[{"floor":2,"key":"Strength Potion"},{"floor":3,"key":"Dexterity Potion"},{"floor":5,"key":"Block Potion"},{"floor":17,"key":"Explosive Potion"},{"floor":21,"key":"Explosive Potion"},{"floor":22,"key":"LiquidMemories"}],"is_trial":false,"path_per_floor":["M","M","M","M","M","M","R","E","T","R","$","M","$","M","R","B",null,"M","$","M","M","?","E"],"character_chosen":"DEFECT","items_purchased":["Defragment","Defragment"],"campfire_rested":0,"item_purchase_floors":[11,19],"current_hp_per_floor":[72,65,65,53,53,51,51,38,38,38,38,39,39,46,46,48,79,70,70,40,8,15,1,1],"gold":190,"neow_bonus":"TEN_PERCENT_HP_BONUS","is_daily":false,"chose_seed":false,"campfire_upgraded":3,"win_rate":0.0,"timestamp":1611016622,"path_taken":["M","M","M","M","M","M","R","E","T","R","$","M","$","M","R","BOSS","M","$","M","M","?","E"],"items_purchased_type":["Card","Card"],"build_version":"2020-12-22","purchased_purges":3,"victory":false,"max_hp_per_floor":[82,82,82,82,82,82,82,82,82,82,82,82,82,82,82,82,87,87,87,87,87,87,87,87],"card_choices":[{"not_picked":["Stack","Streamline"],"picked":"Self Repair","floor":1},{"not_picked":["Chaos","Consume","Rebound"],"picked":"SKIP","floor":2},{"not_picked":["Compile Driver","Steam"],"picked":"Capacitor","floor":3},{"not_picked":["Streamline","Auto Shields"],"picked":"Fission","floor":4},{"not_picked":["Turbo","Force Field"],"picked":"Ball Lightning","floor":5},{"not_picked":["Redo","Streamline","Stack"],"picked":"SKIP","floor":6},{"not_picked":["Gash","Hologram","Sweeping Beam"],"picked":"SKIP","floor":8},{"not_picked":["Rebound","Beam Cell"],"picked":"Storm","floor":12},{"not_picked":["Cold Snap","Streamline","All For One"],"picked":"SKIP","floor":14},{"not_picked":["Seek","Core Surge"],"picked":"Amplify","floor":16},{"not_picked":["Barrage","Rip and Tear"],"picked":"Defragment+1","floor":18},{"not_picked":["Sweeping Beam","Rip and Tear"],"picked":"Genetic Algorithm","floor":20},{"not_picked":["Streamline","Stack"],"picked":"Steam Power","floor":21}],"player_experience":168038,"relics_obtained":[{"floor":8,"key":"Bag of Preparation"},{"floor":9,"key":"Smiling Mask"},{"floor":22,"key":"Red Mask"}],"event_choices":[{"damage_healed":0,"gold_gain":0,"player_choice":"Fought Bandits","damage_taken":0,"max_hp_gain":0,"max_hp_loss":0,"event_name":"Masked Bandits","floor":22,"gold_loss":0}],"is_beta":false,"boss_relics":[{"not_picked":["Coffee Dripper","Snecko Eye"],"picked":"Tiny House"}],"items_purged_floors":[11,13,19],"is_endless":false,"potions_floor_spawned":[2,3,5,8,21,22],"killed_by":"Slavers","ascension_level":6}}