{"host":"sc0o2qwpf9j16a4i","time":1611085914,"event":{"mods":["AchievementEnabler","BaseMod","BetterRewards","Block Reminder","Colored Map","Colored Powertips","Custom Start","Highlight Path","Minty Spire (QoL Compilation)","Relic Stats"],"gold_per_floor":[111,36,50,63,73,73,103,117,144,144,160,187,21,47,47,120,120,136,152,202,217,22,52,52,79,103,53,53,76,95,114,114,193,193,212,212,232,232,250,250,280,291,291,324,339,21,0,15,15,15,15,15,15,15,46,46],"floor_reached":57,"language":"ENG","playtime":3752,"items_purged":["Strike_R","Strike_R"],"score":3898,"play_id":"67a5009f-bd04-4725-843b-0aa72ab65cdc","local_time":"20210119215154","is_ascension_mode":true,"campfire_choices":[{"data":"Uppercut","floor":6.0,"key":"SMITH"},{"data":"Disarm","floor":10.0,"key":"SMITH"},{"data":"Feel No Pain","floor":15.0,"key":"SMITH"},{"data":"True Grit","floor":28,"key":"SMITH"},{"data":"Feed","floor":32,"key":"SMITH"},{"floor":40,"key":"RECALL"},{"data":"Impervious","floor":49,"key":"SMITH"},{"data":"Feel No Pain","floor":53,"key":"SMITH"}],"circlet_count":0,"master_deck":["AscendersBane","Strike_R+1","Defend_R","Defend_R","Defend_R","Defend_R","Bash","Feel No Pain+1","Feed+1","Disarm+1","Uppercut+1","Shrug It Off","Burning Pact","True Grit+1","Flex","Uppercut+1","Shockwave","Barricade","Sentinel+1","Shrug It Off","Feel No Pain","Feel No Pain+1","Disarm","Feel No Pain","Power Through","Fiend Fire","Sentinel+1","Body Slam","Shockwave","Body Slam+1","Feel No Pain","Bludgeon","Impervious+1","Reaper","Disarm","Power Through"],"relics":["Burning Blood","Bag of Marbles","Bronze Scales","Pen Nib","ClockworkSouvenir","Orichalcum","Kunai","Sling","Letter Opener","Dead Branch","Bag of Preparation","Lantern","PreservedInsect","Bottled Tornado","Regal Pillow","Smiling Mask","Oddly Smooth Stone","Vajra","Snecko Eye","Medical Kit","Whetstone","Happy Flower","Centennial Puzzle","Cursed Key","MealTicket","Strawberry","Red Mask","FossilizedHelix"],"acts_visited":["Exordium","TheCity","TheBeyond","TheEnding"],"potions_floor_usage":[25,31,33,41,41,48,50,50],"damage_taken":[{"damage":0.0,"enemies":"Cultist","floor":1.0,"turns":2.0},{"damage":0.0,"enemies":"Small Slimes","floor":3.0,"turns":2.0},{"damage":0.0,"enemies":"Jaw Worm","floor":4.0,"turns":1.0},{"damage":0.0,"enemies":"Lots of Slimes","floor":5.0,"turns":4.0},{"damage":0.0,"enemies":"Gremlin Nob","floor":7.0,"turns":2.0},{"damage":0.0,"enemies":"Looter","floor":8.0,"turns":5.0},{"damage":2.0,"enemies":"2 Fungi Beasts","floor":11.0,"turns":5.0},{"damage":2.0,"enemies":"Lagavulin","floor":12.0,"turns":6.0},{"damage":0.0,"enemies":"3 Sentries","floor":14.0,"turns":4.0},{"damage":8.0,"enemies":"Hexaghost","floor":16.0,"turns":8.0},{"damage":1.0,"enemies":"Shell Parasite","floor":18.0,"turns":5.0},{"damage":0.0,"enemies":"Chosen","floor":19.0,"turns":5.0},{"damage":0.0,"enemies":"Snake Plant","floor":21.0,"turns":7.0},{"damage":2,"enemies":"Book of Stabbing","floor":23,"turns":4},{"damage":5,"enemies":"Gremlin Leader","floor":25,"turns":5},{"damage":0,"enemies":"Centurion and Healer","floor":30,"turns":6},{"damage":12,"enemies":"Shelled Parasite and Fungi","floor":31,"turns":6},{"damage":0,"enemies":"Collector","floor":33,"turns":11},{"damage":0,"enemies":"3 Shapes","floor":35,"turns":3},{"damage":0,"enemies":"3 Darklings","floor":37,"turns":5},{"damage":6,"enemies":"Maw","floor":39,"turns":8},{"damage":0,"enemies":"Reptomancer","floor":41,"turns":11},{"damage":6,"enemies":"Transient","floor":42,"turns":6},{"damage":0,"enemies":"Nemesis","floor":44,"turns":5},{"damage":0,"enemies":"3 Darklings","floor":45,"turns":4},{"damage":0,"enemies":"Maw","floor":48,"turns":10},{"damage":24,"enemies":"Donu and Deca","floor":50,"turns":21},{"damage":37,"enemies":"Awakened One","floor":51,"turns":10},{"damage":0,"enemies":"Shield and Spear","floor":55,"turns":8},{"damage":0,"enemies":"The Heart","floor":56,"turns":12}],"seed_played":"63554522479227801","potions_obtained":[{"floor":5.0,"key":"SpeedPotion"},{"floor":8.0,"key":"EssenceOfSteel"},{"floor":12.0,"key":"PowerPotion"},{"floor":16.0,"key":"SkillPotion"},{"floor":23,"key":"AttackPotion"},{"floor":30,"key":"HeartOfIron"},{"floor":31,"key":"Regen Potion"},{"floor":33,"key":"GamblersBrew"},{"floor":39,"key":"SkillPotion"},{"floor":42,"key":"SteroidPotion"},{"floor":44,"key":"BlessingOfTheForge"},{"floor":48,"key":"ElixirPotion"},{"floor":55,"key":"BloodPotion"}],"is_trial":false,"path_per_floor":["M","$","M","M","M","R","E","M","T","R","M","E","$","E","R","B",null,"M","M","?","M","$","E","?","E","T","$","R","T","M","M","R","B",null,"M","?","M","?","M","R","E","M","T","E","M","$","?","M","R","B","B",null,"R","$","E","B",null],"character_chosen":"IRONCLAD","items_purchased":["Bag of Marbles","Bronze Scales","Feel No Pain","Pen Nib","Feed","ClockworkSouvenir","Orichalcum","Kunai","Sling","Disarm","Letter Opener","Dead Branch","Bag of Preparation","Lantern","PreservedInsect","Uppercut","Shrug It Off","Oddly Smooth Stone","Medical Kit","Feel No Pain","Impervious","Reaper"],"campfire_rested":0,"item_purchase_floors":[0,0,0,0,0,0,0,0,0,0,0,0,0,0,0,0,0,13,22,22,46,46],"current_hp_per_floor":[27,27,36,42,51,51,57,63,63,63,67,74,74,83,83,81,86,90,90,90,93,93,93,93,93,93,93,93,93,96,93,93,99,99,103,98,102,102,102,102,106,106,106,117,121,121,121,125,125,129,119,127,127,129,133,137],"gold":46,"neow_bonus":"","is_daily":false,"chose_seed":false,"campfire_upgraded":7,"win_rate":0.0,"timestamp":1611085914,"path_taken":["M","?","M","?","M","R","E","M","T","R","M","E","$","E","R","BOSS","M","M","?","M","?","E","?","E","T","$","R","?","?","M","R","BOSS","M","?","M","?","M","R","E","M","T","E","?","$","?","M","R","BOSS","BOSS","R","$","E","BOSS"],"items_purchased_type":["Relic","Relic","Card","Relic","Card","Relic","Relic","Relic","Relic","Card","Relic","Relic","Relic","Relic","Relic","Card","Card","Relic","Relic","Card","Card","Card"],"build_version":"2020-12-22","purchased_purges":2,"victory":true,"max_hp_per_floor":[75,75,78,78,81,81,81,81,81,81,81,84,84,87,87,87,87,90,90,90,93,93,93,93,93,93,93,93,93,96,99,99,99,99,103,98,102,102,102,102,106,106,106,117,121,121,121,125,125,129,129,129,129,129,133,137],"relic_stats":{"Regal Pillow":0,"Happy Flower":[53],"counters":[204,1166],"Dead Branch":[453],"Pen Nib":[46],"PreservedInsect":1112,"Bag of Preparation":[84],"Letter Opener":[1017],"Whetstone":["Bash","Clothesline","Uppercut","Strike_R"],"Orichalcum":[102],"Smiling Mask":50,"Medical Kit":[100],"Cursed Key":2,"Burning Blood":870,"Centennial Puzzle":[100],"Bronze Scales":[1790],"Snecko Eye":[461,396,423,446],"MealTicket":48,"Kunai":[38],"obtain_stats":[{"Ice Cream":9,"Tiny House":0,"Gremlin Horn":0,"Nilry\u0027s Codex":19,"CeramicFish":23,"Vajra":27,"Whetstone":26,"Ginger":44,"Bottled Tornado":53,"Sling":0,"Blood Vial":24,"Centennial Puzzle":8,"DollysMirror":20,"Sundial":7,"Strawberry":0,"MealTicket":40,"Fusion Hammer":17,"Kunai":0,"Happy Flower":0,"Blue Candle":0,"Dead Branch":47,"Velvet Choker":17,"Oddly Smooth Stone":0,"Eternal Feather":12,"Charon\u0027s Ashes":10,"Pen Nib":31,"Letter Opener":0,"War Paint":30,"Question Card":0,"Akabeko":17,"OrangePellets":0,"SlaversCollar":17,"Bottled Flame":24,"Shuriken":7,"Bronze Scales":12,"Snecko Eye":17,"Molten Egg 2":0,"Mark of Pain":34,"CultistMask":2,"Nloth\u0027s Gift":31,"Unceasing Top":54,"Lantern":32,"Regal Pillow":9,"Singing Bowl":25,"Torii":30,"Magic Flower":7,"Bag of Preparation":0,"Incense Burner":48,"Cursed Key":17,"Ancient Tea Set":24,"Smiling Mask":12,"Burning Blood":0,"ClockworkSouvenir":54,"Frozen Eye":0,"Nunchaku":7,"Dream Catcher":44,"Shovel":3,"Mummified Hand":22,"Gambling Chip":9,"Tiny Chest":23,"Red Mask":19,"Chemical X":0,"Red Skull":7,"InkBottle":9,"Runic Pyramid":34,"Paper Frog":17,"Potion Belt":0,"Lee\u0027s Waffle":0,"Self Forming Clay":9,"Golden Idol":4,"PreservedInsect":0,"Omamori":0,"Orichalcum":0,"Medical Kit":54,"MawBank":29,"Calling Bell":17,"Strange Spoon":30,"Anchor":6,"CaptainsWheel":28,"Ornamental Fan":0,"Turnip":54,"Bag of Marbles":14,"Art of War":3,"Membership Card":22,"Champion Belt":14,"Toy Ornithopter":0,"FossilizedHelix":55},{"Ice Cream":15,"Tiny House":0,"Gremlin Horn":64,"Nilry\u0027s Codex":20,"CeramicFish":116,"Vajra":159,"Whetstone":47,"Ginger":57,"Bottled Tornado":101,"Sling":103,"Blood Vial":47,"Centennial Puzzle":4,"DollysMirror":10,"Sundial":80,"Strawberry":64,"MealTicket":55,"Fusion Hammer":43,"Kunai":174,"Happy Flower":103,"Blue Candle":64,"Dead Branch":98,"Velvet Choker":8,"Oddly Smooth Stone":103,"Eternal Feather":6,"Charon\u0027s Ashes":81,"Pen Nib":119,"Letter Opener":64,"War Paint":49,"Question Card":64,"Akabeko":112,"OrangePellets":64,"SlaversCollar":72,"Bottled Flame":87,"Shuriken":148,"Bronze Scales":16,"Snecko Eye":154,"Molten Egg 2":32,"Mark of Pain":28,"CultistMask":77,"Nloth\u0027s Gift":90,"Unceasing Top":101,"Lantern":27,"Regal Pillow":180,"Singing Bowl":23,"Torii":49,"Magic Flower":14,"Bag of Preparation":32,"Incense Burner":141,"Cursed Key":19,"Ancient Tea Set":22,"Smiling Mask":182,"Burning Blood":0,"ClockworkSouvenir":63,"Frozen Eye":76,"Nunchaku":69,"Dream Catcher":167,"Shovel":13,"Mummified Hand":115,"Gambling Chip":124,"Tiny Chest":22,"Red Mask":10,"Chemical X":11,"Red Skull":37,"InkBottle":38,"Runic Pyramid":51,"Paper Frog":112,"Potion Belt":64,"Lee\u0027s Waffle":145,"Self Forming Clay":4,"Golden Idol":13,"PreservedInsect":103,"Omamori":32,"Orichalcum":174,"Medical Kit":101,"MawBank":159,"Calling Bell":112,"Strange Spoon":49,"Anchor":3,"CaptainsWheel":24,"Ornamental Fan":145,"Turnip":172,"Bag of Marbles":18,"Art of War":34,"Membership Card":21,"Champion Belt":83,"Toy Ornithopter":103,"FossilizedHelix":203},{"Ice Cream":72,"Tiny House":0,"Gremlin Horn":344,"Nilry\u0027s Codex":93,"CeramicFish":645,"Vajra":917,"Whetstone":192,"Ginger":276,"Bottled Tornado":558,"Sling":574,"Blood Vial":192,"Centennial Puzzle":12,"DollysMirror":54,"Sundial":427,"Strawberry":344,"MealTicket":258,"Fusion Hammer":179,"Kunai":975,"Happy Flower":574,"Blue Candle":344,"Dead Branch":528,"Velvet Choker":41,"Oddly Smooth Stone":574,"Eternal Feather":21,"Charon\u0027s Ashes":429,"Pen Nib":664,"Letter Opener":344,"War Paint":201,"Question Card":344,"Akabeko":620,"OrangePellets":344,"SlaversCollar":392,"Bottled Flame":457,"Shuriken":898,"Bronze Scales":76,"Snecko Eye":910,"Molten Egg 2":147,"Mark of Pain":125,"CultistMask":413,"Nloth\u0027s Gift":472,"Unceasing Top":558,"Lantern":116,"Regal Pillow":991,"Singing Bowl":102,"Torii":201,"Magic Flower":69,"Bag of Preparation":147,"Incense Burner":836,"Cursed Key":89,"Ancient Tea Set":97,"Smiling Mask":1002,"Burning Blood":0,"ClockworkSouvenir":333,"Frozen Eye":410,"Nunchaku":363,"Dream Catcher":941,"Shovel":63,"Mummified Hand":639,"Gambling Chip":704,"Tiny Chest":97,"Red Mask":54,"Chemical X":59,"Red Skull":162,"InkBottle":165,"Runic Pyramid":225,"Paper Frog":620,"Potion Belt":344,"Lee\u0027s Waffle":893,"Self Forming Clay":12,"Golden Idol":63,"PreservedInsect":574,"Omamori":147,"Orichalcum":975,"Medical Kit":558,"MawBank":917,"Calling Bell":620,"Strange Spoon":201,"Anchor":9,"CaptainsWheel":107,"Ornamental Fan":893,"Turnip":965,"Bag of Marbles":84,"Art of War":153,"Membership Card":95,"Champion Belt":438,"Toy Ornithopter":574,"FossilizedHelix":1154}]},"card_choices":[{"not_picked":["Perfected Strike","Intimidate","Cleave"],"picked":"SKIP","floor":1.0},{"not_picked":["Clothesline","Dual Wield"],"picked":"Burning Pact","floor":3.0},{"not_picked":["Clothesline","Clash"],"picked":"True Grit","floor":4.0},{"not_picked":["Sword Boomerang","Heavy Blade","Armaments"],"picked":"SKIP","floor":5.0},{"not_picked":["Combust","Wild Strike","Armaments"],"picked":"SKIP","floor":7.0},{"not_picked":["Intimidate","Shrug It Off"],"picked":"Flex","floor":8.0},{"not_picked":["Headbutt","Clothesline"],"picked":"Uppercut","floor":11.0},{"not_picked":["Whirlwind","Power Through","Clash"],"picked":"SKIP","floor":12.0},{"not_picked":["Shrug It Off","Clash"],"picked":"Shockwave","floor":14.0},{"not_picked":["Brutality","Immolate"],"picked":"Barricade","floor":16.0},{"not_picked":["Burning Pact","Twin Strike"],"picked":"Sentinel+1","floor":18.0},{"not_picked":["Clash","Combust"],"picked":"Shrug It Off","floor":19.0},{"not_picked":["Wild Strike","Anger"],"picked":"Feel No Pain","floor":21.0},{"not_picked":["Twin Strike","Perfected Strike","Flex"],"picked":"SKIP","floor":23},{"not_picked":["Blood for Blood","Headbutt+1"],"picked":"Power Through","floor":25},{"not_picked":["Intimidate","Hemokinesis","Clothesline"],"picked":"SKIP","floor":30},{"not_picked":["Barricade","Pummel","Twin Strike"],"picked":"SKIP","floor":31},{"not_picked":["Barricade","Immolate"],"picked":"Fiend Fire","floor":33},{"not_picked":["Warcry","Headbutt","Thunderclap"],"picked":"SKIP","floor":35},{"not_picked":["Metallicize","Carnage","Sword Boomerang"],"picked":"SKIP","floor":37},{"not_picked":["Carnage","True Grit"],"picked":"Body Slam","floor":39},{"not_picked":["Uppercut+1","Fire Breathing"],"picked":"Shockwave","floor":41},{"not_picked":["True Grit","Clothesline"],"picked":"Body Slam+1","floor":42},{"not_picked":["Fire Breathing","Whirlwind+1"],"picked":"Feel No Pain","floor":44},{"not_picked":["Body Slam","Flex"],"picked":"Bludgeon","floor":45},{"not_picked":["Body Slam","Warcry"],"picked":"Disarm","floor":48},{"not_picked":["Body Slam","Iron Wave+1"],"picked":"Power Through","floor":55}],"player_experience":766137,"relics_obtained":[{"floor":7.0,"key":"Bottled Tornado"},{"floor":9.0,"key":"Regal Pillow"},{"floor":12.0,"key":"Smiling Mask"},{"floor":14.0,"key":"Vajra"},{"floor":23,"key":"Whetstone"},{"floor":25,"key":"Happy Flower"},{"floor":29,"key":"Centennial Puzzle"},{"floor":41,"key":"MealTicket"},{"floor":44,"key":"Strawberry"},{"floor":55,"key":"FossilizedHelix"}],"event_choices":[{"damage_healed":0.0,"max_hp_gain":0.0,"max_hp_loss":0.0,"gold_gain":50.0,"event_name":"Golden Shrine","player_choice":"Pray","floor":20.0,"gold_loss":0.0,"damage_taken":0.0},{"damage_healed":0,"gold_gain":0,"cards_transformed":["Strike_R","Strike_R"],"player_choice":"Became Test Subject","damage_taken":0,"max_hp_gain":0,"max_hp_loss":0,"event_name":"Drug Dealer","floor":24,"gold_loss":0,"cards_obtained":["Disarm","Feel No Pain"]},{"damage_healed":0,"gold_gain":0,"player_choice":"Max HP","damage_taken":0,"max_hp_gain":0,"max_hp_loss":5,"event_name":"Winding Halls","floor":36,"gold_loss":0},{"damage_healed":0,"gold_gain":0,"player_choice":"Copied","damage_taken":0,"max_hp_gain":0,"max_hp_loss":0,"event_name":"Duplicator","floor":38,"gold_loss":0,"cards_obtained":["Sentinel"]},{"damage_healed":0,"gold_gain":0,"player_choice":"Paid","damage_taken":0,"relics_obtained":["Red Mask"],"max_hp_gain":0,"max_hp_loss":0,"event_name":"Tomb of Lord Red Mask","floor":47,"gold_loss":21}],"is_beta":false,"boss_relics":[{"not_picked":["Sozu","Black Blood"],"picked":"Snecko Eye"},{"not_picked":["Velvet Choker","Black Star"],"picked":"Cursed Key"}],"items_purged_floors":[2,27],"is_endless":false,"potions_floor_spawned":[5,8,12,16,19,23,30,31,33,39,42,44,48,55],"ascension_level":20}}