{"host":"9n6i2vl93jt4o42q","time":1611081505,"event":{"mods":["BaseMod","Minty Spire (QoL Compilation)","Relic Stats"],"gold_per_floor":[109,34,84,101,117,117,128,158,206,10,10,36,36,50,50,50,50],"floor_reached":16,"language":"ENG","playtime":1063,"items_purged":[],"score":220,"play_id":"feadbcdc-cb4a-4174-b0aa-4b0c0f1912a0","local_time":"20210119193825","is_ascension_mode":true,"campfire_choices":[{"data":"Storm of Steel","floor":6.0,"key":"SMITH"},{"floor":11.0,"key":"REST"},{"floor":13.0,"key":"REST"},{"floor":15,"key":"REST"}],"circlet_count":0,"master_deck":["AscendersBane","Strike_G","Strike_G","Strike_G","Strike_G","Defend_G","Defend_G","Defend_G","Defend_G","Defend_G","Survivor","Neutralize","Storm of Steel+1","Footwork","PiercingWail","Dagger Throw","Dash","Terror","Choke","Caltrops","Blur","Dodge and Roll"],"relics":["Ring of the Snake","HornCleat","Pen Nib","Blood Vial"],"acts_visited":["Exordium"],"potions_floor_usage":[16],"damage_taken":[{"damage":1.0,"enemies":"2 Louse","floor":1.0,"turns":3.0},{"damage":1.0,"enemies":"Small Slimes","floor":4.0,"turns":4.0},{"damage":1.0,"enemies":"Cultist","floor":5.0,"turns":5.0},{"damage":1.0,"enemies":"2 Fungi Beasts","floor":7.0,"turns":4.0},{"damage":36.0,"enemies":"3 Sentries","floor":8.0,"turns":13.0},{"damage":36.0,"enemies":"Gremlin Nob","floor":12.0,"turns":5.0},{"damage":5,"enemies":"Exordium Thugs","floor":14,"turns":5},{"damage":45,"enemies":"Slime Boss","floor":16,"turns":9}],"seed_played":"6512650469499448364","potions_obtained":[{"floor":8.0,"key":"LiquidBronze"},{"floor":12.0,"key":"Regen Potion"},{"floor":14,"key":"PowerPotion"}],"is_trial":false,"path_per_floor":["M","?","?","M","M","R","M","E","T","$","R","E","R","M","R","B"],"character_chosen":"THE_SILENT","items_purchased":["Terror","Choke","Caltrops"],"campfire_rested":3,"item_purchase_floors":[10,10,10],"current_hp_per_floor":[58,58,58,57,56,56,55,19,19,19,38,2,21,18,37,0,0],"gold":50,"neow_bonus":"ONE_RANDOM_RARE_CARD","is_daily":false,"chose_seed":false,"campfire_upgraded":1,"win_rate":0.0,"timestamp":1611081505,"path_taken":["M","?","?","M","M","R","M","E","T","$","R","E","R","M","R","BOSS"],"items_purchased_type":["Card","Card","Card"],"build_version":"2020-12-22","purchased_purges":0,"victory":false,"max_hp_per_floor":[66,66,66,66,66,66,66,66,66,66,66,66,66,66,66,66,66],"relic_stats":{"Blood Vial":4,"counters":[8,48],"Pen Nib":[4],"obtain_stats":[{"Blood Vial":12,"HornCleat":8,"Pen Nib":9,"Ring of the Snake":0},{"Blood Vial":6,"HornCleat":5,"Pen Nib":5,"Ring of the Snake":0},{"Blood Vial":34,"HornCleat":29,"Pen Nib":29,"Ring of the Snake":0}],"Ring of the Snake":[16]},"card_choices":[{"not_picked":["Sucker Punch","Deflect"],"picked":"Footwork","floor":1.0},{"not_picked":["Escape Plan","Underhanded Strike"],"picked":"PiercingWail","floor":4.0},{"not_picked":["Outmaneuver","Prepared"],"picked":"Dagger Throw","floor":5.0},{"not_picked":["Footwork","Bane","Quick Slash"],"picked":"SKIP","floor":7.0},{"not_picked":["Quick Slash","Well Laid Plans"],"picked":"Dash","floor":8.0},{"not_picked":["All Out Attack","Corpse Explosion"],"picked":"Blur","floor":12.0},{"not_picked":["Acrobatics","Reflex"],"picked":"Dodge and Roll","floor":14}],"player_experience":2163490,"relics_obtained":[{"floor":8.0,"key":"HornCleat"},{"floor":9.0,"key":"Pen Nib"},{"floor":12.0,"key":"Blood Vial"}],"event_choices":[{"cards_removed":["Strike_G"],"damage_healed":0.0,"max_hp_gain":0.0,"max_hp_loss":0.0,"gold_gain":0.0,"event_name":"The Cleric","player_choice":"Card Removal","floor":2.0,"gold_loss":75.0,"damage_taken":0.0},{"damage_healed":0.0,"max_hp_gain":0.0,"max_hp_loss":0.0,"gold_gain":50.0,"event_name":"Golden Shrine","player_choice":"Pray","floor":3.0,"gold_loss":0.0,"damage_taken":0.0}],"is_beta":false,"boss_relics":[],"items_purged_floors":[],"is_endless":false,"potions_floor_spawned":[8,12,14],"killed_by":"Slime Boss","ascension_level":20}}