{"host":"g7xvyycavwkoojg3","time":1611035654,"event":{"mods":["BaseMod","Challenge The Spire","Exacting","GifTheSpireLib","HexUI Lib","Minty Spire (QoL Compilation)","Replay The Spire","Shop Mod","StSLib","The Hierophant"],"gold_per_floor":[107,119,111,98,173,173,13,13,13,40,40,62,62,62,94,107,107,221,221,185,185,185],"floor_reached":21,"language":"ENG","playtime":1777,"items_purged":[],"score":173,"play_id":"b911d345-7f44-4e5e-ad41-083810a4d388","local_time":"20210119005414","is_ascension_mode":false,"campfire_choices":[{"floor":6.0,"key":"REST"},{"floor":13.0,"key":"REST"},{"floor":17.0,"key":"REST"}],"circlet_count":0,"master_deck":["hierophant:Strike_Hierophant","hierophant:Strike_Hierophant","hierophant:Strike_Hierophant","hierophant:Strike_Hierophant","hierophant:Punish","hierophant:Defend_Hierophant","hierophant:Defend_Hierophant","hierophant:Defend_Hierophant","hierophant:Defend_Hierophant","hierophant:ChurchCoffers","hierophant:Doubloon","hierophant:Remorse","hierophant:PassingBell","hierophant:Doubloon","hierophant:ConvertCurrency","hierophant:Embezzle","hierophant:RepressedViolence","hierophant:RepressedViolence","hierophant:CursedGold","hierophant:Doubloon","hierophant:OrnateBuckler","hierophant:RepressedViolence","Conclude","Creative AI","Self Repair"],"relics":["hierophant:PropheticMaskRelic","Replay:Bottled Steam","PrismaticShard","SlaversCollar"],"acts_visited":["Exordium","TheCity"],"potions_floor_usage":[],"damage_taken":[{"damage":0.0,"enemies":"Small Slimes","floor":1.0,"turns":2.0},{"damage":0.0,"enemies":"2 Louse","floor":2.0,"turns":2.0},{"damage":6.0,"enemies":"Cultist","floor":3.0,"turns":2.0},{"damage":13.0,"enemies":"Exordium Wildlife","floor":4.0,"turns":4.0},{"damage":26.0,"enemies":"Lots of Slimes","floor":10.0,"turns":5.0},{"damage":7.0,"enemies":"Blue Slaver","floor":12.0,"turns":3.0},{"damage":13.0,"enemies":"Large Slime","floor":15.0,"turns":6.0},{"damage":3.0,"enemies":"Exordium Wildlife","floor":16.0,"turns":4.0},{"damage":39.0,"enemies":"Hexaghost","floor":18.0,"turns":13.0},{"damage":67.0,"enemies":"Shell Parasite","floor":20.0,"turns":12.0},{"damage":0,"enemies":"Chosen","floor":21,"turns":1}],"seed_played":"-6833042582866333702","potions_obtained":[{"floor":4.0,"key":"EssenceOfSteel"},{"floor":10.0,"key":"SkillPotion"},{"floor":15.0,"key":"FearPotion"},{"floor":18.0,"key":"Doom Potion"}],"is_trial":false,"path_per_floor":["M","M","M","M","?","R","$","PTL","PTL","M","T","M","R","?","M","M","R","B",null,"M","M"],"character_chosen":"HIEROPHANT","items_purchased":["hierophant:RepressedViolence","hierophant:CursedGold","hierophant:OrnateBuckler"],"campfire_rested":3,"item_purchase_floors":[7,7,7],"current_hp_per_floor":[82,82,76,63,52,76,76,76,76,50,50,43,67,67,54,51,75,36,82,15,15,15],"gold":185,"neow_bonus":"TEN_PERCENT_HP_BONUS","is_daily":false,"chose_seed":false,"campfire_upgraded":0,"win_rate":0.0,"timestamp":1611035654,"path_taken":["M","M","M","M","?","R","$","PTL","PTL","M","T","M","R","?","M","M","R","BOSS","M","M"],"items_purchased_type":["Card","Card","Card"],"build_version":"2020-12-22","purchased_purges":0,"victory":false,"max_hp_per_floor":[82,82,82,82,82,82,82,82,82,82,82,82,82,82,82,82,82,82,82,82,82,82],"card_choices":[{"not_picked":["hierophant:PassingBell","hierophant:HammerAndAnvil"],"picked":"hierophant:Remorse","floor":1.0},{"not_picked":["hierophant:Refuge","hierophant:Empathy"],"picked":"hierophant:PassingBell","floor":2.0},{"not_picked":["hierophant:RustyCrate","hierophant:Refuge"],"picked":"hierophant:ConvertCurrency","floor":3.0},{"not_picked":["hierophant:Purify","hierophant:MirrorShield"],"picked":"hierophant:Embezzle","floor":4.0},{"not_picked":["hierophant:Encroach","hierophant:HammerAndAnvil","hierophant:Upheaval"],"picked":"SKIP","floor":10.0},{"not_picked":["hierophant:Empathy","hierophant:Shelter"],"picked":"hierophant:RepressedViolence","floor":12.0},{"not_picked":["ReplayTheSpireMod:Fabricate Wheel","Flex"],"picked":"Conclude","floor":15.0},{"not_picked":["Protect","BasicCrystalCard","Turbo"],"picked":"SKIP","floor":16.0},{"not_picked":["Magnetism","Exhume"],"picked":"Creative AI","floor":18.0},{"not_picked":["Leap","Catalyst+1"],"picked":"Self Repair","floor":20}],"player_experience":102956,"relics_obtained":[{"floor":11.0,"key":"Replay:Bottled Steam"}],"event_choices":[{"damage_healed":0.0,"max_hp_gain":0.0,"max_hp_loss":0.0,"gold_gain":75.0,"event_name":"World of Goop","player_choice":"Gather Gold","floor":5.0,"gold_loss":0.0,"damage_taken":11.0}],"is_beta":false,"boss_relics":[{"not_picked":["Replay:Ancient Bell","Philosopher\u0027s Stone"],"picked":"SlaversCollar"}],"items_purged_floors":[],"is_endless":false,"potions_floor_spawned":[4,10,15,18],"killed_by":"Chosen","ascension_level":0}}