{"host":"o5jvvi5yapo90aia","time":1611028240,"event":{"mods":["BaseMod","CapriCore","Minty Spire (QoL Compilation)","MostiFishMod","Prisma Mod","Spicy Shops","StSLib","TestMod","The Immortal","Yakumo Yukari mod","【人物mod】游戏王New YuGiOh mod","【功能Mod】Neow奖励"],"gold_per_floor":[109,134,153,78,478,504,522,554,554,574,605,605,623,366,366,444,444,457,485,485,87,37,37,37],"floor_reached":23,"language":"ZHS","playtime":822,"items_purged":["Bash","Strike_R","Strike_R"],"score":664,"play_id":"68fa63a0-e228-4192-8e37-dbfedca57e63","local_time":"20210119115040","is_ascension_mode":true,"campfire_choices":[{"floor":12,"key":"RECALL"},{"data":"Strike_R","floor":15,"key":"PURGE"}],"circlet_count":0,"master_deck":["AscendersBane","Strike_R","Strike_R","Defend_R","Defend_R","Defend_R","Defend_R","Pommel Strike","Feel No Pain","Burning Pact","InnerPeace"],"relics":["testmod-TestBox","testmod-BatchProcessingSystem","BionicSphere","testmod-ObsoleteBoomerang","SynthV:TestCard","Oddly Smooth Stone","Shovel","Prayer Wheel","PrismaticShard","PatriotShield","Red Mask","Gremlin Horn"],"acts_visited":["Exordium","TheCity"],"potions_floor_usage":[23],"damage_taken":[{"damage":0,"enemies":"Cultist","floor":1,"turns":3},{"damage":0,"enemies":"2 Louse","floor":3,"turns":2},{"damage":0,"enemies":"Lagavulin","floor":6,"turns":5},{"damage":0,"enemies":"Jaw Worm","floor":7,"turns":2},{"damage":0,"enemies":"Gremlin Nob","floor":8,"turns":4},{"damage":0,"enemies":"Blue Slaver","floor":10,"turns":2},{"damage":0,"enemies":"Lagavulin","floor":11,"turns":5},{"damage":0,"enemies":"Lots of Slimes","floor":13,"turns":2},{"damage":0,"enemies":"The Guardian","floor":16,"turns":5},{"damage":0,"enemies":"Spheric Guardian","floor":18,"turns":3},{"damage":0,"enemies":"Masked Bandits","floor":19,"turns":5},{"damage":0,"enemies":"Gremlin Leader","floor":23,"turns":3}],"seed_played":"-1319160159858455973","potions_obtained":[{"floor":3,"key":"BloodPotion"},{"floor":10,"key":"Strength Potion"},{"floor":13,"key":"testmod-TestPotion"}],"is_trial":false,"path_per_floor":["M","T","M","$","?","E","M","E","T","M","E","R","M","$","R","B",null,"M","?","?","$","?","E"],"character_chosen":"IRONCLAD","items_purchased":["PrismaticShard","Gremlin Horn"],"campfire_rested":0,"item_purchase_floors":[14,21],"current_hp_per_floor":[69,69,70,70,70,71,72,73,73,74,75,75,75,75,75,75,75,75,75,54,54,54,55,55],"gold":37,"neow_bonus":"BOSS_RELIC","is_daily":false,"chose_seed":false,"campfire_upgraded":0,"win_rate":0.0,"timestamp":1611028240,"path_taken":["M","?","?","$","?","E","M","E","T","M","E","R","M","$","R","BOSS","M","?","?","$","?","E"],"items_purchased_type":["Relic","Relic"],"build_version":"2020-12-22","purchased_purges":3,"victory":false,"max_hp_per_floor":[75,75,75,75,75,75,75,75,75,75,75,75,75,75,75,75,75,75,75,80,80,80,80,80],"card_choices":[{"not_picked":["Cleave","Havoc","Headbutt"],"picked":"SKIP","floor":1},{"not_picked":["Shrug It Off","Warcry","Cleave","Havoc"],"picked":"Pommel Strike","floor":3},{"not_picked":["Cleave","Inflame","Headbutt","Warcry","Fire Breathing"],"picked":"SKIP","floor":6},{"not_picked":["Havoc","Twin Strike","Cleave","Demon Form"],"picked":"Feel No Pain","floor":7},{"not_picked":["Evolve","Twin Strike","Wild Strike","Uppercut","Rampage"],"picked":"SKIP","floor":8},{"not_picked":["Thunderclap","Rage","Searing Blow","Body Slam","Twin Strike"],"picked":"SKIP","floor":10},{"not_picked":["Armaments","Flex","Rupture","Flame Barrier","Sentinel"],"picked":"SKIP","floor":11},{"not_picked":["Wild Strike","Brutality","True Grit","Bloodletting"],"picked":"Burning Pact","floor":13},{"not_picked":["Reckless Charge","True Grit","Power Through","Dark Embrace","Clothesline"],"picked":"SKIP","floor":13},{"not_picked":["MagicAmplify+1","MokouMod:HeartofFire","Cleave","PrismaMod:IllyaCheapChannelPoison"],"picked":"InnerPeace","floor":18},{"not_picked":["SandsOfTime","Burning Pact","Sweeping Beam","Crippling Poison","WatchEChange_purple"],"picked":"SKIP","floor":18}],"player_experience":1463724,"relics_obtained":[{"floor":1,"key":"SynthV:TestCard"},{"floor":2,"key":"Oddly Smooth Stone"},{"floor":6,"key":"Shovel"},{"floor":11,"key":"Prayer Wheel"},{"floor":19,"key":"Red Mask"}],"event_choices":[{"damage_healed":0,"gold_gain":400,"player_choice":"Sell","damage_taken":0,"max_hp_gain":0,"max_hp_loss":0,"event_name":"恩洛斯的盘子","floor":5,"relics_lost":["DaveBox"],"gold_loss":0},{"damage_healed":0,"gold_gain":0,"player_choice":"Fought Bandits","damage_taken":0,"max_hp_gain":0,"max_hp_loss":0,"event_name":"Masked Bandits","floor":19,"gold_loss":0},{"damage_healed":0,"gold_gain":0,"player_choice":"Shed Blood","damage_taken":26,"max_hp_gain":5,"max_hp_loss":0,"event_name":"Forgotten Altar","floor":20,"gold_loss":0},{"damage_healed":0,"gold_gain":0,"player_choice":"Bet on Owner","damage_taken":0,"max_hp_gain":0,"max_hp_loss":0,"event_name":"The Joust","floor":22,"gold_loss":50}],"is_beta":false,"boss_relics":[{"not_picked":["testmod-EnergyCheck","Philosopher\u0027s Stone"],"picked":"PatriotShield"}],"items_purged_floors":[4,14,21],"is_endless":false,"potions_floor_spawned":[3,10,11,13,18],"killed_by":"Gremlin Leader","ascension_level":20}}