{"host":"tf5skwcwe0vlu2md","time":1611062518,"event":{"mods":["BaseMod","Downfall","Highlight Path","Minty Spire (QoL Compilation)","StSLib","The Hierophant"],"gold_per_floor":[116,30,50,67,167,167,183,211,260,260,260],"floor_reached":10,"playtime":343,"items_purged":[],"score":78,"play_id":"d8610377-4be2-4fab-8090-b4cd80140cb5","local_time":"20210120002158","is_ascension_mode":true,"campfire_choices":[{"data":"Loop","floor":6,"key":"SMITH"}],"circlet_count":0,"master_deck":["Strike_B","Strike_B","Strike_B","Strike_B","Defend_B","Defend_B","Defend_B","Defend_B","Zap","Dualcast","Hologram","Loop+1","Ball Lightning","Doom and Gloom","Rebound","Scrape","Static Discharge"],"relics":["Cracked Core","Bottled Tornado","Strawberry"],"acts_visited":["Exordium"],"potions_floor_usage":[10,10],"damage_taken":[{"damage":1,"enemies":"Cultist","floor":1,"turns":3},{"damage":12,"enemies":"Jaw Worm","floor":3,"turns":2},{"damage":11,"enemies":"2 Louse","floor":4,"turns":3},{"damage":10,"enemies":"2 Fungi Beasts","floor":7,"turns":3},{"damage":40,"enemies":"3 Sentries","floor":8,"turns":6},{"damage":33,"enemies":"Gremlin Nob","floor":10,"turns":3}],"seed_played":"-5067284353549469390","potions_obtained":[{"floor":3,"key":"SkillPotion"},{"floor":4,"key":"sneckomod:MuddlingPotion"},{"floor":8,"key":"Ancient Potion"}],"is_trial":false,"path_per_floor":["M","$","M","M","?","R","M","E","T","E"],"character_chosen":"DEFECT","items_purchased":["Loop","Ball Lightning"],"campfire_rested":0,"item_purchase_floors":[2,2],"current_hp_per_floor":[81,81,69,58,58,58,48,8,15,0,0],"gold":260,"neow_bonus":"TEN_PERCENT_HP_BONUS","is_daily":false,"chose_seed":false,"campfire_upgraded":1,"win_rate":0.0,"timestamp":1611062518,"path_taken":["M","$","?","M","?","R","?","E","T","E"],"items_purchased_type":["Card","Card"],"build_version":"2020-12-13","purchased_purges":0,"victory":false,"max_hp_per_floor":[82,82,82,82,82,82,82,82,89,89,89],"card_choices":[{"not_picked":["Compile Driver","Steam"],"picked":"Hologram","floor":1},{"not_picked":["Go for the Eyes","Turbo"],"picked":"Doom and Gloom","floor":3},{"not_picked":["Cold Snap","Steam"],"picked":"Rebound","floor":4},{"not_picked":["Stack","Heatsinks"],"picked":"Scrape","floor":7},{"not_picked":["Scrape","Recycle"],"picked":"Static Discharge","floor":8}],"player_experience":216528,"relics_obtained":[{"floor":8,"key":"Bottled Tornado"},{"floor":9,"key":"Strawberry"}],"event_choices":[{"damage_healed":0,"gold_gain":100,"player_choice":"Pray","damage_taken":0,"max_hp_gain":0,"max_hp_loss":0,"event_name":"Golden Shrine","floor":5,"gold_loss":0}],"is_beta":false,"boss_relics":[],"items_purged_floors":[],"is_endless":false,"potions_floor_spawned":[3,4,8],"killed_by":"Gremlin Nob","ascension_level":3}}