{"host":"ebj6lkgm8suah319","time":1611031880,"event":{"mods":["2.2 Compatiblity","AchievementEnabler","BaseMod","Block Reminder","Colored Map","Colored Powertips","Minty Spire (QoL Compilation)","Quick Restart","Rare Cards Sparkle","Relic Stats","SuperFastMode"],"gold_per_floor":[110,121,121,139,139,139,13,45,69,100,115,141,141,171,171,248,248,261,261,272,172,172,172],"floor_reached":22,"language":"ENG","playtime":415,"items_purged":["Strike_R","Strike_R"],"score":416,"play_id":"be3f2b2e-fa60-4a9e-91a3-473fb7f072ce","local_time":"20210118235120","is_ascension_mode":true,"campfire_choices":[{"floor":6,"key":"REST"},{"floor":13,"key":"REST"},{"floor":15,"key":"REST"}],"circlet_count":0,"master_deck":["AscendersBane","Strike_R","Strike_R","Defend_R","Defend_R","Defend_R","Defend_R","Bash","Twin Strike","Evolve","Cleave","Clothesline","Pommel Strike","Offering","Uppercut","Corruption","Impervious"],"relics":["Fusion Hammer","Dream Catcher","PreservedInsect","Shuriken","Vajra","Boot","Black Star","Lantern"],"acts_visited":["Exordium","TheCity"],"potions_floor_usage":[22],"damage_taken":[{"damage":7,"enemies":"Jaw Worm","floor":1,"turns":3},{"damage":0,"enemies":"2 Louse","floor":2,"turns":2},{"damage":1,"enemies":"Cultist","floor":4,"turns":3},{"damage":20,"enemies":"Gremlin Nob","floor":8,"turns":4},{"damage":10,"enemies":"3 Sentries","floor":10,"turns":4},{"damage":16,"enemies":"Red Slaver","floor":11,"turns":2},{"damage":16,"enemies":"Lagavulin","floor":14,"turns":5},{"damage":6,"enemies":"Slime Boss","floor":16,"turns":4},{"damage":33,"enemies":"3 Byrds","floor":18,"turns":5},{"damage":9,"enemies":"Chosen","floor":20,"turns":3},{"damage":33,"enemies":"3 Cultists","floor":22,"turns":4}],"seed_played":"-4981222090364761952","potions_obtained":[{"floor":4,"key":"Dexterity Potion"},{"floor":8,"key":"BlessingOfTheForge"},{"floor":16,"key":"HeartOfIron"}],"is_trial":false,"path_per_floor":["M","M","?","M","?","R","$","E","T","E","M","T","R","E","R","B",null,"M","?","M","$","M"],"character_chosen":"IRONCLAD","items_purchased":["Clothesline"],"campfire_rested":3,"item_purchase_floors":[7],"current_hp_per_floor":[65,65,58,57,57,80,80,60,60,50,34,34,58,42,66,60,75,42,42,33,33,0,0],"gold":172,"neow_bonus":"BOSS_RELIC","is_daily":false,"chose_seed":false,"campfire_upgraded":0,"win_rate":0.0,"timestamp":1611031880,"path_taken":["M","M","?","M","?","R","?","E","T","E","?","?","R","E","R","BOSS","M","?","M","$","M"],"items_purchased_type":["Card"],"build_version":"2020-12-22","purchased_purges":2,"victory":false,"max_hp_per_floor":[80,80,80,80,80,80,80,80,80,80,80,80,80,80,80,80,80,80,80,80,80,80,80],"relic_stats":{"Dream Catcher":2,"counters":[11,39],"Shuriken":[8],"PreservedInsect":62,"Black Star":0,"Boot":[13],"obtain_stats":[{"Dream Catcher":8,"Lantern":19,"Shuriken":10,"Vajra":12,"Fusion Hammer":0,"PreservedInsect":9,"Black Star":17,"Boot":14,"Burning Blood":0},{"Dream Catcher":4,"Lantern":9,"Shuriken":5,"Vajra":6,"Fusion Hammer":0,"PreservedInsect":4,"Black Star":8,"Boot":7,"Burning Blood":0},{"Dream Catcher":12,"Lantern":32,"Shuriken":16,"Vajra":18,"Fusion Hammer":0,"PreservedInsect":12,"Black Star":27,"Boot":23,"Burning Blood":0}]},"card_choices":[{"not_picked":["Infernal Blade","Rupture"],"picked":"Twin Strike","floor":1},{"not_picked":["Intimidate","Rupture"],"picked":"Evolve","floor":2},{"not_picked":["Twin Strike","Sword Boomerang"],"picked":"Cleave","floor":4},{"not_picked":["Seeing Red","Metallicize"],"picked":"Pommel Strike","floor":8},{"not_picked":["Heavy Blade","Battle Trance"],"picked":"Offering","floor":10},{"not_picked":["Thunderclap","Rupture","Infernal Blade"],"picked":"SKIP","floor":11},{"not_picked":["Blood for Blood","Impervious"],"picked":"Uppercut","floor":14},{"not_picked":["Fiend Fire","Immolate"],"picked":"Corruption","floor":16},{"not_picked":["Pommel Strike","Clash","Clothesline+1"],"picked":"SKIP","floor":18},{"not_picked":["Flex","Cleave"],"picked":"Impervious","floor":20}],"player_experience":36415,"relics_obtained":[{"floor":8,"key":"Dream Catcher"},{"floor":9,"key":"PreservedInsect"},{"floor":10,"key":"Shuriken"},{"floor":12,"key":"Vajra"},{"floor":14,"key":"Boot"}],"event_choices":[{"cards_removed":["Strike_R"],"damage_healed":0,"gold_gain":0,"player_choice":"Card Removal","damage_taken":7,"max_hp_gain":0,"max_hp_loss":0,"event_name":"Golden Wing","floor":3,"gold_loss":0},{"damage_healed":0,"gold_gain":0,"player_choice":"Ignored","damage_taken":0,"max_hp_gain":0,"max_hp_loss":0,"event_name":"Liars Game","floor":5,"gold_loss":0},{"damage_healed":0,"gold_gain":0,"player_choice":"Opened","damage_taken":0,"relics_obtained":["Lantern"],"max_hp_gain":0,"max_hp_loss":0,"event_name":"The Mausoleum","floor":19,"gold_loss":0}],"is_beta":false,"boss_relics":[{"not_picked":["Sozu","Empty Cage"],"picked":"Black Star"}],"items_purged_floors":[7,21],"is_endless":false,"potions_floor_spawned":[4,8,16],"killed_by":"3 Cultists","ascension_level":13}}