{"host":"f5y45f7z7ziu0smp","time":1611045572,"event":{"mods":["AchievementEnabler","BaseMod","Marisa£¨Ùöéë¡¡Øª×âÞÞ£©","Minty Spire (QoL Compilation)","Permanent Neow","Starting Relic: Pandora\u0027s Box","SuperFastMode","¡¼?Úª?ø«¡½REMEMod"],"gold_per_floor":[110,123,123,139,139,139,94,94,94,94,107,122,139,173,173,273,273,289,289,302,227,241,241,252,177,177,177,202,228,249,290,290,429,429,444,456,310,310,334,334,372,372,372,20,68,95,15,38,38,38],"floor_reached":51,"language":"KOR","playtime":1842,"items_purged":["Undo","Beam Cell"],"score":1191,"play_id":"81f73196-4e59-4fd1-916b-8ee2b88b4894","local_time":"20210119173932","is_ascension_mode":true,"campfire_choices":[{"data":"Dualcast","floor":6,"key":"SMITH"},{"data":"Fusion","floor":8,"key":"SMITH"},{"data":"Zap","floor":10,"key":"SMITH"},{"data":"Scrape","floor":15,"key":"SMITH"},{"data":"Coolheaded","floor":23,"key":"SMITH"},{"data":"Skewer","floor":27,"key":"SMITH"},{"data":"Coolheaded","floor":32,"key":"SMITH"},{"floor":40,"key":"REST"},{"floor":42,"key":"REST"},{"floor":49,"key":"REST"}],"circlet_count":0,"master_deck":["Zap+1","Dualcast+1","Gash","Fusion+1","Gash","Leap","Sweeping Beam","Skewer+1","Turbo","Beam Cell","Gash","Compile Driver","Scrape+1","REME_ForAll","Hologram","Coolheaded+1","Coolheaded+1","Gash","Seek","Reboot","Hologram+1","Scrape","Gash","REME_PuzzleBox","Coolheaded+1"],"relics":["REME_ComplimentaryCards","Runic Dome","DataDisk","Bag of Preparation","Black Star","Torii","Thread and Needle","CeramicFish","Mercury Hourglass","Du-Vu Doll","Fusion Hammer","Sling","Bronze Scales","The Courier","Pantograph","Bottled Flame","Turnip","Bird Faced Urn","Cables"],"acts_visited":["Exordium","TheCity","TheBeyond"],"potions_floor_usage":[16,20,33,50],"damage_taken":[{"damage":8,"enemies":"Small Slimes","floor":1,"turns":3},{"damage":0,"enemies":"Cultist","floor":2,"turns":3},{"damage":1,"enemies":"2 Louse","floor":4,"turns":2},{"damage":2,"enemies":"Exordium Thugs","floor":11,"turns":3},{"damage":0,"enemies":"Blue Slaver","floor":12,"turns":2},{"damage":0,"enemies":"2 Fungi Beasts","floor":13,"turns":2},{"damage":5,"enemies":"Gremlin Nob","floor":14,"turns":3},{"damage":4,"enemies":"The Guardian","floor":16,"turns":5},{"damage":0,"enemies":"2 Thieves","floor":18,"turns":1},{"damage":0,"enemies":"3 Byrds","floor":20,"turns":2},{"damage":13,"enemies":"3 Cultists","floor":22,"turns":4},{"damage":12,"enemies":"Cultist and Chosen","floor":24,"turns":3},{"damage":21,"enemies":"REME_1_Revenger","floor":28,"turns":3},{"damage":0,"enemies":"Centurion and Healer","floor":29,"turns":1},{"damage":1,"enemies":"Snake Plant","floor":30,"turns":2},{"damage":0,"enemies":"Gremlin Leader","floor":31,"turns":2},{"damage":11,"enemies":"Champ","floor":33,"turns":5},{"damage":0,"enemies":"Orb Walker","floor":35,"turns":1},{"damage":12,"enemies":"3 Shapes","floor":36,"turns":2},{"damage":0,"enemies":"Jaw Worm Horde","floor":39,"turns":2},{"damage":0,"enemies":"Nemesis","floor":41,"turns":1},{"damage":0,"enemies":"2 Orb Walkers","floor":45,"turns":1},{"damage":0,"enemies":"Giant Head","floor":46,"turns":1},{"damage":0,"enemies":"Transient","floor":48,"turns":4},{"damage":40,"enemies":"Awakened One","floor":50,"turns":6}],"seed_played":"2133371032502025153","potions_obtained":[{"floor":4,"key":"SkillPotion"},{"floor":11,"key":"FocusPotion"},{"floor":12,"key":"BlessingOfTheForge"},{"floor":14,"key":"Swift Potion"},{"floor":22,"key":"FearPotion"},{"floor":29,"key":"REME_GoldPotion"},{"floor":33,"key":"ColorlessPotion"}],"is_trial":false,"path_per_floor":["M","M","?","M","?","R","$","R","T","R","M","M","M","E","R","B",null,"M","?","M","$","M","R","M","?","T","R","E","M","M","E","R","B",null,"M","M","$","?","M","R","E","R","T","$","?","E","$","M","R","B",null],"character_chosen":"DEFECT","items_purchased":["Gash","Sling","Gash","Bottled Flame","REME_PuzzleBox"],"campfire_rested":3,"item_purchase_floors":[7,37,44,44,44],"current_hp_per_floor":[60,60,60,59,59,59,59,59,59,59,57,57,57,52,52,48,68,68,68,68,68,55,55,43,43,43,43,22,22,21,21,21,10,59,59,47,47,47,47,68,68,71,71,71,71,71,71,71,71,31],"gold":38,"neow_bonus":"BOSS_RELIC","is_daily":false,"chose_seed":false,"campfire_upgraded":7,"win_rate":0.0,"timestamp":1611045572,"path_taken":["M","M","?","?","?","R","?","R","T","R","?","M","M","E","R","BOSS","M","?","M","$","M","R","?","?","T","R","E","M","M","E","R","BOSS","M","M","$","?","M","R","E","R","T","$","?","E","$","M","R","BOSS"],"items_purchased_type":["Card","Relic","Card","Relic","Card"],"build_version":"2020-12-22","purchased_purges":2,"victory":true,"max_hp_per_floor":[75,75,75,75,75,75,75,75,75,75,75,75,75,75,75,75,75,75,75,75,75,75,75,75,75,75,75,75,75,75,75,75,75,75,75,75,75,71,71,71,71,71,71,71,71,71,71,71,71,71],"card_choices":[{"not_picked":["Static Discharge","REME_Compress"],"picked":"Turbo","floor":1},{"not_picked":["Undo","Conserve Battery"],"picked":"Beam Cell","floor":2},{"not_picked":["Recycle","Steam","Force Field"],"picked":"SKIP","floor":4},{"not_picked":["Loop","Recycle","Steam"],"picked":"SKIP","floor":11},{"not_picked":["Steam","Stack","Blizzard"],"picked":"SKIP","floor":12},{"not_picked":["Steam","Stack","Blizzard"],"picked":"SKIP","floor":12},{"not_picked":["Barrage","Chaos"],"picked":"Compile Driver","floor":13},{"not_picked":["Melter","Sweeping Beam"],"picked":"Scrape","floor":14},{"not_picked":["Echo Form","Rainbow"],"picked":"REME_ForAll","floor":16},{"not_picked":["Sweeping Beam+1","Chaos","Stack"],"picked":"SKIP","floor":18},{"not_picked":["Streamline+1","Beam Cell+1"],"picked":"Hologram","floor":20},{"not_picked":["Aggregate+1","Stack"],"picked":"Coolheaded","floor":22},{"not_picked":["Defragment","Storm+1","Rip and Tear"],"picked":"SKIP","floor":24},{"not_picked":["Lockon+1","Redo","Reinforced Body"],"picked":"SKIP","floor":28},{"not_picked":["Go for the Eyes","Darkness"],"picked":"Coolheaded","floor":29},{"not_picked":["Creative AI","Doom and Gloom"],"picked":"Gash","floor":30},{"not_picked":["Steam","Cold Snap"],"picked":"Seek","floor":31},{"not_picked":["Machine Learning","Hyperbeam"],"picked":"Reboot","floor":33},{"not_picked":["Self Repair","Rebound+1","Go for the Eyes"],"picked":"SKIP","floor":35},{"not_picked":["Rebound","Darkness","REME_Compress+1"],"picked":"SKIP","floor":36},{"not_picked":["Recycle","Steam+1"],"picked":"Hologram+1","floor":39},{"not_picked":["Loop+1","Steam Power+1"],"picked":"Scrape","floor":41},{"not_picked":["Redo+1","REME_Whirling+1","Coolheaded"],"picked":"SKIP","floor":46},{"not_picked":["Stack+1","Cold Snap+1"],"picked":"Coolheaded+1","floor":48}],"player_experience":137266,"relics_obtained":[{"floor":9,"key":"DataDisk"},{"floor":14,"key":"Bag of Preparation"},{"floor":26,"key":"Torii"},{"floor":28,"key":"Thread and Needle"},{"floor":28,"key":"CeramicFish"},{"floor":31,"key":"Mercury Hourglass"},{"floor":31,"key":"Du-Vu Doll"},{"floor":41,"key":"Bronze Scales"},{"floor":41,"key":"The Courier"},{"floor":43,"key":"Pantograph"},{"floor":45,"key":"Turnip"},{"floor":46,"key":"Bird Faced Urn"},{"floor":46,"key":"Cables"}],"event_choices":[{"cards_removed":["Force Field"],"damage_healed":0,"gold_gain":0,"player_choice":"Purged","damage_taken":0,"max_hp_gain":0,"max_hp_loss":0,"event_name":"Purifier","floor":3,"gold_loss":0},{"damage_healed":0,"gold_gain":0,"player_choice":"1 cards matched","damage_taken":0,"max_hp_gain":0,"max_hp_loss":0,"event_name":"Match and Keep!","floor":5,"gold_loss":0,"cards_obtained":["Beam Cell"]},{"damage_healed":0,"gold_gain":0,"player_choice":"Bought 0 Potions","damage_taken":0,"max_hp_gain":0,"max_hp_loss":0,"event_name":"The Woman in Blue","floor":19,"gold_loss":0},{"cards_removed":["Redo"],"damage_healed":0,"gold_gain":0,"player_choice":"Gave Gold","damage_taken":0,"max_hp_gain":0,"max_hp_loss":0,"event_name":"Beggar","floor":25,"gold_loss":75},{"damage_healed":0,"gold_gain":0,"player_choice":"Max HP","damage_taken":0,"max_hp_gain":0,"max_hp_loss":4,"event_name":"Winding Halls","floor":38,"gold_loss":0},{"damage_healed":0,"gold_gain":0,"player_choice":"Fight","damage_taken":0,"max_hp_gain":0,"max_hp_loss":0,"event_name":"Mysterious Sphere","floor":45,"gold_loss":0}],"is_beta":false,"boss_relics":[{"not_picked":["Ectoplasm","Velvet Choker"],"picked":"Black Star"},{"not_picked":["Sozu","Tiny House"],"picked":"Fusion Hammer"}],"items_purged_floors":[21,47],"is_endless":false,"potions_floor_spawned":[1,4,11,12,14,22,29,33,41,45,46,48],"ascension_level":8}}