{"host":"3ek78t4i81ecmdy1","time":1611040226,"event":{"mods":["2.2 Compatiblity","AchievementEnabler","BaseMod","Colored Map","DeckTracker","Filter the Spire","Keyboard Shortcuts","Minty Spire (QoL Compilation)","Permanent Neow","Quick Restart","SuperFastMode","everything is the same but u backflip on backflip"],"gold_per_floor":[359,359,359,23,23,23,61,87,114,114,114,128,146,165,165,291,291,312,312,306,50,64,64,87,87,87,106,119,119,119,129,129,227,227,238,238,238],"floor_reached":36,"language":"KOR","playtime":1660,"items_purged":["Strike_R"],"score":364,"play_id":"976fbaff-dc3a-4b54-9e97-797b196e2849","local_time":"20210119161026","is_ascension_mode":false,"campfire_choices":[{"data":"True Grit","floor":6,"key":"SMITH"},{"floor":10,"key":"REST"},{"data":"Armaments","floor":15,"key":"SMITH"},{"data":"Uppercut","floor":23,"key":"SMITH"},{"data":"Dark Embrace","floor":29,"key":"SMITH"},{"data":"Intimidate","floor":32,"key":"SMITH"}],"circlet_count":0,"master_deck":["Strike_R","Strike_R","Strike_R","Defend_R","Defend_R","Defend_R","Defend_R","Bash","True Grit+1","Thunderclap","Armaments+1","Seeing Red","Disarm","Hemokinesis","Impervious","Metallicize","Writhe","Uppercut+1","Dark Embrace+1","Feel No Pain","Spot Weakness","Rupture","Intimidate+1","Corruption"],"relics":["Burning Blood","FossilizedHelix","Question Card","Bloody Idol","Lantern","Odd Mushroom","Sozu","Ancient Tea Set","Mummified Hand","Gambling Chip","Fusion Hammer"],"acts_visited":["Exordium","TheCity","TheBeyond"],"potions_floor_usage":[8,20,33],"damage_taken":[{"damage":12,"enemies":"Cultist","floor":1,"turns":5},{"damage":29,"enemies":"3 Sentries","floor":7,"turns":14},{"damage":0,"enemies":"The Mushroom Lair","floor":8,"turns":3},{"damage":0,"enemies":"Small Slimes","floor":12,"turns":4},{"damage":0,"enemies":"2 Louse","floor":13,"turns":2},{"damage":5,"enemies":"Large Slime","floor":14,"turns":8},{"damage":35,"enemies":"The Guardian","floor":16,"turns":15},{"damage":8,"enemies":"Shell Parasite","floor":18,"turns":10},{"damage":2,"enemies":"2 Thieves","floor":20,"turns":4},{"damage":10,"enemies":"Snecko","floor":22,"turns":6},{"damage":15,"enemies":"Snake Plant","floor":24,"turns":6},{"damage":12,"enemies":"3 Cultists","floor":27,"turns":7},{"damage":14,"enemies":"Sentry and Sphere","floor":28,"turns":6},{"damage":0,"enemies":"Cultist and Chosen","floor":31,"turns":6},{"damage":22,"enemies":"Collector","floor":33,"turns":12},{"damage":25,"enemies":"3 Darklings","floor":35,"turns":7},{"damage":74,"enemies":"2 Orb Walkers","floor":36,"turns":6}],"seed_played":"4787376050696924666","potions_obtained":[{"floor":7,"key":"AttackPotion"},{"floor":14,"key":"SkillPotion"},{"floor":16,"key":"Fire Potion"}],"is_trial":false,"path_per_floor":["M","T","?","$","?","R","E","?","T","R","?","M","M","M","R","B",null,"M","?","M","$","M","R","M","?","T","M","M","R","?","M","R","B",null,"M","?"],"character_chosen":"IRONCLAD","items_purchased":["Question Card","Mummified Hand"],"campfire_rested":1,"item_purchase_floors":[4,21],"current_hp_per_floor":[50,50,50,50,30,30,7,13,13,37,30,36,42,43,43,14,80,78,78,80,80,76,76,67,67,67,66,63,63,63,74,74,63,80,66,0,0],"gold":238,"neow_bonus":"TWO_FIFTY_GOLD","is_daily":false,"chose_seed":false,"campfire_upgraded":5,"win_rate":0.0,"timestamp":1611040226,"path_taken":["M","?","?","$","?","R","E","?","T","R","?","M","?","M","R","BOSS","M","?","M","$","M","R","M","?","T","M","?","R","?","M","R","BOSS","M","?"],"items_purchased_type":["Relic","Relic"],"build_version":"2020-12-22","purchased_purges":1,"victory":false,"max_hp_per_floor":[80,80,80,80,80,80,80,80,80,80,80,80,80,80,80,80,80,80,80,80,80,80,80,80,80,80,80,80,80,80,80,80,80,80,80,80,80],"card_choices":[{"not_picked":["Warcry","Ghostly Armor"],"picked":"True Grit","floor":1},{"not_picked":["Body Slam","Perfected Strike","Pummel"],"picked":"Thunderclap","floor":7},{"not_picked":["Headbutt","Warcry","Pummel"],"picked":"Armaments","floor":8},{"not_picked":["Havoc","Uppercut","Iron Wave"],"picked":"Seeing Red","floor":12},{"not_picked":["Intimidate","Rupture","Entrench"],"picked":"Disarm","floor":13},{"not_picked":["Whirlwind","Havoc","Dual Wield"],"picked":"Hemokinesis","floor":14},{"not_picked":["Double Tap","Exhume","Bludgeon"],"picked":"Impervious","floor":16},{"not_picked":["Havoc+1","Power Through","Pommel Strike+1"],"picked":"Metallicize","floor":18},{"not_picked":["Body Slam","Twin Strike","Searing Blow"],"picked":"Uppercut","floor":20},{"not_picked":["Sword Boomerang","Battle Trance","Evolve+1"],"picked":"Dark Embrace","floor":22},{"not_picked":["Shrug It Off","Pommel Strike","Feed"],"picked":"Feel No Pain","floor":24},{"not_picked":["Clothesline","Cleave","Iron Wave"],"picked":"Spot Weakness","floor":27},{"not_picked":["Dual Wield","Iron Wave","Headbutt","Carnage"],"picked":"SKIP","floor":28},{"not_picked":["Armaments","Blood for Blood+1","Cleave"],"picked":"Intimidate","floor":31},{"not_picked":["Exhume","Feed","Fiend Fire"],"picked":"Corruption","floor":33},{"not_picked":["Cleave","Headbutt","Carnage","Armaments"],"picked":"SKIP","floor":35}],"player_experience":54431,"relics_obtained":[{"floor":2,"key":"FossilizedHelix"},{"floor":7,"key":"Lantern"},{"floor":8,"key":"Odd Mushroom"},{"floor":26,"key":"Gambling Chip"}],"event_choices":[{"damage_healed":0,"gold_gain":0,"player_choice":"Ignored","damage_taken":0,"max_hp_gain":0,"max_hp_loss":0,"event_name":"Liars Game","floor":3,"gold_loss":0},{"damage_healed":0,"gold_gain":0,"player_choice":"Take Damage","damage_taken":20,"relics_obtained":["Golden Idol"],"max_hp_gain":0,"max_hp_loss":0,"event_name":"Golden Idol","floor":5,"gold_loss":0},{"damage_healed":0,"gold_gain":0,"player_choice":"Fought Mushrooms","damage_taken":0,"max_hp_gain":0,"max_hp_loss":0,"event_name":"Mushrooms","floor":8,"gold_loss":0},{"cards_removed":["Strike_R"],"damage_healed":0,"gold_gain":0,"player_choice":"Card Removal","damage_taken":7,"max_hp_gain":0,"max_hp_loss":0,"event_name":"Golden Wing","floor":11,"gold_loss":0},{"damage_healed":0,"gold_gain":0,"player_choice":"Opened","damage_taken":0,"relics_obtained":["Ancient Tea Set"],"max_hp_gain":0,"max_hp_loss":0,"event_name":"The Mausoleum","floor":19,"gold_loss":0,"cards_obtained":["Writhe"]},{"damage_healed":0,"gold_gain":0,"player_choice":"Gave Idol","damage_taken":0,"relics_obtained":["Bloody Idol"],"max_hp_gain":0,"max_hp_loss":0,"event_name":"Forgotten Altar","floor":25,"relics_lost":["Golden Idol"],"gold_loss":0},{"damage_healed":0,"gold_gain":0,"player_choice":"Read","damage_taken":0,"max_hp_gain":0,"max_hp_loss":0,"event_name":"The Library","floor":30,"gold_loss":0,"cards_obtained":["Rupture"]},{"damage_healed":0,"gold_gain":0,"player_choice":"Fight","damage_taken":0,"max_hp_gain":0,"max_hp_loss":0,"event_name":"Mysterious Sphere","floor":36,"gold_loss":0}],"is_beta":false,"boss_relics":[{"not_picked":["Pandora\u0027s Box","Velvet Choker"],"picked":"Sozu"},{"not_picked":["Snecko Eye","Tiny House"],"picked":"Fusion Hammer"}],"items_purged_floors":[4],"is_endless":false,"potions_floor_spawned":[7,14,16,18,20,24,31,35],"killed_by":"2 Orb Walkers","ascension_level":0}}