{"host":"jlk2k69f9c6o7b3e","time":1611070024,"event":{"mods":["BaseMod","Minty Spire (QoL Compilation)","StSLib"],"gold_per_floor":[109,384,36,36,49,102,102,177,202,266,266,330,330,251,251,406,406,426,205,205,245,245,245,285,326,326,326,326],"floor_reached":27,"language":"ZHS","playtime":1451,"items_purged":[],"score":297,"play_id":"81177e5f-a6de-4eec-85cd-a1860d88e625","local_time":"20210119232704","is_ascension_mode":true,"campfire_choices":[{"floor":13.0,"key":"DIG"},{"floor":15.0,"key":"DIG"},{"floor":23.0,"key":"DIG"}],"circlet_count":0,"master_deck":["Strike_R","Strike_R","Strike_R","Strike_R","Strike_R","Defend_R","Defend_R","Defend_R","Defend_R","Bash","Fire Breathing","Regret","HandOfGreed","Injury","Pommel Strike","Armaments","Intimidate","Whirlwind","Evolve","Juggernaut","Armaments+1","Dark Embrace","Writhe","Armaments+1","Sword Boomerang+1"],"relics":["Burning Blood","NeowsBlessing","Happy Flower","Golden Idol","Blue Candle","Bronze Scales","Art of War","Shovel","Du-Vu Doll","Self Forming Clay","Smiling Mask","Philosopher\u0027s Stone","HandDrill","Dream Catcher","Blood Vial","Mercury Hourglass","Toxic Egg 2"],"acts_visited":["Exordium","TheCity"],"potions_floor_usage":[27],"damage_taken":[{"damage":0.0,"enemies":"Small Slimes","floor":1.0,"turns":1.0},{"damage":0.0,"enemies":"Cultist","floor":5.0,"turns":1.0},{"damage":0.0,"enemies":"3 Sentries","floor":6.0,"turns":2.0},{"damage":26.0,"enemies":"Lagavulin","floor":10.0,"turns":9.0},{"damage":7.0,"enemies":"Gremlin Nob","floor":12.0,"turns":3.0},{"damage":45.0,"enemies":"Hexaghost","floor":16.0,"turns":9.0},{"damage":27.0,"enemies":"2 Thieves","floor":18.0,"turns":3.0},{"damage":8.0,"enemies":"3 Byrds","floor":21.0,"turns":3.0},{"damage":22.0,"enemies":"Book of Stabbing","floor":24.0,"turns":4.0},{"damage":35.0,"enemies":"Shelled Parasite and Fungi","floor":25.0,"turns":5.0},{"damage":28,"enemies":"Snake Plant","floor":27,"turns":1}],"seed_played":"5893725778404245286","potions_obtained":[{"floor":1.0,"key":"HeartOfIron"},{"floor":5.0,"key":"DistilledChaos"},{"floor":6.0,"key":"SteroidPotion"},{"floor":10.0,"key":"SpeedPotion"},{"floor":18.0,"key":"HeartOfIron"},{"floor":21.0,"key":"Strength Potion"},{"floor":25.0,"key":"Regen Potion"}],"is_trial":false,"path_per_floor":["M","?","$","?","M","E","$","?","T","E","T","E","R","$","R","B",null,"M","$","?","M","?","R","E","M","T","M"],"character_chosen":"IRONCLAD","items_purchased":["HandOfGreed","Happy Flower","Evolve","HandDrill","Dark Embrace"],"campfire_rested":0,"item_purchase_floors":[3,3,14,19,19],"current_hp_per_floor":[80,80,80,80,80,80,80,69,69,49,49,48,48,48,48,9,80,59,59,59,57,57,57,43,16,16,0,0],"gold":326,"neow_bonus":"THREE_ENEMY_KILL","is_daily":false,"chose_seed":false,"campfire_upgraded":0,"win_rate":0.0,"timestamp":1611070024,"path_taken":["M","?","?","?","M","E","$","?","T","E","?","E","R","$","R","BOSS","M","$","?","M","?","R","E","?","T","M"],"items_purchased_type":["Card","Relic","Card","Relic","Card"],"build_version":"2020-12-22","purchased_purges":0,"victory":false,"max_hp_per_floor":[80,80,80,80,80,80,80,80,80,80,80,80,80,80,80,80,80,80,80,80,80,80,80,80,80,80,80,80],"card_choices":[{"not_picked":["Warcry","Rage"],"picked":"Fire Breathing","floor":1.0},{"not_picked":["Heavy Blade","Cleave"],"picked":"Pommel Strike","floor":5.0},{"not_picked":["Entrench","Havoc"],"picked":"Armaments","floor":6.0},{"not_picked":["Iron Wave","Thunderclap"],"picked":"Intimidate","floor":10.0},{"not_picked":["Rampage","Pommel Strike"],"picked":"Whirlwind","floor":12.0},{"not_picked":["Corruption","Bludgeon"],"picked":"Juggernaut","floor":16.0},{"not_picked":["Pummel","Flex+1"],"picked":"Armaments+1","floor":18.0},{"not_picked":["Sword Boomerang","Clothesline","Anger"],"picked":"SKIP","floor":21.0},{"not_picked":["Perfected Strike+1","Clothesline","Seeing Red"],"picked":"SKIP","floor":24.0},{"not_picked":["Fiend Fire","Perfected Strike"],"picked":"Sword Boomerang+1","floor":25.0}],"player_experience":246124,"relics_obtained":[{"floor":6.0,"key":"Blue Candle"},{"floor":9.0,"key":"Bronze Scales"},{"floor":10.0,"key":"Art of War"},{"floor":11.0,"key":"Shovel"},{"floor":12.0,"key":"Du-Vu Doll"},{"floor":13.0,"key":"Self Forming Clay"},{"floor":15.0,"key":"Smiling Mask"},{"floor":23.0,"key":"Blood Vial"},{"floor":24.0,"key":"Mercury Hourglass"},{"floor":26.0,"key":"Toxic Egg 2"}],"event_choices":[{"damage_healed":0.0,"max_hp_gain":0.0,"max_hp_loss":0.0,"gold_gain":275.0,"event_name":"Golden Shrine","player_choice":"Desecrate","floor":2.0,"gold_loss":0.0,"damage_taken":0.0,"cards_obtained":["Regret"]},{"damage_healed":0.0,"max_hp_gain":0.0,"max_hp_loss":0.0,"gold_gain":0.0,"event_name":"Golden Idol","player_choice":"Take Wound","floor":4.0,"gold_loss":0.0,"damage_taken":0.0,"relics_obtained":["Golden Idol"],"cards_obtained":["Injury"]},{"damage_healed":0.0,"max_hp_gain":0.0,"max_hp_loss":0.0,"gold_gain":75.0,"event_name":"World of Goop","player_choice":"Gather Gold","floor":8.0,"gold_loss":0.0,"damage_taken":11.0},{"damage_healed":0.0,"max_hp_gain":0.0,"max_hp_loss":0.0,"gold_gain":0.0,"event_name":"The Mausoleum","player_choice":"Opened","floor":20.0,"gold_loss":0.0,"damage_taken":0.0,"relics_obtained":["Dream Catcher"],"cards_obtained":["Writhe"]},{"damage_healed":0.0,"max_hp_gain":0.0,"max_hp_loss":0.0,"gold_gain":0.0,"event_name":"Duplicator","player_choice":"Copied","floor":22.0,"gold_loss":0.0,"damage_taken":0.0,"cards_obtained":["Armaments"]}],"is_beta":false,"boss_relics":[{"not_picked":["Snecko Eye","Fusion Hammer"],"picked":"Philosopher\u0027s Stone"}],"items_purged_floors":[],"is_endless":false,"potions_floor_spawned":[1,5,6,10,18,21,25],"killed_by":"Snake Plant","ascension_level":2}}