{"host":"640uue19m79c7wbt","time":1611015021,"event":{"mods":["BaseMod","Colored Map","Googly Eyes","Highlight Path","Minty Spire (QoL Compilation)","Quick Restart","StSLib"],"gold_per_floor":[115,44,44,44,44,73,83,116,139,171,171,171,181,193,193,265,265,265,265],"floor_reached":18,"language":"ENG","playtime":744,"items_purged":[],"score":388,"play_id":"06fc7895-c49b-4b15-8f5b-ae2d5abe8169","local_time":"20210118191021","is_ascension_mode":true,"campfire_choices":[{"floor":11,"key":"REST"},{"data":"Eviscerate","floor":15,"key":"SMITH"}],"circlet_count":0,"master_deck":["AscendersBane","Strike_G","Strike_G","Strike_G","Strike_G+1","Strike_G","Defend_G","Defend_G","Defend_G","Defend_G","Defend_G","Survivor","Neutralize+1","Eviscerate+1","Well Laid Plans","Regret","Crippling Poison","Bane","Dagger Spray","Choke","Dagger Throw","A Thousand Cuts+1"],"relics":["Ring of the Snake","NeowsBlessing","PreservedInsect","Frozen Egg 2","Shuriken","Sundial","Happy Flower","StoneCalendar","Ornamental Fan","Black Star"],"acts_visited":["Exordium","TheCity"],"potions_floor_usage":[8,8,10],"damage_taken":[{"damage":0.0,"enemies":"Small Slimes","floor":1.0,"turns":1.0},{"damage":0.0,"enemies":"Lagavulin","floor":6.0,"turns":1.0},{"damage":0.0,"enemies":"2 Louse","floor":7.0,"turns":1.0},{"damage":4,"enemies":"Gremlin Nob","floor":8,"turns":2},{"damage":6,"enemies":"3 Sentries","floor":10,"turns":3},{"damage":0,"enemies":"Cultist","floor":13,"turns":3},{"damage":6,"enemies":"Large Slime","floor":14,"turns":4},{"damage":37,"enemies":"The Guardian","floor":16,"turns":8},{"damage":23,"enemies":"3 Byrds","floor":18,"turns":4}],"seed_played":"6318097636330733357","potions_obtained":[{"floor":6.0,"key":"SkillPotion"},{"floor":7.0,"key":"SteroidPotion"},{"floor":8,"key":"SteroidPotion"}],"is_trial":false,"path_per_floor":["M","$","?","?","?","E","M","E","T","E","R","T","M","M","R","B",null,"M"],"character_chosen":"THE_SILENT","items_purchased":["Well Laid Plans"],"campfire_rested":1,"item_purchase_floors":[2],"current_hp_per_floor":[59,59,52,52,39,39,39,35,35,29,48,48,48,42,42,5,51,28,28],"gold":265,"neow_bonus":"THREE_ENEMY_KILL","is_daily":false,"chose_seed":false,"campfire_upgraded":1,"win_rate":0.0,"timestamp":1611015021,"path_taken":["M","$","?","?","?","E","M","E","T","E","R","?","M","?","R","BOSS","M"],"items_purchased_type":["Card"],"build_version":"2020-12-22","purchased_purges":0,"victory":false,"max_hp_per_floor":[66,66,66,66,66,66,66,66,66,66,66,66,66,66,66,66,66,66,66],"card_choices":[{"not_picked":["Poisoned Stab","Sucker Punch"],"picked":"Eviscerate","floor":1.0},{"not_picked":["Distraction","Finisher"],"picked":"Crippling Poison","floor":6.0},{"not_picked":["Distraction","Deadly Poison"],"picked":"Bane","floor":7.0},{"not_picked":["Endless Agony","Eviscerate"],"picked":"Dagger Spray","floor":8},{"not_picked":["All Out Attack","Flechettes"],"picked":"Choke","floor":10},{"not_picked":["Slice","Deflect","Dodge and Roll"],"picked":"SKIP","floor":13},{"not_picked":["Footwork+1","Choke"],"picked":"Dagger Throw","floor":14},{"not_picked":["Night Terror","Phantasmal Killer"],"picked":"A Thousand Cuts+1","floor":16}],"player_experience":609603,"relics_obtained":[{"floor":6.0,"key":"Shuriken"},{"floor":8,"key":"Sundial"},{"floor":9,"key":"Happy Flower"},{"floor":10,"key":"StoneCalendar"},{"floor":12,"key":"Ornamental Fan"}],"event_choices":[{"damage_healed":0.0,"max_hp_gain":0.0,"max_hp_loss":0.0,"gold_gain":0.0,"event_name":"Scrap Ooze","player_choice":"Success","floor":3.0,"gold_loss":0.0,"damage_taken":7.0,"relics_obtained":["PreservedInsect"]},{"damage_healed":0.0,"max_hp_gain":0.0,"max_hp_loss":0.0,"gold_gain":0.0,"event_name":"Big Fish","player_choice":"Box","floor":4.0,"gold_loss":0.0,"damage_taken":0.0,"relics_obtained":["Frozen Egg 2"],"cards_obtained":["Regret"]},{"damage_healed":0.0,"max_hp_gain":0.0,"max_hp_loss":0.0,"gold_gain":0.0,"event_name":"Shining Light","player_choice":"Entered Light","floor":5.0,"gold_loss":0.0,"damage_taken":13.0,"cards_upgraded":["Strike_G","Neutralize"]}],"is_beta":false,"boss_relics":[{"not_picked":["Cursed Key","Snecko Eye"],"picked":"Black Star"}],"items_purged_floors":[],"is_endless":false,"potions_floor_spawned":[6,7,8],"killed_by":"3 Byrds","ascension_level":14}}