{"host":"8g24zuco0epbjwbo","time":1611035188,"event":{"mods":["BaseMod","Downfall","Minty Spire (QoL Compilation)","Relic Stats","StSLib"],"gold_per_floor":[99,112,125,10,185,202,202,235,35,68,168,185,195,214,227,227,227,227],"floor_reached":16,"language":"ENG","playtime":882,"items_purged":["champ:Strike"],"score":120,"play_id":"ef440064-5a56-4f7d-9dfa-6c61376aa09f","local_time":"20210119004628","is_ascension_mode":true,"campfire_choices":[{"floor":1,"key":"RECALL"},{"data":"champ:ArenaPreparation","floor":9,"key":"SMITH"}],"circlet_count":0,"master_deck":["champ:Strike","champ:Strike","champ:Strike","champ:Defend","champ:Defend","champ:Defend","champ:Defend","champ:Execute","champ:Taunt","champ:TripleStrike","champ:FanOfKnives","champ:PreciseThrust","champ:BringItOn","Doubt","champ:ArenaPreparation+1","champ:RageSigil","champ:CheapShot","champ:GutPunch","champ:RageSigil","champ:Haymaker","champ:RisingSlash"],"relics":["champ:ChampionCrown","Pear","downfall:HeartBlessingRed","downfall:HeartBlessingGreen","Ornamental Fan","WristBlade"],"acts_visited":["Exordium"],"potions_floor_usage":[11],"damage_taken":[{"damage":5,"enemies":"2 Louse","floor":2,"turns":2},{"damage":16,"enemies":"Jaw Worm","floor":3,"turns":3},{"damage":10,"enemies":"downfall:FleeingMerchant","floor":4,"turns":4},{"damage":10,"enemies":"Cultist","floor":6,"turns":5},{"damage":62,"enemies":"Lagavulin","floor":8,"turns":6},{"damage":33,"enemies":"3 Sentries","floor":10,"turns":5},{"damage":68,"enemies":"3 Sentries","floor":11,"turns":5},{"damage":0,"enemies":"Exordium Wildlife","floor":12,"turns":2},{"damage":10,"enemies":"Red Slaver","floor":13,"turns":3},{"damage":15,"enemies":"Exordium Thugs","floor":14,"turns":3},{"damage":18,"enemies":"Exordium Wildlife","floor":15,"turns":3},{"damage":96,"enemies":"SI_SHIV_ARCHETYPE","floor":16,"turns":6}],"seed_played":"6703386533384118143","potions_obtained":[{"floor":6,"key":"sneckomod:MuddlingPotion"},{"floor":10,"key":"Swift Potion"},{"floor":12,"key":"Strength Potion"},{"floor":14,"key":"Ancient Potion"}],"is_trial":false,"path_per_floor":["R","M","M","$","?","M","T","E","R","E","?","M","M","M","M","B"],"character_chosen":"THE_CHAMP","items_purchased":["champ:BringItOn"],"campfire_rested":0,"item_purchase_floors":[4],"current_hp_per_floor":[90,90,84,84,84,84,84,77,77,74,51,51,51,51,48,0,0,0],"gold":227,"neow_bonus":"ONE_RANDOM_RARE_CARD","is_daily":false,"chose_seed":false,"campfire_upgraded":1,"win_rate":0.0,"timestamp":1611035188,"path_taken":["R","M","M","$","?","M","T","E","R","E","?","M","M","M","M","BOSS"],"items_purchased_type":["Card"],"build_version":"2020-12-22","purchased_purges":1,"victory":false,"max_hp_per_floor":[90,90,90,90,90,90,90,100,100,100,100,100,100,100,100,100,100,100],"relic_stats":{"counters":[12,47],"Ornamental Fan":[32],"obtain_stats":[{"Pear":8,"downfall:HeartBlessingRed":9,"WristBlade":11,"Ornamental Fan":10,"champ:ChampionCrown":0,"downfall:HeartBlessingGreen":9},{"Pear":5,"downfall:HeartBlessingRed":5,"WristBlade":7,"Ornamental Fan":6,"champ:ChampionCrown":0,"downfall:HeartBlessingGreen":5},{"Pear":20,"downfall:HeartBlessingRed":20,"WristBlade":30,"Ornamental Fan":25,"champ:ChampionCrown":0,"downfall:HeartBlessingGreen":20}]},"card_choices":[{"not_picked":["champ:EnGarde","champ:SwordSigil"],"picked":"champ:FanOfKnives","floor":2},{"not_picked":["champ:Backstep","champ:ShieldSigil"],"picked":"champ:PreciseThrust","floor":3},{"not_picked":["champ:FanOfKnives","champ:ShieldSigil","champ:PreemptiveStrike"],"picked":"SKIP","floor":4},{"not_picked":["champ:Circumvent","champ:Parry"],"picked":"champ:ArenaPreparation","floor":6},{"not_picked":["champ:ShieldSlam","champ:Endure"],"picked":"champ:RageSigil","floor":8},{"not_picked":["champ:Shatter","champ:Haymaker"],"picked":"champ:CheapShot","floor":10},{"not_picked":["champ:Shatter","champ:Haymaker"],"picked":"champ:GutPunch","floor":11},{"not_picked":["champ:ArenaPreparation","champ:BladeFlurry"],"picked":"champ:RageSigil","floor":12},{"not_picked":["champ:EnchantShield","champ:GutPunch"],"picked":"champ:Haymaker","floor":13},{"not_picked":["champ:Endure","champ:ShieldSigil"],"picked":"champ:RisingSlash","floor":14},{"not_picked":["champ:BladeFlurry","champ:FlashCut","champ:CalledShot"],"picked":"SKIP","floor":15}],"player_experience":453977,"relics_obtained":[{"floor":8,"key":"Pear"},{"floor":10,"key":"Ornamental Fan"},{"floor":11,"key":"WristBlade"}],"event_choices":[],"is_beta":false,"boss_relics":[],"items_purged_floors":[4],"is_endless":false,"potions_floor_spawned":[6,10,12,14],"killed_by":"SI_SHIV_ARCHETYPE","ascension_level":1}}