{"host":"poshtwjux72eqzmy","time":1611050399,"event":{"mods":["BaseMod","Bestiary","Block Reminder","Downfall","Highlight Path","Minty Spire (QoL Compilation)","Relic Stats","StSLib","ojb\u0027s Info Mod"],"gold_per_floor":[99,109,125,143,89,89,89,104,136,146,181,200,0,34,48,151,151,51,70,80,80,0,17,29,54,97,109,221,233,274,371,401,510,522,534,563,595,312,312,329,352,352,89,139,174,174,174,54,64,64,64,90,90,90,90,90],"floor_reached":57,"language":"ENG","playtime":5434,"items_purged":["downfall:Bewildered","champ:Strike","champ:Strike","downfall:Haunted"],"score":1488,"play_id":"09ed6e6d-a4d6-4abf-b72e-d4c2a200c4ae","local_time":"20210119115959","is_ascension_mode":true,"campfire_choices":[{"floor":1,"key":"RECALL"},{"data":"champ:PerfectedStrike","floor":6,"key":"SMITH"},{"data":"champ:TornadoPunch","floor":13,"key":"SMITH"},{"data":"champ:Taunt","floor":18,"key":"SMITH"},{"data":"RitualDagger","floor":29,"key":"SMITH"},{"data":"champ:StanceDance","floor":35,"key":"SMITH"},{"data":"champ:StrikeOfGenius","floor":46,"key":"SMITH"},{"data":"champ:Improvising","floor":47,"key":"SMITH"},{"data":"J.A.X.","floor":54,"key":"SMITH"}],"circlet_count":0,"master_deck":["champ:Defend","champ:Defend","champ:Defend+1","champ:Defend","champ:Execute+1","champ:Taunt+1","champ:BladeFlurry","champ:TornadoPunch+1","champ:PerfectedStrike+1","champ:ShieldWall","champ:CrookedStrike","champ:PreciseThrust","champ:Circumvent+1","champ:FlashCut+1","champ:StanceDance+1","champ:DefensiveShout+1","champ:StanceDance+1","champ:SetATrap+1","RitualDagger+1","champ:HoldFirm","champ:Improvising+1","J.A.X.+1","champ:FocusedDefense+1","champ:StrikeOfGenius+1","champ:Backstep+1","CurseOfTheBell","champ:FancyFootwork+1","champ:StanceDance+1"],"relics":["champ:ChampionCrown","Mercury Hourglass","Pantograph","downfall:HeartBlessingRed","downfall:HeartBlessingGreen","Happy Flower","Runic Pyramid","downfall:HeartBlessingBlue","sneckomod:BabySnecko","MawBank","champ:DefensiveTrainingManual","The Courier","MutagenicStrength","Mango","Coffee Dripper","War Paint","HornCleat","Ice Cream","Calling Bell","Nunchaku","Singing Bowl","WingedGreaves","Whetstone","Lantern","Torii","Kunai","Strawberry"],"acts_visited":["Exordium","TheCity","TheBeyond","TheEnding"],"potions_floor_usage":[11,11,11,11,14,22,23,33,56,56],"damage_taken":[{"damage":16,"enemies":"Jaw Worm","floor":2,"turns":5},{"damage":12,"enemies":"2 Louse","floor":3,"turns":4},{"damage":15,"enemies":"Small Slimes","floor":4,"turns":3},{"damage":10,"enemies":"downfall:FleeingMerchant","floor":5,"turns":4},{"damage":12,"enemies":"Blue Slaver","floor":8,"turns":3},{"damage":27,"enemies":"Lagavulin","floor":9,"turns":6},{"damage":0,"enemies":"Lots of Slimes","floor":10,"turns":2},{"damage":0,"enemies":"Gremlin Nob","floor":11,"turns":3},{"damage":17,"enemies":"2 Fungi Beasts","floor":12,"turns":3},{"damage":22,"enemies":"Lagavulin","floor":14,"turns":4},{"damage":0,"enemies":"Red Slaver","floor":15,"turns":3},{"damage":64,"enemies":"DF_ARCHETYPE_STREAMLINE","floor":16,"turns":9},{"damage":0,"enemies":"Shell Parasite","floor":19,"turns":3},{"damage":10,"enemies":"Cultist and Chosen","floor":20,"turns":5},{"damage":10,"enemies":"downfall:FleeingMerchant","floor":22,"turns":4},{"damage":0,"enemies":"Slavers","floor":23,"turns":4},{"damage":2,"enemies":"Snecko","floor":25,"turns":3},{"damage":2,"enemies":"Gremlin Leader","floor":26,"turns":6},{"damage":13,"enemies":"downfall:Augmenter","floor":28,"turns":6},{"damage":0,"enemies":"Slavers","floor":30,"turns":4},{"damage":10,"enemies":"Centurion and Healer","floor":32,"turns":3},{"damage":36,"enemies":"WA_ARCHETYPE_CALM","floor":33,"turns":9},{"damage":10,"enemies":"3 Shapes","floor":36,"turns":5},{"damage":5,"enemies":"3 Darklings","floor":37,"turns":3},{"damage":10,"enemies":"downfall:FleeingMerchant","floor":38,"turns":4},{"damage":23,"enemies":"Transient","floor":40,"turns":5},{"damage":16,"enemies":"Transient","floor":44,"turns":5},{"damage":31,"enemies":"Nemesis","floor":45,"turns":5},{"damage":10,"enemies":"Writhing Mass","floor":49,"turns":4},{"damage":128,"enemies":"IC_BLOCK_ARCHETYPE","floor":50,"turns":9},{"damage":38,"enemies":"downfall:CharBossMerchant","floor":52,"turns":7},{"damage":124,"enemies":"downfall:NeowBoss","floor":55,"turns":12},{"damage":144,"enemies":"downfall:NeowBossFinal","floor":56,"turns":10}],"seed_played":"-3905895521013220831","potions_obtained":[{"floor":3,"key":"EntropicBrew"},{"floor":8,"key":"PowerPotion"},{"floor":10,"key":"bronze:BurnAndBuffPotion"},{"floor":12,"key":"AttackPotion"},{"floor":15,"key":"Dexterity Potion"},{"floor":26,"key":"AttackPotion"},{"floor":30,"key":"LiquidMemories"},{"floor":33,"key":"Swift Potion"},{"floor":37,"key":"Ancient Potion"}],"is_trial":false,"path_per_floor":["R","M","M","M","$","R","T","M","E","M","E","M","R","E","M","B",null,"R","M","M","?","$","E","T","M","E","?","?","R","E","?","M","B",null,"R","M","M","$","?","M","T","?","$","?","E","R","R","$","M","B",null,"E","$","R","B","B",null],"character_chosen":"THE_CHAMP","items_purchased":["champ:CrookedStrike","War Paint","HornCleat","Ice Cream","Lantern","SteroidPotion"],"campfire_rested":0,"item_purchase_floors":[5,38,38,38,43,43],"current_hp_per_floor":[99,98,96,91,91,91,91,79,62,62,62,55,55,43,43,24,99,109,109,109,109,109,109,109,107,105,99,86,86,100,82,82,91,123,123,123,123,123,123,122,122,122,122,126,110,110,110,110,112,31,129,133,133,133,97,18],"gold":90,"neow_bonus":"TEN_PERCENT_HP_BONUS","is_daily":false,"chose_seed":false,"campfire_upgraded":8,"win_rate":0.0,"timestamp":1611050399,"path_taken":["R","M","M","M","$","R","T","M","E","M","E","M","R","E","M","BOSS","R","M","M","?","$","E","T","M","E","?","?","R","E","?","M","BOSS","R","M","M","$","?","M","T","?","$","?","E","R","R","$","M","BOSS","E","$","R","BOSS","BOSS"],"items_purchased_type":["Card","Relic","Relic","Relic","Relic","Potion"],"build_version":"2020-12-22","purchased_purges":4,"victory":true,"max_hp_per_floor":[99,99,99,99,99,99,99,99,99,99,99,99,99,99,99,99,99,109,109,109,109,109,109,109,109,109,109,109,109,123,123,123,123,123,123,123,123,123,123,125,125,125,125,127,127,127,127,127,129,129,129,136,136,136,136,136],"relic_stats":{"Nunchaku":[15],"Happy Flower":[42],"Singing Bowl":6,"Torii":0,"counters":[33,164],"Pantograph":98,"Whetstone":["champ:FlashCut","champ:Execute"],"Kunai":[29],"War Paint":["champ:Circumvent","champ:Defend"],"MawBank":180,"obtain_stats":[{"Ice Cream":38,"Lantern":43,"Singing Bowl":39,"Torii":44,"champ:ChampionCrown":0,"downfall:HeartBlessingGreen":13,"Mango":30,"Whetstone":41,"Nunchaku":39,"HornCleat":38,"downfall:HeartBlessingBlue":18,"champ:DefensiveTrainingManual":24,"Pantograph":11,"Strawberry":52,"WingedGreaves":39,"Kunai":45,"Runic Pyramid":17,"downfall:HeartBlessingRed":13,"Happy Flower":14,"The Courier":26,"War Paint":38,"MawBank":23,"Mercury Hourglass":9,"Calling Bell":39,"sneckomod:BabySnecko":21,"MutagenicStrength":28,"Coffee Dripper":34},{"Ice Cream":25,"Lantern":26,"Singing Bowl":25,"Torii":27,"champ:ChampionCrown":0,"downfall:HeartBlessingGreen":9,"Mango":20,"Whetstone":26,"Nunchaku":25,"HornCleat":25,"downfall:HeartBlessingBlue":12,"champ:DefensiveTrainingManual":16,"Pantograph":8,"Strawberry":31,"WingedGreaves":25,"Kunai":28,"Runic Pyramid":12,"downfall:HeartBlessingRed":9,"Happy Flower":10,"The Courier":18,"War Paint":25,"MawBank":16,"Mercury Hourglass":6,"Calling Bell":25,"sneckomod:BabySnecko":14,"MutagenicStrength":19,"Coffee Dripper":22},{"Ice Cream":107,"Lantern":112,"Singing Bowl":107,"Torii":117,"champ:ChampionCrown":0,"downfall:HeartBlessingGreen":32,"Mango":83,"Whetstone":112,"Nunchaku":107,"HornCleat":107,"downfall:HeartBlessingBlue":48,"champ:DefensiveTrainingManual":64,"Pantograph":30,"Strawberry":142,"WingedGreaves":107,"Kunai":122,"Runic Pyramid":48,"downfall:HeartBlessingRed":32,"Happy Flower":36,"The Courier":73,"War Paint":107,"MawBank":64,"Mercury Hourglass":25,"Calling Bell":107,"sneckomod:BabySnecko":56,"MutagenicStrength":79,"Coffee Dripper":95}],"Mercury Hourglass":[381]},"card_choices":[{"not_picked":["champ:CalledShot","champ:Circumvent"],"picked":"champ:BladeFlurry","floor":2},{"not_picked":["champ:AdrenalArmor","champ:ArenaPreparation"],"picked":"champ:TornadoPunch","floor":3},{"not_picked":["champ:DefensiveShout","champ:BerserkersShout"],"picked":"champ:PerfectedStrike","floor":4},{"not_picked":["champ:Circumvent","champ:Haymaker"],"picked":"champ:ShieldWall","floor":5},{"not_picked":["champ:GladiatorStyle","champ:CalledShot","champ:ShieldWall"],"picked":"SKIP","floor":8},{"not_picked":["champ:FocusedBerserking","champ:TornadoPunch","champ:DefensiveShout"],"picked":"SKIP","floor":9},{"not_picked":["champ:EnGarde","champ:AdrenalArmor"],"picked":"champ:PreciseThrust","floor":10},{"not_picked":["champ:Backstep","champ:RapidStrikes","champ:FocusedBerserking"],"picked":"SKIP","floor":11},{"not_picked":["champ:ShieldWall","champ:SteelEdge"],"picked":"champ:Circumvent","floor":12},{"not_picked":["champ:EndlessRage","champ:BladeFlurry"],"picked":"champ:FlashCut","floor":14},{"not_picked":["champ:FlashCut","champ:FanOfKnives"],"picked":"champ:StanceDance","floor":15},{"not_picked":["champ:EnragedBash","champ:Circumvent"],"picked":"champ:DefensiveShout+1","floor":19},{"not_picked":["champ:FlashCut","champ:PreciseThrust"],"picked":"champ:StanceDance+1","floor":20},{"not_picked":["champ:Haymaker","champ:HoldFirm"],"picked":"champ:SetATrap+1","floor":22},{"not_picked":["champ:EnGarde","champ:PreciseThrust+1","champ:GutPunch"],"picked":"SKIP","floor":23},{"not_picked":["champ:CrookedStrike","champ:StanceDance+1","champ:CrownThrow"],"picked":"SKIP","floor":25},{"not_picked":["champ:PerfectedStrike","champ:BladeFlurry","champ:Lariat"],"picked":"SKIP","floor":26},{"not_picked":[],"picked":"J.A.X.","floor":28},{"not_picked":["champ:FancyFootwork","champ:BerserkersShout+1"],"picked":"champ:FocusedDefense+1","floor":30},{"not_picked":["champ:HeartStrike+1","champ:Haymaker","champ:PreciseThrust"],"picked":"SKIP","floor":32},{"not_picked":["champ:IgnorePain","champ:GladiatorForm"],"picked":"champ:StrikeOfGenius","floor":33},{"not_picked":["champ:Shatter+1","champ:Haymaker+1","champ:CrookedStrike"],"picked":"SKIP","floor":36},{"not_picked":["champ:CrownThrow","champ:PerfectedStrike+1","champ:GutPunch"],"picked":"SKIP","floor":37},{"not_picked":["champ:CrownThrow","champ:PerfectedStrike+1","champ:GutPunch"],"picked":"SKIP","floor":37},{"not_picked":["champ:Devastate","champ:FlashCut"],"picked":"champ:Backstep+1","floor":38},{"not_picked":["champ:CrookedStrike","champ:EnragedBash","champ:GutPunch"],"picked":"Singing Bowl","floor":40},{"not_picked":["champ:GladiatorStyle","champ:FlashCut+1","champ:EnGarde"],"picked":"Singing Bowl","floor":44},{"not_picked":["champ:HeartStrike","champ:TornadoPunch"],"picked":"champ:FancyFootwork+1","floor":45},{"not_picked":["champ:HeartStrike","champ:Devastate","champ:EnGarde"],"picked":"Singing Bowl","floor":49},{"not_picked":["champ:PreciseThrust+1","champ:BladeFlurry"],"picked":"champ:StanceDance+1","floor":52}],"player_experience":1123534,"relics_obtained":[{"floor":9,"key":"Mercury Hourglass"},{"floor":11,"key":"Pantograph"},{"floor":14,"key":"Happy Flower"},{"floor":23,"key":"MawBank"},{"floor":24,"key":"champ:DefensiveTrainingManual"},{"floor":26,"key":"The Courier"},{"floor":28,"key":"MutagenicStrength"},{"floor":30,"key":"Mango"},{"floor":39,"key":"Nunchaku"},{"floor":39,"key":"Singing Bowl"},{"floor":39,"key":"WingedGreaves"},{"floor":41,"key":"Whetstone"},{"floor":44,"key":"Torii"},{"floor":45,"key":"Kunai"},{"floor":52,"key":"Strawberry"}],"event_choices":[],"is_beta":false,"boss_relics":[{"not_picked":["Fusion Hammer","Astrolabe"],"picked":"Runic Pyramid"},{"not_picked":["Runic Dome","SlaversCollar"],"picked":"Coffee Dripper"}],"items_purged_floors":[22,38,43,48],"is_endless":false,"potions_floor_spawned":[3,8,10,12,15,20,26,30,32,33,37,44,45,49,52],"ascension_level":1}}