{"host":"ip2n7evpd0qt0hgd","time":1611065803,"event":{"mods":["BaseMod","Downfall","Minty Spire (QoL Compilation)","Quick Restart","StSLib"],"gold_per_floor":[99,110,124,124,124,124,124,141,174,187,187,187,187,202,212,317,317,317,329,329,339,101,101,101,101,101,121,39,52,37,55,68,68,68],"floor_reached":33,"language":"ENG","playtime":1872,"items_purged":[],"score":261,"play_id":"0637416a-b281-4757-9a26-2bf231fab9b4","local_time":"20210119091643","is_ascension_mode":true,"campfire_choices":[{"data":"bronze:Replicate","floor":1,"key":"SMITH"},{"data":"bronze:Allocate","floor":6,"key":"SMITH"},{"data":"bronze:BugBarrage","floor":12,"key":"SMITH"},{"data":"bronze:SpaghettiCode","floor":18,"key":"SMITH"},{"data":"bronze:BuggyMess","floor":23,"key":"SMITH"},{"floor":26,"key":"RECALL"}],"circlet_count":0,"master_deck":["bronze:Strike+1","bronze:Strike","bronze:Defend+1","bronze:Defend","bronze:Defend","bronze:Defend","bronze:Replicate+1","bronze:Goto","bronze:ShipIt","bronze:Repair","bronze:Allocate+1","downfall:Malfunctioning","bronze:HardenedForm","bronze:WhirlingStrike","bronze:FineTuning","bronze:BugBarrage+1","bronze:Iterate","bronze:BuggyMess+1","bronze:SpaghettiCode+1","bronze:BronzeOrb+1","bronze:Iterate+1","bronze:Branch","bronze:Shield","bronze:WhirlingStrike","bronze:Overload","bronze:Repulsor","bronze:FineTuning","bronze:Turbo"],"relics":["bronze:BronzeCore","bronze:ProtectiveGoggles","HornCleat","Busted Crown","Nilry\u0027s Codex","Vajra","Tiny Chest"],"acts_visited":["Exordium","TheCity"],"potions_floor_usage":[9,16,16,33,33,33],"damage_taken":[{"damage":6,"enemies":"2 Louse","floor":2,"turns":3},{"damage":2,"enemies":"Small Slimes","floor":3,"turns":5},{"damage":0,"enemies":"Cultist","floor":8,"turns":4},{"damage":10,"enemies":"3 Sentries","floor":9,"turns":6},{"damage":8,"enemies":"3 Louse","floor":10,"turns":3},{"damage":16,"enemies":"Large Slime","floor":14,"turns":5},{"damage":2,"enemies":"Exordium Thugs","floor":15,"turns":4},{"damage":39,"enemies":"WA_ARCHETYPE_RETAIN","floor":16,"turns":10},{"damage":13,"enemies":"3 Byrds","floor":19,"turns":7},{"damage":21,"enemies":"Snecko","floor":21,"turns":6},{"damage":0,"enemies":"downfall:FleeingMerchant","floor":22,"turns":4},{"damage":7,"enemies":"Centurion and Healer","floor":27,"turns":3},{"damage":0,"enemies":"downfall:FleeingMerchant","floor":28,"turns":4},{"damage":0,"enemies":"Sentry and Sphere","floor":29,"turns":3},{"damage":0,"enemies":"downfall:FleeingMerchant","floor":30,"turns":4},{"damage":0,"enemies":"Cultist and Chosen","floor":31,"turns":3},{"damage":3,"enemies":"Snake Plant","floor":32,"turns":3},{"damage":53,"enemies":"SI_MIRROR_ARCHETYPE","floor":33,"turns":10}],"seed_played":"-2877545892330533188","potions_obtained":[{"floor":3,"key":"Block Potion"},{"floor":9,"key":"Guardian:BlockOnCardUsePotion"},{"floor":10,"key":"Dexterity Potion"},{"floor":16,"key":"hexamod:SoulburnPotion"},{"floor":27,"key":"Weak Potion"},{"floor":29,"key":"LiquidBronze"}],"is_trial":false,"path_per_floor":["R","M","M","?","?","R","T","M","E","M","?","R","?","M","M","B",null,"R","M","?","M","$","R","T","?","R","M","$","M","$","M","M","B"],"character_chosen":"THE_AUTOMATON","items_purchased":["bronze:Shield","Vajra","bronze:WhirlingStrike","bronze:Repulsor"],"campfire_rested":0,"item_purchase_floors":[22,22,22,28],"current_hp_per_floor":[70,64,68,68,68,68,68,70,60,59,59,59,59,43,49,17,70,70,61,45,31,38,38,38,38,38,38,45,45,45,53,50,0,0],"gold":68,"neow_bonus":"ONE_RANDOM_RARE_CARD","is_daily":false,"chose_seed":false,"campfire_upgraded":5,"win_rate":0.0,"timestamp":1611065803,"path_taken":["R","M","M","?","?","R","T","M","E","?","?","R","?","M","M","BOSS","R","M","?","M","$","R","T","?","R","?","?","M","$","M","M","BOSS"],"items_purchased_type":["Card","Relic","Card","Card"],"build_version":"2020-12-22","purchased_purges":0,"victory":false,"max_hp_per_floor":[70,70,70,70,70,70,70,70,70,70,70,70,70,70,70,70,70,70,70,70,70,70,70,70,70,70,70,70,70,70,70,70,70,70],"card_choices":[{"not_picked":["bronze:BitShift","bronze:Branch"],"picked":"bronze:Repair","floor":2},{"not_picked":["bronze:BitShift","bronze:Deprecate"],"picked":"bronze:Allocate","floor":3},{"not_picked":["bronze:CutThrough","bronze:ClassDefault"],"picked":"bronze:WhirlingStrike","floor":8},{"not_picked":["bronze:CleanCode","bronze:Overheat"],"picked":"bronze:FineTuning","floor":9},{"not_picked":["bronze:Philosophize","bronze:Overheat"],"picked":"bronze:BugBarrage","floor":10},{"not_picked":["bronze:Constructor","bronze:Frontload"],"picked":"bronze:Iterate","floor":14},{"not_picked":["bronze:GetLatest","bronze:NullPointer"],"picked":"bronze:BuggyMess","floor":15},{"not_picked":["bronze:HyperBeam","bronze:HardenedForm"],"picked":"bronze:SpaghettiCode","floor":16},{"not_picked":[],"picked":"bronze:BronzeOrb","floor":19},{"not_picked":[],"picked":"bronze:Iterate+1","floor":21},{"not_picked":[],"picked":"bronze:Branch","floor":22},{"not_picked":[],"picked":"bronze:Overload","floor":27},{"not_picked":["bronze:Invalidate+1"],"picked":"SKIP","floor":28},{"not_picked":[],"picked":"bronze:FineTuning","floor":29},{"not_picked":[],"picked":"bronze:Turbo","floor":30},{"not_picked":["bronze:Backtrace"],"picked":"SKIP","floor":31},{"not_picked":["bronze:Invalidate"],"picked":"SKIP","floor":32}],"player_experience":343971,"relics_obtained":[{"floor":7,"key":"bronze:ProtectiveGoggles"},{"floor":9,"key":"HornCleat"},{"floor":20,"key":"Nilry\u0027s Codex"},{"floor":24,"key":"Tiny Chest"}],"event_choices":[],"is_beta":false,"boss_relics":[{"not_picked":["Velvet Choker","SacredBark"],"picked":"Busted Crown"}],"items_purged_floors":[],"is_endless":false,"potions_floor_spawned":[3,9,10,16,27,29,31],"killed_by":"SI_MIRROR_ARCHETYPE","ascension_level":1}}