{"host":"91qk9v3o49otpvon","time":1611020591,"event":{"mods":["A Magickal Journey","Act Like it!","Arknights The Spire","Astrologer","BaseMod","CapriCore","Downfall","Elementarium","Fireblade Mod","GungeonMod","Hallownest","Hermit","JesterMod","Luminous","Minty Spire (QoL Compilation)","Quick Restart","Remilia??????","SOS???????","StSLib","The Animator","The Bug Knight","The Exalted","The Immortal","The Judge","The Kombatant","The Marked","The Necromancer","The Servant 0.9.4","The Wild Card","TheHero","TheSwordswoman"],"gold_per_floor":[99,99,99,118,137,137,137],"floor_reached":6,"language":"ENG","playtime":350,"items_purged":[],"score":36,"play_id":"97b1662a-9e1c-4926-aa8f-1db25d4111f3","local_time":"20210119014311","is_ascension_mode":false,"campfire_choices":[],"circlet_count":0,"master_deck":["Luminous:Light_Flash_Shower","Luminous:Light_Flash_Shower","Luminous:Light_Flash_Shower","Luminous:Dark_Abyssal_Drop","Luminous:Dark_Abyssal_Drop","Luminous:Dark_Abyssal_Drop","Luminous:Defend_Luminous","Luminous:Defend_Luminous","Luminous:Defend_Luminous","Luminous:Defend_Luminous","Luminous:Switch_Luminous+1","Luminous:Light_Ray_of_Redemption","Luminous:Dark_Raid","Luminous:Light_Glare"],"relics":["Luminous:MirrorRelic"],"acts_visited":["Exordium"],"potions_floor_usage":[6],"damage_taken":[{"damage":1,"enemies":"2 Louse","floor":1,"turns":4},{"damage":15,"enemies":"2 Louse","floor":2,"turns":8},{"damage":7,"enemies":"Small Slimes","floor":4,"turns":4},{"damage":8,"enemies":"Jaw Worm","floor":5,"turns":2},{"damage":52,"enemies":"3 Sentries","floor":6,"turns":8}],"seed_played":"-980519748849615948","potions_obtained":[{"floor":2,"key":"EssenceOfSteel"}],"is_trial":false,"path_per_floor":["M","?","?","M","M","E"],"character_chosen":"LuminousClass","items_purchased":[],"campfire_rested":0,"item_purchase_floors":[],"current_hp_per_floor":[74,60,60,56,48,0,0],"gold":137,"neow_bonus":"UPGRADE_CARD","is_daily":false,"chose_seed":false,"campfire_upgraded":0,"win_rate":0.0,"timestamp":1611020591,"path_taken":["M","?","?","M","M","E"],"items_purchased_type":[],"build_version":"2020-12-22","purchased_purges":0,"victory":false,"max_hp_per_floor":[75,75,75,75,75,75,75],"card_choices":[{"not_picked":["Luminous:Light_Glare","Luminous:Accumulation_Luminous"],"picked":"Luminous:Light_Ray_of_Redemption","floor":1},{"not_picked":["Luminous:Light_Disperse","Luminous:Blinding_Pillar_Luminous"],"picked":"Luminous:Dark_Raid","floor":4},{"not_picked":["Luminous:Light_Gather","Luminous:Dark_Raid"],"picked":"Luminous:Light_Glare","floor":5}],"player_experience":219240,"relics_obtained":[],"event_choices":[{"damage_healed":0,"gold_gain":0,"player_choice":"Ignored","damage_taken":0,"max_hp_gain":0,"max_hp_loss":0,"event_name":"Golden Wing","floor":3,"gold_loss":0}],"is_beta":false,"boss_relics":[],"items_purged_floors":[],"is_endless":false,"potions_floor_spawned":[2],"killed_by":"3 Sentries","ascension_level":0}}