{"host":"l5xpox9cbdko122s","time":1611100059,"event":{"mods":["AchievementEnabler","BaseMod","Minty Spire (QoL Compilation)"],"gold_per_floor":[110,128,128,143,143,143,163,163,218,252,273,273,198,221,221,221,221],"floor_reached":16,"language":"ENG","playtime":598,"items_purged":["Injury"],"score":102,"play_id":"bc5803d3-6f4d-441d-a6f8-bc0fd959d0df","local_time":"20210119184739","is_ascension_mode":false,"campfire_choices":[{"floor":6,"key":"RECALL"},{"data":"Self Repair","floor":8,"key":"SMITH"},{"floor":12,"key":"REST"},{"data":"Reprogram","floor":15,"key":"SMITH"}],"circlet_count":0,"master_deck":["Strike_B","Strike_B","Strike_B","Strike_B","Defend_B","Defend_B","Defend_B","Zap","Dualcast","Self Repair+1","Conserve Battery","Reprogram+1","Self Repair"],"relics":["Cracked Core","NeowsBlessing","Golden Idol","Vajra"],"acts_visited":["Exordium"],"potions_floor_usage":[10,10],"damage_taken":[{"damage":0,"enemies":"Cultist","floor":1,"turns":1},{"damage":0,"enemies":"Small Slimes","floor":2,"turns":1},{"damage":0,"enemies":"Jaw Worm","floor":4,"turns":1},{"damage":3,"enemies":"Looter","floor":7,"turns":3},{"damage":25,"enemies":"Gremlin Nob","floor":10,"turns":4},{"damage":26,"enemies":"Gremlin Gang","floor":11,"turns":4},{"damage":9,"enemies":"2 Fungi Beasts","floor":14,"turns":3},{"damage":65,"enemies":"Slime Boss","floor":16,"turns":13}],"seed_played":"-91055032120070811","potions_obtained":[{"floor":2,"key":"Explosive Potion"},{"floor":7,"key":"BlessingOfTheForge"}],"is_trial":false,"path_per_floor":["M","M","?","M","?","R","M","R","T","E","M","R","$","M","R","B"],"character_chosen":"DEFECT","items_purchased":[],"campfire_rested":1,"item_purchase_floors":[],"current_hp_per_floor":[75,75,68,68,68,68,72,72,72,57,41,63,63,64,64,0,0],"gold":221,"neow_bonus":"THREE_ENEMY_KILL","is_daily":false,"chose_seed":false,"campfire_upgraded":2,"win_rate":0.0,"timestamp":1611100059,"path_taken":["M","?","?","M","?","R","M","R","T","E","M","R","$","M","R","BOSS"],"items_purchased_type":[],"build_version":"2020-12-22","purchased_purges":1,"victory":false,"max_hp_per_floor":[75,75,75,75,75,75,75,75,75,75,75,75,75,75,75,75,75],"card_choices":[{"not_picked":["Stack","Hologram"],"picked":"Self Repair","floor":1},{"not_picked":["Redo","White Noise"],"picked":"Conserve Battery","floor":2},{"not_picked":["Defragment","Beam Cell","Steam"],"picked":"SKIP","floor":4},{"not_picked":["Recycle","Streamline","Ball Lightning"],"picked":"SKIP","floor":7},{"not_picked":["Storm","Cold Snap"],"picked":"Reprogram","floor":10},{"not_picked":["Coolheaded","Static Discharge","Steam"],"picked":"SKIP","floor":11},{"not_picked":["Blizzard","Hologram"],"picked":"Self Repair","floor":14}],"player_experience":143617,"relics_obtained":[{"floor":10,"key":"Vajra"}],"event_choices":[{"cards_removed":["Defend_B"],"damage_healed":0,"gold_gain":0,"player_choice":"Card Removal","damage_taken":7,"max_hp_gain":0,"max_hp_loss":0,"event_name":"Golden Wing","floor":3,"gold_loss":0},{"damage_healed":0,"gold_gain":0,"player_choice":"Take Wound","damage_taken":0,"relics_obtained":["Golden Idol"],"max_hp_gain":0,"max_hp_loss":0,"event_name":"Golden Idol","floor":5,"gold_loss":0,"cards_obtained":["Injury"]}],"is_beta":false,"boss_relics":[],"items_purged_floors":[13],"is_endless":false,"potions_floor_spawned":[2,7],"killed_by":"Slime Boss","ascension_level":0}}