{"host":"slngz8sobihb8iwl","time":1611025206,"event":{"mods":["2.2 Compatiblity","Act Like it!","Astrologer","Bard","BaseMod","Colored Powertips","Elementarium","Gensokyo","GifTheSpireLib","Hallownest","Hermit","Marisa????????","Menagerie","Minty Spire (QoL Compilation)","Permanent Neow","Random Character Button","Rare Cards Sparkle","Relic Filter","Robot Space Explorer","Spire Arcade","StSLib","SuperFastMode","Td1madao Mod","The Bug Knight","The Cursed","The Disciple","The Gatherer","The Hierophant","The Judge","The Marked","The Runesmith","TheVelvet","Unceasing Turn Reminder"],"gold_per_floor":[211,1,1,16,26,259,259,270,270,270,107,107,107,121,121,226,226,242,254,269,51,67,96,346,346,346,364,381,400,419,33,33,137,137,147,366,180,190,12,45,63,63,63,63,63,3,32,45,45,45],"floor_reached":51,"language":"ENG","playtime":4042,"items_purged":["Pain"],"score":848,"play_id":"44efd15f-a155-482f-9e05-65b56364da18","local_time":"20210118220006","is_ascension_mode":true,"campfire_choices":[{"floor":10.0,"key":"REST"},{"data":"RobotSpaceExplorer:PlasmaMissile","floor":13.0,"key":"SMITH"},{"data":"RobotSpaceExplorer:Blaster","floor":15.0,"key":"SMITH"},{"data":"RobotSpaceExplorer:StarLightning","floor":25.0,"key":"SMITH"},{"floor":32,"key":"REST"},{"floor":42,"key":"REST"},{"data":"RobotSpaceExplorer:PowerCollector","floor":45,"key":"SMITH"},{"data":"RobotSpaceExplorer:DroneSwarm","floor":49,"key":"SMITH"}],"circlet_count":0,"master_deck":["RobotSpaceExplorer:Strike","RobotSpaceExplorer:Strike","RobotSpaceExplorer:Strike","RobotSpaceExplorer:Strike","RobotSpaceExplorer:Defend","RobotSpaceExplorer:Defend","RobotSpaceExplorer:Defend","RobotSpaceExplorer:Defend","RobotSpaceExplorer:Scan","RobotSpaceExplorer:MiniLasers","RobotSpaceExplorer:PowerCollector","RobotSpaceExplorer:SurgingStrike","RobotSpaceExplorer:PlasmaMissile+1","RobotSpaceExplorer:Counterblock+1","RobotSpaceExplorer:StunGrenade","Good Instincts+1","RobotSpaceExplorer:Blaster+1","RobotSpaceExplorer:TrailblazerForm","RobotSpaceExplorer:IronShell+1","RobotSpaceExplorer:Pulsar+1","RobotSpaceExplorer:FreezingShield+1","RobotSpaceExplorer:StarLightning+1","RobotSpaceExplorer:Arsenal+1","RobotSpaceExplorer:PowerCollector+1","RobotSpaceExplorer:PowerGlove","RobotSpaceExplorer:ScrapMissile","RobotSpaceExplorer:PlasmaMissile","RobotSpaceExplorer:DroneSwarm+1","RobotSpaceExplorer:Pulsar+1","Gensokyo:TurboGranny","Mayhem","RobotSpaceExplorer:Fix+1","RobotSpaceExplorer:PlasmaMissile+1","Gensokyo:CustomPotion"],"relics":["RobotSpaceExplorer:RoboCore","Frozen Eye","Toxic Egg 2","Oddly Smooth Stone","Gensokyo:LunaticRedEyes","Blood Vial","Incense Burner","Philosopher\u0027s Stone","Lantern","PreservedInsect","Orrery","Toolbox","SlaversCollar","Dream Catcher","Omamori","RobotSpaceExplorer:ToughPlating","Akabeko","Lizard Tail"],"acts_visited":["Exordium","Gensokyo:Gensokyo","Gensokyo:Gensokyoer"],"potions_floor_usage":[27,28,40,50,50],"damage_taken":[{"damage":0.0,"enemies":"Gensokyo:2_Kodama","floor":1.0,"turns":3.0},{"damage":2.0,"enemies":"Gensokyo:Python","floor":4.0,"turns":5.0},{"damage":6.0,"enemies":"Gensokyo:3_Fairies","floor":5.0,"turns":4.0},{"damage":60.0,"enemies":"Gensokyo:Aya","floor":6.0,"turns":9.0},{"damage":2.0,"enemies":"Gensokyo:Python_and_Kodama","floor":8.0,"turns":3.0},{"damage":0.0,"enemies":"Gensokyo:Gryphon_and_Rabbit","floor":14.0,"turns":3.0},{"damage":9.0,"enemies":"Gensokyo:Reimu","floor":16.0,"turns":12.0},{"damage":0.0,"enemies":"Gensokyo:CosmicMonolith","floor":18.0,"turns":2.0},{"damage":0.0,"enemies":"Gensokyo:2_Gloops","floor":19.0,"turns":4.0},{"damage":4.0,"enemies":"Gensokyo:Wraith","floor":20.0,"turns":4.0},{"damage":0.0,"enemies":"Gensokyo:Swordslinger","floor":22.0,"turns":4.0},{"damage":3.0,"enemies":"Gensokyo:Reisen","floor":23.0,"turns":8.0},{"damage":14,"enemies":"Gensokyo:3_Gloops","floor":27,"turns":5},{"damage":7,"enemies":"Gensokyo:Chomper_and_Gloop","floor":28,"turns":6},{"damage":0,"enemies":"Gensokyo:Wraith","floor":29,"turns":5},{"damage":11,"enemies":"Gensokyo:Mirror_and_Dog","floor":30,"turns":5},{"damage":36,"enemies":"Gensokyo:Eiki","floor":33,"turns":9},{"damage":9,"enemies":"Gensokyo:3_Boulders","floor":35,"turns":6},{"damage":1,"enemies":"Gensokyo:3_Bats","floor":36,"turns":4},{"damage":20,"enemies":"Gensokyo:Rafflesia","floor":38,"turns":7},{"damage":3,"enemies":"Gensokyo:Doremy","floor":40,"turns":4},{"damage":28,"enemies":"Gensokyo:4_Bats","floor":41,"turns":5},{"damage":0,"enemies":"Gensokyo:Marisa","floor":47,"turns":2},{"damage":0,"enemies":"Gensokyo:AtlasGolem","floor":48,"turns":4},{"damage":0,"enemies":"Gensokyo:Yuyuko","floor":50,"turns":5}],"seed_played":"7192622256004980992","potions_obtained":[{"floor":6.0,"key":"Fire Potion"},{"floor":8.0,"key":"Ancient Potion"},{"floor":18.0,"key":"AttackPotion"},{"floor":22.0,"key":"RobotSpaceExplorer:PlasmaFlask"},{"floor":27,"key":"Explosive Potion"},{"floor":29,"key":"SpeedPotion"},{"floor":30,"key":"PowerPotion"},{"floor":41,"key":"Swift Potion"},{"floor":47,"key":"RobotSpaceExplorer:LiquidFusion"}],"is_trial":false,"path_per_floor":["M","COS","?","M","M","E","?","M","T","R","$","T","R","M","R","B",null,"M","M","M","$","M","E","?","R","T","M","M","M","M","COS","R","B",null,"M","M","COS","M","$","E","M","R","T","?","R","?","E","M","R","B",null],"character_chosen":"RobotSpaceExplorer","items_purchased":["Good Instincts+1","Lantern","RobotSpaceExplorer:StarLightning","Mayhem"],"campfire_rested":3,"item_purchase_floors":[11,21,21,39],"current_hp_per_floor":[75,75,75,73,67,7,7,5,5,27,27,27,27,29,29,22,75,75,75,71,71,73,72,71,71,71,57,52,54,45,45,66,32,71,62,63,63,45,45,44,24,45,45,45,45,45,53,55,55,55],"gold":45,"neow_bonus":"HUNDRED_GOLD","is_daily":false,"chose_seed":false,"campfire_upgraded":5,"win_rate":0.0,"timestamp":1611025206,"path_taken":["M","COS","?","?","M","E","?","?","T","R","$","?","R","?","R","BOSS","M","M","?","$","?","E","?","R","T","?","?","M","M","COS","R","BOSS","M","?","COS","M","$","E","M","R","T","?","R","?","E","M","R","BOSS"],"items_purchased_type":["Card","Relic","Card","Card"],"build_version":"2020-12-22","purchased_purges":1,"victory":true,"max_hp_per_floor":[75,75,75,75,75,75,75,75,75,75,75,75,75,75,75,75,75,75,75,75,75,75,75,71,71,71,71,71,71,71,71,71,71,71,71,71,71,71,71,71,71,71,71,71,71,71,71,71,71,71],"card_choices":[{"not_picked":["RobotSpaceExplorer:Ammunition","RobotSpaceExplorer:DualCore"],"picked":"RobotSpaceExplorer:PowerCollector","floor":1.0},{"not_picked":["RobotSpaceExplorer:ScrapMissile","RobotSpaceExplorer:PowerGlove"],"picked":"RobotSpaceExplorer:SurgingStrike","floor":4.0},{"not_picked":["RobotSpaceExplorer:Probe","RobotSpaceExplorer:FreezeRay"],"picked":"RobotSpaceExplorer:PlasmaMissile","floor":5.0},{"not_picked":["RobotSpaceExplorer:Calculate+1","RobotSpaceExplorer:SelfCleaning+1"],"picked":"RobotSpaceExplorer:Counterblock+1","floor":6.0},{"not_picked":["RobotSpaceExplorer:MiniDrones","RobotSpaceExplorer:SlimeMissile"],"picked":"RobotSpaceExplorer:StunGrenade","floor":8.0},{"not_picked":["RobotSpaceExplorer:Probe","RobotSpaceExplorer:Pulsar+1"],"picked":"RobotSpaceExplorer:Blaster","floor":14.0},{"not_picked":["RobotSpaceExplorer:Explosion","RobotSpaceExplorer:Exploration+1"],"picked":"RobotSpaceExplorer:TrailblazerForm","floor":16.0},{"not_picked":["RobotSpaceExplorer:ImprovisedAttack","RobotSpaceExplorer:SwiftStep+1"],"picked":"RobotSpaceExplorer:IronShell+1","floor":18.0},{"not_picked":["RobotSpaceExplorer:Ammunition+1","RobotSpaceExplorer:Probe"],"picked":"RobotSpaceExplorer:Pulsar+1","floor":19.0},{"not_picked":["RobotSpaceExplorer:ShockKick","RobotSpaceExplorer:StunGrenade+1"],"picked":"RobotSpaceExplorer:FreezingShield+1","floor":20.0},{"not_picked":["RobotSpaceExplorer:FranticSearch+1","RobotSpaceExplorer:ImprovisedAttack+1","RobotSpaceExplorer:SwiftStep+1"],"picked":"SKIP","floor":22.0},{"not_picked":["RobotSpaceExplorer:DoubleBlock+1","RobotSpaceExplorer:JunkDive+1"],"picked":"RobotSpaceExplorer:Arsenal+1","floor":23.0},{"not_picked":["RobotSpaceExplorer:ShockKick","RobotSpaceExplorer:FrostMissile+1"],"picked":"RobotSpaceExplorer:PowerCollector","floor":27},{"not_picked":["RobotSpaceExplorer:Pulsar+1","RobotSpaceExplorer:ExhaustFan","RobotSpaceExplorer:SlimeMissile"],"picked":"SKIP","floor":28},{"not_picked":["RobotSpaceExplorer:FreezingShield+1","RobotSpaceExplorer:Blitz","RobotSpaceExplorer:ImprovisedAttack"],"picked":"SKIP","floor":29},{"not_picked":["RobotSpaceExplorer:Pulsar+1","RobotSpaceExplorer:ToxicBomb+1"],"picked":"RobotSpaceExplorer:LaserBurst","floor":30},{"not_picked":["RobotSpaceExplorer:Probe","RobotSpaceExplorer:ScrapMissile"],"picked":"RobotSpaceExplorer:PowerGlove","floor":31},{"not_picked":["RobotSpaceExplorer:ExhaustFan+1","RobotSpaceExplorer:Counterblock+1"],"picked":"RobotSpaceExplorer:ScrapMissile","floor":31},{"not_picked":["RobotSpaceExplorer:ImprovisedAttack+1","RobotSpaceExplorer:Blitz"],"picked":"RobotSpaceExplorer:PlasmaMissile","floor":31},{"not_picked":["RobotSpaceExplorer:Scanner","RobotSpaceExplorer:Arsenal+1"],"picked":"RobotSpaceExplorer:DroneSwarm","floor":33},{"not_picked":["RobotSpaceExplorer:IronShell+1","RobotSpaceExplorer:Counterblock+1","RobotSpaceExplorer:MetalStrike+1"],"picked":"SKIP","floor":35},{"not_picked":["RobotSpaceExplorer:SurgingStrike","RobotSpaceExplorer:FrostMissile"],"picked":"RobotSpaceExplorer:Pulsar+1","floor":36},{"not_picked":["RobotSpaceExplorer:ScrapShield+1","RobotSpaceExplorer:ExhaustFan","RobotSpaceExplorer:MakeshiftVolley+1"],"picked":"SKIP","floor":38},{"not_picked":["RobotSpaceExplorer:MiniDrones+1","RobotSpaceExplorer:DoubleBlock+1"],"picked":"RobotSpaceExplorer:Fix+1","floor":40},{"not_picked":["RobotSpaceExplorer:ImprovisedAttack","RobotSpaceExplorer:Probe+1"],"picked":"RobotSpaceExplorer:PlasmaMissile+1","floor":41},{"not_picked":["RobotSpaceExplorer:Explosion","RobotSpaceExplorer:ShovelStrike+1","RobotSpaceExplorer:StarDust"],"picked":"SKIP","floor":47},{"not_picked":["RobotSpaceExplorer:Smokescreen+1","RobotSpaceExplorer:Probe","RobotSpaceExplorer:Blitz+1"],"picked":"SKIP","floor":48}],"player_experience":412988,"relics_obtained":[{"floor":6.0,"key":"Oddly Smooth Stone"},{"floor":9.0,"key":"Blood Vial"},{"floor":12.0,"key":"Incense Burner"},{"floor":23.0,"key":"PreservedInsect"},{"floor":40,"key":"Omamori"},{"floor":43,"key":"RobotSpaceExplorer:ToughPlating"},{"floor":47,"key":"Lizard Tail"}],"event_choices":[],"is_beta":false,"boss_relics":[{"not_picked":["Calling Bell","SacredBark"],"picked":"Philosopher\u0027s Stone"},{"not_picked":["Empty Cage","Runesmith:UraniumAnvil"],"picked":"SlaversCollar"}],"items_purged_floors":[11],"is_endless":false,"potions_floor_spawned":[6,8,18,22,27,29,30,36,38,41,47],"ascension_level":2}}