{"host":"mgwrmgf4x3air4cr","time":1611068705,"event":{"mods":["ATMod(阿瑾Mod)","Act Like it!","BaseMod","Downfall","HololiveMod","KinomotoSakuraMod(木之本樱)","Minty Spire (QoL Compilation)","RumiaBox-露米娅的神秘盒子","Shop Mod","StSLib","TestMod","Waifu the Spire","WarShipGirlsR/战舰少女R mod","noobMod","【功能Mod】混沌之环修复补丁","篝火指南"],"gold_per_floor":[83,102,102,113,113,144,144,171,171,197,228,228,628,650,37,158,158,193,193,83,73,73,73,107,107,107,117,146,88,112,147,147,284,284,297,297,313,313,313,313,346,362,388,444,265,290,328,56,56,75,75,75,35,82,103],"floor_reached":56,"language":"ZHS","playtime":4112,"items_purged":["downfall:Bewildered"],"score":1907,"play_id":"165f798a-e9a8-4647-b89b-d3adb3374793","local_time":"20210119230505","is_ascension_mode":true,"campfire_choices":[{"data":"AT_FamilyPortrait","floor":7,"key":"SMITH"},{"data":"Hololive_CallSpadeEcho","floor":12,"key":"SMITH"},{"floor":23,"key":"RECALL"},{"data":"Hololive_CallFriendA","floor":25,"key":"SMITH"},{"data":"Hololive_CallAmaneKanata","floor":32,"key":"SMITH"},{"data":"Hololive_CallMurasakiShion","floor":40,"key":"SMITH"},{"data":"Hololive_CallManoAloe","floor":49,"key":"SMITH"},{"data":"Hololive_Nanodesu","floor":52,"key":"SMITH"}],"circlet_count":0,"master_deck":["Hololive_RecruitS","Hololive_RecruitS","Hololive_RecruitS","Hololive_Defend","AT_FamilyPortrait+1","Hololive_CallMomosuzuNene+20","Hololive_CallMurasakiShion","Hololive_CallOkamiMio","Hololive_CallNakiriAyame+1","Hololive_CallArtia","Hololive_CallMurasakiShion+1","Hololive_CallSpadeEcho+1","Hololive_CallFriendA+1","Hololive_CallYozoraMel+1","Hololive_IdolExercise","Hololive_LuckPotion","Hololive_CallOzoraSubaru","Hololive_CallOzoraSubaru","Hololive_CallRosalyn+1","Hololive_Drill","Hololive_CallKiryuuCoco","Hololive_CallAmaneKanata+1","Hololive_DurableLive","Hololive_Nanodesu+1","Hololive_CallHoshimachiSuisei+1","Chrysalis","Hololive_CallSakuraMiko","Hololive_CallUsadaPekora","Hololive_CallHimemoriLuna","Hololive_CallDoris","Hololive_CallManoAloe+1","Hololive_CallMinatoAqua+1","Hololive_CallHoushouMarine","Hololive_CallUruhaRushia","Hololive_CallYukihanaLamy"],"relics":["Hololive_TheStar","Hololive_YagooBigFamily","ice","testmod-Register","NeowsBlessing","AT_ATBox","hexamod:CandleOfCauterizing","AT_GuinsooRageblade","sneckomod:BlankCard","MerchantsRug","Bottled Lightning","sneckomod:SneckoTalon","sneckomod:BabySnecko","Hololive_LightStick","Akabeko","AT_ArchangelStaff","HandDrill","White Beast Statue","EasyGame_NEW","Happy Flower","hexamod:BolsterEngine","champ:Barbells","Omamori","testmod-ArcanaOfDestiny","Singing Bowl","InkBottle"],"acts_visited":["Exordium","TheCity","TheBeyond","TheEnding"],"potions_floor_usage":[6,8,16,33,37,41,44,44],"damage_taken":[{"damage":0,"enemies":"2 Louse","floor":1,"turns":1},{"damage":0,"enemies":"Small Slimes","floor":2,"turns":2},{"damage":0,"enemies":"Jaw Worm","floor":4,"turns":1},{"damage":0,"enemies":"Gremlin Nob","floor":6,"turns":4},{"damage":0,"enemies":"3 Sentries","floor":8,"turns":3},{"damage":0,"enemies":"2 Fungi Beasts","floor":10,"turns":3},{"damage":0,"enemies":"Gremlin Nob","floor":11,"turns":2},{"damage":0,"enemies":"Looter","floor":14,"turns":3},{"damage":0,"enemies":"The Guardian","floor":16,"turns":4},{"damage":0,"enemies":"3 Byrds","floor":18,"turns":3},{"damage":1,"enemies":"Book of Stabbing","floor":24,"turns":4},{"damage":0,"enemies":"2 Thieves","floor":27,"turns":2},{"damage":11,"enemies":"Slavers","floor":28,"turns":3},{"damage":0,"enemies":"Snecko","floor":30,"turns":3},{"damage":0,"enemies":"Book of Stabbing","floor":31,"turns":3},{"damage":0,"enemies":"Champ","floor":33,"turns":5},{"damage":0,"enemies":"3 Darklings","floor":35,"turns":2},{"damage":0,"enemies":"Orb Walker","floor":37,"turns":1},{"damage":0,"enemies":"Reptomancer","floor":41,"turns":2},{"damage":0,"enemies":"4 Shapes","floor":42,"turns":2},{"damage":6,"enemies":"Transient","floor":44,"turns":5},{"damage":0,"enemies":"Giant Head","floor":47,"turns":3},{"damage":0,"enemies":"Time Eater","floor":50,"turns":4},{"damage":0,"enemies":"Shield and Spear","floor":54,"turns":3},{"damage":0,"enemies":"The Heart","floor":55,"turns":3}],"seed_played":"-4476701881482923582","potions_obtained":[{"floor":2,"key":"SkillPotion"},{"floor":4,"key":"Fire Potion"},{"floor":6,"key":"testmod-TestPotion"},{"floor":10,"key":"FearPotion"},{"floor":14,"key":"Regen Potion"},{"floor":24,"key":"Guardian:BlockOnCardUsePotion"},{"floor":30,"key":"SkillPotion"},{"floor":31,"key":"Swift Potion"},{"floor":33,"key":"SkillPotion"},{"floor":35,"key":"testmod-EscapePotion"},{"floor":37,"key":"Fire Potion"},{"floor":41,"key":"Fire Potion"},{"floor":42,"key":"ColorlessPotion"},{"floor":44,"key":"AttackPotion"},{"floor":47,"key":"Fire Potion"},{"floor":54,"key":"Fire Potion"}],"is_trial":false,"path_per_floor":["M","M","?","M","?","E","R","E","T","M","E","R","?","M","R","B",null,"M","?","$","?","T","R","E","R","T","M","E","$","M","E","R","B",null,"M","?","M","?","?","R","E","M","T","M","R","T","E","$","R","B",null,"R","$","E","B",null],"character_chosen":"Hololive_HololiveCharacter","items_purchased":["sneckomod:BlankCard","MerchantsRug","Bottled Lightning","Hololive_CallYozoraMel","Hololive_CallOzoraSubaru","HandDrill","Hololive_CallManoAloe","champ:Barbells","Hololive_CallHoushouMarine","Singing Bowl","Hololive_CallUruhaRushia"],"campfire_rested":0,"item_purchase_floors":[15,15,15,15,20,29,45,45,48,48,53],"current_hp_per_floor":[35,35,35,35,35,35,35,35,35,35,35,35,35,35,35,35,35,35,35,35,35,35,35,34,34,34,34,23,23,23,23,23,23,35,35,35,35,35,35,35,35,35,35,29,29,29,29,29,29,29,35,35,35,35,35],"gold":103,"neow_bonus":"THREE_ENEMY_KILL","is_daily":false,"chose_seed":false,"campfire_upgraded":7,"win_rate":0.0,"timestamp":1611068705,"path_taken":["M","M","?","M","?","E","R","E","T","M","E","R","?","M","R","BOSS","M","?","$","?","?","R","E","R","T","M","E","$","M","E","R","BOSS","M","?","M","?","?","R","E","M","T","?","R","?","E","?","R","BOSS","R","$","E","BOSS"],"items_purchased_type":["Relic","Relic","Relic","Card","Card","Relic","Card","Relic","Card","Relic","Card"],"build_version":"2020-12-22","purchased_purges":1,"victory":true,"max_hp_per_floor":[35,35,35,35,35,35,35,35,35,35,35,35,35,35,35,35,35,35,35,35,35,35,35,35,35,35,35,35,35,35,35,35,35,35,35,35,35,35,35,35,35,35,35,35,35,35,35,35,35,35,35,35,35,35,35],"card_choices":[{"not_picked":["Hololive_RevenueBasedLive","Hololive_StrengthChampion","Hololive_Rebound"],"picked":"Hololive_CallMomosuzuNene","floor":1},{"not_picked":["Hololive_OvertimeWork","Hololive_StrengthChampion","Hololive_RevenueBasedLive"],"picked":"Hololive_CallMurasakiShion","floor":2},{"not_picked":["Hololive_Rebound","Hololive_CallCivia","Hololive_OpenUp"],"picked":"Hololive_CallOkamiMio","floor":4},{"not_picked":["Hololive_CallOkamiMio","Hololive_OvertimeWork","Hololive_CallCivia"],"picked":"Hololive_CallNakiriAyame","floor":6},{"not_picked":["Hololive_Sequa","Hololive_Trident","Hololive_CocoNews"],"picked":"Hololive_CallArtia","floor":8},{"not_picked":["Hololive_Breathe","Hololive_CocoNews","Hololive_Sequa"],"picked":"Hololive_CallMurasakiShion","floor":10},{"not_picked":["Hololive_RevenueBasedLive","Hololive_Trident","Hololive_CallYozoraMel"],"picked":"Hololive_CallSpadeEcho","floor":11},{"not_picked":["Hololive_Psychosis","Hololive_RevenueBasedLive","Hololive_Breathe"],"picked":"Hololive_CallFriendA","floor":14},{"not_picked":["Hololive_FlareMind","Hololive_WolfAndLamb","Hololive_MaximGun"],"picked":"Hololive_IdolExercise","floor":16},{"not_picked":["Hololive_CallYozoraMel","Hololive_HuntDinosaur","Hololive_Breathe"],"picked":"Hololive_LuckPotion","floor":18},{"not_picked":[],"picked":"Hololive_CallOzoraSubaru","floor":21},{"not_picked":["Hololive_Breathe+1","Hololive_Rebound","Hololive_CallMomosuzuNene"],"picked":"Hololive_CallRosalyn+1","floor":24},{"not_picked":["Hololive_BringToTrial+1","Hololive_CocoNews","Hololive_CallYozoraMel"],"picked":"Hololive_Drill","floor":27},{"not_picked":["Hololive_ManjiGathering","Hololive_Psychosis","Hololive_FlyingPonyTail"],"picked":"Hololive_CallKiryuuCoco","floor":28},{"not_picked":["Hololive_LuckPotion","Hololive_Psychosis","Hololive_Recruit"],"picked":"Hololive_CallAmaneKanata","floor":30},{"not_picked":["Hololive_CocoNews+1","Hololive_FlyingPonyTail","Hololive_CallRosalyn"],"picked":"Hololive_DurableLive","floor":31},{"not_picked":["Hololive_Recruit","Hololive_DDD","Hololive_ScarfAndHalo"],"picked":"Hololive_Nanodesu","floor":33},{"not_picked":["Hololive_Breathe","Hololive_Psychosis+1","Hololive_HuntDinosaur+1"],"picked":"Hololive_CallHoshimachiSuisei+1","floor":35},{"not_picked":["testmod-TreasureHunter","AT_LightSaberMaster","testmod-PulseDistributor"],"picked":"Chrysalis","floor":36},{"not_picked":["Hololive_Rebound","Hololive_FlyingPonyTail+1","Hololive_CallHimemoriLuna"],"picked":"Hololive_CallSakuraMiko","floor":37},{"not_picked":["Hololive_CallKiryuuCoco","Hololive_CallSpadeEcho+1","Hololive_Breathe"],"picked":"Hololive_CallUsadaPekora","floor":41},{"not_picked":["Hololive_FlyingPonyTail","Hololive_Drill+1","Hololive_Sequa"],"picked":"Hololive_CallHimemoriLuna","floor":42},{"not_picked":["Hololive_Trident","Hololive_AWSL","Hololive_HuntDinosaur+1"],"picked":"Hololive_CallDoris","floor":44},{"not_picked":["Hololive_CallAkaiHaato","Hololive_LuckPotion","Hololive_OvertimeWork"],"picked":"Hololive_CallMinatoAqua+1","floor":47},{"not_picked":["Hololive_Sequa","Hololive_ILoveYou","Hololive_Drill"],"picked":"Hololive_CallYukihanaLamy","floor":54}],"player_experience":85863,"relics_obtained":[{"floor":6,"key":"hexamod:CandleOfCauterizing"},{"floor":8,"key":"Whetstone"},{"floor":11,"key":"AT_GuinsooRageblade"},{"floor":22,"key":"testmod-BalancedPeriapt"},{"floor":24,"key":"Hololive_LightStick"},{"floor":26,"key":"Akabeko"},{"floor":28,"key":"AT_ArchangelStaff"},{"floor":31,"key":"White Beast Statue"},{"floor":41,"key":"Happy Flower"},{"floor":43,"key":"hexamod:BolsterEngine"},{"floor":46,"key":"Omamori"},{"floor":47,"key":"testmod-ArcanaOfDestiny"},{"floor":54,"key":"InkBottle"}],"event_choices":[{"damage_healed":0,"gold_gain":0,"player_choice":"Swap Relic","damage_taken":0,"relics_obtained":["AT_ATBox"],"max_hp_gain":0,"max_hp_loss":0,"event_name":"给自己的盒子","floor":3,"relics_lost":["testmod-TestBox"],"gold_loss":0},{"cards_removed":["Hololive_Strike"],"damage_healed":0,"gold_gain":0,"player_choice":"Forget","damage_taken":0,"max_hp_gain":0,"max_hp_loss":0,"event_name":"Living Wall","floor":5,"gold_loss":0},{"damage_healed":0,"gold_gain":400,"player_choice":"Sell","damage_taken":0,"max_hp_gain":0,"max_hp_loss":0,"event_name":"恩洛斯的盘子","floor":13,"relics_lost":["AT_ATBox"],"gold_loss":0},{"damage_healed":0,"gold_gain":0,"player_choice":"Memory 1","damage_taken":0,"max_hp_gain":0,"max_hp_loss":0,"event_name":"SensoryStone","floor":36,"gold_loss":0},{"cards_removed":["Hololive_RecruitS"],"damage_healed":0,"gold_gain":0,"player_choice":"Removed Skill","damage_taken":0,"max_hp_gain":0,"max_hp_loss":0,"event_name":"Falling","floor":39,"gold_loss":0}],"is_beta":false,"boss_relics":[{"not_picked":["SacredBark","testmod-EnergyCheck"],"picked":"sneckomod:SneckoTalon"},{"not_picked":["testmod-Fanaticism","testmod-NegativeEmotionEnhancer"],"picked":"EasyGame_NEW"}],"items_purged_floors":[20],"is_endless":false,"potions_floor_spawned":[2,4,6,10,14,24,30,31,33,35,37,41,42,44,47,54],"ascension_level":3}}