{"host":"81ky99ge2noxnhld","time":1611066526,"event":{"mods":["Act Like it!","BaseMod","Friendly Minions","Hallownest","Hermit","HornydragonMod","Minty Spire (QoL Compilation)","SOS¡]´µ¤Ú?¤§¤l¡^","StSLib","Youmu¡]»î¾z§¯?¡^"],"gold_per_floor":[119,119,138,138,138,65,95,46,128,146,184,184,203,203,203,312,312,330,350,36,55,55,55,55,55],"floor_reached":24,"language":"ZHS","playtime":2047,"items_purged":["hermit:Defend_Hermit"],"score":229,"play_id":"e53f8ef6-f1d6-4066-8a7d-853965f75bd6","local_time":"20210119222846","is_ascension_mode":false,"campfire_choices":[{"floor":15,"key":"REST"},{"data":"hermit:Deadeye","floor":23,"key":"SMITH"}],"circlet_count":0,"master_deck":["hermit:Strike_Hermit","hermit:Strike_Hermit","hermit:Strike_Hermit","hermit:Defend_Hermit","hermit:Defend_Hermit","hermit:Snapshot","hermit:Covet","hermit:Deadeye+1","Flash of Steel","hermit:HoleUp","hermit:Dive","hermit:Scavenge","hermit:ItchyTrigger","hermit:Vantage+1","hermit:Deadeye","hermit:HeroicBravado","hermit:GhostlyPresence"],"relics":["hermit:Momento","NeowsBlessing","Hallownest:DreamNailRelic","Ice Cream","Singing Bowl","Darkstone Periapt","Incense Burner","Pocketwatch","Philosopher\u0027s Stone","Toxic Egg 2"],"acts_visited":["Hallownest:Greenpath","TheCity"],"potions_floor_usage":[16,16,24,24],"damage_taken":[{"damage":0,"enemies":"Hallownest:2_MossCreeps","floor":1,"turns":1},{"damage":0,"enemies":"Hallownest:2_Tiktiks_and_1_Crawlid","floor":3,"turns":2},{"damage":0,"enemies":"Hallownest:monsterMarmu","floor":5,"turns":1},{"damage":0,"enemies":"Hallownest:eliteVengeflyKing","floor":7,"turns":10},{"damage":0,"enemies":"Hallownest:2_Baldur","floor":10,"turns":5},{"damage":18,"enemies":"Hallownest:eliteCrystalGuardian","floor":11,"turns":7},{"damage":14,"enemies":"Hallownest:Guard_and_Warrior","floor":13,"turns":8},{"damage":14,"enemies":"Hallownest:BossBrokenVessel","floor":16,"turns":13},{"damage":9,"enemies":"Shell Parasite","floor":18,"turns":8},{"damage":2,"enemies":"Chosen","floor":19,"turns":5},{"damage":2,"enemies":"Sentry and Sphere","floor":21,"turns":10},{"damage":27,"enemies":"Slavers","floor":24,"turns":3}],"seed_played":"6914975359137368361","potions_obtained":[{"floor":3,"key":"Weak Potion"},{"floor":10,"key":"Strength Potion"},{"floor":11,"key":"hermit:Tonic"},{"floor":16,"key":"DuplicationPotion"},{"floor":19,"key":"Explosive Potion"}],"is_trial":false,"path_per_floor":["M","?","M","?","?","$","E","$","T","M","E","?","M","?","R","B",null,"M","M","$","M","?","R","E"],"character_chosen":"HERMIT","items_purchased":["hermit:Scavenge","hermit:Vantage","Toxic Egg 2"],"campfire_rested":1,"item_purchase_floors":[6,8,20],"current_hp_per_floor":[75,75,75,75,75,75,75,75,75,77,59,59,47,29,52,38,79,72,70,70,70,54,54,27,27],"gold":55,"neow_bonus":"THREE_ENEMY_KILL","is_daily":false,"chose_seed":false,"campfire_upgraded":1,"win_rate":0.0,"timestamp":1611066526,"path_taken":["M","?","M","?","?","$","E","?","T","M","E","?","M","?","R","BOSS","M","M","$","M","?","R","E"],"items_purchased_type":["Card","Card","Relic"],"build_version":"2020-12-22","purchased_purges":1,"victory":false,"max_hp_per_floor":[75,75,75,75,75,75,75,75,75,77,77,77,79,79,79,79,79,81,81,81,83,88,88,88,88],"card_choices":[{"not_picked":["hermit:Snipe","hermit:WideOpen"],"picked":"hermit:Deadeye","floor":1},{"not_picked":["Forethought","Blind"],"picked":"Flash of Steel","floor":2},{"not_picked":["hermit:TakeCover","hermit:Maintenance"],"picked":"hermit:HoleUp","floor":2},{"not_picked":["hermit:Cheat","hermit:Vantage"],"picked":"hermit:Dive","floor":3},{"not_picked":["hermit:Maintenance","hermit:BodyArmor"],"picked":"hermit:ItchyTrigger","floor":7},{"not_picked":["hermit:Desperado","hermit:CalledShot","hermit:DeadMansHand"],"picked":"Singing Bowl","floor":10},{"not_picked":["hermit:SprayPray","hermit:TakeCover"],"picked":"hermit:Deadeye","floor":11},{"not_picked":["hermit:Showdown","hermit:Manifest","hermit:PistolWhip"],"picked":"Singing Bowl","floor":13},{"not_picked":["hermit:Roughhouse","hermit:FromBeyond"],"picked":"hermit:HeroicBravado","floor":16},{"not_picked":["hermit:Snipe","hermit:Midnight","hermit:Quickdraw"],"picked":"Singing Bowl","floor":18},{"not_picked":["hermit:HighCaliber","hermit:Snipe"],"picked":"hermit:GhostlyPresence","floor":19},{"not_picked":["hermit:NoHoldsBarred","hermit:Feint+1","hermit:Snipe+1"],"picked":"Singing Bowl","floor":21}],"player_experience":96257,"relics_obtained":[{"floor":7,"key":"Ice Cream"},{"floor":9,"key":"Singing Bowl"},{"floor":11,"key":"Darkstone Periapt"}],"event_choices":[{"damage_healed":0,"gold_gain":0,"player_choice":"Shed Blood","damage_taken":21,"max_hp_gain":5,"max_hp_loss":0,"event_name":"Forgotten Altar","floor":22,"gold_loss":0}],"is_beta":false,"boss_relics":[{"not_picked":["Ectoplasm","Runic Pyramid"],"picked":"Philosopher\u0027s Stone"}],"items_purged_floors":[20],"is_endless":false,"potions_floor_spawned":[3,10,11,16,19],"killed_by":"Slavers","ascension_level":0}}