{"host":"dowi7cgbhepuzvpj","time":1611048320,"event":{"mods":["AchievementEnabler","BaseMod","Colored Map","Highlight Path","Keyboard Shortcuts","Minty Spire (QoL Compilation)","Permanent Neow","Quick Restart","StSLib","SuperFastMode"],"gold_per_floor":[116,266,276,276,295,295,325,341,341,356,321,321,0,0,0,96,96,96,96],"floor_reached":18,"language":"KOR","playtime":281,"items_purged":[],"score":300,"play_id":"aba8f70b-4c1a-4208-9927-54894793ff9f","local_time":"20210119182520","is_ascension_mode":true,"campfire_choices":[{"data":"Terror","floor":6,"key":"SMITH"},{"data":"Neutralize","floor":12,"key":"SMITH"},{"data":"Dagger Spray","floor":15,"key":"SMITH"}],"circlet_count":0,"master_deck":["AscendersBane","Strike_G","Strike_G","Strike_G","Defend_G","Defend_G","Defend_G","Defend_G","Defend_G","Survivor","Neutralize+1","Dagger Spray+1","Doubt","Terror+1","Dagger Spray","Adrenaline"],"relics":["Ring of the Snake","Vajra","Golden Idol","HornCleat","Eternal Feather","Thread and Needle","Unceasing Top","Empty Cage"],"acts_visited":["Exordium","TheCity"],"potions_floor_usage":[16],"damage_taken":[{"damage":1,"enemies":"Cultist","floor":1,"turns":4},{"damage":4,"enemies":"2 Louse","floor":3,"turns":3},{"damage":9,"enemies":"Small Slimes","floor":5,"turns":3},{"damage":8,"enemies":"3 Louse","floor":8,"turns":3},{"damage":6,"enemies":"Looter","floor":10,"turns":2},{"damage":39,"enemies":"Hexaghost","floor":16,"turns":13},{"damage":0,"enemies":"Spheric Guardian","floor":18,"turns":1}],"seed_played":"-3584230860742637441","potions_obtained":[{"floor":3,"key":"Block Potion"},{"floor":10,"key":"GhostInAJar"}],"is_trial":false,"path_per_floor":["M","?","M","?","M","R","?","M","T","M","?","R","$","T","R","B",null,"M"],"character_chosen":"THE_SILENT","items_purchased":["Thread and Needle"],"campfire_rested":0,"item_purchase_floors":[13],"current_hp_per_floor":[58,58,54,31,22,22,22,14,14,8,24,33,33,33,42,3,50,50,50],"gold":96,"neow_bonus":"RANDOM_COMMON_RELIC","is_daily":false,"chose_seed":false,"campfire_upgraded":3,"win_rate":0.0,"timestamp":1611048320,"path_taken":["M","?","M","?","M","R","?","M","T","M","?","R","$","?","R","BOSS","M"],"items_purchased_type":["Relic"],"build_version":"2020-12-22","purchased_purges":0,"victory":false,"max_hp_per_floor":[66,66,66,66,66,66,66,66,66,66,66,66,66,66,66,66,66,66,66],"card_choices":[{"not_picked":["Deflect","Slice"],"picked":"Dagger Spray","floor":1},{"not_picked":["Catalyst","Dodge and Roll"],"picked":"Terror","floor":3},{"not_picked":["Dagger Throw","Catalyst"],"picked":"Dagger Spray","floor":5},{"not_picked":["Expertise","Slice","Endless Agony"],"picked":"SKIP","floor":8},{"not_picked":["Prepared","Flechettes","Dagger Throw"],"picked":"SKIP","floor":10},{"not_picked":["Storm of Steel","Burst"],"picked":"Adrenaline","floor":16}],"player_experience":824939,"relics_obtained":[{"floor":9,"key":"Eternal Feather"},{"floor":14,"key":"Unceasing Top"}],"event_choices":[{"damage_healed":0,"gold_gain":150,"player_choice":"AGREE","damage_taken":0,"max_hp_gain":0,"max_hp_loss":0,"event_name":"Liars Game","floor":2,"gold_loss":0,"cards_obtained":["Doubt"]},{"damage_healed":0,"gold_gain":0,"player_choice":"Take Damage","damage_taken":23,"relics_obtained":["Golden Idol"],"max_hp_gain":0,"max_hp_loss":0,"event_name":"Golden Idol","floor":4,"gold_loss":0},{"damage_healed":0,"gold_gain":30,"player_choice":"Searched \u00272\u0027 times","damage_taken":0,"relics_obtained":["HornCleat"],"max_hp_gain":0,"max_hp_loss":0,"event_name":"Dead Adventurer","floor":7,"gold_loss":0},{"damage_healed":16,"gold_gain":0,"player_choice":"Healed","damage_taken":0,"max_hp_gain":0,"max_hp_loss":0,"event_name":"The Cleric","floor":11,"gold_loss":35}],"is_beta":false,"boss_relics":[{"not_picked":["Runic Dome","SlaversCollar"],"picked":"Empty Cage"}],"items_purged_floors":[],"is_endless":false,"potions_floor_spawned":[3,10],"killed_by":"Spheric Guardian","ascension_level":20}}