{"host":"evor8co6wap25kfw","time":1611052405,"event":{"mods":["100% Spire Juice","ATMod(阿瑾Mod)","Act Like it!","BaseMod","Conspire","Dota2Spire","Jedi Mod","KinomotoSakuraMod(木之本樱)","Koishi","KomeijiMod","Minty Spire (QoL Compilation)","MostiFishMod","Replay The Spire","SOS（斯巴达之子）","StSLib","The Saiyan","The Servant 0.9.4","vexMod","【遗物卡牌】REMEMod"],"gold_per_floor":[29,29,29,46,46,95,149,20,72,72,87,126,160,211,211,313,313,382,393,243,265,265,303,324,324,324,324,338,397,397,397,397,495,495,512,161,136,136,152,2,49,49,49,73,97,127,127,127,127,127,127,127,127,156,56,56],"floor_reached":55,"language":"ZHS","playtime":1871,"items_purged":["Shoot","Shoot","Defend_Dante","Defend_Dante"],"score":1352,"play_id":"c1d2ca29-13a1-469a-aaea-e1ff98c66850","local_time":"20210119183325","is_ascension_mode":true,"campfire_choices":[{"floor":10,"key":"REST"},{"data":"Gilgamesh","floor":15,"key":"SMITH"},{"floor":25,"key":"REST"},{"data":"Stylechange","floor":27,"key":"SMITH"},{"floor":32,"key":"RECALL"},{"data":"Swordmaster","floor":42,"key":"SMITH"},{"floor":49,"key":"DIG"},{"floor":52,"key":"REST"}],"circlet_count":0,"master_deck":["Attack_a","Attack_a","Attack_b","Provocation","Defend_Dante","Defend_Dante","Redorb","Secret Weapon","AT_FamilyPortrait","Stinger","Gilgamesh+1","Royaldefend+1","Weaponchange","Swordcombo+1","Swordmaster+1","GilgameshcomboA+1","Stylechange+1","Millionkick+1","BeastUppercut+1","Kick13+1","Straight+1","Royalguard","Unrisingdragon+1","Demonreform","Royaldefend","Blueorb"],"relics":["SSS","Combocheck","AT_ATBox","REME_ComplimentaryCards","DaveBox","RhineCircuit","SynthV:TestCard","Regal Pillow","Molten Egg 2","Tiny Chest","xbg","Pen Nib","Replay:Accelerometer","Dream Catcher","Ice Cream","JellyFishMachine","Replay:Baseball","Bag of Preparation","jedi:Pinwheel","REME_PuzzleBoxRelic","Blue Doll","ReplayTheSpireMod:Lightbulb","Orichalcum"],"acts_visited":["Exordium","TheCity","TheBeyond","TheEnding"],"potions_floor_usage":[6,18,23,23,50,55,55],"damage_taken":[{"damage":3,"enemies":"Jaw Worm","floor":1,"turns":4},{"damage":0,"enemies":"Small Slimes","floor":4,"turns":3},{"damage":22,"enemies":"Lagavulin","floor":6,"turns":6},{"damage":10,"enemies":"2 Louse","floor":7,"turns":3},{"damage":17,"enemies":"Exordium Thugs","floor":11,"turns":4},{"damage":0,"enemies":"Lots of Slimes","floor":12,"turns":2},{"damage":11,"enemies":"3 Sentries","floor":13,"turns":5},{"damage":0,"enemies":"Looter","floor":14,"turns":2},{"damage":26,"enemies":"Slime Boss","floor":16,"turns":9},{"damage":0,"enemies":"3 Byrds","floor":18,"turns":4},{"damage":0,"enemies":"2 Thieves","floor":19,"turns":2},{"damage":3,"enemies":"Cultist and Chosen","floor":21,"turns":2},{"damage":8,"enemies":"conspire:Head Lice","floor":23,"turns":3},{"damage":29,"enemies":"Shelled Parasite and Fungi","floor":24,"turns":4},{"damage":0,"enemies":"3 Cultists","floor":28,"turns":2},{"damage":0,"enemies":"conspire:SneckoGhost","floor":29,"turns":2},{"damage":0,"enemies":"Collector","floor":33,"turns":2},{"damage":2,"enemies":"Orb Walker","floor":35,"turns":2},{"damage":0,"enemies":"3 Shapes","floor":39,"turns":2},{"damage":0,"enemies":"R_Hoarder","floor":41,"turns":2},{"damage":0,"enemies":"Maw","floor":45,"turns":1},{"damage":0,"enemies":"Reptomancer","floor":46,"turns":2},{"damage":89,"enemies":"conspire:OrnateMirror","floor":50,"turns":3},{"damage":0,"enemies":"Shield and Spear","floor":54,"turns":1},{"damage":137,"enemies":"The Heart","floor":55,"turns":5}],"seed_played":"1156326759710978675","potions_obtained":[{"floor":4,"key":"Regen Potion"},{"floor":16,"key":"REME_GoldPotion"},{"floor":19,"key":"Dota2Spire:HealingSalve"},{"floor":21,"key":"AttackPotion"},{"floor":29,"key":"Reflective Coating"},{"floor":41,"key":"PowerPotion"},{"floor":45,"key":"SpeedPotion"}],"is_trial":false,"path_per_floor":["M","?","?","M","$","E","M","$","T","R","M","M","E","M","R","B",null,"M","M","$","M","?","E","M","R","T","R","M","E","?","T","R","B",null,"M","$","?","?","M","$","E","R","T","T","M","E","$","?","R","B",null,"R","$","E","B"],"character_chosen":"DANTE","items_purchased":["Royaldefend+1","Kick13+1","Replay:Baseball","Royaldefend"],"campfire_rested":3,"item_purchase_floors":[8,20,36,36],"current_hp_per_floor":[85,67,72,72,72,65,55,55,55,100,83,83,72,72,72,46,87,87,87,87,84,84,82,53,98,98,98,98,98,98,98,98,98,100,98,98,98,98,98,98,98,98,98,98,101,101,101,101,101,15,80,101,101,101,0,0],"gold":56,"neow_bonus":"TWENTY_PERCENT_HP_BONUS","is_daily":false,"chose_seed":false,"campfire_upgraded":3,"win_rate":0.0,"timestamp":1611052405,"path_taken":["M","?","?","M","?","E","M","$","T","R","?","M","E","M","R","BOSS","M","M","$","?","?","E","M","R","T","R","M","E","?","?","R","BOSS","M","$","?","?","M","?","E","R","T","?","M","E","$","?","R","BOSS","R","$","E","BOSS"],"items_purchased_type":["Card","Card","Relic","Card"],"build_version":"2020-12-22","purchased_purges":4,"victory":false,"max_hp_per_floor":[96,96,101,101,101,101,101,101,101,101,101,101,101,101,101,101,101,101,101,101,101,101,101,101,101,101,101,101,101,101,101,101,101,101,101,101,101,101,101,101,101,101,101,101,101,101,101,101,101,101,101,101,101,101,111,111],"card_choices":[{"not_picked":["Shock","Chargeshoot2"],"picked":"Stinger","floor":1},{"not_picked":["VitalstarM","Dash1","Chargeshoot","Weaponupgrade","Honeycombofire"],"picked":"SKIP","floor":4},{"not_picked":["DT","VitalstarS","Doubleshoot+1","Purpleorb"],"picked":"Gilgamesh","floor":6},{"not_picked":["Dash1","Airhike","Honeycombofire","Holywater","Chargeshoot2+1"],"picked":"SKIP","floor":7},{"not_picked":["DevilstarS","Chargeshoot+1","Rebellion","Stinger+1"],"picked":"Weaponchange","floor":11},{"not_picked":["Weaponchange","Weaponupgrade","Fullhouse+1","LucifercomboB+1"],"picked":"Swordcombo+1","floor":12},{"not_picked":["Millionkick+1","Lucifer","Airhike","Gunslinger"],"picked":"Swordmaster","floor":13},{"not_picked":["Gunslinger","Weaponupgrade","LucifercomboB+1","Greenorb"],"picked":"GilgameshcomboA+1","floor":14},{"not_picked":["Weaponreturn","Trickster","Swordcombo+1","Goldorb"],"picked":"Stylechange","floor":16},{"not_picked":["Weaponchange","LucifercomboC+1","Swordmaster+1","Chargeshoot2+1"],"picked":"Millionkick+1","floor":18},{"not_picked":["Lucifer","Chargeshoot+1","VitalstarL","EbonyIvory"],"picked":"BeastUppercut+1","floor":19},{"not_picked":["Chargeshoot+1","LucifercomboC+1","Doubleshoot+1","Weaponchange"],"picked":"Straight+1","floor":21},{"not_picked":["Hightime","DevilstarS+1","Shock+1","Gilgamesh","Swordmaster"],"picked":"SKIP","floor":23},{"not_picked":["Ecstasy","Weaponupgrade+1","Doubleshoot+1","Splesh+1"],"picked":"Royalguard","floor":24},{"not_picked":["BeastUppercut+1","DevilstarS","Weaponupgrade","LucifercomboC+1","Chargeshoot2+1"],"picked":"SKIP","floor":28},{"not_picked":["Gilgamesh","SSScard","Honeycombofire+1","LucifercomboC+1"],"picked":"Unrisingdragon+1","floor":29},{"not_picked":["Purpleorb","Darkslayer","DevilstarL","Airtrick"],"picked":"Demonreform","floor":33},{"not_picked":["Chargeshoot+1","Shock+1","Unrisingdragon+1","LucifercomboA+1","Whiteorb+1"],"picked":"SKIP","floor":35},{"not_picked":["Weaponupgrade+1","Swordmaster","Gilgamesh+1","EbonyIvory+1","Whiteorb+1"],"picked":"SKIP","floor":39},{"not_picked":["CoyoteA+1","Stinger+1","Hightime+1","VitalstarM+1","Fullhouse+1"],"picked":"SKIP","floor":41},{"not_picked":["LucifercomboA+1","Kick13+1","Pandora","BeastUppercut+1","DevilstarL"],"picked":"SKIP","floor":45},{"not_picked":["Holywater","Doubleshoot+1","SSScard","Swordmaster"],"picked":"Blueorb","floor":46},{"not_picked":["Fullhouse+1","Millionstab+1","EbonyIvory+1","Greenorb+1","Gunslinger"],"picked":"SKIP","floor":54}],"player_experience":220919,"relics_obtained":[{"floor":1,"key":"SynthV:TestCard"},{"floor":6,"key":"Molten Egg 2"},{"floor":13,"key":"Tiny Chest"},{"floor":23,"key":"Pen Nib"},{"floor":26,"key":"Replay:Accelerometer"},{"floor":29,"key":"Dream Catcher"},{"floor":31,"key":"Ice Cream"},{"floor":41,"key":"Bag of Preparation"},{"floor":43,"key":"jedi:Pinwheel"},{"floor":44,"key":"REME_PuzzleBoxRelic"},{"floor":46,"key":"Blue Doll"},{"floor":49,"key":"ReplayTheSpireMod:Lightbulb"},{"floor":54,"key":"Orichalcum"}],"event_choices":[{"damage_healed":0,"gold_gain":0,"player_choice":"Success","damage_taken":18,"relics_obtained":["Regal Pillow"],"max_hp_gain":0,"max_hp_loss":0,"event_name":"Scrap Ooze","floor":2,"gold_loss":0},{"damage_healed":0,"gold_gain":0,"player_choice":"Donut","damage_taken":0,"max_hp_gain":5,"max_hp_loss":0,"event_name":"Big Fish","floor":3,"gold_loss":0},{"damage_healed":0,"gold_gain":0,"player_choice":"Ignored","damage_taken":0,"max_hp_gain":0,"max_hp_loss":0,"event_name":"The Mausoleum","floor":30,"gold_loss":0},{"damage_healed":0,"gold_gain":0,"player_choice":"Leave","damage_taken":0,"max_hp_gain":0,"max_hp_loss":0,"event_name":"conspire:Investor","floor":38,"gold_loss":0},{"damage_healed":0,"gold_gain":0,"player_choice":"Memory 1","damage_taken":0,"max_hp_gain":0,"max_hp_loss":0,"event_name":"SensoryStone","floor":48,"gold_loss":0}],"is_beta":false,"boss_relics":[{"not_picked":["vexMod:MegatonBomb","conspire:RunicOctahedron"],"picked":"xbg"},{"not_picked":["FeatherPendant","Ring of Chaos"],"picked":"JellyFishMachine"}],"items_purged_floors":[8,20,36,40],"is_endless":false,"potions_floor_spawned":[4,16,19,21,29,41,45],"killed_by":"The Heart","ascension_level":9}}