{"host":"dowi7cgbhepuzvpj","time":1611047839,"event":{"mods":["AchievementEnabler","BaseMod","Colored Map","Highlight Path","Keyboard Shortcuts","Minty Spire (QoL Compilation)","Permanent Neow","Quick Restart","StSLib","SuperFastMode"],"gold_per_floor":[18,18,34,51,70,70,30,30,30,30,30,30,44,64,64,141,141,153,153,243,254,271,271,290,290,339,354,365,9,40,58,58,58,58],"floor_reached":33,"language":"KOR","playtime":956,"items_purged":["Doppelganger"],"score":622,"play_id":"ed56bd24-06ef-41db-85d2-6e6a8cf8ed4d","local_time":"20210119181719","is_ascension_mode":true,"campfire_choices":[{"data":"Neutralize","floor":6.0,"key":"SMITH"},{"data":"Calculated Gamble","floor":8.0,"key":"SMITH"},{"data":"Dodge and Roll","floor":10.0,"key":"SMITH"},{"data":"Masterful Stab","floor":12.0,"key":"SMITH"},{"data":"Footwork","floor":15.0,"key":"SMITH"},{"data":"After Image","floor":23.0,"key":"SMITH"},{"data":"Terror","floor":25.0,"key":"SMITH"},{"floor":32,"key":"REST"}],"circlet_count":0,"master_deck":["AscendersBane","Strike_G","Defend_G","Defend_G","Defend_G","Defend_G","Defend_G","Survivor","Neutralize+1","Accuracy","Masterful Stab+1","Choke","Dodge and Roll+1","Calculated Gamble+1","Terror+1","Footwork+1","After Image+1","Tactician+1","Calculated Gamble","Tactician","Dagger Throw","Blade Dance","Endless Agony","Dodge and Roll","Heel Hook"],"relics":["Ring of the Snake","Tough Bandages","Shuriken","WristBlade","Toy Ornithopter","Bottled Flame","Letter Opener"],"acts_visited":["Exordium","TheCity"],"potions_floor_usage":[31,33],"damage_taken":[{"damage":0.0,"enemies":"2 Louse","floor":1.0,"turns":3.0},{"damage":2.0,"enemies":"Cultist","floor":3.0,"turns":5.0},{"damage":0.0,"enemies":"Jaw Worm","floor":4.0,"turns":3.0},{"damage":0.0,"enemies":"Blue Slaver","floor":5.0,"turns":2.0},{"damage":0.0,"enemies":"Looter","floor":13.0,"turns":2.0},{"damage":2.0,"enemies":"Red Slaver","floor":14.0,"turns":3.0},{"damage":0.0,"enemies":"Slime Boss","floor":16.0,"turns":9.0},{"damage":10.0,"enemies":"Chosen","floor":18.0,"turns":5.0},{"damage":3.0,"enemies":"3 Byrds","floor":21.0,"turns":7.0},{"damage":2.0,"enemies":"Snake Plant","floor":22.0,"turns":4.0},{"damage":10.0,"enemies":"Snecko","floor":24.0,"turns":7.0},{"damage":6.0,"enemies":"Cultist and Chosen","floor":27.0,"turns":8.0},{"damage":16.0,"enemies":"Shelled Parasite and Fungi","floor":28.0,"turns":7.0},{"damage":11.0,"enemies":"Slavers","floor":30.0,"turns":7.0},{"damage":4,"enemies":"Snecko","floor":31,"turns":4},{"damage":32,"enemies":"Automaton","floor":33,"turns":6}],"seed_played":"1518009407597177283","potions_obtained":[{"floor":1.0,"key":"Ancient Potion"},{"floor":5.0,"key":"SkillPotion"},{"floor":16.0,"key":"SkillPotion"},{"floor":28.0,"key":"SkillPotion"},{"floor":30.0,"key":"AttackPotion"},{"floor":31,"key":"Poison Potion"}],"is_trial":false,"path_per_floor":["M","?","M","M","M","R","$","R","T","R","?","R","M","M","R","B",null,"M","?","?","M","M","R","M","R","T","M","M","$","E","M","R","B"],"character_chosen":"THE_SILENT","items_purchased":["Calculated Gamble","Bottled Flame"],"campfire_rested":1,"item_purchase_floors":[7,29],"current_hp_per_floor":[59,59,57,57,57,57,57,57,57,57,50,50,50,48,48,48,62,52,52,40,37,35,35,25,25,25,24,8,8,2,3,22,0,0],"gold":58,"neow_bonus":"ONE_RARE_RELIC","is_daily":false,"chose_seed":false,"campfire_upgraded":7,"win_rate":0.0,"timestamp":1611047839,"path_taken":["M","?","M","?","M","R","$","R","T","R","?","R","M","M","R","BOSS","M","?","?","M","M","R","M","R","T","M","M","$","E","M","R","BOSS"],"items_purchased_type":["Card","Relic"],"build_version":"2020-12-22","purchased_purges":1,"victory":false,"max_hp_per_floor":[66,66,66,66,66,66,66,66,66,66,66,66,66,66,66,66,66,66,66,66,66,66,66,66,66,66,66,66,66,66,66,66,66,66],"card_choices":[{"not_picked":["Deflect","Dagger Throw"],"picked":"Accuracy","floor":1.0},{"not_picked":["Flying Knee","Deflect"],"picked":"Masterful Stab","floor":3.0},{"not_picked":["Predator","Prepared"],"picked":"Choke","floor":4.0},{"not_picked":["Poisoned Stab","Bouncing Flask"],"picked":"Dodge and Roll","floor":5.0},{"not_picked":["Prepared","Flechettes"],"picked":"Terror","floor":13.0},{"not_picked":["Calculated Gamble","Catalyst"],"picked":"Footwork","floor":14.0},{"not_picked":["Grand Finale","Burst"],"picked":"After Image","floor":16.0},{"not_picked":["Deflect+1","Dagger Throw"],"picked":"Tactician+1","floor":18.0},{"not_picked":["Acrobatics","Expertise"],"picked":"Tactician","floor":21.0},{"not_picked":["Outmaneuver","Setup"],"picked":"Dagger Throw","floor":22.0},{"not_picked":["Bane","Sucker Punch+1","Slice"],"picked":"SKIP","floor":24.0},{"not_picked":["Eviscerate","Setup"],"picked":"Blade Dance","floor":27.0},{"not_picked":["Catalyst","Poisoned Stab"],"picked":"Endless Agony","floor":28.0},{"not_picked":["Expertise+1","Skewer"],"picked":"Dodge and Roll","floor":30.0},{"not_picked":["Catalyst+1","Noxious Fumes"],"picked":"Heel Hook","floor":31}],"player_experience":824939,"relics_obtained":[{"floor":9.0,"key":"Shuriken"},{"floor":26.0,"key":"Toy Ornithopter"},{"floor":30.0,"key":"Letter Opener"}],"event_choices":[{"cards_removed":["Strike_G"],"damage_healed":0.0,"max_hp_gain":0.0,"max_hp_loss":0.0,"gold_gain":0.0,"event_name":"Bonfire Elementals","player_choice":"Offered Basic","floor":2.0,"gold_loss":0.0,"damage_taken":0.0},{"cards_removed":["Strike_G"],"damage_healed":0.0,"max_hp_gain":0.0,"max_hp_loss":0.0,"gold_gain":0.0,"event_name":"Golden Wing","player_choice":"Card Removal","floor":11.0,"gold_loss":0.0,"damage_taken":7.0},{"damage_healed":0.0,"max_hp_gain":0.0,"max_hp_loss":0.0,"gold_gain":0.0,"cards_transformed":["Strike_G","Strike_G"],"event_name":"Drug Dealer","player_choice":"Became Test Subject","floor":19.0,"gold_loss":0.0,"damage_taken":0.0,"cards_obtained":["Doppelganger","Calculated Gamble"]},{"damage_healed":0.0,"max_hp_gain":0.0,"max_hp_loss":0.0,"gold_gain":90.0,"event_name":"Knowing Skull","player_choice":"GOLD ","floor":20.0,"potions_obtained":[],"gold_loss":0.0,"damage_taken":12.0,"cards_obtained":[]}],"is_beta":false,"boss_relics":[{"not_picked":["Ectoplasm","SacredBark"],"picked":"WristBlade"}],"items_purged_floors":[29],"is_endless":false,"potions_floor_spawned":[1,5,16,21,22,28,30,31],"killed_by":"Automaton","ascension_level":20}}