{"host":"p090fjik2phvjstn","time":1611065129,"event":{"mods":["AchievementEnabler","BaseMod","Block Reminder","Colored Powertips","Minty Spire (QoL Compilation)","Quick Restart","Synergy Search"],"gold_per_floor":[115,128,139,24,24,58,58,88,88,88,108,126,155,155,155,253,253,265,281,281,7,7,36,36,36,61,61,95,111,123,148,148,244,244,263,312,109,124,8,39,49,75,99,127,127,2,27,39,39,39],"floor_reached":51,"language":"ENG","playtime":2840,"items_purged":["Strike_G","Defend_G","Skewer"],"score":998,"play_id":"5ca0e414-9a0c-4c34-8ffd-1a1766b68e9a","local_time":"20210119140529","is_ascension_mode":true,"campfire_choices":[{"data":"Neutralize","floor":7.0,"key":"SMITH"},{"data":"Footwork","floor":10.0,"key":"SMITH"},{"floor":15.0,"key":"REST"},{"data":"Survivor","floor":25.0,"key":"SMITH"},{"data":"Corpse Explosion","floor":27.0,"key":"SMITH"},{"floor":32.0,"key":"REST"},{"floor":49,"key":"REST"}],"circlet_count":0,"master_deck":["Defend_G","Defend_G","Defend_G","Defend_G","Survivor+1","Neutralize+1","Underhanded Strike","Bouncing Flask","Poisoned Stab","Blur","Footwork+1","Terror","Bane","Corpse Explosion+1","Masterful Stab+1","Tactician+1","Glass Knife+1","Calculated Gamble+1","Blur","All Out Attack","Footwork+1","Catalyst+1","Bouncing Flask","Acrobatics","Wraith Form v2","Eviscerate","Blur","PiercingWail","Noxious Fumes","Malaise","Night Terror","Bouncing Flask+1","Catalyst"],"relics":["Velvet Choker","Vajra","Blue Candle","Centennial Puzzle","Gremlin Horn","Astrolabe","InkBottle","Bag of Marbles","Art of War","Regal Pillow","Bag of Preparation","HoveringKite","Mango","TwistedFunnel","PreservedInsect","Ginger","Pen Nib","Frozen Egg 2","Happy Flower"],"acts_visited":["Exordium","TheCity","TheBeyond"],"potions_floor_usage":[44,44],"damage_taken":[{"damage":2.0,"enemies":"Small Slimes","floor":1.0,"turns":4.0},{"damage":0.0,"enemies":"Cultist","floor":2.0,"turns":3.0},{"damage":3.0,"enemies":"Jaw Worm","floor":3.0,"turns":4.0},{"damage":12.0,"enemies":"Lagavulin","floor":6.0,"turns":5.0},{"damage":12.0,"enemies":"Gremlin Nob","floor":8.0,"turns":4.0},{"damage":0.0,"enemies":"Blue Slaver","floor":11.0,"turns":3.0},{"damage":8.0,"enemies":"Exordium Thugs","floor":12.0,"turns":4.0},{"damage":10.0,"enemies":"Lagavulin","floor":13.0,"turns":5.0},{"damage":24.0,"enemies":"Hexaghost","floor":16.0,"turns":8.0},{"damage":0.0,"enemies":"3 Byrds","floor":18.0,"turns":5.0},{"damage":7.0,"enemies":"Shell Parasite","floor":19.0,"turns":4.0},{"damage":2.0,"enemies":"Slavers","floor":23.0,"turns":2.0},{"damage":4.0,"enemies":"Book of Stabbing","floor":28.0,"turns":5.0},{"damage":14.0,"enemies":"Shelled Parasite and Fungi","floor":29.0,"turns":3.0},{"damage":4.0,"enemies":"Chosen and Byrds","floor":30.0,"turns":5.0},{"damage":18.0,"enemies":"Slavers","floor":31.0,"turns":3.0},{"damage":12.0,"enemies":"Collector","floor":33.0,"turns":7.0},{"damage":0.0,"enemies":"3 Shapes","floor":35.0,"turns":6.0},{"damage":55.0,"enemies":"2 Orb Walkers","floor":36.0,"turns":4.0},{"damage":2.0,"enemies":"3 Darklings","floor":38.0,"turns":2.0},{"damage":3.0,"enemies":"Reptomancer","floor":40.0,"turns":5.0},{"damage":5.0,"enemies":"Writhing Mass","floor":41.0,"turns":5.0},{"damage":7.0,"enemies":"Nemesis","floor":42.0,"turns":3.0},{"damage":0,"enemies":"Giant Head","floor":44,"turns":6},{"damage":2,"enemies":"Jaw Worm Horde","floor":48,"turns":4},{"damage":41,"enemies":"Donu and Deca","floor":50,"turns":8}],"seed_played":"-5409168353317933146","potions_obtained":[{"floor":1.0,"key":"Energy Potion"},{"floor":6.0,"key":"LiquidMemories"},{"floor":8.0,"key":"CunningPotion"},{"floor":11.0,"key":"Block Potion"},{"floor":19.0,"key":"Ancient Potion"},{"floor":23.0,"key":"Weak Potion"},{"floor":36.0,"key":"Fire Potion"},{"floor":40.0,"key":"Ancient Potion"},{"floor":41.0,"key":"Swift Potion"},{"floor":42.0,"key":"Energy Potion"}],"is_trial":false,"path_per_floor":["M","M","M","$","?","E","R","E","T","R","M","M","E","?","R","B",null,"M","M","?","$","T","E","$","R","T","R","E","M","M","E","R","B",null,"M","?","$","M","$","E","M","E","T","E","?","$","T","M","R","B",null],"character_chosen":"THE_SILENT","items_purchased":["Skewer","Block Potion","All Out Attack","SteroidPotion","Block Potion","TwistedFunnel","PiercingWail","Noxious Fumes"],"campfire_rested":3,"item_purchase_floors":[4,21,21,21,37,37,39,39],"current_hp_per_floor":[68,68,65,65,58,46,46,34,34,34,34,26,16,16,37,13,70,70,63,70,70,70,68,68,68,68,68,64,50,46,28,64,52,70,70,29,29,27,27,24,19,12,12,12,12,12,12,10,50,9],"gold":39,"neow_bonus":"BOSS_RELIC","is_daily":false,"chose_seed":false,"campfire_upgraded":4,"win_rate":0.0,"timestamp":1611065129,"path_taken":["M","M","M","$","?","E","R","E","T","R","M","M","E","?","R","BOSS","M","M","?","$","?","E","$","R","T","R","E","M","M","E","R","BOSS","M","?","$","M","$","E","M","E","T","E","?","?","?","M","R","BOSS"],"items_purchased_type":["Card","Potion","Card","Potion","Potion","Relic","Card","Card"],"build_version":"2020-12-22","purchased_purges":3,"victory":true,"max_hp_per_floor":[70,70,70,70,70,70,70,70,70,70,70,70,70,70,70,70,70,70,70,70,70,70,70,70,70,70,70,70,70,70,70,70,70,70,70,84,84,84,84,84,84,84,84,84,84,84,84,84,84,84],"card_choices":[{"not_picked":["Blade Dance","Reflex"],"picked":"Underhanded Strike","floor":1.0},{"not_picked":["Flechettes","Prepared"],"picked":"Bouncing Flask","floor":2.0},{"not_picked":["Flying Knee","Acrobatics"],"picked":"Poisoned Stab","floor":3.0},{"not_picked":["Blade Dance","Quick Slash"],"picked":"Blur","floor":6.0},{"not_picked":["Setup","Glass Knife"],"picked":"Footwork","floor":8.0},{"not_picked":["Blade Dance","Poisoned Stab"],"picked":"Terror","floor":11.0},{"not_picked":["Flying Knee","Skewer","Choke"],"picked":"SKIP","floor":12.0},{"not_picked":["Expertise","Accuracy"],"picked":"Bane","floor":13.0},{"not_picked":["Night Terror","Envenom"],"picked":"Corpse Explosion","floor":16.0},{"not_picked":["Riddle With Holes+1","Well Laid Plans"],"picked":"Calculated Gamble+1","floor":18.0},{"not_picked":["Predator","Bane"],"picked":"Blur","floor":19.0},{"not_picked":["Sucker Punch","Accuracy"],"picked":"Footwork+1","floor":23.0},{"not_picked":["Acrobatics","Underhanded Strike"],"picked":"Catalyst+1","floor":28.0},{"not_picked":["Quick Slash","Blade Dance"],"picked":"Bouncing Flask","floor":29.0},{"not_picked":["Outmaneuver","Flying Knee"],"picked":"Acrobatics","floor":30.0},{"not_picked":["Cloak And Dagger+1","Blade Dance","Flying Knee"],"picked":"SKIP","floor":31.0},{"not_picked":["Unload","Doppelganger"],"picked":"Wraith Form v2","floor":33.0},{"not_picked":["Deadly Poison+1","Bane+1","Riddle With Holes"],"picked":"SKIP","floor":35.0},{"not_picked":["Underhanded Strike+1","Slice+1"],"picked":"Eviscerate","floor":36.0},{"not_picked":["Deadly Poison","Backflip"],"picked":"Blur","floor":38.0},{"not_picked":["Distraction","Slice"],"picked":"Malaise","floor":40.0},{"not_picked":["Bouncing Flask+1","Deadly Poison","PiercingWail"],"picked":"SKIP","floor":41.0},{"not_picked":["Sucker Punch+1","Prepared"],"picked":"Night Terror","floor":42.0},{"not_picked":["Poisoned Stab+1","Adrenaline"],"picked":"Bouncing Flask+1","floor":44},{"not_picked":["Cloak And Dagger","Blade Dance+1"],"picked":"Catalyst","floor":48}],"player_experience":509989,"relics_obtained":[{"floor":6.0,"key":"Vajra"},{"floor":8.0,"key":"Blue Candle"},{"floor":9.0,"key":"Centennial Puzzle"},{"floor":13.0,"key":"Gremlin Horn"},{"floor":22.0,"key":"InkBottle"},{"floor":23.0,"key":"Bag of Marbles"},{"floor":26.0,"key":"Art of War"},{"floor":28.0,"key":"Regal Pillow"},{"floor":31.0,"key":"Bag of Preparation"},{"floor":36.0,"key":"Mango"},{"floor":40.0,"key":"PreservedInsect"},{"floor":42.0,"key":"Ginger"},{"floor":43.0,"key":"Pen Nib"},{"floor":44,"key":"Frozen Egg 2"},{"floor":47,"key":"Happy Flower"}],"event_choices":[{"cards_removed":["Strike_G"],"damage_healed":0.0,"max_hp_gain":0.0,"max_hp_loss":0.0,"gold_gain":0.0,"event_name":"Golden Wing","player_choice":"Card Removal","floor":5.0,"gold_loss":0.0,"damage_taken":7.0},{"damage_healed":0.0,"max_hp_gain":0.0,"max_hp_loss":0.0,"gold_gain":0.0,"event_name":"Liars Game","player_choice":"Ignored","floor":14.0,"gold_loss":0.0,"damage_taken":0.0},{"damage_healed":7.0,"max_hp_gain":0.0,"max_hp_loss":0.0,"gold_gain":0.0,"event_name":"Wheel of Change","player_choice":"Full Heal","floor":20.0,"gold_loss":0.0,"damage_taken":0.0},{"damage_healed":0.0,"max_hp_gain":0.0,"max_hp_loss":0.0,"gold_gain":0.0,"event_name":"Mysterious Sphere","player_choice":"Fight","floor":36.0,"gold_loss":0.0,"damage_taken":0.0},{"damage_healed":0,"gold_gain":0,"player_choice":"Memory 1","damage_taken":0,"max_hp_gain":0,"max_hp_loss":0,"event_name":"SensoryStone","floor":45,"gold_loss":0}],"is_beta":false,"boss_relics":[{"not_picked":["Coffee Dripper","WristBlade"],"picked":"Astrolabe"},{"not_picked":["Cursed Key","SlaversCollar"],"picked":"HoveringKite"}],"items_purged_floors":[4,21,46],"is_endless":false,"potions_floor_spawned":[1,6,8,11,19,23,36,40,41,42],"ascension_level":4}}