{"host":"8d3fefv2347kqkpz","time":1611035636,"event":{"mods":["100% Spire Juice","AchievementEnabler","Act Like it!","Aspiration","BaseMod","Better Vampires","Colored Map","Colored Powertips","Conspire","GifTheSpireLib","Highlight Path","Mimic Mod","Minty Spire (QoL Compilation)","Quick Restart","Reimu£®≤©¿ˆ¡È√Œ£©","Relic Stats","Remilia£®¿Ÿ√◊¿Ú—«£©","Replay The Spire","Spicy Shops","StSLib","The Gatherer","The Jungle","The Senshi","The Servant 0.9.4","Waifu the Spire","vexMod"],"gold_per_floor":[114,132,132,147,164,193,204,204,204],"floor_reached":8,"language":"ZHS","playtime":255,"items_purged":[],"score":60,"play_id":"268c1dce-509b-4cfb-afa8-3991f48a31bd","local_time":"20210119135356","is_ascension_mode":false,"campfire_choices":[],"circlet_count":0,"master_deck":["Strike_P","Strike_P","Strike_P","Strike_P","Defend_P","Defend_P","Defend_P","Defend_P","Eruption","Vigilance","SandsOfTime","Pray"],"relics":["PureWater","Matryoshka"],"acts_visited":["Exordium"],"potions_floor_usage":[6],"damage_taken":[{"damage":2,"enemies":"Cultist","floor":1,"turns":3},{"damage":0,"enemies":"2 Louse","floor":2,"turns":3},{"damage":0,"enemies":"Small Slimes","floor":4,"turns":2},{"damage":6,"enemies":"2 Fungi Beasts","floor":5,"turns":5},{"damage":26,"enemies":"Lagavulin","floor":6,"turns":5},{"damage":11,"enemies":"Exordium Wildlife","floor":7,"turns":3},{"damage":0,"enemies":"3 Sentries","floor":8,"turns":2}],"seed_played":"-1079397335313769691","potions_obtained":[{"floor":1,"key":"BlessingOfTheForge"},{"floor":3,"key":"AttackPotion"},{"floor":3,"key":"Reflective Coating"},{"floor":5,"key":"Fire Potion"},{"floor":6,"key":"PowerPotion"}],"is_trial":false,"path_per_floor":["M","M","?","M","M","E","M","E"],"character_chosen":"WATCHER","items_purchased":[],"campfire_rested":0,"item_purchase_floors":[],"current_hp_per_floor":[77,77,77,77,71,45,34,34,34],"gold":204,"neow_bonus":"TEN_PERCENT_HP_BONUS","is_daily":false,"chose_seed":false,"campfire_upgraded":0,"win_rate":0.0,"timestamp":1611035636,"path_taken":["M","M","?","M","?","E","M","E"],"items_purchased_type":[],"build_version":"2020-12-22","purchased_purges":0,"victory":false,"max_hp_per_floor":[79,79,79,79,79,79,79,79,79],"relic_stats":{"counters":[7,23],"obtain_stats":[{"Matryoshka":6,"PureWater":0},{"Matryoshka":5,"PureWater":0},{"Matryoshka":18,"PureWater":0}]},"card_choices":[{"not_picked":["EmptyBody","Sanctity","Halt"],"picked":"SKIP","floor":1},{"not_picked":["Fasting2","ThirdEye","Swivel"],"picked":"SKIP","floor":2},{"not_picked":["SashWhip","TalkToTheHand"],"picked":"SandsOfTime","floor":4},{"not_picked":["EmptyBody","Replay:AtTheReady","FollowUp"],"picked":"SKIP","floor":5},{"not_picked":["BowlingBash","LikeWater","FlyingSleeves"],"picked":"SKIP","floor":6},{"not_picked":["Halt","FlurryOfBlows"],"picked":"Pray","floor":7}],"player_experience":132748,"relics_obtained":[{"floor":6,"key":"Matryoshka"}],"event_choices":[{"damage_healed":0,"gold_gain":0,"player_choice":"Got Potions","damage_taken":0,"max_hp_gain":0,"max_hp_loss":0,"event_name":"Lab","floor":3,"gold_loss":0}],"is_beta":false,"boss_relics":[],"items_purged_floors":[],"is_endless":false,"potions_floor_spawned":[1,5,6],"killed_by":"3 Sentries","ascension_level":0}}