{"host":"od1vj8rcw76m9syf","time":1611016009,"event":{"mods":["Arknights The Spire","BaseMod","Minty Spire (QoL Compilation)","StSLib"],"gold_per_floor":[109,121,138,153,170,200,200,230,230,230,246,246,264,283,283,384,384,395,407,427,444,644,670,688,21,47,57,57,57,73,105,105,105,105],"floor_reached":33,"language":"KOR","playtime":2699,"items_purged":[],"score":330,"play_id":"2be4dbf8-e641-4857-8794-37c93f4b4e83","local_time":"20210119092649","is_ascension_mode":false,"campfire_choices":[{"data":"ats:Mental Burst","floor":7,"key":"SMITH"},{"floor":15,"key":"RECALL"},{"data":"ats:Closed Bolt Burst Fire","floor":28,"key":"SMITH"},{"data":"ats:Shell Defense","floor":32,"key":"SMITH"}],"circlet_count":0,"master_deck":["ats:Strike C","ats:Strike G","ats:Strike V","ats:Armor Crushing Shot","ats:Defend","ats:Defend","ats:Defend","ats:Defend","ats:Emotion Absorption+1","ats:Hammer On","ats:Powerful Strike","ats:Charging Defense","ats:Apocalypse","ats:Assault Order","ats:Mental Burst+1","ats:Closed Bolt Burst Fire+1","ats:Chain Hook","ats:Song Of Battle","ats:Shell Defense+1","ats:Wolf Pack","ats:Red Shift+1","ats:Cat Scratch","ats:Burning Ground+1","ats:Magnetic Hammer","ats:Spore Proliferation+1","ats:Apocalypse","ats:Explosion Area Strengthen+1","ats:Volcano","ats:Flexible Camouflage"],"relics":["ats:Sanity","ats:Originium","Toy Ornithopter","Centennial Puzzle","ats:Bonebreaker","Black Star","Gremlin Horn","The Courier","ats:Snipe","Pen Nib","Meat on the Bone","TungstenRod","Oddly Smooth Stone","ats:Spiritual Recovery","Regal Pillow"],"acts_visited":["Exordium","TheCity"],"potions_floor_usage":[8,8,16,16,16,16,19,21,21,31,31],"damage_taken":[{"damage":1,"enemies":"Jaw Worm","floor":1,"turns":5},{"damage":0,"enemies":"Cultist","floor":2,"turns":4},{"damage":0,"enemies":"2 Louse","floor":3,"turns":2},{"damage":3,"enemies":"Lots of Slimes","floor":4,"turns":4},{"damage":7,"enemies":"Blue Slaver","floor":5,"turns":5},{"damage":35,"enemies":"Gremlin Nob","floor":6,"turns":5},{"damage":0,"enemies":"3 Sentries","floor":8,"turns":7},{"damage":3,"enemies":"Exordium Thugs","floor":11,"turns":3},{"damage":3,"enemies":"Lots of Slimes","floor":13,"turns":3},{"damage":3,"enemies":"Looter","floor":14,"turns":3},{"damage":6,"enemies":"The Guardian","floor":16,"turns":8},{"damage":5,"enemies":"Chosen","floor":18,"turns":3},{"damage":0,"enemies":"3 Byrds","floor":19,"turns":3},{"damage":0,"enemies":"Sentry and Sphere","floor":20,"turns":3},{"damage":0,"enemies":"Snake Plant","floor":21,"turns":4},{"damage":72,"enemies":"Book of Stabbing","floor":23,"turns":7},{"damage":33,"enemies":"Cultist and Chosen","floor":24,"turns":10},{"damage":0,"enemies":"Snecko","floor":27,"turns":3},{"damage":19,"enemies":"Centurion and Healer","floor":30,"turns":7},{"damage":12,"enemies":"Gremlin Leader","floor":31,"turns":4},{"damage":69,"enemies":"Automaton","floor":33,"turns":7}],"seed_played":"7839121192213200496","potions_obtained":[{"floor":1,"key":"EssenceOfSteel"},{"floor":3,"key":"SteroidPotion"},{"floor":8,"key":"SmokeBomb"},{"floor":12,"key":"FairyPotion"},{"floor":12,"key":"Dexterity Potion"},{"floor":12,"key":"EntropicBrew"},{"floor":16,"key":"Weak Potion"},{"floor":18,"key":"ColorlessPotion"},{"floor":19,"key":"Block Potion"},{"floor":27,"key":"LiquidMemories"},{"floor":30,"key":"DistilledChaos"}],"is_trial":false,"path_per_floor":["M","M","M","M","M","E","R","E","T","?","M","?","M","M","R","B",null,"M","M","M","M","?","E","M","$","T","M","R","?","M","E","R","B"],"character_chosen":"DOCTOR_CLASS","items_purchased":["ats:Snipe","Pen Nib","Meat on the Bone","TungstenRod"],"campfire_rested":0,"item_purchase_floors":[25,25,25,25],"current_hp_per_floor":[78,78,78,75,76,48,48,62,62,62,59,59,60,61,61,73,79,74,79,79,79,79,7,14,14,14,34,34,34,38,44,44,0,0],"gold":105,"neow_bonus":"TEN_PERCENT_HP_BONUS","is_daily":false,"chose_seed":false,"campfire_upgraded":3,"win_rate":0.0,"timestamp":1611016009,"path_taken":["M","M","M","M","M","E","R","E","T","?","M","?","?","M","R","BOSS","M","M","?","M","?","E","M","$","T","?","R","?","M","E","R","BOSS"],"items_purchased_type":["Relic","Relic","Relic","Relic"],"build_version":"2020-12-22","purchased_purges":0,"victory":false,"max_hp_per_floor":[79,79,79,79,79,79,79,79,79,79,79,79,79,79,79,79,79,79,79,79,79,79,79,79,79,79,79,79,79,79,79,79,79,79],"card_choices":[{"not_picked":["ats:Support Order","ats:Apocalypse"],"picked":"ats:Hammer On","floor":1},{"not_picked":["ats:Part Time Job","ats:Cat Scratch"],"picked":"ats:Powerful Strike","floor":2},{"not_picked":["ats:Ignite","ats:Revitalization"],"picked":"ats:Charging Defense","floor":3},{"not_picked":["ats:Directed Diagnosis","ats:Childhood Dance"],"picked":"ats:Apocalypse","floor":4},{"not_picked":["ats:Poison Spread","ats:Ignite"],"picked":"ats:Assault Order","floor":5},{"not_picked":["ats:Song Of Battle","ats:Rat Pack"],"picked":"ats:Mental Burst","floor":6},{"not_picked":["ats:Consecutive Shot Auto","ats:Shell Defense"],"picked":"ats:Closed Bolt Burst Fire","floor":8},{"not_picked":["ats:Curse Doll","ats:Revitalization"],"picked":"ats:Chain Hook","floor":11},{"not_picked":["ats:Explosion Area Strengthen","ats:Shadow Raid"],"picked":"ats:Song Of Battle","floor":13},{"not_picked":["ats:Consecutive Shot Auto","ats:Cat Scratch"],"picked":"ats:Shell Defense","floor":14},{"not_picked":["ats:Nebulous Foxfire","ats:Dogmatic Field"],"picked":"ats:Wolf Pack","floor":16},{"not_picked":["ats:Ignite+1","ats:Curse Doll+1"],"picked":"ats:Red Shift+1","floor":18},{"not_picked":["ats:Poison Spread","ats:Collapsing Strike"],"picked":"ats:Cat Scratch","floor":19},{"not_picked":["ats:Steam Pump","ats:Leaping Hammer"],"picked":"ats:Burning Ground+1","floor":20},{"not_picked":["ats:Childhood Dance","ats:Curse Doll"],"picked":"ats:Magnetic Hammer","floor":21},{"not_picked":["ats:Ignite","ats:Hammer On"],"picked":"ats:Spore Proliferation+1","floor":23},{"not_picked":["ats:Explosion Area Strengthen","ats:Flexible Camouflage"],"picked":"ats:Apocalypse","floor":24},{"not_picked":["ats:Sunburst+1","ats:Revitalization"],"picked":"ats:Explosion Area Strengthen+1","floor":27},{"not_picked":["ats:Revitalization","ats:Counter Healing Mode"],"picked":"ats:Volcano","floor":30},{"not_picked":["ats:Childhood Dance","ats:Powerful Strike"],"picked":"ats:Flexible Camouflage","floor":31}],"player_experience":617088,"relics_obtained":[{"floor":6,"key":"ats:Originium"},{"floor":6,"key":"Toy Ornithopter"},{"floor":8,"key":"ats:Originium"},{"floor":8,"key":"Centennial Puzzle"},{"floor":9,"key":"ats:Bonebreaker"},{"floor":23,"key":"ats:Originium"},{"floor":23,"key":"Gremlin Horn"},{"floor":23,"key":"The Courier"},{"floor":26,"key":"Oddly Smooth Stone"},{"floor":31,"key":"ats:Spiritual Recovery"},{"floor":31,"key":"Regal Pillow"}],"event_choices":[{"damage_healed":0,"gold_gain":0,"player_choice":"Grow","damage_taken":0,"max_hp_gain":0,"max_hp_loss":0,"event_name":"Living Wall","floor":10,"gold_loss":0,"cards_upgraded":["ats:Emotion Absorption"]},{"damage_healed":0,"gold_gain":0,"player_choice":"Got Potions","damage_taken":0,"max_hp_gain":0,"max_hp_loss":0,"event_name":"Lab","floor":12,"gold_loss":0},{"damage_healed":0,"gold_gain":200,"player_choice":"Gold","damage_taken":0,"max_hp_gain":0,"max_hp_loss":0,"event_name":"Wheel of Change","floor":22,"gold_loss":0},{"cards_removed":["ats:Strike S"],"damage_healed":0,"gold_gain":0,"player_choice":"Offered Basic","damage_taken":0,"max_hp_gain":0,"max_hp_loss":0,"event_name":"Bonfire Elementals","floor":29,"gold_loss":0}],"is_beta":false,"boss_relics":[{"not_picked":["Astrolabe","ats:Omniscience"],"picked":"Black Star"}],"items_purged_floors":[],"is_endless":false,"potions_floor_spawned":[1,3,8,16,18,19,27,30],"killed_by":"Automaton","ascension_level":0}}