{"host":"19r1ww88x2tc73i0","time":1611048524,"event":{"mods":["BaseMod","BetterRewards","Colored Map","Minty Spire (QoL Compilation)","Relic Stats","StSLib","SuperFastMode","slay the spire mod where everything is the same but ironclad has a cowboy hat"],"gold_per_floor":[114,129,144,164,92,92,111,111,111,127,127,127,127,157,157,234,234,246,209,209,219,239,239,255,255,255,255,255,46,46,118,118,195,195,212,212,212,212,259,290,290,303,303,303,228,228,248,275,275,275,275,275,275,40,69,69],"floor_reached":57,"language":"ENG","playtime":3696,"items_purged":["Strike_G","Strike_G","Shame","Strike_G"],"score":2862,"play_id":"fab0673a-91a7-4187-970c-fd0ec3cc0b98","local_time":"25640119162844","is_ascension_mode":true,"campfire_choices":[{"floor":6.0,"key":"DIG"},{"floor":8.0,"key":"DIG"},{"floor":13.0,"key":"DIG"},{"floor":15.0,"key":"DIG"},{"floor":23.0,"key":"REST"},{"floor":25.0,"key":"DIG"},{"floor":28.0,"key":"DIG"},{"floor":32.0,"key":"DIG"},{"floor":41.0,"key":"DIG"},{"floor":44.0,"key":"DIG"},{"floor":49,"key":"RECALL"},{"floor":53,"key":"DIG"}],"circlet_count":0,"master_deck":["AscendersBane","Strike_G","Defend_G","Defend_G","Defend_G","Defend_G","Defend_G","Survivor","Neutralize","Footwork","Dagger Spray","Endless Agony","Backflip","Caltrops","Corpse Explosion","Leg Sweep","Phantasmal Killer","After Image","Crippling Poison","Backstab","Backstab","Cloak And Dagger","Dash","Glass Knife","Blade Dance","Blade Dance","Tools of the Trade","Bane+1","Apotheosis","PiercingWail+1","Expertise","Blur","Terror","Blade Dance","Blur+1"],"relics":["Ring of the Snake","Lee\u0027s Waffle","Membership Card","Kunai","StoneCalendar","Shovel","Nunchaku","Singing Bowl","Anchor","Shuriken","Dream Catcher","Tough Bandages","SlaversCollar","Art of War","Letter Opener","Question Card","Du-Vu Doll","White Beast Statue","Pantograph","Bronze Scales","SacredBark","Bag of Marbles","Bottled Lightning","Girya","Mummified Hand","Paper Crane","Dead Branch","InkBottle","Torii","Calipers"],"acts_visited":["Exordium","TheCity","TheBeyond","TheEnding"],"potions_floor_usage":[56,56],"damage_taken":[{"damage":11.0,"enemies":"Cultist","floor":1.0,"turns":5.0},{"damage":0.0,"enemies":"Small Slimes","floor":2.0,"turns":4.0},{"damage":1.0,"enemies":"2 Louse","floor":3.0,"turns":3.0},{"damage":0.0,"enemies":"2 Fungi Beasts","floor":4.0,"turns":4.0},{"damage":0.0,"enemies":"Looter","floor":7.0,"turns":4.0},{"damage":1.0,"enemies":"Blue Slaver","floor":10.0,"turns":4.0},{"damage":13.0,"enemies":"Lagavulin","floor":14.0,"turns":7.0},{"damage":26.0,"enemies":"The Guardian","floor":16.0,"turns":14.0},{"damage":13.0,"enemies":"2 Thieves","floor":18.0,"turns":4.0},{"damage":0.0,"enemies":"3 Byrds","floor":21.0,"turns":2.0},{"damage":38.0,"enemies":"Snake Plant","floor":22.0,"turns":6.0},{"damage":16.0,"enemies":"Shelled Parasite and Fungi","floor":24.0,"turns":7.0},{"damage":13.0,"enemies":"Champ","floor":33.0,"turns":8.0},{"damage":5.0,"enemies":"Orb Walker","floor":35.0,"turns":3.0},{"damage":0.0,"enemies":"Reptomancer","floor":40.0,"turns":3.0},{"damage":0.0,"enemies":"3 Darklings","floor":42.0,"turns":3.0},{"damage":8.0,"enemies":"Jaw Worm Horde","floor":47.0,"turns":2.0},{"damage":8,"enemies":"Nemesis","floor":48,"turns":7},{"damage":13,"enemies":"Time Eater","floor":50,"turns":10},{"damage":0,"enemies":"Donu and Deca","floor":51,"turns":4},{"damage":0,"enemies":"Shield and Spear","floor":55,"turns":3},{"damage":33,"enemies":"The Heart","floor":56,"turns":8}],"seed_played":"5657098265869177754","potions_obtained":[{"floor":2.0,"key":"SneckoOil"},{"floor":4.0,"key":"GhostInAJar"},{"floor":16.0,"key":"EssenceOfSteel"},{"floor":24.0,"key":"SkillPotion"},{"floor":33.0,"key":"SteroidPotion"},{"floor":35.0,"key":"Swift Potion"},{"floor":40.0,"key":"Ancient Potion"},{"floor":42.0,"key":"DistilledChaos"},{"floor":47.0,"key":"FearPotion"}],"is_trial":false,"path_per_floor":["M","M","M","M","$","R","M","R","T","M","T","?","R","E","R","B",null,"M","$","?","M","M","R","M","R","T","?","R","$","?","T","R","B",null,"M","?","?","?","T","E","R","M","T","R","$","?","M","E","R","B","B",null,"R","$","E","B",null],"character_chosen":"THE_SILENT","items_purchased":["Lee\u0027s Waffle","Membership Card","Kunai","StoneCalendar","Footwork","Caltrops","Backstab","White Beast Statue","Blade Dance","Torii","Terror","Blade Dance"],"campfire_rested":1,"item_purchase_floors":[0,0,0,0,0,5,19,29,29,54,54,54],"current_hp_per_floor":[62,62,61,61,61,61,61,61,61,60,60,60,60,49,49,23,62,49,49,49,49,11,33,17,17,17,17,17,17,17,17,17,29,64,59,59,59,59,59,61,61,61,61,61,61,61,53,45,45,57,73,73,73,73,73,40],"gold":69,"neow_bonus":"","is_daily":false,"chose_seed":false,"campfire_upgraded":0,"win_rate":0.0,"timestamp":1611048524,"path_taken":["M","?","M","M","$","R","M","R","T","M","?","?","R","E","R","BOSS","M","?","?","?","?","R","M","R","T","?","R","$","?","?","R","BOSS","M","?","?","?","?","E","R","M","T","R","$","?","M","E","R","BOSS","BOSS","R","$","E","BOSS"],"items_purchased_type":["Relic","Relic","Relic","Relic","Card","Card","Card","Relic","Card","Relic","Card","Card"],"build_version":"2020-12-22","purchased_purges":4,"victory":true,"max_hp_per_floor":[73,73,73,73,73,73,73,73,73,73,73,73,73,75,75,75,75,75,75,75,75,75,75,75,75,75,75,75,75,75,75,75,75,75,75,75,75,71,71,73,73,73,73,73,73,73,73,73,73,73,73,73,73,73,73,73],"relic_stats":{"Lee\u0027s Waffle":45,"Singing Bowl":10,"Torii":12,"counters":[372,1757],"Dead Branch":[91],"StoneCalendar":[240],"Letter Opener":[112],"Question Card":8,"Nunchaku":[28],"Dream Catcher":1,"Tough Bandages":[201],"Shovel":10,"Shuriken":[65],"Mummified Hand":[39],"Pantograph":66,"Bronze Scales":[227],"Art of War":[4],"Kunai":[70],"obtain_stats":[{"TwistedFunnel":0,"Ginger":37,"Whetstone":8,"Bottled Tornado":21,"Sling":0,"Boot":41,"Old Coin":48,"Blood Vial":24,"Sundial":54,"MealTicket":9,"Fusion Hammer":17,"HandDrill":3,"Kunai":44,"Pear":11,"Blue Candle":40,"Tingsha":0,"Eternal Feather":0,"Pen Nib":39,"Paper Crane":48,"Akabeko":8,"SlaversCollar":17,"Bird Faced Urn":0,"MutagenicStrength":20,"Snecko Eye":17,"Pandora\u0027s Box":34,"Mark of Pain":34,"StrikeDummy":55,"Unceasing Top":11,"Lantern":36,"Regal Pillow":23,"Singing Bowl":24,"Torii":10,"Magic Flower":9,"StoneCalendar":0,"Bag of Preparation":29,"Ancient Tea Set":20,"Smiling Mask":24,"Cursed Key":34,"Burning Blood":0,"Matryoshka":4,"Shovel":34,"Ninja Scroll":40,"WingedGreaves":0,"Chemical X":38,"InkBottle":40,"Ring of the Snake":0,"Potion Belt":20,"Lee\u0027s Waffle":0,"Inserter":17,"Self Forming Clay":26,"Golden Idol":11,"Thread and Needle":0,"PreservedInsect":26,"The Courier":14,"Omamori":0,"Frozen Egg 2":0,"MawBank":8,"Busted Crown":34,"Ornamental Fan":43,"Orrery":30,"Turnip":0,"Art of War":7,"Champion Belt":0,"Bottled Lightning":27,"Toy Ornithopter":13,"Ice Cream":0,"Calipers":31,"Gremlin Horn":30,"CeramicFish":13,"Vajra":31,"HoveringKite":34,"Runic Capacitor":21,"Sozu":17,"Lizard Tail":0,"Centennial Puzzle":40,"HornCleat":31,"DollysMirror":36,"Strawberry":23,"Prayer Wheel":29,"Philosopher\u0027s Stone":17,"Toxic Egg 2":0,"Girya":41,"Happy Flower":0,"Dead Branch":0,"Astrolabe":17,"Oddly Smooth Stone":0,"Letter Opener":21,"War Paint":14,"Question Card":39,"Du-Vu Doll":0,"Bottled Flame":9,"Shuriken":43,"Bronze Scales":9,"Molten Egg 2":0,"Symbiotic Virus":0,"Pocketwatch":0,"Meat on the Bone":0,"Darkstone Periapt":20,"SacredBark":34,"Mango":0,"Snake Skull":3,"Incense Burner":10,"Juzu Bracelet":14,"Empty Cage":17,"PrismaticShard":37,"ClockworkSouvenir":0,"Emotion Chip":26,"Dream Catcher":27,"Nunchaku":27,"Tough Bandages":11,"Mummified Hand":9,"Pantograph":34,"Gambling Chip":0,"Tiny Chest":12,"Red Mask":37,"Cracked Core":0,"Runic Pyramid":17,"Orichalcum":41,"Odd Mushroom":14,"Medical Kit":19,"White Beast Statue":10,"Mercury Hourglass":26,"Peace Pipe":45,"Calling Bell":34,"Strange Spoon":0,"Anchor":0,"CaptainsWheel":0,"DataDisk":39,"Coffee Dripper":34,"Bag of Marbles":0,"Membership Card":0,"TungstenRod":43,"FossilizedHelix":37},{"TwistedFunnel":169,"Ginger":19,"Whetstone":113,"Bottled Tornado":9,"Sling":57,"Boot":75,"Old Coin":24,"Blood Vial":11,"Sundial":287,"MealTicket":84,"Fusion Hammer":298,"HandDrill":213,"Kunai":54,"Pear":114,"Blue Candle":52,"Tingsha":235,"Eternal Feather":265,"Pen Nib":168,"Paper Crane":346,"Akabeko":31,"SlaversCollar":158,"Bird Faced Urn":98,"MutagenicStrength":219,"Snecko Eye":125,"Pandora\u0027s Box":306,"Mark of Pain":71,"StrikeDummy":264,"Unceasing Top":201,"Lantern":18,"Regal Pillow":180,"Singing Bowl":90,"Torii":103,"Magic Flower":155,"StoneCalendar":0,"Bag of Preparation":14,"Ancient Tea Set":127,"Smiling Mask":137,"Cursed Key":279,"Burning Blood":0,"Matryoshka":2,"Shovel":95,"Ninja Scroll":311,"WingedGreaves":0,"Chemical X":51,"InkBottle":228,"Ring of the Snake":0,"Potion Belt":9,"Lee\u0027s Waffle":26,"Inserter":36,"Self Forming Clay":68,"Golden Idol":103,"Thread and Needle":26,"PreservedInsect":42,"The Courier":201,"Omamori":0,"Frozen Egg 2":0,"MawBank":4,"Busted Crown":142,"Ornamental Fan":345,"Orrery":70,"Turnip":128,"Art of War":102,"Champion Belt":57,"Bottled Lightning":208,"Toy Ornithopter":63,"Ice Cream":150,"Calipers":47,"Gremlin Horn":210,"CeramicFish":244,"Vajra":16,"HoveringKite":185,"Runic Capacitor":9,"Sozu":217,"Lizard Tail":0,"Centennial Puzzle":21,"HornCleat":94,"DollysMirror":255,"Strawberry":41,"Prayer Wheel":92,"Philosopher\u0027s Stone":134,"Toxic Egg 2":0,"Girya":365,"Happy Flower":0,"Dead Branch":26,"Astrolabe":202,"Oddly Smooth Stone":26,"Letter Opener":66,"War Paint":87,"Question Card":20,"Du-Vu Doll":57,"Bottled Flame":132,"Shuriken":22,"Bronze Scales":4,"Molten Egg 2":26,"Symbiotic Virus":26,"Pocketwatch":26,"Meat on the Bone":82,"Darkstone Periapt":9,"SacredBark":363,"Mango":0,"Snake Skull":171,"Incense Burner":5,"Juzu Bracelet":7,"Empty Cage":65,"PrismaticShard":308,"ClockworkSouvenir":26,"Emotion Chip":11,"Dream Catcher":12,"Nunchaku":43,"Tough Bandages":242,"Mummified Hand":4,"Pantograph":95,"Gambling Chip":106,"Tiny Chest":33,"Red Mask":72,"Cracked Core":0,"Runic Pyramid":8,"Orichalcum":22,"Odd Mushroom":297,"Medical Kit":177,"White Beast Statue":156,"Mercury Hourglass":90,"Peace Pipe":23,"Calling Bell":95,"Strange Spoon":235,"Anchor":0,"CaptainsWheel":26,"DataDisk":51,"Coffee Dripper":17,"Bag of Marbles":106,"Membership Card":0,"TungstenRod":53,"FossilizedHelix":186},{"TwistedFunnel":848,"Ginger":98,"Whetstone":607,"Bottled Tornado":46,"Sling":287,"Boot":403,"Old Coin":129,"Blood Vial":56,"Sundial":1388,"MealTicket":477,"Fusion Hammer":1433,"HandDrill":1046,"Kunai":264,"Pear":619,"Blue Candle":255,"Tingsha":1119,"Eternal Feather":1289,"Pen Nib":844,"Paper Crane":1607,"Akabeko":169,"SlaversCollar":800,"Bird Faced Urn":550,"MutagenicStrength":1070,"Snecko Eye":667,"Pandora\u0027s Box":1465,"Mark of Pain":375,"StrikeDummy":1280,"Unceasing Top":1002,"Lantern":93,"Regal Pillow":905,"Singing Bowl":508,"Torii":571,"Magic Flower":787,"StoneCalendar":0,"Bag of Preparation":69,"Ancient Tea Set":673,"Smiling Mask":701,"Cursed Key":1349,"Burning Blood":0,"Matryoshka":7,"Shovel":534,"Ninja Scroll":1479,"WingedGreaves":0,"Chemical X":250,"InkBottle":1094,"Ring of the Snake":0,"Potion Belt":46,"Lee\u0027s Waffle":155,"Inserter":183,"Self Forming Clay":341,"Golden Idol":571,"Thread and Needle":155,"PreservedInsect":210,"The Courier":1002,"Omamori":0,"Frozen Egg 2":0,"MawBank":15,"Busted Crown":727,"Ornamental Fan":1601,"Orrery":359,"Turnip":678,"Art of War":564,"Champion Belt":287,"Bottled Lightning":1027,"Toy Ornithopter":303,"Ice Cream":761,"Calipers":231,"Gremlin Horn":1036,"CeramicFish":1157,"Vajra":80,"HoveringKite":930,"Runic Capacitor":46,"Sozu":1064,"Lizard Tail":0,"Centennial Puzzle":109,"HornCleat":522,"DollysMirror":1216,"Strawberry":206,"Prayer Wheel":515,"Philosopher\u0027s Stone":697,"Toxic Egg 2":0,"Girya":1720,"Happy Flower":0,"Dead Branch":155,"Astrolabe":1009,"Oddly Smooth Stone":155,"Letter Opener":321,"War Paint":493,"Question Card":102,"Du-Vu Doll":287,"Bottled Flame":693,"Shuriken":116,"Bronze Scales":15,"Molten Egg 2":155,"Symbiotic Virus":155,"Pocketwatch":155,"Meat on the Bone":469,"Darkstone Periapt":46,"SacredBark":1714,"Mango":0,"Snake Skull":856,"Incense Burner":22,"Juzu Bracelet":32,"Empty Cage":316,"PrismaticShard":1469,"ClockworkSouvenir":155,"Emotion Chip":56,"Dream Catcher":61,"Nunchaku":214,"Tough Bandages":1151,"Mummified Hand":15,"Pantograph":534,"Gambling Chip":577,"Tiny Chest":174,"Red Mask":381,"Cracked Core":0,"Runic Pyramid":41,"Orichalcum":116,"Odd Mushroom":1427,"Medical Kit":888,"White Beast Statue":790,"Mercury Hourglass":508,"Peace Pipe":123,"Calling Bell":534,"Strange Spoon":1119,"Anchor":0,"CaptainsWheel":155,"DataDisk":250,"Coffee Dripper":88,"Bag of Marbles":577,"Membership Card":0,"TungstenRod":259,"FossilizedHelix":935}],"InkBottle":[11],"Ring of the Snake":[167]},"card_choices":[{"not_picked":["Acrobatics","Backflip"],"picked":"Dagger Spray","floor":1.0},{"not_picked":["Catalyst","Setup"],"picked":"Quick Slash","floor":2.0},{"not_picked":["Poisoned Stab","Footwork"],"picked":"Endless Agony","floor":3.0},{"not_picked":["PiercingWail","Dagger Spray"],"picked":"Backflip","floor":4.0},{"not_picked":["Underhanded Strike","Deadly Poison"],"picked":"Corpse Explosion","floor":7.0},{"not_picked":["Prepared","Sucker Punch"],"picked":"Leg Sweep","floor":10.0},{"not_picked":["Escape Plan","Endless Agony","Sucker Punch"],"picked":"Singing Bowl","floor":14.0},{"not_picked":["Corpse Explosion","Adrenaline"],"picked":"After Image","floor":16.0},{"not_picked":["Deadly Poison","Reflex+1"],"picked":"Crippling Poison","floor":18.0},{"not_picked":["Poisoned Stab","Sucker Punch"],"picked":"Cloak And Dagger","floor":21.0},{"not_picked":["Blur","Dagger Spray"],"picked":"Dash","floor":22.0},{"not_picked":["Blade Dance","Cloak And Dagger"],"picked":"Glass Knife","floor":23.0},{"not_picked":["Sucker Punch","Deadly Poison"],"picked":"Blade Dance","floor":24.0},{"not_picked":["Grand Finale","Corpse Explosion","Bullet Time"],"picked":"Tools of the Trade","floor":33.0},{"not_picked":["Backflip","Flechettes+1","Flying Knee"],"picked":"Bane+1","floor":35.0},{"not_picked":["HandOfGreed","Forethought","Purity"],"picked":"Apotheosis","floor":36.0},{"not_picked":["Underhanded Strike","Poisoned Stab","Flechettes","Skewer"],"picked":"Singing Bowl","floor":40.0},{"not_picked":["Underhanded Strike","Predator","Deadly Poison"],"picked":"PiercingWail+1","floor":42.0},{"not_picked":["Flying Knee","Slice+1","Poisoned Stab+1"],"picked":"Expertise","floor":47.0},{"not_picked":["Slice+1","A Thousand Cuts","Noxious Fumes+1"],"picked":"Blur","floor":48},{"not_picked":["Blade Dance","Outmaneuver+1","Flying Knee"],"picked":"Blur+1","floor":55}],"player_experience":910982,"relics_obtained":[{"floor":6.0,"key":"Nunchaku"},{"floor":8.0,"key":"Singing Bowl"},{"floor":9.0,"key":"Anchor"},{"floor":13.0,"key":"Shuriken"},{"floor":14.0,"key":"Dream Catcher"},{"floor":15.0,"key":"Tough Bandages"},{"floor":25.0,"key":"Art of War"},{"floor":26.0,"key":"Letter Opener"},{"floor":28.0,"key":"Du-Vu Doll"},{"floor":31.0,"key":"Pantograph"},{"floor":32.0,"key":"Bronze Scales"},{"floor":39.0,"key":"Bag of Marbles"},{"floor":40.0,"key":"Bottled Lightning"},{"floor":41.0,"key":"Girya"},{"floor":43.0,"key":"Mummified Hand"},{"floor":44.0,"key":"Paper Crane"},{"floor":48,"key":"Dead Branch"},{"floor":53,"key":"InkBottle"},{"floor":55,"key":"Calipers"}],"event_choices":[{"damage_healed":0.0,"max_hp_gain":0.0,"max_hp_loss":0.0,"gold_gain":0.0,"cards_transformed":["Strike_G"],"event_name":"Transmorgrifier","player_choice":"Transformed","floor":12.0,"gold_loss":0.0,"damage_taken":0.0,"cards_obtained":["Phantasmal Killer"]},{"damage_healed":0.0,"max_hp_gain":0.0,"max_hp_loss":0.0,"gold_gain":0.0,"event_name":"Duplicator","player_choice":"Copied","floor":20.0,"gold_loss":0.0,"damage_taken":0.0,"cards_obtained":["Backstab"]},{"damage_healed":0.0,"max_hp_gain":0.0,"max_hp_loss":0.0,"gold_gain":0.0,"event_name":"Addict","player_choice":"Stole Relic","floor":27.0,"gold_loss":0.0,"damage_taken":0.0,"relics_obtained":["Question Card"],"cards_obtained":["Shame"]},{"damage_healed":0.0,"max_hp_gain":0.0,"max_hp_loss":0.0,"gold_gain":0.0,"event_name":"Ghosts","player_choice":"Ignored","floor":30.0,"gold_loss":0.0,"damage_taken":0.0},{"damage_healed":0.0,"max_hp_gain":0.0,"max_hp_loss":0.0,"gold_gain":0.0,"event_name":"SensoryStone","player_choice":"Memory 1","floor":36.0,"gold_loss":0.0,"damage_taken":0.0},{"cards_removed":["Quick Slash"],"damage_healed":0.0,"max_hp_gain":0.0,"max_hp_loss":0.0,"gold_gain":0.0,"event_name":"Falling","player_choice":"Removed Attack","floor":37.0,"gold_loss":0.0,"damage_taken":0.0},{"damage_healed":0.0,"max_hp_gain":0.0,"max_hp_loss":4.0,"gold_gain":0.0,"event_name":"Winding Halls","player_choice":"Max HP","floor":38.0,"gold_loss":0.0,"damage_taken":0.0},{"damage_healed":0.0,"max_hp_gain":0.0,"max_hp_loss":0.0,"gold_gain":0.0,"event_name":"Tomb of Lord Red Mask","player_choice":"Ignored","floor":46.0,"gold_loss":0.0,"damage_taken":0.0}],"is_beta":false,"boss_relics":[{"not_picked":["Calling Bell","Runic Dome"],"picked":"SlaversCollar"},{"not_picked":["Runic Pyramid","Busted Crown"],"picked":"SacredBark"}],"items_purged_floors":[0,5,29,45],"is_endless":false,"potions_floor_spawned":[2,4,16,24,33,35,40,42,47,48,55],"ascension_level":20}}