{"host":"fkzh9ayetsaj48l7","time":1611066622,"event":{"mods":["Aspiration","BaseMod","Better Altar","Better Match","Better Note","Better Sensory Stone","Better Skull","Better Third Choice","BetterRewards","ChefMod","Colored Map","Colored Powertips","Conspire","Energized Spire","Halation","Hermit","Hubris","Jedi Mod","Jorbs\u0027s Wanderer Trilogy","Minty Spire (QoL Compilation)","MostiFishMod","Permanent Neow","Potionbrewer","Replay The Spire","Shade Mod","Shop Mod","Spicy Shops","StSLib","The Animator","The Dragon Tamer","The Forsaken","The Gatherer","The Hierophant","The Mystic","The Necromancer","The Runesmith","The Sage","The Showman","TheBandit","TheSwordswoman","TheWitcher","thorton","vexMod"],"gold_per_floor":[113,126,141,141,156,183,194,194,194,219,219,235,248,274,274,372,372,383,130,130,184,59,59,85,85,110,145,145,162,174,174,174,277,277,289,289,305,305,321,354,365,380,380,380,380,393,403,200,200,200],"floor_reached":51,"language":"ENG","playtime":2969,"items_purged":["chefmod:Puree","chefmod:Strike","Pain"],"score":814,"play_id":"fa529435-59e9-4981-abe7-d9d3af4808f0","local_time":"20210119143022","is_ascension_mode":false,"campfire_choices":[{"data":"chefmod:FiveAlarmChili","floor":8,"key":"SMITH"},{"floor":11,"key":"REST"},{"floor":15,"key":"REST"},{"data":"chefmod:TastyDistraction","floor":23,"key":"SMITH"},{"data":"chefmod:FreezerBurn","floor":25,"key":"SMITH"},{"floor":28,"key":"REST"},{"floor":32,"key":"DIG"},{"floor":49,"key":"REST"}],"circlet_count":0,"master_deck":["chefmod:Strike","chefmod:QuickThaw","chefmod:Defend","chefmod:Defend","chefmod:Defend","chefmod:Defend","chefmod:TodaysSpecial","chefmod:FiveAlarmChili+1","chefmod:Fillet","chefmod:Fillet","chefmod:RaidPantry","chefmod:Granita","chefmod:FreezerBurn+1","chefmod:Defrost","chefmod:Chop","chefmod:TastyDistraction+1","chefmod:ZaruSoba","chefmod:FreezerBurn+1","chefmod:OrderUp+1","chefmod:FreshProduce","chefmod:QuickChop"],"relics":["chefmod:TrustyPot","DaveBox","SynthV:C4","vexMod:FocusSash","Meat on the Bone","Philosopher\u0027s Stone","conspire:TopHat","Boot","Toy Ornithopter","vexMod:BarristanHead","Singing Bowl","Nloth\u0027s Gift","aspiration:StickyExplosives_weak","conspire:RunicOctahedron","Juzu Bracelet","Eternal Feather","WarpedTongs","halation:AfternoonTea"],"acts_visited":["Exordium","TheCity","TheBeyond"],"potions_floor_usage":[14,16,24,29,33,33,37,46,50],"damage_taken":[{"damage":1,"enemies":"Cultist","floor":1,"turns":4},{"damage":4,"enemies":"2 Louse","floor":2,"turns":4},{"damage":0,"enemies":"Jaw Worm","floor":3,"turns":4},{"damage":3,"enemies":"Exordium Wildlife","floor":5,"turns":7},{"damage":16,"enemies":"Gremlin Nob","floor":6,"turns":4},{"damage":14,"enemies":"Blue Slaver","floor":7,"turns":5},{"damage":29,"enemies":"3 Sentries","floor":10,"turns":9},{"damage":3,"enemies":"Red Slaver","floor":12,"turns":2},{"damage":4,"enemies":"Exordium Wildlife","floor":13,"turns":4},{"damage":16,"enemies":"Lagavulin","floor":14,"turns":7},{"damage":10,"enemies":"Slime Boss","floor":16,"turns":9},{"damage":6,"enemies":"Shell Parasite","floor":18,"turns":4},{"damage":44,"enemies":"Slavers","floor":24,"turns":5},{"damage":24,"enemies":"Gremlin Leader","floor":27,"turns":6},{"damage":11,"enemies":"conspire:FuzzyDice","floor":29,"turns":5},{"damage":7,"enemies":"3 Cultists","floor":30,"turns":3},{"damage":47,"enemies":"Collector","floor":33,"turns":6},{"damage":6,"enemies":"Orb Walker","floor":35,"turns":3},{"damage":47,"enemies":"3 Darklings","floor":37,"turns":5},{"damage":3,"enemies":"Transient","floor":39,"turns":5},{"damage":0,"enemies":"R_Hoarder","floor":40,"turns":7},{"damage":31,"enemies":"4 Shapes","floor":41,"turns":3},{"damage":41,"enemies":"Jaw Worm Horde","floor":42,"turns":3},{"damage":21,"enemies":"Writhing Mass","floor":46,"turns":4},{"damage":3,"enemies":"Maw","floor":47,"turns":5},{"damage":70,"enemies":"Time Eater","floor":50,"turns":5}],"seed_played":"-7284865038109491646","potions_obtained":[{"floor":5,"key":"Swift Potion"},{"floor":7,"key":"potionbrewer:FreezingPotion"},{"floor":10,"key":"Fire Potion"},{"floor":12,"key":"potionbrewer:EndurancePotion"},{"floor":24,"key":"potionbrewer:DiscountPotion"},{"floor":27,"key":"Fire Potion"},{"floor":29,"key":"CultistPotion"},{"floor":33,"key":"FairyPotion"},{"floor":35,"key":"Energy Potion"},{"floor":41,"key":"BlessingOfTheForge"},{"floor":42,"key":"jedi:StrikingPotion"},{"floor":47,"key":"AttackPotion"}],"is_trial":false,"path_per_floor":["M","M","M","?","M","E","M","R","T","E","R","M","M","E","R","B",null,"M","$","?","T","$","R","E","R","T","E","R","M","M","?","R_BF","B",null,"M","?","M","?","M","E","M","M","T","?","?","M","M","$","R","B",null],"character_chosen":"THE_CHEF","items_purchased":["conspire:TopHat","chefmod:ZaruSoba","Boot","halation:AfternoonTea"],"campfire_rested":4,"item_purchase_floors":[19,22,22,48],"current_hp_per_floor":[75,71,71,71,68,52,38,38,38,9,31,28,24,8,30,32,76,70,70,70,70,70,70,38,38,38,28,51,47,52,52,52,27,80,76,76,46,50,49,49,32,39,39,39,39,37,48,48,87,43],"gold":200,"neow_bonus":"TRANSFORM_CARD","is_daily":false,"chose_seed":false,"campfire_upgraded":3,"win_rate":0.0,"timestamp":1611066622,"path_taken":["M","M","?","?","M","E","?","R","T","E","R","M","M","E","R","BOSS","M","$","?","?","?","R","E","R","T","E","R","M","?","?","R_BF","BOSS","M","?","M","?","?","E","M","M","T","?","?","M","M","$","R","BOSS"],"items_purchased_type":["Relic","Card","Relic","Relic"],"build_version":"2020-12-22","purchased_purges":3,"victory":true,"max_hp_per_floor":[76,76,76,76,76,76,76,76,76,76,76,76,76,76,76,76,76,76,76,76,76,76,76,76,76,76,78,78,80,80,80,80,80,80,82,82,82,82,84,84,86,88,88,88,88,90,92,92,92,92],"card_choices":[{"not_picked":["chefmod:DinoKale","chefmod:Defrost"],"picked":"chefmod:Puree","floor":1},{"not_picked":["chefmod:Escargot","chefmod:Defrost","chefmod:FreezeSolid","chefmod:IcePick"],"picked":"chefmod:Fillet","floor":2},{"not_picked":["chefmod:ZaruSoba","chefmod:TonkotsuRamen","chefmod:IcePick","chefmod:Sorbet"],"picked":"chefmod:Fillet","floor":3},{"not_picked":["chefmod:Escargot","chefmod:SliceAndDice","chefmod:Granita","chefmod:NoSoupForYou"],"picked":"chefmod:RaidPantry","floor":5},{"not_picked":["chefmod:CapreseSalad","chefmod:FryPan","chefmod:PrepCook","chefmod:Fillet","chefmod:CayenneCloud"],"picked":"SKIP","floor":6},{"not_picked":["chefmod:NewMenu","chefmod:Gelato","chefmod:ZaruSoba","chefmod:BleedOut"],"picked":"chefmod:Granita","floor":7},{"not_picked":["chefmod:BaoBuns","chefmod:ZaruSoba","chefmod:Granita","chefmod:Fillet","chefmod:FiveAlarmChili"],"picked":"SKIP","floor":10},{"not_picked":["chefmod:FireUp","chefmod:IcePick","chefmod:Leftovers","chefmod:SliceAndDice"],"picked":"chefmod:FreezerBurn","floor":12},{"not_picked":["chefmod:AllYouCanEat","chefmod:BaoBuns","chefmod:DeepFreeze","chefmod:Granita"],"picked":"chefmod:Defrost","floor":13},{"not_picked":["chefmod:Mince","chefmod:CleanHouse","chefmod:SliceAndDice","chefmod:NoSoupForYou"],"picked":"chefmod:Chop","floor":14},{"not_picked":["chefmod:FrozenTuna","chefmod:SushiPlatter","chefmod:CandyBowl","chefmod:TwoForOne"],"picked":"chefmod:TastyDistraction","floor":16},{"not_picked":["chefmod:ColdSteel","chefmod:BaoBuns+1","chefmod:Chop+1","chefmod:MonsterBait","chefmod:PotatoGratin"],"picked":"SKIP","floor":18},{"not_picked":["chefmod:ColdSteel+1","chefmod:FreezerBurn","chefmod:Granita+1","chefmod:FryPan","chefmod:SliceAndDice"],"picked":"SKIP","floor":24},{"not_picked":["chefmod:ColdSteel","chefmod:Chop","chefmod:SliceAndDice","chefmod:RisingDough","chefmod:AlooGobi"],"picked":"Singing Bowl","floor":27},{"not_picked":["chefmod:BaoBuns+1","chefmod:IceCreamCone","chefmod:DoubleChop","chefmod:GroceryDelivery","chefmod:FryPan"],"picked":"Singing Bowl","floor":29},{"not_picked":["chefmod:BaoBuns","chefmod:Leftovers","chefmod:Ratatouille","chefmod:Granita+1"],"picked":"chefmod:FreezerBurn+1","floor":30},{"not_picked":["chefmod:TwoForOne","chefmod:DeepFreeze"],"picked":"chefmod:OrderUp","floor":33},{"not_picked":["chefmod:FryPan","chefmod:ColdSteel+1","chefmod:NoSoupForYou"],"picked":"Singing Bowl","floor":35},{"not_picked":["chefmod:NewMenu","chefmod:MonsterBait"],"picked":"chefmod:FreshProduce","floor":37},{"not_picked":["chefmod:SliceAndDice","chefmod:ZaruSoba","chefmod:FreezerBurn"],"picked":"Singing Bowl","floor":39},{"not_picked":["chefmod:Granita+1","chefmod:Cleavers+1"],"picked":"chefmod:QuickChop","floor":40},{"not_picked":["chefmod:VegetableTart+1","chefmod:DinoKale+1","chefmod:DimSum+1"],"picked":"Singing Bowl","floor":41},{"not_picked":["chefmod:Sorbet","chefmod:FullBurn+1","chefmod:FreezerBurn+1"],"picked":"Singing Bowl","floor":42},{"not_picked":["chefmod:SpaghettiCarbonara+1","chefmod:Sorbet+1","chefmod:IcePick"],"picked":"Singing Bowl","floor":46},{"not_picked":["chefmod:HotSoup+1","chefmod:NoSoupForYou","chefmod:PotatoGratin+1"],"picked":"Singing Bowl","floor":47}],"player_experience":386388,"relics_obtained":[{"floor":1,"key":"SynthV:TestCard"},{"floor":6,"key":"SynthV:C4"},{"floor":10,"key":"vexMod:FocusSash"},{"floor":14,"key":"Meat on the Bone"},{"floor":24,"key":"Toy Ornithopter"},{"floor":26,"key":"vexMod:BarristanHead"},{"floor":27,"key":"Singing Bowl"},{"floor":32,"key":"aspiration:StickyExplosives_weak"},{"floor":40,"key":"Juzu Bracelet"},{"floor":43,"key":"Eternal Feather"}],"event_choices":[{"damage_healed":0,"gold_gain":1,"player_choice":"1","damage_taken":0,"max_hp_gain":0,"max_hp_loss":0,"event_name":"betterStone:BetterStone","floor":4,"gold_loss":0},{"cards_removed":["chefmod:Strike"],"damage_healed":0,"gold_gain":0,"player_choice":"Offered Basic","damage_taken":0,"max_hp_gain":0,"max_hp_loss":0,"event_name":"Bonfire Elementals","floor":20,"gold_loss":0},{"damage_healed":0,"gold_gain":0,"player_choice":"Traded Relic","damage_taken":0,"relics_obtained":["Nloth\u0027s Gift"],"max_hp_gain":0,"max_hp_loss":0,"event_name":"N\u0027loth","floor":31,"relics_lost":["SynthV:TestCard"],"gold_loss":0},{"damage_healed":0,"gold_gain":0,"player_choice":"Random: Green","damage_taken":0,"max_hp_gain":0,"max_hp_loss":0,"event_name":"betterThird:BetterPortal","floor":38,"gold_loss":0},{"damage_healed":4,"gold_gain":0,"player_choice":"LEAVE ","damage_taken":0,"relics_obtained":[],"max_hp_gain":0,"max_hp_loss":0,"event_name":"betterSkull:BetterSkull","floor":38,"gold_loss":0,"cards_upgraded":[]},{"damage_healed":0,"gold_gain":0,"player_choice":"Ignored","damage_taken":0,"max_hp_gain":0,"max_hp_loss":0,"event_name":"betterNote:BetterNote","floor":44,"gold_loss":0,"cards_obtained":["wariomod:Strike"]},{"damage_healed":0,"gold_gain":0,"player_choice":"Rummage","damage_taken":0,"relics_obtained":["WarpedTongs"],"max_hp_gain":0,"max_hp_loss":0,"event_name":"Accursed Blacksmith","floor":45,"gold_loss":0,"cards_obtained":["Pain"]}],"is_beta":false,"boss_relics":[{"not_picked":["TakeMeEscape","hubris:HollowSoul"],"picked":"Philosopher\u0027s Stone"},{"not_picked":["aspiration:IroncladSkillbook","RhineCircuit"],"picked":"conspire:RunicOctahedron"}],"items_purged_floors":[19,19,48],"is_endless":false,"potions_floor_spawned":[5,7,10,12,24,27,29,33,35,41,42,47],"ascension_level":0}}