{"host":"d7fiu2yjkssjxoz6","time":1611094622,"event":{"mods":["AchievementEnabler","BaseMod","Duelist Mod","GifTheSpireLib","Minty Spire (QoL Compilation)","StSLib"],"gold_per_floor":[144,164,177,177,197,197,229,229,229,257,257,257,257],"floor_reached":12,"language":"ENG","playtime":734,"items_purged":[],"score":164,"play_id":"4ac5e79c-ec21-42f6-a6c3-969ae392d7aa","local_time":"20210119141702","is_ascension_mode":true,"campfire_choices":[{"data":"theDuelist:ShortCircuit","floor":6,"key":"SMITH"},{"data":"theDuelist:SwordsConcealing","floor":8,"key":"SMITH"}],"circlet_count":0,"master_deck":["theDuelist:Biofalcon+1","theDuelist:CastleWalls","theDuelist:CastleWalls","theDuelist:Deskbot004","theDuelist:Deskbot004","theDuelist:Deskbot005","theDuelist:Deskbot005","theDuelist:GreenGadget","theDuelist:Sparks+1","theDuelist:MagicSparks+1","theDuelist:SwordsConcealing+1","theDuelist:GreenGadget+1","theDuelist:GearGigant","theDuelist:ShortCircuit+1","theDuelist:IronhammerGiant+1","theDuelist:CoreBlaster+1"],"relics":["theDuelist:MillenniumPuzzle","theDuelist:CardPoolRelic","theDuelist:CardPoolBasicRelic","theDuelist:BoosterPackPoolRelic","theDuelist:CardPoolAddRelic","theDuelist:CardPoolMinusRelic","theDuelist:CardPoolSaveRelic","theDuelist:CardPoolOptionsRelic","Vajra","InkBottle","Eternal Feather"],"acts_visited":["Exordium"],"potions_floor_usage":[],"damage_taken":[{"damage":4,"enemies":"2 Louse","floor":1,"turns":3},{"damage":13,"enemies":"Small Slimes","floor":2,"turns":6},{"damage":0,"enemies":"Cultist","floor":3,"turns":3},{"damage":4,"enemies":"Exordium Thugs","floor":5,"turns":4},{"damage":0,"enemies":"Gremlin Nob","floor":7,"turns":3},{"damage":27,"enemies":"Lagavulin","floor":10,"turns":7},{"damage":14,"enemies":"3 Sentries","floor":12,"turns":4}],"seed_played":"-6855432175130843435","potions_obtained":[{"floor":5,"key":"Ancient Potion"}],"is_trial":false,"path_per_floor":["M","M","M","?","M","R","E","R","T","E","?","E"],"character_chosen":"THE_DUELIST","items_purchased":[],"campfire_rested":0,"item_purchase_floors":[],"current_hp_per_floor":[68,55,55,39,35,35,35,35,35,8,8,0,0],"gold":257,"neow_bonus":"RANDOM_COMMON_RELIC","is_daily":false,"chose_seed":false,"campfire_upgraded":2,"win_rate":0.0,"timestamp":1611094622,"path_taken":["M","M","M","?","M","R","E","R","T","E","?","E"],"items_purchased_type":[],"build_version":"2020-12-22","purchased_purges":0,"victory":false,"max_hp_per_floor":[80,80,80,80,80,80,80,80,80,80,80,80,80],"card_choices":[{"not_picked":["theDuelist:SteamTrainKing","theDuelist:SolemnWarning","theDuelist:PlatinumGadget","theDuelist:GoldGadget"],"picked":"theDuelist:SwordsConcealing","floor":1},{"not_picked":["theDuelist:Oilman","theDuelist:DoubleTool","theDuelist:CyberneticFusion","theDuelist:Quariongandrax"],"picked":"theDuelist:GreenGadget","floor":2},{"not_picked":["theDuelist:StimPack","theDuelist:Tuningware","theDuelist:DoubleTool","theDuelist:Deskbot004"],"picked":"theDuelist:GearGigant","floor":3},{"not_picked":["theDuelist:LimiterRemoval","theDuelist:BreakDraw","theDuelist:MachineDuplication","theDuelist:Factory100Machines"],"picked":"theDuelist:ShortCircuit","floor":5},{"not_picked":["theDuelist:SevenCompleted","theDuelist:MachineKing","theDuelist:JinzoLord","theDuelist:Deskbot007"],"picked":"theDuelist:IronhammerGiant","floor":7},{"not_picked":["theDuelist:SparkBlaster+1","theDuelist:ParallelPortArmor","theDuelist:DoubleTool+1","theDuelist:AncientGearFist+1"],"picked":"theDuelist:CoreBlaster+1","floor":10}],"player_experience":238615,"relics_obtained":[{"floor":7,"key":"InkBottle"},{"floor":10,"key":"Eternal Feather"}],"event_choices":[{"damage_healed":0,"gold_gain":0,"player_choice":"Entered Light","damage_taken":16,"max_hp_gain":0,"max_hp_loss":0,"event_name":"Shining Light","floor":4,"gold_loss":0,"cards_upgraded":["theDuelist:GreenGadget","theDuelist:Biofalcon"]},{"damage_healed":0,"gold_gain":0,"player_choice":"Grow","damage_taken":0,"max_hp_gain":0,"max_hp_loss":0,"event_name":"Living Wall","floor":11,"gold_loss":0,"cards_upgraded":["theDuelist:IronhammerGiant"]}],"is_beta":false,"boss_relics":[],"items_purged_floors":[],"is_endless":false,"potions_floor_spawned":[5],"killed_by":"3 Sentries","ascension_level":9}}