{"host":"1a3cjta80tad0aqj","time":1611048253,"event":{"mods":["2.2 Compatiblity","AchievementEnabler","BaseMod","Colored Map","DeckTracker","KOR Keyword Fix","Keyboard Shortcuts","Minty Spire (QoL Compilation)","Permanent Neow","Quick Restart","Random Character Button","StSLib","SuperFastMode","everything is the same but u backflip on backflip"],"gold_per_floor":[115,56,70,70,70,70,80,80,128,128,163,182,182,193,193,269,269,284,284,294,294,294,294,306,320,344,344,16,36,70,83,83,83,83],"floor_reached":33,"language":"KOR","playtime":1129,"items_purged":["Strike_P"],"score":594,"play_id":"6024cd74-0c33-4df7-90f2-c77010b39f43","local_time":"20210119182413","is_ascension_mode":true,"campfire_choices":[{"data":"Conclude","floor":6.0,"key":"SMITH"},{"data":"SashWhip","floor":8.0,"key":"SMITH"},{"data":"Vigilance","floor":10.0,"key":"SMITH"},{"floor":13.0,"key":"REST"},{"data":"Wallop","floor":15.0,"key":"SMITH"},{"floor":23.0,"key":"REST"},{"floor":27.0,"key":"REST"},{"floor":32.0,"key":"REST"}],"circlet_count":0,"master_deck":["AscendersBane","Strike_P","Strike_P+1","Strike_P","Defend_P+1","Defend_P","Defend_P","Eruption+1","Vigilance+1","SashWhip+1","Conclude+1","FlurryOfBlows+1","Wallop+1","CrushJoints+1","CutThroughFate","LessonLearned+1","Necronomicurse","ClearTheMind+1","EmptyFist+1","Bandage Up","BowlingBash"],"relics":["PureWater","Gremlin Horn","Whetstone","Yang","VioletLotus","Necronomicon","Toy Ornithopter","Medical Kit","Red Mask"],"acts_visited":["Exordium","TheCity"],"potions_floor_usage":[33,33],"damage_taken":[{"damage":2.0,"enemies":"2 Louse","floor":1.0,"turns":3.0},{"damage":1.0,"enemies":"Cultist","floor":3.0,"turns":4.0},{"damage":3.0,"enemies":"Small Slimes","floor":7.0,"turns":4.0},{"damage":30.0,"enemies":"Lagavulin","floor":11.0,"turns":3.0},{"damage":0.0,"enemies":"2 Fungi Beasts","floor":12.0,"turns":3.0},{"damage":0.0,"enemies":"Large Slime","floor":14.0,"turns":3.0},{"damage":0.0,"enemies":"Slime Boss","floor":16.0,"turns":5.0},{"damage":11.0,"enemies":"Shell Parasite","floor":18.0,"turns":3.0},{"damage":23.0,"enemies":"Spheric Guardian","floor":20.0,"turns":4.0},{"damage":9.0,"enemies":"Snake Plant","floor":24.0,"turns":4.0},{"damage":0.0,"enemies":"3 Cultists","floor":25.0,"turns":2.0},{"damage":0.0,"enemies":"Centurion and Healer","floor":29.0,"turns":3.0},{"damage":0.0,"enemies":"Masked Bandits","floor":30.0,"turns":2.0},{"damage":0.0,"enemies":"Snecko","floor":31.0,"turns":2.0},{"damage":67,"enemies":"Champ","floor":33,"turns":11}],"seed_played":"-4355700356391165498","potions_obtained":[{"floor":3.0,"key":"Dexterity Potion"},{"floor":12.0,"key":"SteroidPotion"},{"floor":16.0,"key":"BottledMiracle"},{"floor":25.0,"key":"Dexterity Potion"},{"floor":31.0,"key":"SkillPotion"}],"is_trial":false,"path_per_floor":["M","?","M","?","?","R","M","R","T","R","E","M","R","M","R","B",null,"M","?","M","?","?","R","M","M","T","R","$","M","?","M","R","B"],"character_chosen":"WATCHER","items_purchased":["Medical Kit","Bandage Up"],"campfire_rested":4,"item_purchase_floors":[28,28],"current_hp_per_floor":[59,59,58,58,58,58,55,55,55,55,25,25,45,45,45,45,62,51,30,7,7,7,27,18,18,18,38,38,38,38,42,62,6,6],"gold":83,"neow_bonus":"UPGRADE_CARD","is_daily":false,"chose_seed":false,"campfire_upgraded":4,"win_rate":0.0,"timestamp":1611048253,"path_taken":["M","?","?","?","?","R","M","R","T","R","E","M","R","M","R","BOSS","M","?","M","?","?","R","M","M","T","R","$","?","?","M","R","BOSS"],"items_purchased_type":["Relic","Card"],"build_version":"2020-12-22","purchased_purges":1,"victory":false,"max_hp_per_floor":[68,68,68,68,68,68,68,68,68,68,68,68,68,68,68,68,68,68,68,68,68,68,68,68,68,68,68,68,68,68,68,68,68,68],"card_choices":[{"not_picked":["PathToVictory","DeceiveReality"],"picked":"SashWhip","floor":1.0},{"not_picked":["JustLucky","Indignation"],"picked":"Conclude","floor":3.0},{"not_picked":["Wireheading","ReachHeaven"],"picked":"FlurryOfBlows","floor":7.0},{"not_picked":["Crescendo","WaveOfTheHand"],"picked":"Wallop","floor":11.0},{"not_picked":["PathToVictory","Wallop"],"picked":"CrushJoints","floor":12.0},{"not_picked":["FlurryOfBlows","FollowUp"],"picked":"CutThroughFate","floor":14.0},{"not_picked":["Vault","Ragnarok"],"picked":"LessonLearned","floor":16.0},{"not_picked":["CutThroughFate","WheelKick","FlurryOfBlows"],"picked":"SKIP","floor":18.0},{"not_picked":["SignatureMove","Conclude+1","PathToVictory"],"picked":"SKIP","floor":20.0},{"not_picked":["ThirdEye","Weave"],"picked":"ClearTheMind+1","floor":24.0},{"not_picked":["SashWhip+1","BattleHymn"],"picked":"EmptyFist+1","floor":25.0},{"not_picked":["JustLucky","ReachHeaven","ThirdEye"],"picked":"SKIP","floor":29.0},{"not_picked":["Protect","FlyingSleeves"],"picked":"BowlingBash","floor":31.0}],"player_experience":778421,"relics_obtained":[{"floor":9.0,"key":"Whetstone"},{"floor":11.0,"key":"Yang"},{"floor":19.0,"key":"Necronomicon"},{"floor":26.0,"key":"Toy Ornithopter"},{"floor":30.0,"key":"Red Mask"}],"event_choices":[{"damage_healed":0.0,"max_hp_gain":0.0,"max_hp_loss":0.0,"gold_gain":0.0,"event_name":"WeMeetAgain","player_choice":"Paid Gold","floor":2.0,"gold_loss":59.0,"damage_taken":0.0,"relics_obtained":["Gremlin Horn"]},{"damage_healed":0.0,"max_hp_gain":0.0,"max_hp_loss":0.0,"gold_gain":0.0,"event_name":"The Cleric","player_choice":"Leave","floor":4.0,"gold_loss":0.0,"damage_taken":0.0},{"damage_healed":0.0,"max_hp_gain":0.0,"max_hp_loss":0.0,"gold_gain":0.0,"event_name":"Liars Game","player_choice":"Ignored","floor":5.0,"gold_loss":0.0,"damage_taken":0.0},{"damage_healed":0.0,"max_hp_gain":0.0,"max_hp_loss":0.0,"gold_gain":0.0,"event_name":"Cursed Tome","player_choice":"Obtained Book","floor":19.0,"gold_loss":0.0,"damage_taken":21.0},{"damage_healed":0.0,"max_hp_gain":0.0,"max_hp_loss":0.0,"gold_gain":0.0,"event_name":"The Mausoleum","player_choice":"Ignored","floor":21.0,"gold_loss":0.0,"damage_taken":0.0},{"cards_removed":["Defend_P"],"damage_healed":0.0,"max_hp_gain":0.0,"max_hp_loss":0.0,"gold_gain":0.0,"event_name":"Wheel of Change","player_choice":"Card Removal","floor":22.0,"gold_loss":0.0,"damage_taken":0.0},{"damage_healed":0.0,"max_hp_gain":0.0,"max_hp_loss":0.0,"gold_gain":0.0,"event_name":"Masked Bandits","player_choice":"Fought Bandits","floor":30.0,"gold_loss":0.0,"damage_taken":0.0}],"is_beta":false,"boss_relics":[{"not_picked":["Velvet Choker","Busted Crown"],"picked":"VioletLotus"}],"items_purged_floors":[28],"is_endless":false,"potions_floor_spawned":[3,12,16,18,25,31],"killed_by":"Champ","ascension_level":20}}