{"host":"nbmmy2ys5j9alw05","time":1611044845,"event":{"mods":["AchievementEnabler","BaseMod","Bestiary","Better Vampires","Colored Map","Colored Powertips","Googly Eyes","Minty Spire (QoL Compilation)","Quick Restart","StSLib","The Hierophant","The IronCluck","everything is the same but u backflip on backflip"],"gold_per_floor":[116,132,150,165,165,193,193,204,204,54,68,97,97,117,117,218,218,234,252,252,269,280,280,280,280],"floor_reached":24,"language":"ENG","playtime":922,"items_purged":[],"score":307,"play_id":"2da032b9-8582-4c31-b4cb-19a4a43b0f0a","local_time":"20210119002725","is_ascension_mode":true,"campfire_choices":[{"floor":7,"key":"REST"},{"floor":15,"key":"REST"},{"floor":23,"key":"REST"}],"circlet_count":0,"master_deck":["Strike_R","Strike_R","Strike_R","Strike_R","Strike_R","Defend_R","Defend_R","Defend_R","Defend_R","Bash","Wild Strike","Flex","Spot Weakness","Ghostly Armor","Anger","Wild Strike","Power Through","Fire Breathing","Perfected Strike","Perfected Strike","Demon Form","Dual Wield+1","Pommel Strike","Shrug It Off+1","Wild Strike+1"],"relics":["Burning Blood","Nunchaku","Kunai","Question Card","Cursed Key","MutagenicStrength"],"acts_visited":["Exordium","TheCity"],"potions_floor_usage":[3,6,14,14,22],"damage_taken":[{"damage":6,"enemies":"Cultist","floor":1,"turns":3},{"damage":3,"enemies":"2 Louse","floor":2,"turns":2},{"damage":4,"enemies":"Small Slimes","floor":3,"turns":3},{"damage":12,"enemies":"2 Fungi Beasts","floor":4,"turns":3},{"damage":48,"enemies":"Gremlin Nob","floor":6,"turns":5},{"damage":23,"enemies":"Exordium Thugs","floor":8,"turns":5},{"damage":3,"enemies":"Large Slime","floor":11,"turns":6},{"damage":20,"enemies":"3 Sentries","floor":12,"turns":6},{"damage":19,"enemies":"Exordium Wildlife","floor":14,"turns":4},{"damage":25,"enemies":"Slime Boss","floor":16,"turns":9},{"damage":13,"enemies":"Chosen","floor":18,"turns":5},{"damage":30,"enemies":"3 Byrds","floor":19,"turns":5},{"damage":26,"enemies":"Snecko","floor":21,"turns":5},{"damage":17,"enemies":"Snake Plant","floor":22,"turns":4},{"damage":37,"enemies":"Book of Stabbing","floor":24,"turns":3}],"seed_played":"8799705951601248723","potions_obtained":[{"floor":1,"key":"Energy Potion"},{"floor":3,"key":"SpeedPotion"},{"floor":6,"key":"Weak Potion"},{"floor":11,"key":"FearPotion"},{"floor":19,"key":"Dexterity Potion"}],"is_trial":false,"path_per_floor":["M","M","M","M","$","E","R","M","T","$","M","E","$","M","R","B",null,"M","M","?","M","M","R","E"],"character_chosen":"IRONCLAD","items_purchased":["Power Through","Fire Breathing"],"campfire_rested":3,"item_purchase_floors":[10,10],"current_hp_per_floor":[80,83,85,79,79,37,63,46,46,46,49,35,35,22,48,29,73,66,42,42,22,11,37,0,0],"gold":280,"neow_bonus":"TEN_PERCENT_HP_BONUS","is_daily":false,"chose_seed":false,"campfire_upgraded":0,"win_rate":0.0,"timestamp":1611044845,"path_taken":["M","M","M","?","?","E","R","M","T","$","?","E","$","M","R","BOSS","M","M","?","M","M","R","E"],"items_purchased_type":["Card","Card"],"build_version":"2020-12-22","purchased_purges":0,"victory":false,"max_hp_per_floor":[88,88,88,88,88,88,88,88,88,88,88,88,88,88,88,88,88,88,88,88,88,88,88,88,88],"card_choices":[{"not_picked":["Sentinel","Headbutt"],"picked":"Wild Strike","floor":1},{"not_picked":["Body Slam","Havoc"],"picked":"Flex","floor":2},{"not_picked":["Sword Boomerang","Juggernaut"],"picked":"Spot Weakness","floor":3},{"not_picked":["Body Slam","Infernal Blade"],"picked":"Ghostly Armor","floor":4},{"not_picked":["Body Slam","Clash"],"picked":"Anger","floor":6},{"not_picked":["Thunderclap","Cleave"],"picked":"Wild Strike","floor":8},{"not_picked":["Barricade","Thunderclap","Flex"],"picked":"SKIP","floor":11},{"not_picked":["Burning Pact","Intimidate"],"picked":"Perfected Strike","floor":12},{"not_picked":["Anger","Offering","Armaments"],"picked":"Perfected Strike","floor":14},{"not_picked":["Juggernaut","Exhume","Feed"],"picked":"Demon Form","floor":16},{"not_picked":["Body Slam","Shrug It Off","Anger"],"picked":"Dual Wield+1","floor":18},{"not_picked":["Spot Weakness","Iron Wave","Rampage"],"picked":"Pommel Strike","floor":19},{"not_picked":["Twin Strike","Headbutt","Intimidate+1"],"picked":"Shrug It Off+1","floor":21},{"not_picked":["Fiend Fire","Armaments","Body Slam+1"],"picked":"Wild Strike+1","floor":22}],"player_experience":464439,"relics_obtained":[{"floor":6,"key":"Nunchaku"},{"floor":9,"key":"Kunai"},{"floor":12,"key":"Question Card"}],"event_choices":[{"damage_healed":0,"gold_gain":0,"player_choice":"Inject Mutagens","damage_taken":0,"relics_obtained":["MutagenicStrength"],"max_hp_gain":0,"max_hp_loss":0,"event_name":"Drug Dealer","floor":20,"gold_loss":0}],"is_beta":false,"boss_relics":[{"not_picked":["SacredBark","Runic Dome"],"picked":"Cursed Key"}],"items_purged_floors":[],"is_endless":false,"potions_floor_spawned":[1,3,6,11,19],"killed_by":"Book of Stabbing","ascension_level":9}}