{"host":"78zdngn0u28jm0pp","time":1611090355,"event":{"mods":["BaseMod","Jorbs\u0027s Wanderer Trilogy","Minty Spire (QoL Compilation)","Permanent Neow","Quick Restart","Relic Stats","StSLib","Unceasing Turn Reminder"],"gold_per_floor":[113,130,141,141,141,172,172,204,204,204,237,266,278,290,302,414,426,458,385,249,264,264,290,290,310,310,328,328,356,366,366,366],"floor_reached":31,"language":"ENG","playtime":1745,"items_purged":["Strike_R"],"score":352,"play_id":"9f5b739b-a1a9-426f-b054-3b61beda4271","local_time":"20210119140555","is_ascension_mode":true,"campfire_choices":[{"floor":7,"key":"REST"},{"data":"True Grit","floor":10,"key":"SMITH"},{"data":"Armaments","floor":13,"key":"SMITH"},{"data":"Bash","floor":15,"key":"SMITH"},{"data":"Feel No Pain","floor":24,"key":"SMITH"}],"circlet_count":0,"master_deck":["Strike_R","Strike_R","Strike_R","Defend_R","Defend_R","Defend_R","Defend_R","Bash+1","Master of Strategy","Spot Weakness","True Grit+1","Spot Weakness","Feel No Pain+1","Armaments+1","Flame Barrier","Reaper","Pummel","Battle Trance","Headbutt+1","J.A.X.","Fiend Fire","Disarm+1","Feel No Pain+1","Reaper"],"relics":["Burning Blood","MealTicket","StoneCalendar","MawBank","Runic Pyramid","The Courier","Mummified Hand","Question Card","Blood Vial"],"acts_visited":["Exordium","TheCity"],"potions_floor_usage":[6,8,11,23,23,27],"damage_taken":[{"damage":13,"enemies":"Jaw Worm","floor":1,"turns":5},{"damage":0,"enemies":"2 Louse","floor":2,"turns":2},{"damage":2,"enemies":"Small Slimes","floor":3,"turns":4},{"damage":39,"enemies":"Lagavulin","floor":6,"turns":9},{"damage":17,"enemies":"3 Sentries","floor":8,"turns":9},{"damage":28,"enemies":"Lagavulin","floor":11,"turns":7},{"damage":9,"enemies":"Looter","floor":12,"turns":5},{"damage":35,"enemies":"Slime Boss","floor":16,"turns":8},{"damage":1,"enemies":"Shell Parasite","floor":18,"turns":7},{"damage":0,"enemies":"Chosen","floor":21,"turns":4},{"damage":67,"enemies":"Gremlin Leader","floor":23,"turns":7},{"damage":3,"enemies":"Snecko","floor":25,"turns":3},{"damage":28,"enemies":"Shelled Parasite and Fungi","floor":27,"turns":7},{"damage":73,"enemies":"Slavers","floor":29,"turns":7},{"damage":9,"enemies":"Centurion and Healer","floor":30,"turns":4},{"damage":12,"enemies":"Book of Stabbing","floor":31,"turns":5}],"seed_played":"8131704712206046475","potions_obtained":[{"floor":3,"key":"BlessingOfTheForge"},{"floor":6,"key":"ElixirPotion"},{"floor":8,"key":"Regen Potion"},{"floor":16,"key":"Explosive Potion"},{"floor":21,"key":"PowerPotion"},{"floor":25,"key":"Dexterity Potion"}],"is_trial":false,"path_per_floor":["M","M","M","?","?","E","R","E","T","R","E","M","R","?","R","B",null,"M","?","$","M","?","E","R","M","T","M","?","E","M","E"],"character_chosen":"IRONCLAD","items_purchased":["Pummel","Battle Trance"],"campfire_rested":1,"item_purchase_floors":[20,20],"current_hp_per_floor":[49,55,59,52,52,19,43,32,32,32,25,22,22,48,48,19,80,80,80,80,80,80,31,31,42,42,41,41,10,9,0,0],"gold":366,"neow_bonus":"RANDOM_COLORLESS_2","is_daily":false,"chose_seed":false,"campfire_upgraded":4,"win_rate":0.0,"timestamp":1611090355,"path_taken":["M","M","M","?","?","E","R","E","T","R","E","M","R","?","R","BOSS","M","?","$","M","?","E","R","M","T","M","?","E","?","E"],"items_purchased_type":["Card","Card"],"build_version":"2020-12-22","purchased_purges":1,"victory":false,"max_hp_per_floor":[80,80,80,80,80,80,80,80,80,80,80,80,80,80,80,80,80,80,80,80,80,80,80,80,80,80,80,80,80,80,80,80],"relic_stats":{"Blood Vial":4,"counters":[16,93],"Mummified Hand":[11],"MealTicket":0,"StoneCalendar":[103],"MawBank":108,"Question Card":3,"obtain_stats":[{"Blood Vial":29,"Mummified Hand":23,"MealTicket":6,"StoneCalendar":8,"The Courier":19,"MawBank":11,"Question Card":26,"Burning Blood":0,"Runic Pyramid":17},{"Blood Vial":14,"Mummified Hand":11,"MealTicket":4,"StoneCalendar":5,"The Courier":9,"MawBank":6,"Question Card":12,"Burning Blood":0,"Runic Pyramid":8},{"Blood Vial":84,"Mummified Hand":67,"MealTicket":20,"StoneCalendar":29,"The Courier":56,"MawBank":36,"Question Card":70,"Burning Blood":0,"Runic Pyramid":49}],"Burning Blood":79},"card_choices":[{"not_picked":["Magnetism","Metamorphosis"],"picked":"Master of Strategy","floor":0},{"not_picked":["Sword Boomerang","Rage"],"picked":"Spot Weakness","floor":1},{"not_picked":["Rampage","Shrug It Off"],"picked":"True Grit","floor":2},{"not_picked":["Armaments","Body Slam"],"picked":"Spot Weakness","floor":3},{"not_picked":["Infernal Blade","Cleave"],"picked":"Feel No Pain","floor":6},{"not_picked":["Iron Wave","Sentinel","Anger"],"picked":"SKIP","floor":8},{"not_picked":["Inflame","Anger"],"picked":"Armaments","floor":11},{"not_picked":["Blood for Blood","Anger"],"picked":"Flame Barrier","floor":12},{"not_picked":["Juggernaut","Exhume"],"picked":"Reaper","floor":16},{"not_picked":["Rupture+1","Infernal Blade+1","Entrench+1"],"picked":"SKIP","floor":18},{"not_picked":["Perfected Strike","Anger"],"picked":"Headbutt+1","floor":21},{"not_picked":["Battle Trance","Sentinel"],"picked":"Fiend Fire","floor":23},{"not_picked":["Searing Blow+1","Cleave","Rupture"],"picked":"SKIP","floor":25},{"not_picked":["Dual Wield","Pommel Strike","Heavy Blade"],"picked":"Disarm+1","floor":27},{"not_picked":["Thunderclap","Sword Boomerang","True Grit+1"],"picked":"Reaper","floor":29},{"not_picked":["Wild Strike","Metallicize","Spot Weakness+1","Bloodletting"],"picked":"SKIP","floor":30}],"player_experience":773237,"relics_obtained":[{"floor":6,"key":"MealTicket"},{"floor":8,"key":"StoneCalendar"},{"floor":11,"key":"MawBank"},{"floor":23,"key":"Mummified Hand"},{"floor":26,"key":"Question Card"},{"floor":29,"key":"Blood Vial"}],"event_choices":[{"cards_removed":["Strike_R"],"damage_healed":0,"gold_gain":0,"player_choice":"Card Removal","damage_taken":7,"max_hp_gain":0,"max_hp_loss":0,"event_name":"Golden Wing","floor":4,"gold_loss":0},{"damage_healed":0,"gold_gain":0,"player_choice":"Ignored","damage_taken":0,"max_hp_gain":0,"max_hp_loss":0,"event_name":"Liars Game","floor":5,"gold_loss":0},{"damage_healed":26,"gold_gain":0,"player_choice":"Banana","damage_taken":0,"max_hp_gain":0,"max_hp_loss":0,"event_name":"Big Fish","floor":14,"gold_loss":0},{"damage_healed":0,"gold_gain":0,"player_choice":"Obtained Relic","damage_taken":0,"relics_obtained":["The Courier"],"max_hp_gain":0,"max_hp_loss":0,"event_name":"Addict","floor":19,"gold_loss":85},{"damage_healed":0,"gold_gain":0,"player_choice":"Obtain J.A.X.","damage_taken":0,"max_hp_gain":0,"max_hp_loss":0,"event_name":"Drug Dealer","floor":22,"gold_loss":0,"cards_obtained":["J.A.X."]},{"damage_healed":0,"gold_gain":0,"player_choice":"Copied","damage_taken":0,"max_hp_gain":0,"max_hp_loss":0,"event_name":"Duplicator","floor":28,"gold_loss":0,"cards_obtained":["Feel No Pain"]}],"is_beta":false,"boss_relics":[{"not_picked":["Black Blood","Sozu"],"picked":"Runic Pyramid"}],"items_purged_floors":[20],"is_endless":false,"potions_floor_spawned":[3,6,8,16,21,25],"killed_by":"Book of Stabbing","ascension_level":4}}