{"host":"56d873i5r3uhle0q","time":1611016024,"event":{"mods":["100% Spire Juice","Act Like it!","Aspiration","BaseMod","Block Reminder","Conspire","Gensokyo","Hermit","Hubris","Infinite Spire","Jedi Mod","Marisa????????","Marked Mod","Minty Spire (QoL Compilation)","Replay The Spire","StSLib","The Animator","The Bug Knight","The Cursed","The Marked","The Servant 0.9.4","everything is the same but u backflip on backflip","vexMod","??????REMEMod"],"gold_per_floor":[211,223,223,144,159,186,399,399,422,439,439,450,347,347,347,447,1113,1131,1145,1145,1145,1156,1156,1185,1185,1185,1185,1205,1234,1244,863,863,968,968,984,644,644,644,654,654,689,689,689,707,720,754,766,785,785,890,890,885,885,521,532,532,532,536,536,536,407,407],"floor_reached":61,"language":"ENG","playtime":3344,"items_purged":["hubris:Disease"],"score":1060,"play_id":"635065a8-a301-426c-a4b9-864ed4fb3d14","local_time":"20210118172704","is_ascension_mode":true,"campfire_choices":[{"floor":8.0,"key":"REST"},{"floor":11.0,"key":"REST"},{"floor":15.0,"key":"RECALL"},{"data":"Mirror Shield","floor":23.0,"key":"SMITH"},{"floor":25.0,"key":"REST"},{"floor":27.0,"key":"REST"},{"data":"infinitespire:Collect","floor":40.0,"key":"SMITH"},{"floor":42,"key":"REST"},{"data":"REME_WheelOfFate","floor":49,"key":"SMITH"},{"data":"ReplayTheSpireMod:Fabricate Wheel","floor":57,"key":"SMITH"}],"circlet_count":0,"master_deck":["Strike_B","Strike_B","Defend_B","Defend_B","Defend_B","Defend_B","Zap","Dualcast","infinitespire:Collect+1","Seek","jedi:hex","infinitespire:Collect+1","Fission+1","Mirror Shield+1","Genetic Algorithm","Gensokyo:GapWoman","Electrodynamics+1","Loop","hubris:SpecializedCircuitry","Amplify","REME_WheelOfFate+1","Machine Learning","jedi:sharpshooter","hubris:Ukulele+1","Evolve+1","Time Bomb","ReplayRNGCard","Machine Learning","Pain","jedi:thedog"],"relics":["Cracked Core","REME_ComplimentaryCards","jedi:crownofsimplicity","Replay:Antivirus Software","Bronze Scales","vexMod:RockOfEvil","Pear","Cables","conspire:TopHat","Runic Capacitor","vexMod:PaidLearning","Cursed Key","Nunchaku","aspiration:Nostalgia","Iron Core","Lantern","ReplayTheSpireMod:Shallot","Pocketwatch","vexMod:BigBerry","Prayer Wheel","hubris:RGBLights","Carrot","Prayer Wheel","Gensokyo:LunaticRedEyes","Smiling Mask"],"acts_visited":["Gensokyo:Gensokyo","Gensokyo:Gensokyoer","Gensokyo:Gensokyoest","Gensokyo:Gensokyo"],"potions_floor_usage":[45],"damage_taken":[{"damage":7.0,"enemies":"Gensokyo:Python","floor":1.0,"turns":4.0},{"damage":3.0,"enemies":"Gensokyo:2_Kodama","floor":2.0,"turns":3.0},{"damage":12.0,"enemies":"Gensokyo:Gryphon","floor":5.0,"turns":4.0},{"damage":18.0,"enemies":"Gensokyo:Aya","floor":6.0,"turns":5.0},{"damage":0.0,"enemies":"Gensokyo:2_Rabbits","floor":7.0,"turns":5.0},{"damage":0.0,"enemies":"Gensokyo:LivingMonolith","floor":10.0,"turns":1.0},{"damage":6.0,"enemies":"Gensokyo:Gryphon_and_Rabbit","floor":12.0,"turns":4.0},{"damage":4.0,"enemies":"Gensokyo:Yukari","floor":16.0,"turns":6.0},{"damage":0.0,"enemies":"Gensokyo:3_Dogs","floor":18.0,"turns":4.0},{"damage":0.0,"enemies":"Gensokyo:AngelMirror","floor":19.0,"turns":1.0},{"damage":0.0,"enemies":"Gensokyo:Swordslinger","floor":22.0,"turns":2.0},{"damage":21.0,"enemies":"Gensokyo:Tenshi","floor":24.0,"turns":3.0},{"damage":3.0,"enemies":"Gensokyo:Chomper_and_Gloop","floor":28.0,"turns":3.0},{"damage":0.0,"enemies":"Nightmare","floor":29.0,"turns":4.0},{"damage":0.0,"enemies":"Gensokyo:3_Gloops","floor":30.0,"turns":2.0},{"damage":20.0,"enemies":"Gensokyo:Eiki","floor":33.0,"turns":6.0},{"damage":0.0,"enemies":"Gensokyo:3_Boulders","floor":35.0,"turns":2.0},{"damage":0.0,"enemies":"Gensokyo:3_Bats","floor":39.0,"turns":1.0},{"damage":29,"enemies":"Gensokyo:Marisa","floor":41,"turns":4},{"damage":0,"enemies":"Gensokyo:3_Boulders","floor":44,"turns":3},{"damage":5,"enemies":"Gensokyo:4_Bats","floor":45,"turns":3},{"damage":0,"enemies":"Gensokyo:Doremy","floor":46,"turns":3},{"damage":0,"enemies":"Gensokyo:SeedOfUnknown","floor":47,"turns":3},{"damage":0,"enemies":"Gensokyo:Sharpion","floor":48,"turns":2},{"damage":0,"enemies":"Gensokyo:Scarlet_Devils","floor":50,"turns":6},{"damage":9,"enemies":"Gensokyo:Gryphon","floor":52,"turns":2},{"damage":0,"enemies":"Gensokyo:2_Kodama","floor":55,"turns":1},{"damage":0,"enemies":"Gensokyo:Python","floor":58,"turns":2},{"damage":78,"enemies":"Nightmare","floor":61,"turns":3}],"seed_played":"-3282062090240753804","potions_obtained":[{"floor":1.0,"key":"Energy Potion"},{"floor":5.0,"key":"Adrenaline Potion"},{"floor":10.0,"key":"LiquidMemories"},{"floor":12.0,"key":"FocusPotion"},{"floor":22.0,"key":"Cursed Concoction"},{"floor":35.0,"key":"REME_GoldPotion"},{"floor":44,"key":"LiquidMemories"},{"floor":45,"key":"LifebloodPotion"}],"is_trial":false,"path_per_floor":["M","M","?","COS","M","E","M","R","T","M","R","M","$","?","R","B",null,"M","M","?","?","M","R","E","R","T","R","M","NM","M","COS","R","B",null,"M","$","?","?","M","R","E","R","T","M","M","E","M","M","R","B",null,"M","?","$","M","?","R","M","?","T","NM"],"character_chosen":"DEFECT","items_purchased":["Fission+1","REME_WheelOfFate","aspiration:Nostalgia","hubris:RGBLights","Time Bomb"],"campfire_rested":5,"item_purchase_floors":[13,36,36,54,54],"current_hp_per_floor":[68,65,48,48,36,18,18,40,40,40,62,56,56,64,64,60,38,38,38,38,35,35,35,24,37,37,45,42,42,42,42,42,22,45,45,45,45,45,45,45,16,29,29,29,40,45,45,45,45,45,75,66,74,74,74,74,74,74,74,74,0,0],"gold":407,"neow_bonus":"HUNDRED_GOLD","is_daily":false,"chose_seed":false,"campfire_upgraded":4,"win_rate":0.0,"timestamp":1611016024,"path_taken":["M","M","?","COS","M","E","M","R","T","M","R","M","$","?","R","BOSS","M","M","?","?","M","R","E","R","T","R","?","NM","M","COS","R","BOSS","M","$","?","?","M","R","E","R","T","M","M","E","?","M","R","BOSS","M","?","$","?","?","R","?","?","T","NM"],"items_purchased_type":["Card","Card","Relic","Relic","Card"],"build_version":"2020-12-22","purchased_purges":1,"victory":false,"max_hp_per_floor":[75,75,75,75,75,75,75,75,75,75,75,75,75,75,75,75,38,38,38,38,35,35,35,45,45,45,45,45,45,45,45,45,45,45,45,45,45,45,45,45,45,45,45,45,45,45,45,45,45,45,75,75,75,75,75,75,75,75,75,75,75,75],"card_choices":[{"not_picked":["Barrage","Beam Cell","Compile Driver"],"picked":"SKIP","floor":1.0},{"not_picked":["Redo","Ball Lightning","ReplayTheSpireMod:Dual Polarity"],"picked":"SKIP","floor":2.0},{"not_picked":["infinitespire:Punishment","infinitespire:Gouge"],"picked":"infinitespire:Collect","floor":3.0},{"not_picked":["Darkness","Glacier"],"picked":"Seek","floor":5.0},{"not_picked":["REME_ForAll","Cold Snap"],"picked":"jedi:hex","floor":6.0},{"not_picked":["Coolheaded","Hologram","Recycle"],"picked":"SKIP","floor":7.0},{"not_picked":["Cold Snap","Steam","Turbo"],"picked":"SKIP","floor":10.0},{"not_picked":["Leap","Barrage","Turbo"],"picked":"SKIP","floor":12.0},{"not_picked":["REME_ForAll","Creative AI"],"picked":"Mirror Shield","floor":16.0},{"not_picked":["Go for the Eyes","Compile Driver","Cold Snap"],"picked":"SKIP","floor":18.0},{"not_picked":["Gash","Beam Cell"],"picked":"Genetic Algorithm","floor":19.0},{"not_picked":["Gensokyo:SlitMouthedWoman","Gensokyo:MissMary"],"picked":"Gensokyo:GapWoman","floor":21.0},{"not_picked":["Beam Cell","Steam","jedi:blockon"],"picked":"SKIP","floor":22.0},{"not_picked":["Beam Cell+1","Rip and Tear"],"picked":"Electrodynamics","floor":24.0},{"not_picked":["Gash+1","Force Field+1","Sweeping Beam+1"],"picked":"SKIP","floor":28.0},{"not_picked":["BasicCrystalCard+1","jedi:spotbugs","Rip and Tear+1"],"picked":"SKIP","floor":29.0},{"not_picked":["Cold Snap+1","Sweeping Beam+1"],"picked":"Loop","floor":30.0},{"not_picked":["jedi:studyfrost","Hyperbeam"],"picked":"Amplify","floor":33.0},{"not_picked":["Hologram+1","Self Repair","Coolheaded+1"],"picked":"SKIP","floor":35.0},{"not_picked":["Hologram+1","Static Discharge","Anger+1"],"picked":"SKIP","floor":39.0},{"not_picked":["Firewall","Scorching Beam+1"],"picked":"Machine Learning","floor":41},{"not_picked":["Warcry","Conserve Battery+1","Hologram+1"],"picked":"SKIP","floor":44},{"not_picked":["Gash+1","BasicCrystalCard","Cold Snap"],"picked":"SKIP","floor":45},{"not_picked":["BasicCrystalCard","Barrage+1"],"picked":"jedi:sharpshooter","floor":46},{"not_picked":["Iron Wave","Heavy Blade+1"],"picked":"hubris:Ukulele+1","floor":47},{"not_picked":["Coolheaded","Warcry"],"picked":"Evolve+1","floor":48},{"not_picked":["Double Tap","All For One"],"picked":"ReplayTheSpireMod:Fabricate Wheel","floor":50},{"not_picked":["conspire:Rain","Compile Driver","Turbo"],"picked":"SKIP","floor":52},{"not_picked":["Panic Button","ReplaySort","jedi:BurstLightning"],"picked":"SKIP","floor":52},{"not_picked":["Hologram","Ball Lightning"],"picked":"ReplayRNGCard","floor":55},{"not_picked":["ReplayTheSpireMod:Reroute Power","Leap","BasicCrystalCard"],"picked":"SKIP","floor":55},{"not_picked":["Barrage","Turbo","Ball Lightning"],"picked":"SKIP","floor":58},{"not_picked":["Fusion","Chill","Go for the Eyes"],"picked":"SKIP","floor":58},{"not_picked":["Streamline","Sweeping Beam","jedi:BurstFrost"],"picked":"SKIP","floor":58}],"player_experience":554927,"relics_obtained":[{"floor":6.0,"key":"jedi:crownofsimplicity"},{"floor":9.0,"key":"Bronze Scales"},{"floor":24.0,"key":"Pear"},{"floor":26.0,"key":"Cables"},{"floor":29.0,"key":"conspire:TopHat"},{"floor":41,"key":"Lantern"},{"floor":46,"key":"Pocketwatch"},{"floor":60,"key":"Smiling Mask"}],"event_choices":[],"is_beta":false,"boss_relics":[{"not_picked":["Philosopher\u0027s Stone","conspire:SeveredTorchhead"],"picked":"vexMod:RockOfEvil"},{"not_picked":["aspiration:FutureDiary","ChewingGum"],"picked":"Cursed Key"},{"not_picked":["REME_DemonsWealth","Black Star"],"picked":"vexMod:BigBerry"}],"items_purged_floors":[54],"is_endless":true,"potions_floor_spawned":[1,5,10,12,22,24,28,30,35,44,45,48,55,58],"killed_by":"Nightmare","ascension_level":2}}