{"host":"u9h06qdlnp3wgzsw","time":1611098279,"event":{"mods":["BaseMod","Downfall","Hermit","Minty Spire (QoL Compilation)","Quick Restart","Rare Cards Sparkle","Shop Mod","StSLib","The Hierophant","The Servant 0.9.4"],"gold_per_floor":[99,112,126,126,137,155,181,196,214,227,240,140,157,68,88,185,185,185,195,195,213,198,217,264,277,293,310,337,337,137,154,174,174,174,174],"floor_reached":33,"language":"ENG","playtime":2052,"items_purged":[],"score":296,"play_id":"16392e7b-0794-466b-9feb-f57c1cca8d37","local_time":"20210119181759","is_ascension_mode":false,"campfire_choices":[{"floor":1.0,"key":"RECALL"},{"floor":12.0,"key":"REST"},{"data":"bronze:Verify","floor":18.0,"key":"SMITH"},{"floor":30,"key":"REST"}],"circlet_count":0,"master_deck":["bronze:Strike","bronze:Strike","bronze:Strike","bronze:Strike","bronze:Defend","bronze:Defend","bronze:Defend","bronze:Defend","bronze:Replicate+1","bronze:Goto+1","bronze:Terminator+1","bronze:WhirlingStrike","bronze:FollowUp","bronze:Boost","bronze:ItsAFeature","bronze:Branch","bronze:Constructor","bronze:Mutator","bronze:OilSpill","bronze:MaxOutput","bronze:Optimize","bronze:Verify+1","bronze:ClassDefault","bronze:BuggyMess","bronze:BronzeOrb","bronze:Separator+1","bronze:Boost+1","bronze:Library","bronze:BronzeOrb+1","bronze:BuggyMess","bronze:Iterate+1","bronze:Flail"],"relics":["bronze:BronzeCore","Bronze Scales","downfall:HeartBlessingRed","bronze:MakeshiftBattery","hexamod:BolsterEngine","downfall:HeartBlessingBlue","downfall:HeartBlessingGreen"],"acts_visited":["Exordium","TheCity"],"potions_floor_usage":[23,23,28,28,33],"damage_taken":[{"damage":4.0,"enemies":"2 Louse","floor":2.0,"turns":4.0},{"damage":3.0,"enemies":"Cultist","floor":3.0,"turns":5.0},{"damage":3.0,"enemies":"Small Slimes","floor":5.0,"turns":3.0},{"damage":7.0,"enemies":"3 Louse","floor":6.0,"turns":3.0},{"damage":3.0,"enemies":"Large Slime","floor":8.0,"turns":4.0},{"damage":4.0,"enemies":"Exordium Wildlife","floor":9.0,"turns":3.0},{"damage":12.0,"enemies":"Exordium Thugs","floor":10.0,"turns":5.0},{"damage":13.0,"enemies":"Lots of Slimes","floor":11.0,"turns":3.0},{"damage":2.0,"enemies":"Looter","floor":13.0,"turns":3.0},{"damage":0.0,"enemies":"downfall:FleeingMerchant","floor":14.0,"turns":4.0},{"damage":7.0,"enemies":"Blue Slaver","floor":15.0,"turns":2.0},{"damage":26.0,"enemies":"SI_SHIV_ARCHETYPE","floor":16.0,"turns":6.0},{"damage":0.0,"enemies":"Chosen","floor":19.0,"turns":3.0},{"damage":8.0,"enemies":"Chosen and Byrds","floor":21.0,"turns":6.0},{"damage":10.0,"enemies":"downfall:FleeingMerchant","floor":22.0,"turns":4.0},{"damage":11,"enemies":"Centurion and Healer","floor":23,"turns":7},{"damage":28,"enemies":"Shelled Parasite and Fungi","floor":25,"turns":6},{"damage":7,"enemies":"Snake Plant","floor":26,"turns":2},{"damage":13,"enemies":"Chosen and Byrds","floor":27,"turns":6},{"damage":13,"enemies":"Book of Stabbing","floor":28,"turns":4},{"damage":28,"enemies":"Shelled Parasite and Fungi","floor":31,"turns":6},{"damage":9,"enemies":"3 Cultists","floor":32,"turns":5},{"damage":49,"enemies":"WA_ARCHETYPE_CALM","floor":33,"turns":5}],"seed_played":"5610709713821055152","potions_obtained":[{"floor":2.0,"key":"Fire Potion"},{"floor":3.0,"key":"SteroidPotion"},{"floor":8.0,"key":"hexamod:SoulburnPotion"},{"floor":11.0,"key":"LiquidMemories"},{"floor":15.0,"key":"EntropicBrew"},{"floor":21.0,"key":"FairyPotion"},{"floor":26,"key":"DuplicationPotion"},{"floor":27,"key":"DuplicationPotion"},{"floor":28,"key":"EssenceOfSteel"}],"is_trial":false,"path_per_floor":["R","M","M","?","M","M","T","M","M","M","M","R","M","$","M","B",null,"R","M","?","M","$","M","T","M","M","M","E","?","R","M","M","B"],"character_chosen":"THE_AUTOMATON","items_purchased":["bronze:MaxOutput"],"campfire_rested":2,"item_purchase_floors":[14],"current_hp_per_floor":[77,73,70,70,67,60,60,57,53,41,28,51,49,49,42,16,77,77,77,77,69,59,62,62,34,27,14,1,1,37,9,26,0,0,0],"gold":174,"neow_bonus":"TEN_PERCENT_HP_BONUS","is_daily":false,"chose_seed":false,"campfire_upgraded":1,"win_rate":0.0,"timestamp":1611098279,"path_taken":["R","M","M","?","M","M","T","M","M","?","M","R","M","?","M","BOSS","R","M","?","M","$","M","T","M","M","M","E","?","R","M","M","BOSS"],"items_purchased_type":["Card"],"build_version":"2020-12-22","purchased_purges":0,"victory":false,"max_hp_per_floor":[77,77,77,77,77,77,77,77,77,77,77,77,77,77,77,77,77,77,77,77,77,77,77,77,77,77,77,77,77,87,87,87,87,87,87],"card_choices":[{"not_picked":["bronze:ForceShield","bronze:InfiniteBeams"],"picked":"bronze:Terminator","floor":2.0},{"not_picked":["bronze:CutThrough","bronze:Invalidate"],"picked":"bronze:WhirlingStrike","floor":3.0},{"not_picked":["bronze:FineTuning","bronze:InfiniteBeams"],"picked":"bronze:FollowUp","floor":5.0},{"not_picked":["bronze:Overload","bronze:InfiniteBeams"],"picked":"bronze:Boost","floor":6.0},{"not_picked":["bronze:DelayedSlice","bronze:Philosophize"],"picked":"bronze:ItsAFeature","floor":8.0},{"not_picked":["bronze:DelayedSlice","bronze:Fortify"],"picked":"bronze:Branch","floor":9.0},{"not_picked":["bronze:BugBarrage","bronze:BitShift"],"picked":"bronze:Constructor","floor":10.0},{"not_picked":["bronze:ForceShield","bronze:Turbo"],"picked":"bronze:Mutator","floor":11.0},{"not_picked":["bronze:FineTuning","bronze:Iterate","bronze:BitShift"],"picked":"SKIP","floor":13.0},{"not_picked":["bronze:CloningBeam","bronze:BugBarrage"],"picked":"bronze:OilSpill","floor":14.0},{"not_picked":["bronze:Overheat","bronze:Branch"],"picked":"bronze:Optimize","floor":15.0},{"not_picked":["bronze:Format","bronze:InfiniteLoop"],"picked":"bronze:Verify","floor":16.0},{"not_picked":["bronze:Shield","bronze:Return"],"picked":"bronze:ClassDefault","floor":19.0},{"not_picked":["bronze:BitShift","bronze:CutThrough"],"picked":"bronze:BuggyMess","floor":21.0},{"not_picked":["bronze:Branch+1","bronze:DelayedSlice"],"picked":"bronze:BronzeOrb","floor":22},{"not_picked":["bronze:Deprecate","bronze:Shield+1"],"picked":"bronze:Separator+1","floor":23},{"not_picked":["bronze:Refactor+1","bronze:InfiniteBeams"],"picked":"bronze:Boost+1","floor":25},{"not_picked":["bronze:Turbo","bronze:Return+1"],"picked":"bronze:Library","floor":26},{"not_picked":["bronze:WhirlingStrike","bronze:GetLatest"],"picked":"bronze:BronzeOrb+1","floor":27},{"not_picked":["bronze:Deprecate","bronze:FineTuning"],"picked":"bronze:BuggyMess","floor":28},{"not_picked":["bronze:Safeguard","bronze:InfiniteBeams"],"picked":"bronze:Iterate+1","floor":31},{"not_picked":["bronze:ForceShield+1","bronze:BitShift+1"],"picked":"bronze:Flail","floor":32}],"player_experience":821960,"relics_obtained":[{"floor":7.0,"key":"Bronze Scales"},{"floor":28,"key":"hexamod:BolsterEngine"}],"event_choices":[],"is_beta":false,"boss_relics":[{"not_picked":["SacredBark","Sozu"],"picked":"bronze:MakeshiftBattery"}],"items_purged_floors":[],"is_endless":false,"potions_floor_spawned":[2,3,8,11,15,21,26,27,28],"killed_by":"WA_ARCHETYPE_CALM","ascension_level":0}}