{"host":"ufpbcvppfed80z13","time":1611025508,"event":{"mods":["BaseMod","Downfall","Minty Spire (QoL Compilation)","StSLib"],"gold_per_floor":[99,274,274,274,274,274,320,347,3,22,22,41,3,35,52,52,52],"floor_reached":16,"language":"ENG","playtime":666,"items_purged":[],"score":106,"play_id":"8cf04768-bfb6-4ed9-bb95-875fdbcb2d1d","local_time":"20210119030507","is_ascension_mode":false,"campfire_choices":[{"data":"bronze:Replicate","floor":1,"key":"SMITH"},{"floor":11,"key":"REST"}],"circlet_count":0,"master_deck":["bronze:Strike","bronze:Strike","bronze:Strike","bronze:Strike","bronze:Defend+1","bronze:Defend+1","bronze:Defend","bronze:Defend","bronze:Replicate+1","bronze:Goto","Doubt","Pain","bronze:FollowUp","bronze:BronzeOrb","bronze:DelayedGuard","bronze:Boost","bronze:Repulsor+1","bronze:Optimize+1","bronze:OilSpill","bronze:BronzeArmor","bronze:FineTuning","bronze:Deprecate","bronze:Repair"],"relics":["bronze:BronzeCore","downfall:HeartsMalice","WarpedTongs","War Paint","Shovel","Frozen Egg 2","Eternal Feather"],"acts_visited":["Exordium"],"potions_floor_usage":[14,16],"damage_taken":[{"damage":0,"enemies":"Jaw Worm","floor":4,"turns":1},{"damage":0,"enemies":"2 Louse","floor":5,"turns":1},{"damage":0,"enemies":"Cultist","floor":6,"turns":1},{"damage":36,"enemies":"3 Sentries","floor":8,"turns":15},{"damage":4,"enemies":"downfall:FleeingMerchant","floor":9,"turns":4},{"damage":19,"enemies":"Lots of Slimes","floor":10,"turns":4},{"damage":6,"enemies":"Blue Slaver","floor":12,"turns":3},{"damage":10,"enemies":"downfall:FleeingMerchant","floor":13,"turns":4},{"damage":6,"enemies":"Lagavulin","floor":14,"turns":5},{"damage":7,"enemies":"2 Fungi Beasts","floor":15,"turns":4},{"damage":5,"enemies":"SI_SHIV_ARCHETYPE","floor":16,"turns":2}],"seed_played":"5985098989346227687","potions_obtained":[{"floor":8,"key":"hexamod:SoulburnPotion"},{"floor":10,"key":"sneckomod:MuddlingPotion"},{"floor":15,"key":"champ:CounterPotion"}],"is_trial":false,"path_per_floor":["R","?","?","M","M","M","T","E","$","M","R","M","$","E","M","B"],"character_chosen":"THE_AUTOMATON","items_purchased":["Frozen Egg 2","bronze:Repulsor+1","bronze:FineTuning"],"campfire_rested":1,"item_purchase_floors":[9,9,13],"current_hp_per_floor":[70,70,70,70,70,70,70,34,30,11,32,26,16,10,3,0,0],"gold":52,"neow_bonus":"THREE_ENEMY_KILL","is_daily":false,"chose_seed":false,"campfire_upgraded":1,"win_rate":0.0,"timestamp":1611025507,"path_taken":["R","?","?","M","M","M","T","E","$","M","R","?","$","E","M","BOSS"],"items_purchased_type":["Relic","Card","Card"],"build_version":"2020-12-22","purchased_purges":0,"victory":false,"max_hp_per_floor":[70,70,70,70,70,70,70,70,70,70,70,70,70,70,70,70,70],"card_choices":[{"not_picked":["bronze:Turbo","bronze:Overload","bronze:DarkDash"],"picked":"SKIP","floor":4},{"not_picked":["bronze:CloningBeam","bronze:BronzeArmor"],"picked":"bronze:FollowUp","floor":5},{"not_picked":["bronze:Frontload","bronze:Iterate"],"picked":"bronze:BronzeOrb","floor":6},{"not_picked":["bronze:FineTuning","bronze:ForLoop"],"picked":"bronze:DelayedGuard","floor":8},{"not_picked":["bronze:NullPointer","bronze:Overheat"],"picked":"bronze:Boost","floor":9},{"not_picked":["bronze:Iterate","bronze:Return"],"picked":"bronze:Optimize+1","floor":10},{"not_picked":["bronze:FollowUp","bronze:CloningBeam"],"picked":"bronze:OilSpill","floor":12},{"not_picked":["bronze:BitShift","bronze:CutThrough"],"picked":"bronze:BronzeArmor","floor":13},{"not_picked":["bronze:BitShift","bronze:WildBeam"],"picked":"bronze:Deprecate","floor":14},{"not_picked":["bronze:Branch","bronze:ChosenStrike"],"picked":"bronze:Repair","floor":15}],"player_experience":117885,"relics_obtained":[{"floor":7,"key":"War Paint"},{"floor":8,"key":"Shovel"},{"floor":14,"key":"Eternal Feather"}],"event_choices":[],"is_beta":false,"boss_relics":[],"items_purged_floors":[],"is_endless":false,"potions_floor_spawned":[8,10,15],"killed_by":"SI_SHIV_ARCHETYPE","ascension_level":0}}