{"host":"m1hsm1cztz438mir","time":1611084384,"event":{"mods":["100% Spire Juice","2.2 Compatiblity","AchievementEnabler","Act Like it!","Aspiration","BaseMod","Better Altar","Better Match","Better Sensory Stone","Better Skull","Better Third Choice","Colored Map","Curses Come First","Halation","HololiveMod","Minty Spire (QoL Compilation)","Permanent Neow","Relic Stats","Replay The Spire","Robot Space Explorer","Shop Mod","StSLib"],"gold_per_floor":[83,105,180,197,197,197,232,232,257,280,309,353,385,89,89,199,199,199],"floor_reached":17,"language":"ENG","playtime":1502,"items_purged":["Hololive_Strike"],"score":267,"play_id":"09dd1b19-3f61-42e9-bf67-f72d5493adf7","local_time":"20210119192624","is_ascension_mode":false,"campfire_choices":[{"data":"Hololive_CandyCastle","floor":6,"key":"SMITH"},{"data":"Hololive_Breathe","floor":8,"key":"SMITH"},{"data":"Hololive_CallCivia","floor":15,"key":"SMITH"}],"circlet_count":0,"master_deck":["Hololive_CallMinatoAqua","Hololive_CallUsadaPekora","Hololive_CallMurasakiShion","Hololive_CallShiranuiFlare","Hololive_CallSpadeEcho+1","Hololive_Breathe","Hololive_Defend","Hololive_Defend","Hololive_CandyCastle+1","Hololive_Breathe+1","Hololive_CallNekomataOkayu","Hololive_StrengthChampion","Hololive_StarCraft","Hololive_Breathe","Hololive_CallCivia+1","Hololive_Rebirth"],"relics":["Hololive_TheStar","aspiration:HummingbirdHeart","CeramicFish","Omamori","Oddly Smooth Stone","Snecko Eye"],"acts_visited":["Exordium","TheCity"],"potions_floor_usage":[],"damage_taken":[{"damage":0,"enemies":"2 Louse","floor":1,"turns":3},{"damage":0,"enemies":"Small Slimes","floor":2,"turns":4},{"damage":0,"enemies":"Jaw Worm","floor":4,"turns":3},{"damage":0,"enemies":"Lagavulin","floor":7,"turns":5},{"damage":0,"enemies":"3 Louse","floor":10,"turns":3},{"damage":0,"enemies":"Looter","floor":11,"turns":3},{"damage":0,"enemies":"Gremlin Nob","floor":12,"turns":4},{"damage":0,"enemies":"2 Fungi Beasts","floor":13,"turns":3},{"damage":0,"enemies":"Fading Forest","floor":16,"turns":11}],"seed_played":"-5436000111253152529","potions_obtained":[{"floor":2,"key":"Milkshake"},{"floor":4,"key":"Weak Potion"},{"floor":10,"key":"Strength Potion"},{"floor":11,"key":"Block Potion"}],"is_trial":false,"path_per_floor":["M","M","?","M","?","R","E","R","T","M","M","E","M","$","R","B",null],"character_chosen":"Hololive_HololiveCharacter","items_purchased":["Oddly Smooth Stone","Hololive_CallCivia"],"campfire_rested":0,"item_purchase_floors":[14,14],"current_hp_per_floor":[35,35,24,24,24,24,24,24,24,24,24,24,24,24,24,24,35,35],"gold":199,"neow_bonus":"UPGRADE_CARD","is_daily":false,"chose_seed":false,"campfire_upgraded":3,"win_rate":0.0,"timestamp":1611084384,"path_taken":["M","M","?","M","?","R","E","R","T","M","?","E","M","$","R","BOSS"],"items_purchased_type":["Relic","Card"],"build_version":"2020-12-22","purchased_purges":1,"victory":false,"max_hp_per_floor":[35,35,35,35,35,35,35,35,35,35,35,35,35,35,35,35,35,35],"relic_stats":{"counters":[9,39],"CeramicFish":45,"Snecko Eye":[0,0,0,0],"obtain_stats":[{"CeramicFish":9,"Hololive_TheStar":0,"Oddly Smooth Stone":14,"Snecko Eye":17,"aspiration:HummingbirdHeart":7,"Omamori":12},{"CeramicFish":4,"Hololive_TheStar":0,"Oddly Smooth Stone":8,"Snecko Eye":9,"aspiration:HummingbirdHeart":4,"Omamori":7},{"CeramicFish":15,"Hololive_TheStar":0,"Oddly Smooth Stone":28,"Snecko Eye":39,"aspiration:HummingbirdHeart":15,"Omamori":25}]},"card_choices":[{"not_picked":["Hololive_OvertimeWork","Hololive_StrengthChampion","Hololive_RevenueBasedLive"],"picked":"Hololive_CandyCastle","floor":1},{"not_picked":["Hololive_Rebound","Hololive_Trident","Hololive_CallHimemoriLuna"],"picked":"Hololive_Breathe","floor":2},{"not_picked":["Hololive_CallTokoyamiTowa","Hololive_Rebound","Hololive_LuckPotion"],"picked":"Hololive_CallNekomataOkayu","floor":4},{"not_picked":["Hololive_LuckPotion","Hololive_Psychosis","Hololive_CallHimemoriLuna","Hololive_FlyingPonyTail"],"picked":"SKIP","floor":7},{"not_picked":["Hololive_CallNekomataOkayu","Hololive_LuckPotion","Hololive_FlyingPonyTail","Hololive_CallAyundaRisu"],"picked":"SKIP","floor":10},{"not_picked":["Hololive_Drill","Hololive_LuckPotion","Hololive_FlyingPonyTail"],"picked":"Hololive_StrengthChampion","floor":11},{"not_picked":["Hololive_StrengthChampion","Hololive_Rebound","Hololive_Psychosis"],"picked":"Hololive_StarCraft","floor":12},{"not_picked":["Hololive_CallOmaruPolka","Hololive_Sequa","Hololive_Psychosis"],"picked":"Hololive_Breathe","floor":13},{"not_picked":["Hololive_AWSL","Hololive_DDD","Hololive_ASMR"],"picked":"Hololive_Rebirth","floor":16}],"player_experience":278376,"relics_obtained":[{"floor":7,"key":"aspiration:HummingbirdHeart"},{"floor":9,"key":"CeramicFish"},{"floor":12,"key":"Omamori"}],"event_choices":[{"damage_healed":0,"gold_gain":75,"player_choice":"Gold","damage_taken":11,"max_hp_gain":0,"max_hp_loss":0,"event_name":"betterThird:BetterGoop","floor":3,"gold_loss":0},{"cards_removed":["Hololive_Strike"],"damage_healed":0,"gold_gain":0,"player_choice":"Forget","damage_taken":0,"max_hp_gain":0,"max_hp_loss":0,"event_name":"Living Wall","floor":5,"gold_loss":0}],"is_beta":false,"boss_relics":[{"not_picked":["aspiration:FutureDiary","halation:ForbiddenBikini"],"picked":"Snecko Eye"}],"items_purged_floors":[14],"is_endless":false,"potions_floor_spawned":[2,4,10,11,12],"ascension_level":0}}