{"host":"s35zr3gblm7slh1q","time":1611031937,"event":{"mods":["BaseMod","Colored Powertips","Downfall","Hermit","Highlight Path","Marisa????????","Minty Spire (QoL Compilation)","Permanent Neow","StSLib","The Disciple"],"gold_per_floor":[99,117,28,44,54,54,54,54,39,39,105,118,133,144,157,259,259,259,279,291,364,414,433,486,547,547,558,608,290,290,340,357,456,456,456,470,568,618,635,635,635,635,26,26,95,95,31,50,70,70],"floor_reached":51,"language":"ENG","playtime":3214,"items_purged":[],"score":718,"play_id":"303eec22-6316-4a66-bfcb-6891a7464c88","local_time":"20210118235217","is_ascension_mode":false,"campfire_choices":[{"data":"Slimebound:Split","floor":1,"key":"SMITH"},{"data":"Slimebound:SplitSpecialist","floor":6,"key":"SMITH"},{"data":"Slimebound:LeadByExample","floor":18,"key":"SMITH"},{"floor":26,"key":"REST"},{"floor":30,"key":"REST"},{"data":"Slimebound:OneTwoCombo","floor":35,"key":"SMITH"},{"floor":40,"key":"REST"},{"floor":42,"key":"REST"},{"data":"Slimebound:Darklings","floor":44,"key":"SMITH"},{"data":"Slimebound:LeadByExample","floor":46,"key":"SMITH"}],"circlet_count":0,"master_deck":["Slimebound:Strike_Slimebound","Slimebound:Strike_Slimebound","Slimebound:Strike_Slimebound","Slimebound:Tackle+1","Slimebound:Defend_Slimebound","Slimebound:Defend_Slimebound","Slimebound:Defend_Slimebound","Slimebound:Defend_Slimebound+1","Slimebound:Split+1","Slimebound:CorrosiveSpit","Slimebound:Prepare","Slimebound:SplitMire","Slimebound:SplitLeeching","Slimebound:Schlurp","Slimebound:LeadByExample+1","Slimebound:SplitSpecialist+1","Slimebound:GrowthPunch","Slimebound:Schlurp","Slimebound:SplitLeeching","Slimebound:SlimeSpikes","Slimebound:Schlurp","Slimebound:Teamwork+1","Slimebound:PressTheAttack","Slimebound:LivingWall+1","Slimebound:SplitLeeching","Slimebound:SplitBruiser+1","Slimebound:SelfFormingGoo","Slimebound:SplitMire+1","Slimebound:Gluttony+1","Slimebound:OneTwoCombo+1","Slimebound:SlimeSpikes","Slimebound:SplitLeeching","Slimebound:Darklings+1","Slimebound:SplitSpecialist","Slimebound:LevelUp","Slimebound:LeadByExample","Slimebound:LeadByExample+1","Slimebound:LeadByExample+1","Slimebound:SplitMire+1","Slimebound:Darklings","Slimebound:RejuvenatingLick+1"],"relics":["Slimebound:AbsorbEndCombatUpgraded","Regal Pillow","White Beast Statue","SsserpentHead","Potion Belt","Toy Ornithopter","HandDrill","Vajra","SlaversCollar","CatCart","The Courier","Blood Vial","Mummified Hand","Meat on the Bone","War Paint","Oddly Smooth Stone","Bronze Scales"],"acts_visited":["Exordium","TheCity","TheBeyond"],"potions_floor_usage":[9,15,16,27,32,33,36,37,39,45,50,50],"damage_taken":[{"damage":5,"enemies":"2 Louse","floor":2,"turns":3},{"damage":3,"enemies":"downfall:FleeingMerchant","floor":3,"turns":4},{"damage":5,"enemies":"Small Slimes","floor":4,"turns":2},{"damage":3,"enemies":"Cultist","floor":5,"turns":4},{"damage":0,"enemies":"downfall:FleeingMerchant","floor":9,"turns":4},{"damage":8,"enemies":"Red Slaver","floor":11,"turns":3},{"damage":0,"enemies":"Large Slime","floor":12,"turns":5},{"damage":0,"enemies":"2 Fungi Beasts","floor":13,"turns":4},{"damage":13,"enemies":"Exordium Thugs","floor":14,"turns":4},{"damage":1,"enemies":"Exordium Wildlife","floor":15,"turns":3},{"damage":7,"enemies":"IC_STATUS_ARCHETYPE","floor":16,"turns":7},{"damage":16,"enemies":"Chosen","floor":19,"turns":6},{"damage":1,"enemies":"Shell Parasite","floor":20,"turns":5},{"damage":17,"enemies":"Shelled Parasite and Fungi","floor":23,"turns":7},{"damage":23,"enemies":"Snake Plant","floor":25,"turns":5},{"damage":29,"enemies":"Chosen and Byrds","floor":27,"turns":8},{"damage":11,"enemies":"downfall:FleeingMerchant","floor":29,"turns":4},{"damage":6,"enemies":"Centurion and Healer","floor":32,"turns":6},{"damage":40,"enemies":"WA_ARCHETYPE_CALM","floor":33,"turns":9},{"damage":20,"enemies":"3 Darklings","floor":36,"turns":4},{"damage":55,"enemies":"Orin","floor":37,"turns":9},{"damage":28,"enemies":"Orb Walker","floor":39,"turns":4},{"damage":9,"enemies":"downfall:FleeingMerchant","floor":43,"turns":4},{"damage":10,"enemies":"Sphere and 2 Shapes","floor":45,"turns":5},{"damage":0,"enemies":"downfall:FleeingMerchant","floor":47,"turns":2},{"damage":0,"enemies":"4 Shapes","floor":48,"turns":5},{"damage":4,"enemies":"Maw","floor":49,"turns":5},{"damage":81,"enemies":"SI_POISON_ARCHETYPE","floor":50,"turns":6}],"seed_played":"5170524548568788570","potions_obtained":[{"floor":2,"key":"Block Potion"},{"floor":9,"key":"Strength Potion"},{"floor":11,"key":"Fire Potion"},{"floor":12,"key":"SteroidPotion"},{"floor":15,"key":"Energy Potion"},{"floor":16,"key":"SneckoOil"},{"floor":20,"key":"FairyPotion"},{"floor":23,"key":"Regen Potion"},{"floor":25,"key":"Guardian:BlockOnCardUsePotion"},{"floor":27,"key":"Guardian:BlockOnCardUsePotion"},{"floor":29,"key":"champ:CounterPotion"},{"floor":32,"key":"DistilledChaos"},{"floor":33,"key":"DistilledChaos"},{"floor":36,"key":"AttackPotion"},{"floor":37,"key":"PowerPotion"},{"floor":39,"key":"sneckomod:MuddlingPotion"},{"floor":45,"key":"Strength Potion"},{"floor":47,"key":"Fire Potion"}],"is_trial":false,"path_per_floor":["R","M","$","M","M","R","T","?","$","?","M","M","M","M","M","B",null,"R","M","M","T","?","M","T","M","R","M","?","$","R","?","M","B",null,"R","M","?","?","M","R","T","R","$","R","M","R","$","M","M","B",null],"character_chosen":"SLIMEBOUND","items_purchased":["Slimebound:SplitLeeching","Slimebound:Schlurp","HandDrill","Vajra","Slimebound:LeadByExample","Blood Vial","Slimebound:LeadByExample","Mummified Hand","Meat on the Bone","Slimebound:Darklings","War Paint","Oddly Smooth Stone","Bronze Scales"],"campfire_rested":4,"item_purchase_floors":[3,3,29,29,43,43,43,43,43,47,47,47,47],"current_hp_per_floor":[65,62,65,62,62,62,62,67,70,70,64,70,70,63,64,65,70,70,57,65,65,65,60,60,43,70,55,55,53,70,62,70,39,70,70,70,21,21,19,55,55,70,70,70,69,69,70,70,69,23],"gold":70,"neow_bonus":"RANDOM_COMMON_RELIC","is_daily":false,"chose_seed":false,"campfire_upgraded":6,"win_rate":0.0,"timestamp":1611031937,"path_taken":["R","M","$","M","M","R","T","?","$","?","?","M","M","M","M","BOSS","R","M","M","?","?","M","T","?","R","M","?","$","R","?","M","BOSS","R","M","?","?","M","R","T","R","?","R","?","R","$","M","M","BOSS"],"items_purchased_type":["Card","Card","Relic","Relic","Card","Relic","Card","Relic","Relic","Card","Relic","Relic","Relic"],"build_version":"2020-12-22","purchased_purges":0,"victory":true,"max_hp_per_floor":[65,65,65,65,65,65,65,70,70,70,70,70,70,70,70,70,70,70,70,70,70,70,70,70,70,70,70,70,70,70,70,70,70,70,70,70,70,70,70,70,70,70,70,70,70,70,70,70,70,70],"card_choices":[{"not_picked":["Slimebound:DivideAndConquer","Slimebound:RainOfGoop"],"picked":"Slimebound:Prepare","floor":2},{"not_picked":["Slimebound:Equalize","Slimebound:Prepare"],"picked":"Slimebound:SplitMire","floor":3},{"not_picked":["Slimebound:AcidTongue","Slimebound:HauntingLick"],"picked":"Slimebound:LeadByExample","floor":4},{"not_picked":["Slimebound:OozeBath","Slimebound:LeechEnergy"],"picked":"Slimebound:SplitSpecialist","floor":5},{"not_picked":["Slimebound:ComboTackle","Slimebound:Replication"],"picked":"Slimebound:GrowthPunch","floor":9},{"not_picked":["Slimebound:MegaLick","Slimebound:LeechingTouch"],"picked":"Slimebound:Schlurp","floor":11},{"not_picked":["Slimebound:Schlurp","Slimebound:SpikyOuterGoop"],"picked":"Slimebound:SplitLeeching","floor":12},{"not_picked":["Slimebound:FormOfPuddle","Slimebound:Dissolve"],"picked":"Slimebound:SlimeSpikes","floor":13},{"not_picked":["Slimebound:DisruptingSlam","Slimebound:LivingWall"],"picked":"Slimebound:Schlurp","floor":14},{"not_picked":["Slimebound:SplitAcid","Slimebound:Equalize"],"picked":"Slimebound:FirmFortitude","floor":15},{"not_picked":["Slimebound:CheckThePlaybook","Slimebound:MassFeed"],"picked":"Slimebound:Teamwork","floor":16},{"not_picked":["Slimebound:BestDefense+1","Slimebound:DivideAndConquer"],"picked":"Slimebound:PressTheAttack","floor":19},{"not_picked":["Slimebound:Dissolve","Slimebound:BestDefense"],"picked":"Slimebound:LivingWall","floor":20},{"not_picked":["Slimebound:Equalize","Slimebound:LeechingTouch"],"picked":"Slimebound:SplitLeeching","floor":23},{"not_picked":["Slimebound:ItLooksTasty","Slimebound:LeadByExample"],"picked":"Slimebound:SplitBruiser+1","floor":25},{"not_picked":["Slimebound:GoopSpray","Slimebound:LeechingTouch"],"picked":"Slimebound:SelfFormingGoo","floor":27},{"not_picked":["Slimebound:PressTheAttack+1","Slimebound:CheckThePlaybook"],"picked":"Slimebound:SplitMire+1","floor":29},{"not_picked":["Slimebound:SpikyOuterGoop","Slimebound:Grow"],"picked":"Slimebound:Gluttony+1","floor":32},{"not_picked":["Slimebound:CheckThePlaybook","Slimebound:Teamwork"],"picked":"Slimebound:OneTwoCombo","floor":33},{"not_picked":["Slimebound:Dissolve+1","Slimebound:Replication+1"],"picked":"Slimebound:SlimeSpikes","floor":36},{"not_picked":["Slimebound:SamplingLick+1","Slimebound:ComboTackle"],"picked":"Slimebound:SplitLeeching","floor":37},{"not_picked":["Slimebound:SamplingLick+1","Slimebound:ProtectTheBoss+1"],"picked":"Slimebound:SplitSpecialist","floor":39},{"not_picked":["Slimebound:ViciousTackle+1","Slimebound:SamplingLick+1"],"picked":"Slimebound:LevelUp","floor":43},{"not_picked":["Slimebound:LeechingTouch","Slimebound:SlimeBarrage"],"picked":"Slimebound:LeadByExample+1","floor":45},{"not_picked":["Slimebound:RollThrough","Slimebound:SplitBruiser+1"],"picked":"Slimebound:SplitMire+1","floor":47},{"not_picked":["Slimebound:FinishingTackle+1","Slimebound:LivingWall"],"picked":"Slimebound:RejuvenatingLick+1","floor":48},{"not_picked":["Slimebound:ViciousTackle+1","Slimebound:GoopTackle+1","Slimebound:ComboTackle+1"],"picked":"SKIP","floor":49}],"player_experience":367043,"relics_obtained":[{"floor":7,"key":"White Beast Statue"},{"floor":21,"key":"Potion Belt"},{"floor":24,"key":"Toy Ornithopter"},{"floor":37,"key":"CatCart"},{"floor":41,"key":"The Courier"}],"event_choices":[{"damage_healed":0,"gold_gain":0,"player_choice":"Donut","damage_taken":0,"max_hp_gain":5,"max_hp_loss":0,"event_name":"Big Fish","floor":8,"gold_loss":0},{"damage_healed":0,"gold_gain":0,"player_choice":"Trade","damage_taken":0,"relics_obtained":["SsserpentHead"],"max_hp_gain":0,"max_hp_loss":0,"event_name":"FaceTrader","floor":10,"gold_loss":0},{"damage_healed":0,"gold_gain":0,"player_choice":"Fight","damage_taken":0,"max_hp_gain":0,"max_hp_loss":0,"event_name":"OrinTheCat","floor":37,"gold_loss":0}],"is_beta":false,"boss_relics":[{"not_picked":["Cursed Key","Calling Bell"],"picked":"Slimebound:AbsorbEndCombatUpgraded"},{"not_picked":["Pandora\u0027s Box","Fusion Hammer"],"picked":"SlaversCollar"}],"items_purged_floors":[],"is_endless":false,"potions_floor_spawned":[2,9,11,12,13,14,15,16,19,20,23,25,27,29,32,33,36,37,39,43,45,47,48,49],"ascension_level":0}}