{"host":"foq4mrde4mssg7vt","time":1611071494,"event":{"mods":["AchievementEnabler","BaseMod","Colored Map","Colored Powertips","Highlight Path","Minty Spire (QoL Compilation)","Relic Stats","everything is the same but u backflip on backflip"],"gold_per_floor":[118,133,150,167,167,167,193,193,247,261,274,30,30,42,42,118,118,140,169,192,204,234,246,272,284,321,333,78,103,123,123,123,200,200,211,50,50,70,70,70,100,80,80,80,99,99,99],"floor_reached":46,"language":"ENG","playtime":1396,"items_purged":["Perfected Strike"],"score":920,"play_id":"209f2799-b059-4c46-a1aa-3ed57d75be4b","local_time":"20210119235134","is_ascension_mode":true,"campfire_choices":[{"data":"Bash","floor":6.0,"key":"SMITH"},{"floor":8.0,"key":"REST"},{"data":"Perfected Strike","floor":13.0,"key":"SMITH"},{"data":"True Grit","floor":15.0,"key":"SMITH"},{"data":"Shrug It Off","floor":23.0,"key":"SMITH"},{"data":"Perfected Strike","floor":25.0,"key":"SMITH"},{"floor":27.0,"key":"REST"},{"data":"Pommel Strike","floor":32.0,"key":"SMITH"},{"data":"Inflame","floor":40.0,"key":"SMITH"},{"floor":44,"key":"REST"}],"circlet_count":0,"master_deck":["AscendersBane","Strike_R+1","Strike_R+1","Strike_R+1","Strike_R+1","Strike_R+1","Defend_R+1","Defend_R+1","Defend_R+1","Defend_R+1","Bash+1","Perfected Strike+1","Shrug It Off+1","True Grit+1","The Bomb+1","Pummel","Reaper","CurseOfTheBell","Perfected Strike+1","Pommel Strike+1","Shrug It Off","Inflame+1","Twin Strike"],"relics":["Busted Crown","Ornamental Fan","Red Skull","Calling Bell","MawBank","InkBottle","CaptainsWheel","Bag of Preparation","PreservedInsect","Regal Pillow","SacredBark","Turnip"],"acts_visited":["Exordium","TheCity","TheBeyond"],"potions_floor_usage":[41],"damage_taken":[{"damage":4.0,"enemies":"2 Louse","floor":1.0,"turns":2.0},{"damage":2.0,"enemies":"Jaw Worm","floor":2.0,"turns":4.0},{"damage":0.0,"enemies":"Small Slimes","floor":3.0,"turns":2.0},{"damage":11.0,"enemies":"Blue Slaver","floor":4.0,"turns":4.0},{"damage":30.0,"enemies":"Lagavulin","floor":7.0,"turns":5.0},{"damage":3.0,"enemies":"Exordium Thugs","floor":10.0,"turns":4.0},{"damage":5.0,"enemies":"2 Fungi Beasts","floor":11.0,"turns":3.0},{"damage":0.0,"enemies":"3 Louse","floor":14.0,"turns":3.0},{"damage":29.0,"enemies":"Hexaghost","floor":16.0,"turns":9.0},{"damage":3.0,"enemies":"3 Byrds","floor":18.0,"turns":3.0},{"damage":3.0,"enemies":"Spheric Guardian","floor":19.0,"turns":5.0},{"damage":5.0,"enemies":"3 Cultists","floor":20.0,"turns":4.0},{"damage":25.0,"enemies":"Centurion and Healer","floor":22.0,"turns":5.0},{"damage":19.0,"enemies":"Shelled Parasite and Fungi","floor":24.0,"turns":5.0},{"damage":26.0,"enemies":"Gremlin Leader","floor":29.0,"turns":5.0},{"damage":7.0,"enemies":"Cultist and Chosen","floor":30.0,"turns":6.0},{"damage":12.0,"enemies":"Collector","floor":33.0,"turns":7.0},{"damage":0.0,"enemies":"Orb Walker","floor":35.0,"turns":4.0},{"damage":5.0,"enemies":"3 Shapes","floor":38.0,"turns":6.0},{"damage":62,"enemies":"Giant Head","floor":41,"turns":6},{"damage":37,"enemies":"Jaw Worm Horde","floor":45,"turns":3},{"damage":26,"enemies":"Spire Growth","floor":46,"turns":2}],"seed_played":"3195447835663372146","potions_obtained":[{"floor":1.0,"key":"ElixirPotion"},{"floor":3.0,"key":"SneckoOil"},{"floor":11.0,"key":"Ancient Potion"},{"floor":18.0,"key":"Block Potion"},{"floor":33.0,"key":"Explosive Potion"},{"floor":42,"key":"ColorlessPotion"}],"is_trial":false,"path_per_floor":["M","M","M","M","?","R","E","R","T","M","M","$","R","M","R","B",null,"M","M","M","?","M","R","M","R","T","R","$","E","M","?","R","B",null,"M","$","?","M","$","R","E","?","T","R","M","M"],"character_chosen":"IRONCLAD","items_purchased":["True Grit","The Bomb","PreservedInsect","Pommel Strike","Shrug It Off","Inflame"],"campfire_rested":3,"item_purchase_floors":[12,12,28,28,28,36],"current_hp_per_floor":[64,62,62,51,51,51,21,43,43,40,35,35,35,35,35,6,58,55,52,59,59,51,51,32,32,32,54,54,49,46,46,46,34,65,71,71,71,66,66,66,4,4,4,41,15,0,0],"gold":99,"neow_bonus":"BOSS_RELIC","is_daily":false,"chose_seed":false,"campfire_upgraded":7,"win_rate":0.0,"timestamp":1611071494,"path_taken":["M","M","M","M","?","R","E","R","T","M","M","$","R","M","R","BOSS","M","M","M","?","M","R","M","R","T","R","$","E","M","?","R","BOSS","M","$","?","M","?","R","E","?","T","R","M","M"],"items_purchased_type":["Card","Card","Relic","Card","Card","Card"],"build_version":"2020-12-22","purchased_purges":1,"victory":false,"max_hp_per_floor":[75,75,75,75,75,75,75,75,75,75,75,75,75,75,75,75,75,75,75,75,75,75,75,75,75,75,75,75,75,75,75,75,75,75,75,75,75,75,75,75,75,75,75,75,75,75,75],"relic_stats":{"Regal Pillow":15,"Busted Crown":44,"counters":[22,97],"Ornamental Fan":[40],"PreservedInsect":179,"Turnip":[0],"Bag of Preparation":[16],"MawBank":132,"obtain_stats":[{"Regal Pillow":29,"SacredBark":34,"PreservedInsect":28,"Bag of Preparation":26,"MawBank":17,"Burning Blood":0,"Calling Bell":17,"CaptainsWheel":17,"Busted Crown":0,"Ornamental Fan":7,"Turnip":41,"Red Skull":9,"InkBottle":17},{"Regal Pillow":15,"SacredBark":17,"PreservedInsect":14,"Bag of Preparation":14,"MawBank":9,"Burning Blood":0,"Calling Bell":9,"CaptainsWheel":9,"Busted Crown":0,"Ornamental Fan":5,"Turnip":20,"Red Skull":5,"InkBottle":9},{"Regal Pillow":63,"SacredBark":76,"PreservedInsect":58,"Bag of Preparation":58,"MawBank":36,"Burning Blood":0,"Calling Bell":36,"CaptainsWheel":36,"Busted Crown":0,"Ornamental Fan":17,"Turnip":92,"Red Skull":17,"InkBottle":36}],"InkBottle":[15]},"card_choices":[{"not_picked":["Second Wind"],"picked":"SKIP","floor":1.0},{"not_picked":[],"picked":"Perfected Strike","floor":2.0},{"not_picked":["Rupture"],"picked":"SKIP","floor":3.0},{"not_picked":["Havoc"],"picked":"SKIP","floor":4.0},{"not_picked":["Heavy Blade"],"picked":"SKIP","floor":7.0},{"not_picked":["Seeing Red"],"picked":"SKIP","floor":10.0},{"not_picked":[],"picked":"Shrug It Off","floor":11.0},{"not_picked":[],"picked":"Pummel","floor":14.0},{"not_picked":[],"picked":"Reaper","floor":16.0},{"not_picked":["Clothesline"],"picked":"SKIP","floor":18.0},{"not_picked":[],"picked":"Perfected Strike","floor":19.0},{"not_picked":["Blood for Blood+1"],"picked":"SKIP","floor":20.0},{"not_picked":["Sentinel"],"picked":"SKIP","floor":22.0},{"not_picked":[],"picked":"Perfected Strike","floor":24.0},{"not_picked":["Fire Breathing"],"picked":"SKIP","floor":29.0},{"not_picked":["Flex"],"picked":"SKIP","floor":30.0},{"not_picked":["Carnage"],"picked":"SKIP","floor":35.0},{"not_picked":["True Grit"],"picked":"SKIP","floor":38.0},{"not_picked":[],"picked":"Twin Strike","floor":41},{"not_picked":["Anger+1"],"picked":"SKIP","floor":45}],"player_experience":498030,"relics_obtained":[{"floor":7.0,"key":"Ornamental Fan"},{"floor":9.0,"key":"Red Skull"},{"floor":17.0,"key":"MawBank"},{"floor":17.0,"key":"InkBottle"},{"floor":17.0,"key":"CaptainsWheel"},{"floor":26.0,"key":"Bag of Preparation"},{"floor":29.0,"key":"Regal Pillow"},{"floor":41,"key":"Turnip"}],"event_choices":[{"damage_healed":0.0,"max_hp_gain":0.0,"max_hp_loss":0.0,"gold_gain":0.0,"event_name":"Shining Light","player_choice":"Ignored","floor":5.0,"gold_loss":0.0,"damage_taken":0.0},{"damage_healed":0.0,"max_hp_gain":0.0,"max_hp_loss":0.0,"gold_gain":0.0,"event_name":"Back to Basics","player_choice":"Simplicity","floor":21.0,"gold_loss":0.0,"damage_taken":0.0,"cards_upgraded":["Strike_R","Strike_R","Strike_R","Strike_R","Strike_R","Defend_R","Defend_R","Defend_R","Defend_R"]},{"damage_healed":0.0,"max_hp_gain":0.0,"max_hp_loss":0.0,"gold_gain":0.0,"event_name":"The Mausoleum","player_choice":"Ignored","floor":31.0,"gold_loss":0.0,"damage_taken":0.0},{"damage_healed":0.0,"max_hp_gain":0.0,"max_hp_loss":0.0,"gold_gain":0.0,"event_name":"Accursed Blacksmith","player_choice":"Forge","floor":37.0,"gold_loss":0.0,"damage_taken":0.0,"cards_upgraded":["The Bomb"]},{"damage_healed":0,"gold_gain":0,"player_choice":"Bought 1 Potion","damage_taken":0,"max_hp_gain":0,"max_hp_loss":0,"event_name":"The Woman in Blue","floor":42,"gold_loss":0}],"is_beta":false,"boss_relics":[{"not_picked":["SlaversCollar","Ectoplasm"],"picked":"Calling Bell"},{"not_picked":["Runic Cube","Astrolabe"],"picked":"SacredBark"}],"items_purged_floors":[36],"is_endless":false,"potions_floor_spawned":[1,3,11,18,20,33,35,38],"killed_by":"Spire Growth","ascension_level":19}}