{"host":"u7y9frlpoazak2mn","time":1611028486,"event":{"mods":["AchievementEnabler","Act Like it!","Alarm Clock","Aspiration","Astrologer","BaseMod","Beaked The Cultist","Better Altar","Better Match","Better Note","Better Sensory Stone","Better Skull","Better Third Choice","CCEM","Chen","Colored Map","Colored Powertips","Conspire","Curses Come First","Displayed Cursed Tome","Energized Spire","Fox Events","Friendly Minions","Gensokyo","GifTheSpireLib","Glutton Mod","Halation","Hallownest","Hermit","Hubris","Infinite Spire","Jedi Mod","Mimic Mod","Minty Spire (QoL Compilation)","MostiFishMod","Pale of the Ancients","Prisma Mod","Quarter Circle Forward PUNCH!","Quick Restart","Random Character Button","Rare Cards Sparkle","Relic Stats","Replay The Spire","Retaliation","Spicy Shops","Spikes Relics","StS++","StSLib","Stuff the Spire","The Blue Laboratory","The Bug Knight","The Construct","The Forsaken","The Juggle","The Jungle","The Marked","Trackpad","Waifu the Spire","Wandering Minibosses","Yuri Mod","vexMod"],"gold_per_floor":[109,69,85,85,100,100,128,128,128,146,51,62,162,172,172,172,172],"floor_reached":16,"language":"ENG","playtime":746,"items_purged":[],"score":117,"play_id":"390054c7-bd51-4ace-b258-d850f44a67e5","local_time":"20210118225446","is_ascension_mode":true,"campfire_choices":[{"data":"DDmod:RapidStrikeAttack","floor":6,"key":"SMITH"},{"floor":8,"key":"REST"},{"floor":15,"key":"REST"}],"circlet_count":0,"master_deck":["Strike_R","Strike_R","Strike_R","Strike_R","Strike_R","Defend_R","Defend_R","Defend_R","Defend_R","Bash","DDmod:PokeAttack","Thunderclap","DDmod:RapidStrikeAttack+1","StuffTheSpire:Incineration","DDmod:SpikeInjectionSkill","DDmod:EasePowerCard","Poisoned Strike","MostiFishMod:#F4004","DDmod:SpikedSkill"],"relics":["Burning Blood","DaveBox","aspiration:Nostalgia","Chen:Catnip","SynthV:TestCard","hubris:Icosahedron","StuffTheSpire:ForceGauntlet","CCEMRelics:DerglesHeadphones"],"acts_visited":["Exordium"],"potions_floor_usage":[7,7,7,7,14],"damage_taken":[{"damage":2,"enemies":"Jaw Worm","floor":1,"turns":3},{"damage":1,"enemies":"Cultist","floor":3,"turns":3},{"damage":14,"enemies":"2 Louse","floor":5,"turns":2},{"damage":71,"enemies":"Lagavulin","floor":7,"turns":9},{"damage":14,"enemies":"Red Slaver","floor":10,"turns":3},{"damage":13,"enemies":"3 Louse","floor":12,"turns":2},{"damage":19,"enemies":"Large Slime","floor":14,"turns":3},{"damage":49,"enemies":"Fading Forest","floor":16,"turns":7}],"seed_played":"3545862507774219382","potions_obtained":[{"floor":2,"key":"EntropicBrew"},{"floor":2,"key":"blueLaboratory:RecallPotion"},{"floor":2,"key":"qcfpunch:Challenger_Coin"},{"floor":10,"key":"Strength Potion"},{"floor":12,"key":"blueLaboratory:BottledHope"}],"is_trial":false,"path_per_floor":["M","?","M","?","M","R","E","R","T","M","$","M","?","M","R","B"],"character_chosen":"IRONCLAD","items_purchased":["DDmod:EasePowerCard","Poisoned Strike"],"campfire_rested":2,"item_purchase_floors":[11,11],"current_hp_per_floor":[80,80,80,80,72,72,7,31,31,23,23,22,22,11,35,0,0],"gold":172,"neow_bonus":"NOSTALGIA","is_daily":false,"chose_seed":false,"campfire_upgraded":1,"win_rate":0.0,"timestamp":1611028486,"path_taken":["M","?","?","?","M","R","E","R","T","?","?","M","?","M","R","BOSS"],"items_purchased_type":["Card","Card"],"build_version":"2020-12-22","purchased_purges":0,"victory":false,"max_hp_per_floor":[80,80,80,80,80,80,80,80,80,80,80,80,80,80,80,80,80],"relic_stats":{"counters":[8,32],"obtain_stats":[{"SynthV:TestCard":1,"hubris:Icosahedron":4,"DaveBox":0,"aspiration:Nostalgia":0,"Chen:Catnip":0,"StuffTheSpire:ForceGauntlet":7,"Burning Blood":0,"CCEMRelics:DerglesHeadphones":9},{"SynthV:TestCard":1,"hubris:Icosahedron":2,"DaveBox":0,"aspiration:Nostalgia":0,"Chen:Catnip":0,"StuffTheSpire:ForceGauntlet":4,"Burning Blood":0,"CCEMRelics:DerglesHeadphones":4},{"SynthV:TestCard":3,"hubris:Icosahedron":6,"DaveBox":0,"aspiration:Nostalgia":0,"Chen:Catnip":0,"StuffTheSpire:ForceGauntlet":17,"Burning Blood":0,"CCEMRelics:DerglesHeadphones":17}],"Burning Blood":33},"card_choices":[{"not_picked":["Flex","Twin Strike"],"picked":"DDmod:PokeAttack","floor":1},{"not_picked":["StSpp:Sprint","Warcry","Life Link","True Grit"],"picked":"Thunderclap","floor":3},{"not_picked":["StuffTheSpire:BloodClot","Power Through","Perfected Strike","MostiFishMod:NewArrival"],"picked":"DDmod:RapidStrikeAttack","floor":5},{"not_picked":["Brutality","Ghostly Armor","ReplayTheSpireMod:Strike From Hell","Abandon"],"picked":"StuffTheSpire:Incineration","floor":7},{"not_picked":["DDmod:CallousedSkill","Flame Barrier","StuffTheSpire:Slingshot","Second Wind"],"picked":"DDmod:SpikeInjectionSkill","floor":10},{"not_picked":["Wild Strike","Armaments","Intimidate","Twin Strike"],"picked":"MostiFishMod:#F4004","floor":12},{"not_picked":["StSpp:TheBiggerTheyAre","DDmod:CallousedSkill","Sword Boomerang","Clothesline"],"picked":"DDmod:SpikedSkill","floor":14}],"player_experience":324668,"relics_obtained":[{"floor":1,"key":"SynthV:TestCard"},{"floor":7,"key":"StuffTheSpire:ForceGauntlet"},{"floor":9,"key":"CCEMRelics:DerglesHeadphones"}],"event_choices":[{"damage_healed":0,"gold_gain":0,"player_choice":"Bought 3 Potions","damage_taken":0,"max_hp_gain":0,"max_hp_loss":0,"event_name":"The Woman in Blue","floor":2,"gold_loss":0},{"damage_healed":0,"gold_gain":100,"player_choice":"Pray","damage_taken":0,"max_hp_gain":0,"max_hp_loss":0,"event_name":"Golden Shrine","floor":13,"gold_loss":0}],"is_beta":false,"boss_relics":[],"items_purged_floors":[],"is_endless":false,"potions_floor_spawned":[10,12],"killed_by":"Fading Forest","ascension_level":3}}