{"host":"r6jigiblrojhp6xe","time":1611069913,"event":{"mods":["AchievementEnabler","BaseMod","DeckTracker","Minty Spire (QoL Compilation)","Quick Restart","Rare Cards Sparkle","Relic Stats","StSLib","SuperFastMode","The Cursed","everything is the same but u backflip on backflip"],"gold_per_floor":[114,114,39,58,75,102,116,116,141,141,157,189,189,219,219,219,219],"floor_reached":16,"language":"KOR","playtime":352,"items_purged":[],"score":290,"play_id":"2e370f8c-99d8-4d9a-af4c-4841da380401","local_time":"20210120002513","is_ascension_mode":true,"campfire_choices":[{"data":"Noxious Fumes","floor":8.0,"key":"SMITH"},{"data":"Malaise","floor":10.0,"key":"SMITH"},{"floor":15.0,"key":"REST"}],"circlet_count":0,"master_deck":["AscendersBane","Strike_G+1","Strike_G","Strike_G+1","Strike_G","Defend_G","Defend_G","Defend_G","Defend_G","Survivor","Neutralize","Die Die Die","Dash","Noxious Fumes+1","Flying Knee","Malaise+1","Footwork","Deflect","Blade Dance"],"relics":["Ring of the Snake","Pen Nib","Anchor","Whetstone","Snake Skull","Boot"],"acts_visited":["Exordium"],"potions_floor_usage":[16],"damage_taken":[{"damage":2.0,"enemies":"Small Slimes","floor":1.0,"turns":3.0},{"damage":0.0,"enemies":"2 Louse","floor":4.0,"turns":2.0},{"damage":0.0,"enemies":"Cultist","floor":5.0,"turns":3.0},{"damage":16.0,"enemies":"Gremlin Nob","floor":6.0,"turns":4.0},{"damage":0.0,"enemies":"Looter","floor":7.0,"turns":3.0},{"damage":0.0,"enemies":"Gremlin Gang","floor":11.0,"turns":2.0},{"damage":0.0,"enemies":"3 Sentries","floor":12.0,"turns":7.0},{"damage":24.0,"enemies":"Gremlin Nob","floor":14.0,"turns":4.0},{"damage":30,"enemies":"Slime Boss","floor":16,"turns":6}],"seed_played":"5625730233434147617","potions_obtained":[{"floor":4.0,"key":"ColorlessPotion"},{"floor":5.0,"key":"BlessingOfTheForge"},{"floor":6.0,"key":"SkillPotion"},{"floor":11.0,"key":"AttackPotion"},{"floor":14.0,"key":"Poison Potion"}],"is_trial":false,"path_per_floor":["M","?","?","M","M","E","M","R","T","R","M","E","?","E","R","B"],"character_chosen":"THE_SILENT","items_purchased":[],"campfire_rested":1,"item_purchase_floors":[],"current_hp_per_floor":[57,52,52,52,52,36,36,36,36,36,36,36,36,12,30,0,0],"gold":219,"neow_bonus":"THREE_RARE_CARDS","is_daily":false,"chose_seed":false,"campfire_upgraded":2,"win_rate":0.0,"timestamp":1611069913,"path_taken":["M","?","?","M","M","E","M","R","T","R","M","E","?","E","R","BOSS"],"items_purchased_type":[],"build_version":"2020-12-22","purchased_purges":0,"victory":false,"max_hp_per_floor":[60,60,60,60,60,60,60,60,60,60,60,60,60,60,60,60,60],"relic_stats":{"counters":[9,34],"Pen Nib":[6],"Snake Skull":[8],"Whetstone":["Strike_G","Strike_G"],"Boot":[11],"obtain_stats":[{"Anchor":6,"Pen Nib":2,"Snake Skull":12,"Whetstone":9,"Boot":14,"Ring of the Snake":0},{"Anchor":4,"Pen Nib":1,"Snake Skull":7,"Whetstone":5,"Boot":8,"Ring of the Snake":0},{"Anchor":12,"Pen Nib":3,"Snake Skull":24,"Whetstone":15,"Boot":28,"Ring of the Snake":0}],"Ring of the Snake":[18]},"card_choices":[{"not_picked":["Adrenaline","Doppelganger"],"picked":"Die Die Die","floor":0.0},{"not_picked":["PiercingWail","Finisher"],"picked":"Dash","floor":1.0},{"not_picked":["Dodge and Roll","Endless Agony"],"picked":"Noxious Fumes","floor":4.0},{"not_picked":["Noxious Fumes","Finisher"],"picked":"Flying Knee","floor":5.0},{"not_picked":["Underhanded Strike","Storm of Steel"],"picked":"Malaise","floor":6.0},{"not_picked":["Flying Knee","Outmaneuver","Underhanded Strike"],"picked":"SKIP","floor":7.0},{"not_picked":["Eviscerate","Backflip"],"picked":"Footwork","floor":11.0},{"not_picked":["Cloak And Dagger","Accuracy"],"picked":"Deflect","floor":12.0},{"not_picked":["Infinite Blades","Underhanded Strike"],"picked":"Blade Dance","floor":14.0}],"player_experience":584158,"relics_obtained":[{"floor":6.0,"key":"Anchor"},{"floor":9.0,"key":"Whetstone"},{"floor":12.0,"key":"Snake Skull"},{"floor":14.0,"key":"Boot"}],"event_choices":[{"damage_healed":0.0,"max_hp_gain":0.0,"max_hp_loss":0.0,"gold_gain":0.0,"event_name":"Scrap Ooze","player_choice":"Success","floor":2.0,"gold_loss":0.0,"damage_taken":5.0,"relics_obtained":["Pen Nib"]},{"cards_removed":["Defend_G"],"damage_healed":0.0,"max_hp_gain":0.0,"max_hp_loss":0.0,"gold_gain":0.0,"event_name":"The Cleric","player_choice":"Card Removal","floor":3.0,"gold_loss":75.0,"damage_taken":0.0},{"cards_removed":["Strike_G"],"damage_healed":0.0,"max_hp_gain":0.0,"max_hp_loss":0.0,"gold_gain":0.0,"event_name":"Purifier","player_choice":"Purged","floor":13.0,"gold_loss":0.0,"damage_taken":0.0}],"is_beta":false,"boss_relics":[],"items_purged_floors":[],"is_endless":false,"potions_floor_spawned":[4,5,6,11,14],"killed_by":"Slime Boss","ascension_level":20}}