{"host":"rzpi613efy9j52u4","time":1611024493,"event":{"mods":["Aspiration","BaseMod","Colored Powertips","Downfall","Hermit","Hubris","Marisa????????","Minty Spire (QoL Compilation)","Rare Cards Sparkle","StSLib","The Cursed","The Necromancer","The Servant 0.9.4"],"gold_per_floor":[99,117,127,143,162,162,162,173,190,220,205,218,218,228,247,348,348,348,363,379,393,15,33,56,73,73,105,105,120,152,164,182,287,287,287,310,42,66,66,83,106,106,129,129,150,205,249,249,270,270],"floor_reached":51,"language":"ENG","playtime":5052,"items_purged":["TheCursedMod:CircleOfFlame"],"score":851,"play_id":"5a8827ae-9824-4783-92a5-c5bd70e8e8bb","local_time":"20210118214813","is_ascension_mode":false,"campfire_choices":[{"data":"hermit:GoldenBullet","floor":1.0,"key":"SMITH"},{"data":"TheCursedMod:Torture","floor":6.0,"key":"SMITH"},{"data":"TheCursedMod:Hemoplague","floor":13.0,"key":"SMITH"},{"data":"TheCursedMod:CircleOfAbyss","floor":18.0,"key":"SMITH"},{"data":"TheCursedMod:Grudge","floor":28,"key":"SMITH"},{"data":"TheCursedMod:HellsGateOpen","floor":35,"key":"SMITH"},{"data":"TheCursedMod:NeowsMight","floor":42,"key":"SMITH"},{"data":"TheCursedMod:DemonSword","floor":44,"key":"SMITH"}],"circlet_count":0,"master_deck":["hermit:GoldenBullet+1","TheCursedMod:Defend_TheCursed","TheCursedMod:Defend_TheCursed","TheCursedMod:Defend_TheCursed","TheCursedMod:Defend_TheCursed","TheCursedMod:CursedWand","TheCursedMod:CleanUpWorkshop","TheCursedMod:Dregs","TheCursedMod:Torture+1","TheCursedMod:SpitefulStrike","TheCursedMod:CircleOfFlame","TheCursedMod:FleshFromBone","TheCursedMod:CursedBlade","TheCursedMod:ReleasedStrength","TheCursedMod:StingEye","TheCursedMod:Hemoplague+1","TheCursedMod:SurpriseAttack","TheCursedMod:CursedShiv","TheCursedMod:CircleOfAbyss+1","CurseOfTheBell","TheCursedMod:CircleOfWindfury","TheCursedMod:Grudge+1","TheCursedMod:CircleOfFocus","TheCursedMod:SoulReap","TheCursedMod:SmokeScreen","TheCursedMod:CircleOfCorruption","Bite","Bite","Bite","Bite","Bite","TheCursedMod:WearCloak","TheCursedMod:SurpriseAttack","TheCursedMod:SpitefulPlan+1","TheCursedMod:HellsGateOpen+1","hubris:Greed","TheCursedMod:VitalStrike","TheCursedMod:NeowsMight+1","TheCursedMod:SurpriseAttack+1","TheCursedMod:DemonSword+1","TheCursedMod:RapidMovement+1","Parasite","TheCursedMod:Wield","TheCursedMod:Wield+1","TheCursedMod:NeowsMight","TheCursedMod:AbyssShockwave+1","TheCursedMod:CursedSpellbook+1","TheCursedMod:EmpowerCircles","Pain","TheCursedMod:SmokeScreen+1"],"relics":["TheCursedMod:BlackMagic101","aspiration:HummingbirdHeart","Vajra","Calling Bell","Potion Belt","Gremlin Horn","TheCursedMod:SoulVessel","TungstenRod","Ancient Tea Set","hubris:CuriousFeather","CaptainsWheel","Runic Pyramid","TheCursedMod:DemonicMark","Orichalcum","Ice Cream","Toy Ornithopter","WarpedTongs"],"acts_visited":["Exordium","TheCity","TheBeyond"],"potions_floor_usage":[25,33,33,33,50,50,50,50],"damage_taken":[{"damage":0.0,"enemies":"Cultist","floor":2.0,"turns":2.0},{"damage":0.0,"enemies":"2 Louse","floor":3.0,"turns":2.0},{"damage":1.0,"enemies":"Jaw Worm","floor":4.0,"turns":2.0},{"damage":3.0,"enemies":"Red Slaver","floor":5.0,"turns":2.0},{"damage":0.0,"enemies":"Large Slime","floor":8.0,"turns":4.0},{"damage":0.0,"enemies":"2 Fungi Beasts","floor":9.0,"turns":3.0},{"damage":12.0,"enemies":"Gremlin Nob","floor":10.0,"turns":3.0},{"damage":0.0,"enemies":"downfall:FleeingMerchant","floor":11.0,"turns":4.0},{"damage":0.0,"enemies":"Lots of Slimes","floor":12.0,"turns":3.0},{"damage":0.0,"enemies":"Blue Slaver","floor":14.0,"turns":3.0},{"damage":0.0,"enemies":"Large Slime","floor":15.0,"turns":3.0},{"damage":7.0,"enemies":"IC_STATUS_ARCHETYPE","floor":16.0,"turns":6.0},{"damage":0.0,"enemies":"3 Byrds","floor":19.0,"turns":4.0},{"damage":8.0,"enemies":"Snecko","floor":20.0,"turns":5.0},{"damage":12.0,"enemies":"Snake Plant","floor":21.0,"turns":4.0},{"damage":0.0,"enemies":"downfall:FleeingMerchant","floor":22.0,"turns":4.0},{"damage":12.0,"enemies":"Cultist and Chosen","floor":23.0,"turns":6.0},{"damage":30,"enemies":"3 Cultists","floor":25,"turns":6},{"damage":35,"enemies":"Gremlin Leader","floor":27,"turns":7},{"damage":3,"enemies":"Snecko","floor":29,"turns":5},{"damage":30,"enemies":"Slavers","floor":30,"turns":4},{"damage":12,"enemies":"Centurion and Healer","floor":31,"turns":6},{"damage":0,"enemies":"Shelled Parasite and Fungi","floor":32,"turns":5},{"damage":46,"enemies":"DF_ARCHETYPE_CLAW","floor":33,"turns":9},{"damage":9,"enemies":"Orb Walker","floor":36,"turns":3},{"damage":1,"enemies":"downfall:FleeingMerchant","floor":37,"turns":4},{"damage":4,"enemies":"3 Shapes","floor":38,"turns":1},{"damage":0,"enemies":"Writhing Mass","floor":40,"turns":4},{"damage":0,"enemies":"Transient","floor":43,"turns":5},{"damage":0,"enemies":"Maw","floor":45,"turns":5},{"damage":2,"enemies":"2 Orb Walkers","floor":46,"turns":3},{"damage":0,"enemies":"downfall:FleeingMerchant","floor":47,"turns":4},{"damage":0,"enemies":"Sphere and 2 Shapes","floor":49,"turns":3},{"damage":128,"enemies":"WA_ARCHETYPE_DIVINITY","floor":50,"turns":18}],"seed_played":"1126163690287487727","potions_obtained":[{"floor":2.0,"key":"Slimebound:ThreeZeroPotion"},{"floor":4.0,"key":"FairyPotion"},{"floor":9.0,"key":"Fire Potion"},{"floor":16.0,"key":"SneckoOil"},{"floor":19.0,"key":"EssenceOfSteel"},{"floor":23.0,"key":"Regen Potion"},{"floor":27,"key":"Dexterity Potion"},{"floor":30,"key":"CultistPotion"},{"floor":31,"key":"Swift Potion"},{"floor":36,"key":"Swift Potion"},{"floor":38,"key":"SteroidPotion"},{"floor":40,"key":"Block Potion"},{"floor":49,"key":"Swift Potion"}],"is_trial":false,"path_per_floor":["R","M","M","M","M","R","T","M","M","E","$","M","R","M","M","B",null,"R","M","M","M","$","M","T","M","?","E","R","M","E","M","M","B",null,"R","M","$","M","?","M","T","R","M","R","M","?","$","?","M","B",null],"character_chosen":"THE_CURSED","items_purchased":["TungstenRod","TheCursedMod:SoulReap","TheCursedMod:DemonicMark","Toy Ornithopter","TheCursedMod:EmpowerCircles"],"campfire_rested":0,"item_purchase_floors":[22,22,37,47,47],"current_hp_per_floor":[82,82,82,81,78,78,78,78,78,66,68,70,70,70,70,65,88,88,90,85,77,78,76,76,66,65,46,46,52,33,40,55,32,67,67,62,69,69,79,79,79,79,79,79,79,79,79,79,79,25],"gold":270,"neow_bonus":"TEN_PERCENT_HP_BONUS","is_daily":false,"chose_seed":false,"campfire_upgraded":8,"win_rate":0.0,"timestamp":1611024493,"path_taken":["R","?","M","M","M","R","T","M","?","E","$","M","R","?","M","BOSS","R","M","M","M","$","M","T","?","?","E","R","M","E","M","M","BOSS","R","M","$","M","?","?","T","R","M","R","M","?","$","?","M","BOSS"],"items_purchased_type":["Relic","Card","Relic","Relic","Card"],"build_version":"2020-12-13","purchased_purges":1,"victory":true,"max_hp_per_floor":[82,82,82,82,82,82,82,82,82,82,84,86,86,86,86,88,88,88,90,90,92,92,94,94,94,65,65,65,65,65,65,65,67,67,67,67,69,69,79,79,79,79,79,79,79,79,79,79,79,79],"card_choices":[{"not_picked":["TheCursedMod:SaltUponWound","TheCursedMod:Wield"],"picked":"TheCursedMod:Torture","floor":2.0},{"not_picked":["TheCursedMod:EmpowerCircles","TheCursedMod:PrepareRite"],"picked":"TheCursedMod:SpitefulStrike","floor":3.0},{"not_picked":["TheCursedMod:Wield","TheCursedMod:FuryStrike"],"picked":"TheCursedMod:CircleOfFlame","floor":4.0},{"not_picked":["TheCursedMod:CircleOfFlame","TheCursedMod:Evocation"],"picked":"TheCursedMod:FleshFromBone","floor":5.0},{"not_picked":["TheCursedMod:Wield","TheCursedMod:SurpriseAttack"],"picked":"TheCursedMod:AntiAging","floor":8.0},{"not_picked":["TheCursedMod:Obscuration","TheCursedMod:CircleOfFlame"],"picked":"TheCursedMod:CursedBlade","floor":9.0},{"not_picked":["TheCursedMod:RapidMovement","TheCursedMod:TacticalStrike"],"picked":"TheCursedMod:ReleasedStrength","floor":10.0},{"not_picked":["TheCursedMod:CursedBoomerang","TheCursedMod:FleshFromBone"],"picked":"TheCursedMod:StingEye","floor":11.0},{"not_picked":["TheCursedMod:CursedBlade","TheCursedMod:SmokeScreen"],"picked":"TheCursedMod:Hemoplague","floor":12.0},{"not_picked":["TheCursedMod:BlessingInDisguise","TheCursedMod:TacticalStrike"],"picked":"TheCursedMod:SurpriseAttack","floor":14.0},{"not_picked":["TheCursedMod:Grudge","TheCursedMod:CursedArmor"],"picked":"TheCursedMod:CursedShiv","floor":15.0},{"not_picked":["TheCursedMod:Neurasthenia","TheCursedMod:ManaCirculation"],"picked":"TheCursedMod:CircleOfAbyss","floor":16.0},{"not_picked":["TheCursedMod:Torture","TheCursedMod:RavingStaff"],"picked":"TheCursedMod:CircleOfWindfury","floor":19.0},{"not_picked":["TheCursedMod:CursedBlade","TheCursedMod:Stretching"],"picked":"TheCursedMod:CircleOfFlame","floor":20.0},{"not_picked":["TheCursedMod:CursedBlade","TheCursedMod:Evocation"],"picked":"TheCursedMod:Grudge","floor":21.0},{"not_picked":["TheCursedMod:CircleOfAmplification","TheCursedMod:DemonSword"],"picked":"TheCursedMod:CircleOfFocus","floor":22.0},{"not_picked":["TheCursedMod:PrepareRite","TheCursedMod:Obscuration"],"picked":"TheCursedMod:SmokeScreen","floor":23.0},{"not_picked":["TheCursedMod:RavingStaff","TheCursedMod:Stretching"],"picked":"TheCursedMod:CircleOfCorruption","floor":25},{"not_picked":["TheCursedMod:CursedMace","TheCursedMod:BloodBarrier"],"picked":"TheCursedMod:WearCloak","floor":27},{"not_picked":["TheCursedMod:CircleOfWindfury","TheCursedMod:Obscuration"],"picked":"TheCursedMod:SurpriseAttack","floor":29},{"not_picked":["TheCursedMod:ShockAndAwe","TheCursedMod:CircleOfFocus"],"picked":"TheCursedMod:SpitefulPlan+1","floor":30},{"not_picked":["TheCursedMod:Stretching","TheCursedMod:Hemoplague"],"picked":"TheCursedMod:HellsGateOpen","floor":31},{"not_picked":["TheCursedMod:CircleOfCorruption","TheCursedMod:WearCloak"],"picked":"TheCursedMod:VitalStrike","floor":32},{"not_picked":["TheCursedMod:ManaCirculation","TheCursedMod:OutForBlood"],"picked":"TheCursedMod:NeowsMight","floor":33},{"not_picked":["TheCursedMod:StingEye","TheCursedMod:TacticalStrike+1"],"picked":"TheCursedMod:SurpriseAttack+1","floor":36},{"not_picked":["TheCursedMod:Wield+1","TheCursedMod:CursedMace+1"],"picked":"TheCursedMod:DemonSword","floor":37},{"not_picked":["TheCursedMod:WearCloak","TheCursedMod:SpitefulPlan+1"],"picked":"TheCursedMod:RapidMovement+1","floor":38},{"not_picked":["TheCursedMod:CursedBlade","TheCursedMod:CircleOfFlame"],"picked":"TheCursedMod:Wield","floor":40},{"not_picked":["TheCursedMod:WearCloak+1","TheCursedMod:Stretching+1"],"picked":"TheCursedMod:Wield+1","floor":43},{"not_picked":["TheCursedMod:CursedAmulet+1","TheCursedMod:CircleOfFlame"],"picked":"TheCursedMod:NeowsMight","floor":45},{"not_picked":["TheCursedMod:Hemoplague","TheCursedMod:Stretching+1"],"picked":"TheCursedMod:AbyssShockwave+1","floor":46},{"not_picked":["TheCursedMod:StingEye","TheCursedMod:WearCloak"],"picked":"TheCursedMod:CursedSpellbook+1","floor":47},{"not_picked":["TheCursedMod:CursedSpellbook","TheCursedMod:StingEye"],"picked":"TheCursedMod:SmokeScreen+1","floor":49}],"player_experience":40536,"relics_obtained":[{"floor":7.0,"key":"aspiration:HummingbirdHeart"},{"floor":10.0,"key":"Vajra"},{"floor":17.0,"key":"Potion Belt"},{"floor":17.0,"key":"Gremlin Horn"},{"floor":17.0,"key":"TheCursedMod:SoulVessel"},{"floor":24.0,"key":"Ancient Tea Set"},{"floor":27,"key":"hubris:CuriousFeather"},{"floor":30,"key":"CaptainsWheel"},{"floor":41,"key":"Orichalcum"},{"floor":46,"key":"Ice Cream"}],"event_choices":[{"damage_healed":0,"gold_gain":0,"player_choice":"Became a vampire","damage_taken":0,"max_hp_gain":0,"max_hp_loss":29,"event_name":"Vampires","floor":26,"gold_loss":0,"cards_obtained":["Bite","Bite","Bite","Bite","Bite"]},{"cards_removed":["TheCursedMod:AntiAging"],"damage_healed":0,"gold_gain":0,"player_choice":"Offered Rare","damage_taken":0,"max_hp_gain":10,"max_hp_loss":0,"event_name":"Bonfire Elementals","floor":39,"gold_loss":0},{"damage_healed":0,"gold_gain":0,"player_choice":"Fight","damage_taken":0,"max_hp_gain":0,"max_hp_loss":0,"event_name":"Mysterious Sphere","floor":46,"gold_loss":0},{"damage_healed":0,"gold_gain":0,"player_choice":"Rummage","damage_taken":0,"relics_obtained":["WarpedTongs"],"max_hp_gain":0,"max_hp_loss":0,"event_name":"Accursed Blacksmith","floor":48,"gold_loss":0,"cards_obtained":["Pain"]}],"is_beta":false,"boss_relics":[{"not_picked":["TheCursedMod:OminousMark","hubris:Stopwatch"],"picked":"Calling Bell"},{"not_picked":["aspiration:PoetsPen_weak","Tiny House"],"picked":"Runic Pyramid"}],"items_purged_floors":[47],"is_endless":false,"potions_floor_spawned":[2,4,9,15,16,19,23,27,30,31,36,38,40,49],"ascension_level":0}}