{"host":"bpkhhmvsfrvlto2l","time":1611066005,"event":{"mods":["2.2 Compatiblity","AchievementEnabler","Act Like it!","AlwaysNeverKeys","Aspiration","BaseMod","Better Silent Start","Challenge The Spire","Colored Map","Colored Powertips","Custom Start","Energized Spire","Friendly Minions","GifTheSpireLib","Halation","Hubris","Infinite Spire","Ironclad Rager","Mimic Mod","Minty Spire (QoL Compilation)","Permanent Neow","Quick Restart","Random Character Button","Relic Sorter","Replay The Spire","Spikes Relics","StSLib","Stuff the Spire","Swap Starting Deck Mod","Trackpad"],"gold_per_floor":[111,129,143,143,143,143,180,205,205,205,216,72,100,100,100,202,202,215,215,215,231,243,243,278,298,298,298,326,326,342,374,374,469,469,488,488,499,499,499,499],"floor_reached":39,"language":"ENG","playtime":708,"items_purged":[],"score":921,"play_id":"d2e2249b-0982-499b-b0ea-800efa9ffb0c","local_time":"20210119092005","is_ascension_mode":true,"campfire_choices":[{"data":"Pray","floor":6,"key":"SMITH"},{"data":"Brilliance","floor":10,"key":"SMITH"},{"floor":15,"key":"REST"},{"data":"Alpha","floor":23,"key":"SMITH"},{"data":"Prostrate","floor":27,"key":"SMITH"},{"floor":32,"key":"REST"}],"circlet_count":0,"master_deck":["ReachHeaven","ReachHeaven","ReachHeaven","ReachHeaven+1","Prostrate","Prostrate","Prostrate+1","Prostrate+1","Prostrate+1","Pray+1","Brilliance+1","Alpha+1"],"relics":["PureWater","swapstartingdeckmod:DeadBlossom","halation:BlackBeret","War Paint","ReplayTheSpireMod:Ninjato","hubris:ToyBattleship","Nunchaku","halation:ForbiddenBikini","MutagenicStrength","halation:SwordOfLegend","Smiling Mask","PreservedInsect","trackpad:Compendium","Sozu"],"acts_visited":["Exordium","TheCity","TheBeyond"],"potions_floor_usage":[8,16,28,33,33],"damage_taken":[{"damage":0,"enemies":"2 Louse","floor":1,"turns":2},{"damage":0,"enemies":"Small Slimes","floor":2,"turns":2},{"damage":4,"enemies":"Jaw Worm","floor":3,"turns":2},{"damage":8,"enemies":"3 Sentries","floor":8,"turns":3},{"damage":1,"enemies":"2 Fungi Beasts","floor":11,"turns":3},{"damage":0,"enemies":"Lagavulin","floor":13,"turns":2},{"damage":0,"enemies":"Fading Forest","floor":16,"turns":6},{"damage":4,"enemies":"Shell Parasite","floor":18,"turns":3},{"damage":0,"enemies":"Spheric Guardian","floor":21,"turns":2},{"damage":0,"enemies":"Snake Plant","floor":22,"turns":2},{"damage":6,"enemies":"Replay:Snechameleon","floor":24,"turns":2},{"damage":10,"enemies":"Chosen and Byrds","floor":25,"turns":3},{"damage":3,"enemies":"Gremlin Leader","floor":28,"turns":3},{"damage":0,"enemies":"Snecko","floor":30,"turns":2},{"damage":0,"enemies":"Replay:Snechameleon","floor":31,"turns":2},{"damage":0,"enemies":"Champ","floor":33,"turns":3},{"damage":33,"enemies":"Orb Walker","floor":35,"turns":4},{"damage":19,"enemies":"3 Darklings","floor":37,"turns":5},{"damage":18,"enemies":"4 Shapes","floor":39,"turns":1}],"seed_played":"4650013653369305898","potions_obtained":[{"floor":1,"key":"Venom Potion"},{"floor":3,"key":"AttackPotion"},{"floor":16,"key":"Fruit Juice"},{"floor":21,"key":"FearPotion"},{"floor":25,"key":"Block Potion"},{"floor":30,"key":"Dexterity Potion"}],"is_trial":false,"path_per_floor":["M","M","M","?","$","R","?","E","T","R","M","$","E","?","R","B",null,"M","?","?","M","M","R","E","M","T","R","E","$","M","E","R","B",null,"M","$","M","?","M"],"character_chosen":"WATCHER","items_purchased":["hubris:ToyBattleship"],"campfire_rested":2,"item_purchase_floors":[12],"current_hp_per_floor":[65,65,61,61,61,61,43,35,35,35,34,34,34,34,45,48,59,55,55,55,55,55,55,49,39,39,41,38,38,38,38,55,55,64,31,31,12,12,0,0],"gold":499,"neow_bonus":"","is_daily":false,"chose_seed":false,"campfire_upgraded":4,"win_rate":0.0,"timestamp":1611066005,"path_taken":["M","M","M","?","$","R","?","E","T","R","M","$","E","?","R","BOSS","M","?","?","M","M","R","E","M","T","R","E","?","M","E","R","BOSS","M","?","M","?","M"],"items_purchased_type":["Relic"],"build_version":"2020-12-22","purchased_purges":0,"victory":false,"max_hp_per_floor":[72,72,72,72,72,72,72,72,72,72,72,72,72,72,72,77,77,77,77,77,77,77,77,77,77,77,77,77,77,77,77,77,77,77,77,77,77,77,77,77],"card_choices":[{"not_picked":["EmptyFist","Replay:BluntJabs"],"picked":"Brilliance","floor":8},{"not_picked":["Omniscience","Wish"],"picked":"Alpha","floor":16}],"player_experience":82928,"relics_obtained":[{"floor":7,"key":"halation:BlackBeret"},{"floor":8,"key":"War Paint"},{"floor":9,"key":"ReplayTheSpireMod:Ninjato"},{"floor":13,"key":"Nunchaku"},{"floor":24,"key":"halation:SwordOfLegend"},{"floor":26,"key":"Smiling Mask"},{"floor":28,"key":"PreservedInsect"},{"floor":31,"key":"trackpad:Compendium"}],"event_choices":[{"damage_healed":0,"gold_gain":0,"player_choice":"Inject Mutagens","damage_taken":0,"relics_obtained":["MutagenicStrength"],"max_hp_gain":0,"max_hp_loss":0,"event_name":"Drug Dealer","floor":20,"gold_loss":0}],"is_beta":false,"boss_relics":[{"not_picked":["halation:PlatinumPhoenix","energizedSpire:CrystalSphere"],"picked":"halation:ForbiddenBikini"},{"not_picked":["hubris:VirtuousBlindfold","halation:HeavySnake"],"picked":"Sozu"}],"items_purged_floors":[],"is_endless":false,"potions_floor_spawned":[1,3,16,21,25,30,37],"killed_by":"4 Shapes","ascension_level":8}}