{"host":"k010f1crm27ngy21","time":1611031283,"event":{"mods":["Arknights The Spire","Aspiration","Bard","BaseMod","Conspire","Dota2Spire","Hermit","Minty Spire (QoL Compilation)","Quick Restart","Red Circlet Mod","Relic Stats","Replay The Spire","Shop Mod","Spicy Shops","StSLib","The Cursed","The Disciple","The Hierophant","The Runesmith","The Servant 0.9.4","vexMod","¡¾ÒÅÎï¿¨ÅÆ¡¿REMEMod"],"gold_per_floor":[112,122,139,139,139,214,63,63,63,63,163,183,183,218,279,391,391,410,410,410,694,1004,1004,527,547,573,7,16,16,27,46,46,153,153,168,168,185,197,214,249,267,298,298,340,194,40,40,59,59,198,198,218,72,72,104,113,113,133,133,68,68,68,87,46,46,119,240,240,240,240],"floor_reached":69,"language":"ZHS","playtime":6088,"items_purged":["Pride","ats:Song Of Battle","ats:Burning Ground+1"],"score":1062,"play_id":"c514afcb-5083-4a45-9b2c-05784e33d2d2","local_time":"20210119124123","daily_mods":["SealedDeck","Vintage","Heirloom","Flight"],"is_ascension_mode":false,"campfire_choices":[{"data":"ats:Healing Drone","floor":8.0,"key":"SMITH"},{"data":"ats:Part Time Job","floor":10.0,"key":"SMITH"},{"data":"ats:Healing Strengthening","floor":23.0,"key":"SMITH"},{"data":"ats:Mental Burst","floor":32.0,"key":"SMITH"},{"floor":57.0,"key":"DIG"},{"floor":61,"key":"DIG"}],"circlet_count":1,"master_deck":["ats:Revitalization","ats:Poison Spread","ats:Healing Strengthening+1","ats:Sunburst","ats:Counter Healing Mode","ats:Ignite","ats:Shell Defense","ats:Directed Diagnosis","ats:Apocalypse","ats:Assault Order","ats:Healing Drone+1","ats:Part Time Job+1","ats:Mental Burst+1","ats:Song Of Battle","ats:Volcano+1","ats:Soul Absorption","ats:Calcification+1","Madness","Madness","ats:Burning Ground+1","ats:Mental Burst","ats:Disruption Kick","conspire:SpireCoStock"],"relics":["ats:Sanity","Ring of Chaos","replay:Trail_Library","REME_ComplimentaryCards","Dota2Spire:Mjollnir","ats:Bonebreaker","StoneCalendar","Dota2Spire:OrchidMalevolence","ReplayTheSpireMod:Ring of Collecting","Ring of Peace","MerchantsRug","ats:Industrial Water Cannon","Ring of Fangs","ats:Rhine Circuitry","CeramicFish","ats:Originium","Replay:Bronze Core","MutagenicStrength","vexMod:Cooldron","Dota2Spire:AghanimScepter","Happy Flower","ats:Cure","Frozen Egg 2","Replay:Wax Seal","aspiration:HummingbirdHeart","Dota2Spire:OctarineCore","ReplayTheSpireMod:Lightbulb","Nunchaku","Ring of Searing","Snack Pack","Singing Bowl","Dota2Spire:Butterfly","Runesmith:AutoHammer","Circlet","Fusion Hammer","Onion Ring","REME_CardOfGreed","Golden Egg","Shovel","REME_HourglassOfDeath","Meat on the Bone","Omamori","conspire:GlowingRock","ats:Tactical Delivery"],"acts_visited":["Exordium","TheCity","TheBeyond","Exordium","TheCity"],"potions_floor_usage":[63,63,67],"damage_taken":[{"damage":9.0,"enemies":"Cultist","floor":1.0,"turns":4.0},{"damage":7.0,"enemies":"2 Louse","floor":2.0,"turns":3.0},{"damage":7.0,"enemies":"conspire:RoseBush","floor":3.0,"turns":2.0},{"damage":15.0,"enemies":"Red Slaver","floor":12.0,"turns":4.0},{"damage":0.0,"enemies":"Lagavulin","floor":14.0,"turns":5.0},{"damage":38.0,"enemies":"Fading Forest","floor":16.0,"turns":11.0},{"damage":80.0,"enemies":"conspire:FuzzyDice","floor":18.0,"turns":7.0},{"damage":13.0,"enemies":"3 Byrds","floor":22.0,"turns":4.0},{"damage":29.0,"enemies":"Snake Plant","floor":25.0,"turns":5.0},{"damage":26.0,"enemies":"Snecko","floor":30.0,"turns":5.0},{"damage":38.0,"enemies":"Shelled Parasite and Fungi","floor":31.0,"turns":5.0},{"damage":134.0,"enemies":"Automaton","floor":33.0,"turns":9.0},{"damage":24.0,"enemies":"3 Darklings","floor":35.0,"turns":5.0},{"damage":49.0,"enemies":"Orb Walker","floor":37.0,"turns":6.0},{"damage":35.0,"enemies":"Spire Growth","floor":39.0,"turns":7.0},{"damage":33.0,"enemies":"Reptomancer","floor":40.0,"turns":6.0},{"damage":18.0,"enemies":"Giant Head","floor":42.0,"turns":7.0},{"damage":40.0,"enemies":"R_Hoarder","floor":44.0,"turns":7.0},{"damage":5.0,"enemies":"3 Darklings","floor":48.0,"turns":4.0},{"damage":57.0,"enemies":"Replay:Hell Engine","floor":50.0,"turns":7.0},{"damage":5.0,"enemies":"Jaw Worm","floor":52.0,"turns":3.0},{"damage":0.0,"enemies":"Small Slimes","floor":58.0,"turns":2.0},{"damage":10,"enemies":"Replay:BlueRogue","floor":60,"turns":3},{"damage":0,"enemies":"2 Louse","floor":63,"turns":2},{"damage":10,"enemies":"Slime Boss","floor":67,"turns":4},{"damage":0,"enemies":"2 Thieves","floor":69,"turns":1}],"seed_played":"-6443256079390667343","potions_obtained":[{"floor":3.0,"key":"ats:Emergency Sanity Potion"},{"floor":12.0,"key":"SpeedPotion"},{"floor":14.0,"key":"DistilledChaos"},{"floor":22.0,"key":"REME_GoldPotion"},{"floor":33.0,"key":"EntropicBrew"},{"floor":39.0,"key":"EntropicBrew"},{"floor":40.0,"key":"EntropicBrew"},{"floor":42.0,"key":"EntropicBrew"},{"floor":44.0,"key":"EntropicBrew"},{"floor":48.0,"key":"EntropicBrew"},{"floor":60,"key":"EntropicBrew"}],"is_trial":true,"path_per_floor":["M","M","M","T","?","?","$","R","T","R","?","M","?","E","R","B",null,"M","?","?","?","M","R","$","M","T","$","?","?","M","M","R","B",null,"M","?","M","$","M","E","?","E","T","E","$","$","?","M","R","B",null,"M","$","?","?","?","R","M","$","E","R","?","M","?","?","R","B",null,"M"],"character_chosen":"DOCTOR_CLASS","items_purchased":["MerchantsRug","Dota2Spire:LotusOrb","vexMod:Cooldron","Dota2Spire:AghanimScepter","Dead Branch","ats:Cure","ats:Soul Absorption","Frozen Egg 2","EntropicBrew","ats:Mental Burst","Singing Bowl","BargainBundle","EntropicBrew","EntropicBrew","EntropicBrew","EntropicBrew","Dota2Spire:Butterfly","REME_CardOfGreed","Golden Egg"],"campfire_rested":0,"item_purchase_floors":[7,24,24,24,27,27,27,27,38,45,45,46,46,46,46,46,46,53,53],"current_hp_per_floor":[63,72,70,70,70,59,59,59,59,59,59,67,67,72,72,60,72,31,31,31,31,65,65,65,72,72,72,72,72,69,72,72,59,72,66,72,56,56,72,72,63,63,63,51,56,56,52,83,83,68,83,83,83,88,68,68,68,90,90,86,86,86,92,92,92,92,94,94,94,94],"gold":240,"neow_bonus":"","is_daily":false,"chose_seed":false,"campfire_upgraded":4,"win_rate":0.0,"timestamp":1611031283,"path_taken":["M","?","M","?","?","?","$","R","T","R","?","?","?","E","R","BOSS","M","?","?","?","?","R","$","M","T","$","?","?","?","M","R","BOSS","M","?","?","$","?","E","?","E","T","E","$","$","?","?","R","BOSS","M","$","?","?","?","R","?","$","T","R","?","?","?","?","R","BOSS","M"],"items_purchased_type":["Relic","Relic","Relic","Relic","Relic","Relic","Card","Relic","Potion","Card","Relic","Relic","Potion","Potion","Potion","Potion","Relic","Relic","Relic"],"build_version":"2020-12-22","purchased_purges":3,"victory":false,"max_hp_per_floor":[72,72,72,72,72,72,72,72,72,72,72,72,72,72,72,72,72,72,72,72,72,72,72,72,72,72,72,72,72,72,72,72,72,72,72,72,72,72,72,72,72,72,72,72,77,77,83,83,83,83,83,83,83,88,90,90,90,90,90,92,92,92,92,92,92,92,94,94,94,94],"relic_stats":{"Nunchaku":[5],"Shovel":2,"Happy Flower":[27],"Singing Bowl":12,"counters":[26,123],"CeramicFish":135,"StoneCalendar":[193],"obtain_stats":[{"Golden Egg":53,"CeramicFish":14,"Old Coin":22,"Ring of Searing":43,"Blood Vial":18,"conspire:GlowingRock":63,"Replay:Bronze Core":17,"Dota2Spire:Mjollnir":0,"Fusion Hammer":51,"ats:Bonebreaker":2,"Replay:Wax Seal":30,"ats:Rhine Circuitry":12,"replay:Trail_Library":0,"MerchantsRug":7,"Happy Flower":26,"Dead Branch":27,"Ring of Chaos":0,"vexMod:Cooldron":24,"Dota2Spire:AghanimScepter":24,"REME_HourglassOfDeath":57,"ReplayTheSpireMod:Ring of Collecting":5,"MutagenicStrength":19,"Onion Ring":52,"Dota2Spire:MonkeyKingBar":39,"StrikeDummy":43,"Meat on the Bone":58,"Singing Bowl":45,"Dota2Spire:OrchidMalevolence":4,"StoneCalendar":3,"Replay:Mystery Machine":40,"Empty Cage":34,"Pet Ghost":1,"Dota2Spire:LotusOrb":24,"ats:Industrial Water Cannon":9,"BranchBurnRelic":49,"Nunchaku":42,"Ring of Fangs":9,"Shovel":55,"Ring of Peace":5,"Dota2Spire:BladeMail":28,"ats:Sanity":0,"BargainBundle":46,"Circlet":0,"aspiration:HummingbirdHeart":31,"Omamori":61,"ats:Cure":27,"Frozen Egg 2":27,"Dota2Spire:Butterfly":46,"ats:Originium":14,"Dota2Spire:LinkenSphere":25,"ats:Tactical Delivery":68,"Dota2Spire:OctarineCore":35,"Snack Pack":44,"Runesmith:AutoHammer":48,"REME_CardOfGreed":53,"ReplayTheSpireMod:Lightbulb":37,"REME_ComplimentaryCards":0},{"Golden Egg":21,"CeramicFish":5,"Old Coin":8,"Ring of Searing":17,"Blood Vial":7,"conspire:GlowingRock":24,"Replay:Bronze Core":6,"Dota2Spire:Mjollnir":0,"Fusion Hammer":20,"ats:Bonebreaker":2,"Replay:Wax Seal":10,"ats:Rhine Circuitry":4,"replay:Trail_Library":0,"MerchantsRug":3,"Happy Flower":9,"Dead Branch":9,"Ring of Chaos":0,"vexMod:Cooldron":8,"Dota2Spire:AghanimScepter":8,"REME_HourglassOfDeath":21,"ReplayTheSpireMod:Ring of Collecting":3,"MutagenicStrength":7,"Onion Ring":21,"Dota2Spire:MonkeyKingBar":15,"StrikeDummy":17,"Meat on the Bone":22,"Singing Bowl":18,"Dota2Spire:OrchidMalevolence":3,"StoneCalendar":3,"Replay:Mystery Machine":16,"Empty Cage":12,"Pet Ghost":1,"Dota2Spire:LotusOrb":8,"ats:Industrial Water Cannon":3,"BranchBurnRelic":19,"Nunchaku":17,"Ring of Fangs":3,"Shovel":21,"Ring of Peace":3,"Dota2Spire:BladeMail":9,"ats:Sanity":0,"BargainBundle":18,"Circlet":0,"aspiration:HummingbirdHeart":11,"Omamori":23,"ats:Cure":9,"Frozen Egg 2":9,"Dota2Spire:Butterfly":18,"ats:Originium":5,"Dota2Spire:LinkenSphere":9,"ats:Tactical Delivery":25,"Dota2Spire:OctarineCore":13,"Snack Pack":18,"Runesmith:AutoHammer":19,"REME_CardOfGreed":21,"ReplayTheSpireMod:Lightbulb":14,"REME_ComplimentaryCards":0},{"Golden Egg":112,"CeramicFish":18,"Old Coin":40,"Ring of Searing":92,"Blood Vial":36,"conspire:GlowingRock":118,"Replay:Bronze Core":29,"Dota2Spire:Mjollnir":0,"Fusion Hammer":109,"ats:Bonebreaker":7,"Replay:Wax Seal":50,"ats:Rhine Circuitry":13,"replay:Trail_Library":0,"MerchantsRug":9,"Happy Flower":45,"Dead Branch":45,"Ring of Chaos":0,"vexMod:Cooldron":40,"Dota2Spire:AghanimScepter":40,"REME_HourglassOfDeath":112,"ReplayTheSpireMod:Ring of Collecting":9,"MutagenicStrength":36,"Onion Ring":112,"Dota2Spire:MonkeyKingBar":80,"StrikeDummy":92,"Meat on the Bone":114,"Singing Bowl":99,"Dota2Spire:OrchidMalevolence":9,"StoneCalendar":9,"Replay:Mystery Machine":85,"Empty Cage":64,"Pet Ghost":4,"Dota2Spire:LotusOrb":40,"ats:Industrial Water Cannon":9,"BranchBurnRelic":103,"Nunchaku":92,"Ring of Fangs":9,"Shovel":112,"Ring of Peace":9,"Dota2Spire:BladeMail":45,"ats:Sanity":0,"BargainBundle":99,"Circlet":0,"aspiration:HummingbirdHeart":55,"Omamori":116,"ats:Cure":45,"Frozen Egg 2":45,"Dota2Spire:Butterfly":99,"ats:Originium":18,"Dota2Spire:LinkenSphere":45,"ats:Tactical Delivery":122,"Dota2Spire:OctarineCore":69,"Snack Pack":99,"Runesmith:AutoHammer":103,"REME_CardOfGreed":112,"ReplayTheSpireMod:Lightbulb":74,"REME_ComplimentaryCards":0}],"Meat on the Bone":0},"card_choices":[{"not_picked":["ats:Consecutive Shot Auto","ats:Apocalypse"],"picked":"ats:Song Of Battle","floor":14.0},{"not_picked":["ats:Durian","ats:Ambush"],"picked":"ats:Volcano","floor":16.0},{"not_picked":["ats:Wolf Pack","ats:Ambush+1"],"picked":"ats:Calcification","floor":33.0},{"not_picked":["ats:Ambush+1","ats:Cat Scratch+1","ats:Explosion Area Strengthen"],"picked":"SKIP","floor":40.0},{"not_picked":["ats:Explosion Area Strengthen","ats:Steam Pump","ats:True Silver Slash"],"picked":"SKIP","floor":42.0},{"not_picked":["ats:Cat Scratch+1","ats:Support Order+1"],"picked":"ats:Burning Ground+1","floor":44.0},{"not_picked":["Dark Shackles","conspire:Banana","Replay:Parry"],"picked":"Singing Bowl","floor":47.0},{"not_picked":["Mind Blast","PanicButton","Mayhem+1"],"picked":"Singing Bowl","floor":47.0},{"not_picked":["Deep Breath","HandOfGreed","Apotheosis"],"picked":"Singing Bowl","floor":47.0},{"not_picked":["ats:True Silver Slash","ats:Durian"],"picked":"ats:Disruption Kick","floor":50.0},{"not_picked":["ats:Ignite","ats:Curse Doll","ats:Blood Oath"],"picked":"Singing Bowl","floor":55.0},{"not_picked":["ats:Overload","ats:Revitalization","ats:Leaping Hammer"],"picked":"Singing Bowl","floor":60},{"not_picked":["ats:Disruption Kick","ats:Soul Rend+1","ats:Fractured Body"],"picked":"Singing Bowl","floor":67}],"player_experience":148352,"relics_obtained":[{"floor":1.0,"key":"Pet Ghost"},{"floor":2.0,"key":"ats:Bonebreaker"},{"floor":3.0,"key":"StoneCalendar"},{"floor":4.0,"key":"Dota2Spire:OrchidMalevolence"},{"floor":5.0,"key":"ReplayTheSpireMod:Ring of Collecting"},{"floor":5.0,"key":"Ring of Peace"},{"floor":9.0,"key":"ats:Industrial Water Cannon"},{"floor":9.0,"key":"Ring of Fangs"},{"floor":12.0,"key":"ats:Rhine Circuitry"},{"floor":14.0,"key":"CeramicFish"},{"floor":14.0,"key":"ats:Originium"},{"floor":18.0,"key":"Blood Vial"},{"floor":22.0,"key":"Old Coin"},{"floor":25.0,"key":"Dota2Spire:LinkenSphere"},{"floor":26.0,"key":"Happy Flower"},{"floor":30.0,"key":"Replay:Wax Seal"},{"floor":31.0,"key":"aspiration:HummingbirdHeart"},{"floor":35.0,"key":"Dota2Spire:OctarineCore"},{"floor":37.0,"key":"ReplayTheSpireMod:Lightbulb"},{"floor":39.0,"key":"Dota2Spire:MonkeyKingBar"},{"floor":40.0,"key":"ats:Originium"},{"floor":40.0,"key":"Replay:Mystery Machine"},{"floor":42.0,"key":"ats:Originium"},{"floor":42.0,"key":"Nunchaku"},{"floor":43.0,"key":"StrikeDummy"},{"floor":43.0,"key":"Ring of Searing"},{"floor":44.0,"key":"Snack Pack"},{"floor":48.0,"key":"Runesmith:AutoHammer"},{"floor":52.0,"key":"Onion Ring"},{"floor":55.0,"key":"Shovel"},{"floor":57.0,"key":"REME_HourglassOfDeath"},{"floor":58.0,"key":"Meat on the Bone"},{"floor":61,"key":"Omamori"},{"floor":63,"key":"conspire:GlowingRock"}],"event_choices":[{"damage_healed":0.0,"max_hp_gain":0.0,"max_hp_loss":0.0,"gold_gain":75.0,"event_name":"World of Goop","player_choice":"Gather Gold","floor":6.0,"gold_loss":0.0,"damage_taken":11.0},{"damage_healed":0.0,"max_hp_gain":0.0,"max_hp_loss":0.0,"gold_gain":100.0,"event_name":"Wheel of Change","player_choice":"Gold","floor":11.0,"gold_loss":0.0,"damage_taken":0.0},{"cards_removed":["Delirium"],"damage_healed":0.0,"max_hp_gain":0.0,"max_hp_loss":0.0,"gold_gain":0.0,"event_name":"Living Wall","player_choice":"Forget","floor":13.0,"gold_loss":0.0,"damage_taken":0.0},{"damage_healed":0.0,"max_hp_gain":0.0,"max_hp_loss":0.0,"gold_gain":0.0,"event_name":"Drug Dealer","player_choice":"Inject Mutagens","floor":19.0,"gold_loss":0.0,"damage_taken":0.0,"relics_obtained":["MutagenicStrength"]},{"damage_healed":0.0,"max_hp_gain":0.0,"max_hp_loss":0.0,"gold_gain":275.0,"event_name":"Golden Shrine","player_choice":"Desecrate","floor":21.0,"gold_loss":0.0,"damage_taken":0.0,"cards_obtained":["Regret"]},{"damage_healed":0.0,"max_hp_gain":0.0,"max_hp_loss":0.0,"gold_gain":0.0,"event_name":"Addict","player_choice":"Stole Relic","floor":28.0,"gold_loss":0.0,"damage_taken":0.0,"relics_obtained":["Dota2Spire:BladeMail"],"cards_obtained":["Shame"]},{"damage_healed":0.0,"max_hp_gain":0.0,"max_hp_loss":0.0,"gold_gain":0.0,"event_name":"NoteForYourself","player_choice":"Ignored","floor":29.0,"gold_loss":0.0,"damage_taken":0.0},{"damage_healed":0.0,"max_hp_gain":0.0,"max_hp_loss":0.0,"gold_gain":0.0,"event_name":"Winding Halls","player_choice":"Embrace Madness","floor":41.0,"gold_loss":0.0,"damage_taken":9.0,"cards_obtained":["Madness","Madness"]},{"damage_healed":0.0,"max_hp_gain":0.0,"max_hp_loss":0.0,"gold_gain":0.0,"event_name":"SensoryStone","player_choice":"Memory 3","floor":47.0,"gold_loss":0.0,"damage_taken":10.0},{"damage_healed":0.0,"max_hp_gain":5.0,"max_hp_loss":0.0,"gold_gain":0.0,"event_name":"Big Fish","player_choice":"Donut","floor":54.0,"gold_loss":0.0,"damage_taken":0.0},{"cards_removed":["ats:Burning Ground"],"damage_healed":0,"gold_gain":0,"player_choice":"Purged","damage_taken":0,"max_hp_gain":0,"max_hp_loss":0,"event_name":"Purifier","floor":62,"gold_loss":0},{"cards_removed":["ats:Poison Spread"],"damage_healed":0,"gold_gain":0,"player_choice":"Purged","damage_taken":0,"max_hp_gain":0,"max_hp_loss":0,"event_name":"Purifier","floor":62,"gold_loss":0},{"damage_healed":0,"gold_gain":0,"player_choice":"Invest 1","damage_taken":0,"max_hp_gain":0,"max_hp_loss":0,"event_name":"conspire:Investor","floor":64,"gold_loss":0},{"damage_healed":0,"gold_gain":0,"player_choice":"Upgraded","damage_taken":0,"max_hp_gain":0,"max_hp_loss":0,"event_name":"Upgrade Shrine","floor":65,"gold_loss":0,"cards_upgraded":["ats:Volcano"]}],"is_beta":false,"boss_relics":[{"not_picked":["ReplayTheSpireMod:DimensionalGlitch","aspiration:RunicSpoon"],"picked":"Replay:Bronze Core"},{"not_picked":["aspiration:PoetsPen_weak","Runic Dome"],"picked":"Empty Cage"},{"not_picked":["vexMod:CursedCompass","conspire:SpecialSausage"],"picked":"Fusion Hammer"},{"not_picked":["Empty Cage","vexMod:DeviousBotling"],"picked":"ats:Tactical Delivery"}],"items_purged_floors":[24,27,45],"is_endless":true,"potions_floor_spawned":[3,12,14,22,33,39,40,42,44,48,60],"killed_by":"2 Thieves","ascension_level":0}}