{"host":"mydft8i2zzydgggw","time":1611072678,"event":{"mods":["AchievementEnabler","BaseMod","BetterRewards","Colored Map","Colored Powertips","DeckTracker","Keyboard Shortcuts","Minty Spire (QoL Compilation)","Rare Cards Sparkle","StSLib","SuperFastMode","everything is the same but u backflip on backflip"],"gold_per_floor":[109,109,126,143,15,15,50,50,75,101,101,101,112,130,130,230,230,248,266,283,52,64,64,25,36,59,3,13,13,13],"floor_reached":29,"language":"KOR","playtime":704,"items_purged":["Strike_B"],"score":367,"play_id":"26e8ad2b-c9dc-4e87-bf74-7c066e33c695","local_time":"20210120011118","is_ascension_mode":true,"campfire_choices":[{"data":"Dualcast","floor":6,"key":"SMITH"},{"data":"Defragment","floor":12,"key":"SMITH"},{"floor":15,"key":"REST"},{"floor":23,"key":"REST"}],"circlet_count":0,"master_deck":["AscendersBane","Defend_B","Defend_B","Defend_B","Zap","Dualcast+1","FTL","Reinforced Body","Go for the Eyes","Capacitor","Conserve Battery","Hologram","Defragment+1","Echo Form","Amplify","Undo","Recycle","Melter"],"relics":["Cracked Core","Bronze Scales","Toy Ornithopter","Singing Bowl","Sozu","Lantern","Anchor","Pantograph"],"acts_visited":["Exordium","TheCity"],"potions_floor_usage":[7,10,10,16],"damage_taken":[{"damage":9,"enemies":"Small Slimes","floor":1,"turns":3},{"damage":0,"enemies":"Cultist","floor":3,"turns":3},{"damage":0,"enemies":"2 Louse","floor":4,"turns":2},{"damage":5,"enemies":"Lagavulin","floor":7,"turns":8},{"damage":28,"enemies":"Gremlin Nob","floor":10,"turns":5},{"damage":0,"enemies":"Large Slime","floor":13,"turns":5},{"damage":4,"enemies":"Red Slaver","floor":14,"turns":3},{"damage":10,"enemies":"Hexaghost","floor":16,"turns":9},{"damage":19,"enemies":"Chosen","floor":18,"turns":5},{"damage":26,"enemies":"2 Thieves","floor":19,"turns":5},{"damage":9,"enemies":"Snake Plant","floor":20,"turns":5},{"damage":10,"enemies":"Shelled Parasite and Fungi","floor":22,"turns":7},{"damage":14,"enemies":"Chosen and Byrds","floor":25,"turns":6},{"damage":15,"enemies":"Snake Plant","floor":28,"turns":5},{"damage":24,"enemies":"Cultist and Chosen","floor":29,"turns":4}],"seed_played":"-8002722900177449091","potions_obtained":[{"floor":3,"key":"LiquidBronze"},{"floor":4,"key":"SkillPotion"},{"floor":7,"key":"FearPotion"},{"floor":10,"key":"PowerPotion"}],"is_trial":false,"path_per_floor":["M","?","M","M","$","R","E","?","T","E","?","R","M","M","R","B",null,"M","M","M","$","M","R","$","M","T","?","M","M"],"character_chosen":"DEFECT","items_purchased":["Conserve Battery","Lantern","Recycle","Melter"],"campfire_rested":2,"item_purchase_floors":[5,21,21,24],"current_hp_per_floor":[41,41,41,41,41,41,36,29,29,11,36,36,38,34,57,52,71,52,28,21,21,13,37,37,25,25,25,12,0,0],"gold":13,"neow_bonus":"TRANSFORM_TWO_CARDS","is_daily":false,"chose_seed":false,"campfire_upgraded":2,"win_rate":0.0,"timestamp":1611072678,"path_taken":["M","?","?","M","$","R","E","?","T","E","?","R","M","M","R","BOSS","M","M","M","$","M","R","$","M","T","?","M","?"],"items_purchased_type":["Card","Relic","Card","Card"],"build_version":"2020-12-22","purchased_purges":1,"victory":false,"max_hp_per_floor":[75,75,75,75,75,75,75,75,75,75,75,75,77,77,77,77,77,77,79,81,81,83,83,83,85,85,85,87,87,87],"card_choices":[{"not_picked":["Gash","Chaos"],"picked":"Go for the Eyes","floor":1},{"not_picked":["Heatsinks","Streamline"],"picked":"Capacitor","floor":3},{"not_picked":["Compile Driver","Beam Cell","Tempest"],"picked":"SKIP","floor":4},{"not_picked":["Go for the Eyes","Gash"],"picked":"Hologram","floor":7},{"not_picked":["Skim","Recycle"],"picked":"Defragment","floor":10},{"not_picked":["Gash","Conserve Battery","Cold Snap"],"picked":"Singing Bowl","floor":13},{"not_picked":["Barrage","BootSequence"],"picked":"Echo Form","floor":14},{"not_picked":["Biased Cognition","Creative AI"],"picked":"Amplify","floor":16},{"not_picked":["Steam Power","Compile Driver"],"picked":"Undo","floor":18},{"not_picked":["White Noise","Ball Lightning+1","Conserve Battery"],"picked":"Singing Bowl","floor":19},{"not_picked":["Double Energy","Blizzard+1","Go for the Eyes"],"picked":"Singing Bowl","floor":20},{"not_picked":["Compile Driver+1","Ball Lightning+1","Leap"],"picked":"Singing Bowl","floor":22},{"not_picked":["Chaos","Barrage+1","Hologram+1"],"picked":"Singing Bowl","floor":25},{"not_picked":["Stack","Reprogram","Melter+1"],"picked":"Singing Bowl","floor":28}],"player_experience":185441,"relics_obtained":[{"floor":7,"key":"Bronze Scales"},{"floor":9,"key":"Toy Ornithopter"},{"floor":10,"key":"Singing Bowl"},{"floor":26,"key":"Anchor"}],"event_choices":[{"cards_removed":["Strike_B"],"damage_healed":0,"gold_gain":0,"player_choice":"Offered Basic","damage_taken":0,"max_hp_gain":0,"max_hp_loss":0,"event_name":"Bonfire Elementals","floor":2,"gold_loss":0},{"cards_removed":["Strike_B"],"damage_healed":0,"gold_gain":0,"player_choice":"Card Removal","damage_taken":7,"max_hp_gain":0,"max_hp_loss":0,"event_name":"Golden Wing","floor":8,"gold_loss":0},{"damage_healed":25,"gold_gain":0,"player_choice":"Banana","damage_taken":0,"max_hp_gain":0,"max_hp_loss":0,"event_name":"Big Fish","floor":11,"gold_loss":0},{"damage_healed":0,"gold_gain":0,"player_choice":"Paid Gold","damage_taken":0,"relics_obtained":["Pantograph"],"max_hp_gain":0,"max_hp_loss":0,"event_name":"WeMeetAgain","floor":27,"gold_loss":56}],"is_beta":false,"boss_relics":[{"not_picked":["Coffee Dripper","Fusion Hammer"],"picked":"Sozu"}],"items_purged_floors":[5],"is_endless":false,"potions_floor_spawned":[3,4,7,10,18,28],"killed_by":"Cultist and Chosen","ascension_level":11}}