{"host":"r53pw7z744tg3fxg","time":1611078938,"event":{"mods":["AchievementEnabler","BaseMod","Colored Map","Colored Powertips","Highlight Path","Minty Spire (QoL Compilation)","Quick Restart","Transform Curses"],"gold_per_floor":[112,127,138,138,150,185,200,200,200,210,210,220,220,245,245,323,323,334,350,9,23,23,23,56,56,79,112,112,139,139,139,139,216,216,228,241,258,20,70,70,70,70,145,164,197,197,248,28,28,28,28],"floor_reached":50,"language":"ENG","playtime":1571,"items_purged":[],"score":1038,"play_id":"4245d8db-b7eb-4433-882a-458ce86ce608","local_time":"20210119105538","is_ascension_mode":true,"campfire_choices":[{"floor":8.0,"key":"REST"},{"floor":11.0,"key":"REST"},{"data":"Dramatic Entrance","floor":15.0,"key":"SMITH"},{"floor":23.0,"key":"REST"},{"floor":25.0,"key":"REST"},{"floor":28.0,"key":"REST"},{"data":"1","floor":30.0,"key":"LIFT"},{"data":"2","floor":32.0,"key":"LIFT"},{"data":"3","floor":40.0,"key":"LIFT"},{"data":"Devotion","floor":42.0,"key":"SMITH"},{"floor":46.0,"key":"REST"},{"floor":49.0,"key":"REST"}],"circlet_count":0,"master_deck":["AscendersBane","Strike_P","Strike_P","Strike_P","Strike_P","Defend_P","Defend_P","Defend_P","Defend_P","Eruption+1","Vigilance","Dramatic Entrance+1","Evaluate","Halt","BowlingBash","EmptyBody","BattleHymn","WheelKick","CarveReality","DeceiveReality","Devotion+1","CurseOfTheBell","Conclude","Prostrate+1","WindmillStrike","Pray","Consecrate+1","JustLucky","SpiritShield","Meditate+1","Weave+1","Adaptation","Adaptation+1","PathToVictory","ForeignInfluence"],"relics":["HolyWater","Bottled Flame","Bottled Tornado","Nunchaku","Calling Bell","Orichalcum","Eternal Feather","Girya","Pantograph","Thread and Needle","Bronze Scales","Gremlin Horn","Strawberry","HandDrill","Question Card","Lantern","TungstenRod","PreservedInsect"],"acts_visited":["Exordium","TheCity","TheBeyond"],"potions_floor_usage":[50,50],"damage_taken":[{"damage":0.0,"enemies":"Small Slimes","floor":1.0,"turns":1.0},{"damage":0.0,"enemies":"2 Louse","floor":2.0,"turns":1.0},{"damage":0.0,"enemies":"Jaw Worm","floor":3.0,"turns":3.0},{"damage":0.0,"enemies":"2 Fungi Beasts","floor":5.0,"turns":4.0},{"damage":34.0,"enemies":"Gremlin Nob","floor":6.0,"turns":3.0},{"damage":0.0,"enemies":"Lots of Slimes","floor":7.0,"turns":1.0},{"damage":0.0,"enemies":"Exordium Thugs","floor":10.0,"turns":3.0},{"damage":0.0,"enemies":"3 Louse","floor":12.0,"turns":1.0},{"damage":0.0,"enemies":"3 Sentries","floor":14.0,"turns":2.0},{"damage":51.0,"enemies":"Hexaghost","floor":16.0,"turns":8.0},{"damage":14.0,"enemies":"Shell Parasite","floor":18.0,"turns":6.0},{"damage":17.0,"enemies":"2 Thieves","floor":19.0,"turns":3.0},{"damage":0.0,"enemies":"Snake Plant","floor":21.0,"turns":2.0},{"damage":45.0,"enemies":"Gremlin Leader","floor":24.0,"turns":6.0},{"damage":25.0,"enemies":"Slavers","floor":27.0,"turns":3.0},{"damage":4.0,"enemies":"Gremlin Leader","floor":29.0,"turns":5.0},{"damage":46.0,"enemies":"Automaton","floor":33.0,"turns":5.0},{"damage":13.0,"enemies":"Orb Walker","floor":35.0,"turns":5.0},{"damage":0.0,"enemies":"3 Shapes","floor":36.0,"turns":2.0},{"damage":13.0,"enemies":"Transient","floor":37.0,"turns":5.0},{"damage":38.0,"enemies":"Spire Growth","floor":44.0,"turns":3.0},{"damage":20.0,"enemies":"Reptomancer","floor":45.0,"turns":3.0},{"damage":25.0,"enemies":"2 Orb Walkers","floor":47.0,"turns":4.0},{"damage":77,"enemies":"Donu and Deca","floor":50,"turns":5}],"seed_played":"-2393934887918468713","potions_obtained":[{"floor":3.0,"key":"ColorlessPotion"},{"floor":7.0,"key":"Explosive Potion"},{"floor":14.0,"key":"Swift Potion"},{"floor":16.0,"key":"Block Potion"},{"floor":18.0,"key":"StancePotion"},{"floor":21.0,"key":"LiquidMemories"},{"floor":27.0,"key":"SmokeBomb"},{"floor":33.0,"key":"Fire Potion"},{"floor":35.0,"key":"Explosive Potion"}],"is_trial":false,"path_per_floor":["M","M","M","?","M","E","M","R","T","M","R","M","?","E","R","B",null,"M","M","$","M","?","R","E","R","T","E","R","E","R","?","R","B",null,"M","M","M","$","?","R","$","R","T","M","E","R","?","$","R","B"],"character_chosen":"WATCHER","items_purchased":["Pantograph","Prostrate","HandDrill","Adaptation","PreservedInsect","SkillPotion"],"campfire_rested":7,"item_purchase_floors":[20,20,38,38,48,48],"current_hp_per_floor":[61,61,61,61,61,27,27,47,47,47,67,67,67,67,67,16,55,41,24,24,24,24,59,14,49,49,24,59,62,75,75,75,29,64,51,51,38,38,38,56,56,74,74,36,16,56,31,31,74,0,0],"gold":28,"neow_bonus":"RANDOM_COLORLESS","is_daily":false,"chose_seed":false,"campfire_upgraded":2,"win_rate":0.0,"timestamp":1611078938,"path_taken":["M","M","M","?","M","E","M","R","T","M","R","M","?","E","R","BOSS","M","M","$","M","?","R","E","R","T","E","R","E","R","?","R","BOSS","M","M","?","$","?","R","?","R","T","M","E","R","?","$","R","BOSS"],"items_purchased_type":["Relic","Card","Relic","Card","Relic","Potion"],"build_version":"2020-12-22","purchased_purges":0,"victory":false,"max_hp_per_floor":[68,68,68,68,68,68,68,68,68,68,68,68,68,68,68,68,68,68,68,68,68,68,68,68,68,68,68,68,75,75,75,75,75,75,75,75,75,75,75,75,75,75,75,75,75,75,75,75,75,75,75],"card_choices":[{"not_picked":["Deep Breath","Finesse"],"picked":"Dramatic Entrance","floor":0.0},{"not_picked":["Indignation","PathToVictory"],"picked":"Evaluate","floor":1.0},{"not_picked":["Protect","Crescendo","MentalFortress"],"picked":"SKIP","floor":2.0},{"not_picked":["Indignation","CutThroughFate"],"picked":"Halt","floor":3.0},{"not_picked":["Swivel","WreathOfFlame"],"picked":"BowlingBash","floor":5.0},{"not_picked":["Sanctity","Collect"],"picked":"EmptyBody","floor":6.0},{"not_picked":["ThirdEye","Indignation"],"picked":"BattleHymn","floor":7.0},{"not_picked":["EmptyBody","Consecrate"],"picked":"WheelKick","floor":10.0},{"not_picked":["Nirvana","EmptyBody"],"picked":"CarveReality","floor":12.0},{"not_picked":["JustLucky","BowlingBash"],"picked":"DeceiveReality","floor":14.0},{"not_picked":["Blasphemy","Vault"],"picked":"Devotion","floor":16.0},{"not_picked":["WaveOfTheHand","Crescendo"],"picked":"Conclude","floor":18.0},{"not_picked":["Indignation","Weave","Adaptation+1"],"picked":"SKIP","floor":19.0},{"not_picked":["PathToVictory+1","SashWhip"],"picked":"Prostrate+1","floor":21.0},{"not_picked":["BowlingBash","Halt"],"picked":"WindmillStrike","floor":24.0},{"not_picked":["Perseverance+1","Ragnarok"],"picked":"Pray","floor":27.0},{"not_picked":["Omniscience","Halt"],"picked":"Consecrate+1","floor":29.0},{"not_picked":["Wish","Omniscience"],"picked":"SpiritShield","floor":33.0},{"not_picked":["EmptyFist","SandsOfTime","DeceiveReality"],"picked":"SKIP","floor":35.0},{"not_picked":["ThirdEye","FollowUp"],"picked":"Meditate+1","floor":36.0},{"not_picked":["SignatureMove","Crescendo"],"picked":"Weave+1","floor":37.0},{"not_picked":["FollowUp","CrushJoints","ThirdEye"],"picked":"Adaptation+1","floor":44.0},{"not_picked":["FlyingSleeves+1","ClearTheMind","LikeWater"],"picked":"PathToVictory","floor":45.0},{"not_picked":["EmptyBody+1","Collect","Indignation"],"picked":"ForeignInfluence","floor":47.0}],"player_experience":1309335,"relics_obtained":[{"floor":6.0,"key":"Bottled Flame"},{"floor":9.0,"key":"Bottled Tornado"},{"floor":14.0,"key":"Nunchaku"},{"floor":17.0,"key":"Orichalcum"},{"floor":17.0,"key":"Eternal Feather"},{"floor":17.0,"key":"Girya"},{"floor":24.0,"key":"Thread and Needle"},{"floor":26.0,"key":"Bronze Scales"},{"floor":27.0,"key":"Gremlin Horn"},{"floor":29.0,"key":"Strawberry"},{"floor":43.0,"key":"Question Card"},{"floor":45.0,"key":"Lantern"},{"floor":47.0,"key":"TungstenRod"}],"event_choices":[{"damage_healed":0.0,"max_hp_gain":0.0,"max_hp_loss":0.0,"gold_gain":0.0,"event_name":"Living Wall","player_choice":"Grow","floor":4.0,"gold_loss":0.0,"damage_taken":0.0,"cards_upgraded":["Eruption"]},{"damage_healed":0.0,"max_hp_gain":0.0,"max_hp_loss":0.0,"gold_gain":0.0,"event_name":"Liars Game","player_choice":"Ignored","floor":13.0,"gold_loss":0.0,"damage_taken":0.0},{"damage_healed":0.0,"max_hp_gain":0.0,"max_hp_loss":0.0,"gold_gain":0.0,"event_name":"Vampires","player_choice":"Ignored","floor":22.0,"gold_loss":0.0,"damage_taken":0.0},{"damage_healed":0.0,"max_hp_gain":0.0,"max_hp_loss":0.0,"gold_gain":0.0,"cards_transformed":["Prostrate"],"event_name":"Transmorgrifier","player_choice":"Transformed","floor":31.0,"gold_loss":0.0,"damage_taken":0.0,"cards_obtained":["JustLucky"]},{"damage_healed":0.0,"max_hp_gain":0.0,"max_hp_loss":0.0,"gold_gain":50.0,"event_name":"Golden Shrine","player_choice":"Pray","floor":39.0,"gold_loss":0.0,"damage_taken":0.0},{"damage_healed":0.0,"max_hp_gain":0.0,"max_hp_loss":0.0,"gold_gain":0.0,"event_name":"Mysterious Sphere","player_choice":"Fight","floor":47.0,"gold_loss":0.0,"damage_taken":0.0}],"is_beta":false,"boss_relics":[{"not_picked":["Fusion Hammer","Busted Crown"],"picked":"Calling Bell"},{"not_picked":["Sozu","Philosopher\u0027s Stone"],"picked":"HolyWater"}],"items_purged_floors":[],"is_endless":false,"potions_floor_spawned":[3,7,14,16,18,21,27,33,35,37],"killed_by":"Donu and Deca","ascension_level":16}}