{"host":"fdmexzkyss3ff9bv","time":1611082778,"event":{"mods":["BaseMod","Beaked The Cultist","BetterRewards","Downfall","Glutton Mod","Halation","Hubris","Infinite Spire","Minty Spire (QoL Compilation)","Replay The Spire","StSLib","The Blackbeard","The Bug Knight","The Construct","The Mystic","The Servant 0.9.4","The Witch"],"gold_per_floor":[125,183,210,236,260,335,335,335,335,344,194,223,223,248,248,356,356,379,399,97,122,122,158,158,179,179,80,89,112,112,211,295,295,295],"floor_reached":33,"playtime":2532,"items_purged":[],"score":282,"play_id":"0db34128-92c0-4e8e-b6a1-a82966989141","local_time":"20210119195938","is_ascension_mode":false,"campfire_choices":[{"data":"HollowMod:CycloneSlash","floor":7.0,"key":"SMITH"},{"floor":13.0,"key":"REST"},{"floor":15.0,"key":"RECALL"},{"floor":24.0,"key":"REST"},{"floor":30.0,"key":"REST"}],"circlet_count":0,"master_deck":["HollowMod:NailStrikeStart","HollowMod:NailStrikeStart","HollowMod:NailStrikeStart","HollowMod:NailStrikeStart","HollowMod:QuickDashStart","HollowMod:QuickDashStart","HollowMod:QuickDashStart","HollowMod:QuickDashStart","HollowMod:FocusHealStart","HollowMod:PogoStrike","HollowMod:FastStrike","HollowMod:CrystalDash","HollowMod:CrystalDash","HollowMod:DesolateDive","HollowMod:DesolateDive","HollowMod:FastStrike","HollowMod:QuirrelsAssistance","ReplayTheSpireMod:Splinters","HollowMod:HowlingWraiths","HollowMod:InfectedAttack","HollowMod:CycloneSlash+1","HollowMod:MawleksShell","Delirium","HollowMod:GoodIntentions","HollowMod:DashSlash","HollowMod:AwokenDreamNail","HollowMod:Grubsong","HollowMod:SoulStrike+1","expansioncontent:QuickStudy+1","HollowMod:SoulStrike+1","HollowMod:SoulShaman+1","HollowMod:MonarchWings","HollowMod:ZotesMagnificence+1","HollowMod:MothsMistake","HollowMod:SoulStrike"],"relics":["HollowMod:VesselMask","CeramicFish","infinitespire:Lychee Nut","halation:NonexistentMirror","StoneCalendar","halation:SelfBoilingWater","Snack Pack","Ring of Peace","ReplayTheSpireMod:Ring of Collecting","HollowMod:StagPassRelic","Fusion Hammer","Juzu Bracelet","infinitespire:WardingShard","Ring of Fangs"],"acts_visited":["Exordium","TheCity"],"potions_floor_usage":[],"damage_taken":[{"damage":6.0,"enemies":"Jaw Worm","floor":1.0,"turns":3.0},{"damage":1.0,"enemies":"2 Louse","floor":3.0,"turns":3.0},{"damage":12.0,"enemies":"Small Slimes","floor":4.0,"turns":4.0},{"damage":5.0,"enemies":"Blue Slaver","floor":5.0,"turns":3.0},{"damage":18.0,"enemies":"Large Slime","floor":12.0,"turns":4.0},{"damage":13.0,"enemies":"Exordium Thugs","floor":14.0,"turns":4.0},{"damage":45.0,"enemies":"Fading Forest","floor":16.0,"turns":11.0},{"damage":0.0,"enemies":"3 Byrds","floor":18.0,"turns":5.0},{"damage":20.0,"enemies":"Spheric Guardian","floor":19.0,"turns":4.0},{"damage":34.0,"enemies":"Shelled Parasite and Fungi","floor":21.0,"turns":5.0},{"damage":22.0,"enemies":"Gremlin Leader","floor":23.0,"turns":6.0},{"damage":3.0,"enemies":"3 Cultists","floor":25.0,"turns":5.0},{"damage":19.0,"enemies":"Chosen and Byrds","floor":29.0,"turns":7.0},{"damage":0,"enemies":"Pondfish","floor":33,"turns":1}],"seed_played":"5856770166041390330","potions_obtained":[{"floor":3.0,"key":"Block Potion"},{"floor":4.0,"key":"GamblersBrew"},{"floor":5.0,"key":"BlessingOfTheForge"},{"floor":14.0,"key":"DistilledChaos"},{"floor":21.0,"key":"AttackPotion"},{"floor":25.0,"key":"SkillPotion"},{"floor":29.0,"key":"Block Potion"}],"is_trial":false,"path_per_floor":["M","?","M","M","M","?","R","T","T","?","?","M","R","M","R","B",null,"M","M","$","M","?","E","R","M","T","$","?","M","R","?","R","B"],"character_chosen":"THE_BUGKNIGHT","items_purchased":["CeramicFish","HollowMod:FastStrike","HollowMod:InfectionAssault","halation:NonexistentMirror","HollowMod:CrystalDash","HollowMod:DesolateDive","HollowMod:FastStrike","expansioncontent:QuickStudy","Juzu Bracelet","HollowMod:ZotesMagnificence+1"],"campfire_rested":3,"item_purchase_floors":[0,0,0,0,0,0,0,20,20,27],"current_hp_per_floor":[39,39,43,43,43,32,32,32,32,32,32,24,40,35,35,22,56,56,44,44,26,29,21,38,45,45,45,45,42,59,59,59,59,59],"gold":295,"neow_bonus":"","is_daily":false,"chose_seed":false,"campfire_upgraded":1,"win_rate":0.0,"timestamp":1611082778,"path_taken":["M","?","M","M","M","?","R","?","T","?","?","M","R","M","R","BOSS","M","M","$","M","?","E","R","M","T","$","?","M","R","?","R","BOSS"],"items_purchased_type":["Relic","Card","Card","Relic","Card","Card","Card","Card","Relic","Card"],"build_version":"2020-12-13","purchased_purges":0,"victory":false,"max_hp_per_floor":[56,56,56,56,56,56,56,56,56,56,56,56,56,56,56,56,56,56,56,56,56,59,59,59,59,59,59,59,59,59,59,59,59,59],"card_choices":[{"not_picked":["HollowMod:VengefulVoid","HollowMod:WraithStrike"],"picked":"HollowMod:QuirrelsAssistance","floor":1.0},{"not_picked":["HollowMod:SharpenedNail","HollowMod:CoiledNail"],"picked":"HollowMod:HowlingWraiths","floor":2.0},{"not_picked":["HollowMod:HuntersJournal","HollowMod:MawleksShell"],"picked":"HollowMod:InfectedAttack","floor":3.0},{"not_picked":["HollowMod:SharpenedNail","HollowMod:AbyssShriek"],"picked":"HollowMod:CycloneSlash","floor":4.0},{"not_picked":["HollowMod:LifebloodCocoon","HollowMod:NewJinnsSoul"],"picked":"HollowMod:MawleksShell","floor":5.0},{"not_picked":["HollowMod:SharpenedNail","HollowMod:ShadowDash"],"picked":"HollowMod:GoodIntentions","floor":12.0},{"not_picked":["HollowMod:VoidDash","HollowMod:VengefulSpirit"],"picked":"HollowMod:DashSlash","floor":14.0},{"not_picked":["HollowMod:ElderbugsWisdom","HollowMod:SlysStrikes"],"picked":"HollowMod:AwokenDreamNail","floor":16.0},{"not_picked":["HollowMod:NewLittleFool","HollowMod:DescendingDark"],"picked":"HollowMod:Grubsong","floor":18.0},{"not_picked":["HollowMod:InfectedAttack","HollowMod:LifebloodCocoon"],"picked":"HollowMod:SoulStrike+1","floor":19.0},{"not_picked":["HollowMod:InfectedAttack+1","HollowMod:SoulSplash+1"],"picked":"HollowMod:SoulStrike+1","floor":21.0},{"not_picked":["HollowMod:MidwifesHunger","HollowMod:LifebloodCore"],"picked":"HollowMod:SoulShaman+1","floor":23.0},{"not_picked":["HollowMod:SiblingsShadow","HollowMod:AbyssShriek"],"picked":"HollowMod:MonarchWings","floor":25.0},{"not_picked":["HollowMod:FallenFury","HollowMod:GrimmsGift"],"picked":"HollowMod:SoulStrike","floor":29.0}],"player_experience":145054,"relics_obtained":[{"floor":2.0,"key":"StoneCalendar"},{"floor":8.0,"key":"halation:SelfBoilingWater"},{"floor":9.0,"key":"Snack Pack"},{"floor":10.0,"key":"Ring of Peace"},{"floor":10.0,"key":"ReplayTheSpireMod:Ring of Collecting"},{"floor":23.0,"key":"infinitespire:WardingShard"},{"floor":26.0,"key":"Ring of Fangs"}],"event_choices":[{"damage_healed":0.0,"max_hp_gain":0.0,"max_hp_loss":0.0,"gold_gain":75.0,"event_name":"World of Goop","player_choice":"Gather Gold","floor":6.0,"gold_loss":0.0,"damage_taken":11.0},{"damage_healed":0.0,"max_hp_gain":0.0,"max_hp_loss":0.0,"gold_gain":0.0,"cards_transformed":["HollowMod:InfectionAssault"],"event_name":"Transmorgrifier","player_choice":"Transformed","floor":28.0,"gold_loss":0.0,"damage_taken":0.0,"cards_obtained":["HollowMod:MothsMistake"]},{"damage_healed":0.0,"max_hp_gain":0.0,"max_hp_loss":0.0,"gold_gain":99.0,"event_name":"Nest","player_choice":"Stole From Cult","floor":31.0,"gold_loss":0.0,"damage_taken":0.0}],"is_beta":false,"boss_relics":[{"not_picked":["SlaversCollar","Runic Pyramid"],"picked":"Fusion Hammer"}],"items_purged_floors":[],"is_endless":false,"potions_floor_spawned":[3,4,5,14,21,25,29],"killed_by":"Pondfish","ascension_level":0}}