{"host":"2l3i55whvwk76mom","time":1611091775,"event":{"mods":["BaseMod","Googly Eyes","Hermit","Hubris","Minty Spire (QoL Compilation)","Replay The Spire","StSLib","The Cursed","The Disciple","The Hierophant","The Jungle","The Necromancer"],"gold_per_floor":[118,174,184,184,198,227,227,227,227,239,264,276,293,303,303,399,399,414,414,433,447,459,488,488,488],"floor_reached":24,"language":"ENG","playtime":1161,"items_purged":[],"score":321,"play_id":"2351ff74-e33a-4d9a-b8e9-4fd81af48670","local_time":"20210119132935","is_ascension_mode":true,"campfire_choices":[{"floor":7,"key":"REST"},{"floor":15,"key":"REST"}],"circlet_count":0,"master_deck":["Strike_R","Strike_R","Strike_R","Strike_R","Strike_R","Defend_R","Defend_R","Defend_R","Defend_R","Bash","Ghostly Armor","Sword Boomerang","Inflame+1","Carnage","Uppercut","Cleave","Sword Boomerang","Immolate","Armaments","Twin Strike","Demonic Infusion","Flex+1","Cleave","Shrug It Off","Inflame","Inflame"],"relics":["Painkiller Herb","Blue Candle","Replay:WaspNest","Shuriken","Omamori","SlaversCollar","Ring of Panic","Ring of Searing","Magic Flower"],"acts_visited":["Exordium","Exordium"],"potions_floor_usage":[3,16,16,16,20,24,24],"damage_taken":[{"damage":4,"enemies":"2 Louse","floor":1,"turns":2},{"damage":2,"enemies":"Small Slimes","floor":3,"turns":3},{"damage":0,"enemies":"Cultist","floor":5,"turns":2},{"damage":25,"enemies":"Lagavulin","floor":6,"turns":4},{"damage":0,"enemies":"Exordium Wildlife","floor":10,"turns":2},{"damage":5,"enemies":"Gremlin Nob","floor":11,"turns":3},{"damage":1,"enemies":"Looter","floor":12,"turns":2},{"damage":12,"enemies":"3 Louse","floor":13,"turns":3},{"damage":5,"enemies":"Large Slime","floor":14,"turns":4},{"damage":7,"enemies":"Fading Forest","floor":16,"turns":11},{"damage":17,"enemies":"theJungle:MUSHROOMGANG","floor":18,"turns":3},{"damage":22,"enemies":"Shell Parasite","floor":20,"turns":4},{"damage":21,"enemies":"theJungle:2_Flameangoes","floor":21,"turns":3},{"damage":0,"enemies":"theJungle:2_Snecko_Cultists","floor":22,"turns":2},{"damage":0,"enemies":"theJungle:MamaSnecko","floor":23,"turns":3},{"damage":30,"enemies":"theJungle:SlimyTreeVines","floor":24,"turns":4}],"seed_played":"-8287247680641647607","potions_obtained":[{"floor":1,"key":"DistilledChaos"},{"floor":6,"key":"FearPotion"},{"floor":11,"key":"LiquidMemories"},{"floor":12,"key":"BlessingOfTheForge"},{"floor":13,"key":"Elixir"},{"floor":16,"key":"Fire Potion"},{"floor":18,"key":"LiquidBronze"},{"floor":23,"key":"Dexterity Potion"}],"is_trial":false,"path_per_floor":["?","?","?","T","?","E","T","?","T","?","E","?","?","?","T","B",null,"?","?","?","?","?","E","?"],"character_chosen":"IRONCLAD","items_purchased":[],"campfire_rested":2,"item_purchase_floors":[],"current_hp_per_floor":[76,56,54,54,54,29,53,53,53,53,48,47,35,30,54,55,74,57,57,35,14,14,14,0,0],"gold":488,"neow_bonus":"BOSS_RELIC","is_daily":false,"chose_seed":false,"campfire_upgraded":0,"win_rate":0.0,"timestamp":1611091775,"path_taken":["?","?","?","T","?","E","T","?","T","?","E","?","?","?","T","BOSS","?","?","?","?","?","E","?"],"items_purchased_type":[],"build_version":"2020-12-22","purchased_purges":0,"victory":false,"max_hp_per_floor":[80,80,80,80,80,80,80,80,80,80,80,80,80,80,80,80,80,80,80,80,80,80,80,80,80],"card_choices":[{"not_picked":["True Grit","Warcry"],"picked":"Ghostly Armor","floor":1},{"not_picked":["Intimidate","Rampage"],"picked":"Sword Boomerang","floor":2},{"not_picked":["Entrench","Sever Soul"],"picked":"Inflame","floor":2},{"not_picked":["Armaments","Sever Soul"],"picked":"Carnage","floor":3},{"not_picked":["Sentinel","Body Slam"],"picked":"Uppercut","floor":5},{"not_picked":["ReplayTheSpireMod:Stacked","Corruption"],"picked":"Cleave","floor":6},{"not_picked":["Sentinel","True Grit"],"picked":"Sword Boomerang","floor":10},{"not_picked":["Flex","Shockwave"],"picked":"Immolate","floor":11},{"not_picked":["Abandon","Flex"],"picked":"Armaments","floor":12},{"not_picked":["Rupture","Clash"],"picked":"Twin Strike","floor":13},{"not_picked":["Seeing Red","Massacre","Abandon"],"picked":"SKIP","floor":14},{"not_picked":["Barricade","Juggernaut"],"picked":"Demonic Infusion","floor":16},{"not_picked":["Battle Trance","Disarm"],"picked":"Flex+1","floor":18},{"not_picked":["Clash","Hemokinesis"],"picked":"Cleave","floor":20},{"not_picked":["Bloodletting","ReplayTheSpireMod:Stacked"],"picked":"Shrug It Off","floor":21},{"not_picked":["Iron Wave","Carnage+1"],"picked":"Inflame","floor":22},{"not_picked":["Replay:Undeath\u0027s Touch","Juggernaut"],"picked":"Inflame","floor":23}],"player_experience":297098,"relics_obtained":[{"floor":2,"key":"Blue Candle"},{"floor":6,"key":"Replay:WaspNest"},{"floor":9,"key":"Shuriken"},{"floor":11,"key":"Omamori"},{"floor":19,"key":"Ring of Panic"},{"floor":19,"key":"Ring of Searing"},{"floor":23,"key":"Magic Flower"}],"event_choices":[{"damage_healed":0,"gold_gain":0,"player_choice":"Grow","damage_taken":0,"max_hp_gain":0,"max_hp_loss":0,"event_name":"Living Wall","floor":8,"gold_loss":0,"cards_upgraded":["Inflame"]}],"is_beta":false,"boss_relics":[{"not_picked":["ReplayTheSpireMod:DimensionalGlitch","Velvet Choker"],"picked":"SlaversCollar"}],"items_purged_floors":[],"is_endless":false,"potions_floor_spawned":[1,6,11,12,13,16,18,23],"killed_by":"theJungle:SlimyTreeVines","ascension_level":5}}