{"host":"qekv59dthhdg54sz","time":1611039273,"event":{"mods":["AchievementEnabler","BaseMod","Colored Map","DeckTracker","KOR Keyword Fix","Minty Spire (QoL Compilation)","Rare Cards Sparkle","StSLib","SuperFastMode"],"gold_per_floor":[110,110,110,110,133,171,171,214,238,282,296,296,296,176,189,189,280,280,295,295,295,345,361,361,135,135,161,161,176,37,53,53,53,147,210,233,133,133,151,151,151],"floor_reached":40,"language":"KOR","playtime":1120,"items_purged":["Strike_P","Defend_P","CarveReality"],"score":850,"play_id":"1b8c861d-36cd-4614-a322-dd7b2db50eb5","local_time":"20210119155433","is_ascension_mode":true,"campfire_choices":[{"data":"DevaForm","floor":7.0,"key":"SMITH"},{"data":"Eruption","floor":12.0,"key":"SMITH"},{"data":"Adaptation","floor":13.0,"key":"SMITH"},{"floor":16.0,"key":"REST"},{"data":"Study","floor":24.0,"key":"SMITH"},{"floor":26.0,"key":"REST"},{"floor":33.0,"key":"REST"}],"circlet_count":0,"master_deck":["AscendersBane","Strike_P+1","Defend_P+1","Eruption+1","Vigilance","DevaForm+1","Adaptation+1","CrushJoints","Study+1","Worship+1","DeusExMachina","InnerPeace+1","Consecrate+1","Sanctity+1","MentalFortress","Master of Strategy","BattleHymn","Ragnarok","Tantrum","Crescendo","Halt"],"relics":["PureWater","NeowsBlessing","Golden Idol","Toy Ornithopter","Strawberry","Bag of Marbles","The Courier","Astrolabe","Bag of Preparation","Tiny House"],"acts_visited":["Exordium","TheCity","TheBeyond"],"potions_floor_usage":[],"damage_taken":[{"damage":0.0,"enemies":"2 Louse","floor":1.0,"turns":2.0},{"damage":0.0,"enemies":"Small Slimes","floor":5.0,"turns":1.0},{"damage":0.0,"enemies":"3 Sentries","floor":6.0,"turns":1.0},{"damage":3.0,"enemies":"Gremlin Nob","floor":8.0,"turns":3.0},{"damage":17.0,"enemies":"Lagavulin","floor":10.0,"turns":6.0},{"damage":0.0,"enemies":"Cultist","floor":11.0,"turns":2.0},{"damage":32.0,"enemies":"Gremlin Gang","floor":15.0,"turns":6.0},{"damage":32.0,"enemies":"The Guardian","floor":17.0,"turns":10.0},{"damage":10.0,"enemies":"Chosen","floor":19.0,"turns":5.0},{"damage":0.0,"enemies":"Masked Bandits","floor":20.0,"turns":1.0},{"damage":30.0,"enemies":"3 Byrds","floor":23.0,"turns":5.0},{"damage":0.0,"enemies":"Centurion and Healer","floor":29.0,"turns":4.0},{"damage":14.0,"enemies":"Snake Plant","floor":31.0,"turns":4.0},{"damage":32.0,"enemies":"Automaton","floor":34.0,"turns":5.0},{"damage":31.0,"enemies":"3 Darklings","floor":36.0,"turns":3.0},{"damage":8.0,"enemies":"Orb Walker","floor":39.0,"turns":3.0},{"damage":15,"enemies":"4 Shapes","floor":40,"turns":3}],"seed_played":"3900553132090697882","potions_obtained":[{"floor":4.0,"key":"Regen Potion"},{"floor":4.0,"key":"Energy Potion"},{"floor":5.0,"key":"Fire Potion"},{"floor":15.0,"key":"SmokeBomb"},{"floor":17.0,"key":"FearPotion"},{"floor":23.0,"key":"BlessingOfTheForge"},{"floor":31.0,"key":"PowerPotion"},{"floor":35.0,"key":"Regen Potion"},{"floor":39.0,"key":"Ambrosia"}],"is_trial":false,"path_per_floor":["M","?","?","?","M","E","R","E","T","E","M","R","R","$","M","R","B",null,"M","?","?","?","M","R","$","R","T","$","M","$","M","?","R","B",null,"M","$","?","M","M"],"character_chosen":"WATCHER","items_purchased":["Study","MentalFortress","Master of Strategy","BattleHymn"],"campfire_rested":3,"item_purchase_floors":[14,25,25,30],"current_hp_per_floor":[61,41,41,41,41,41,41,50,50,33,33,33,33,33,21,41,9,54,44,49,49,43,13,13,13,33,33,33,33,33,19,19,39,12,60,29,29,29,21,6,6],"gold":151,"neow_bonus":"THREE_ENEMY_KILL","is_daily":false,"chose_seed":false,"campfire_upgraded":4,"win_rate":0.0,"timestamp":1611039273,"path_taken":["M","?","?","?","?","E","R","E","T","E","?","R","R","$","M","R","BOSS","M","?","?","?","M","R","$","R","T","$","?","$","M","?","R","BOSS","M","$","?","M","?"],"items_purchased_type":["Card","Card","Card","Card"],"build_version":"2020-12-22","purchased_purges":3,"victory":false,"max_hp_per_floor":[68,68,62,62,62,62,62,69,69,69,69,69,69,69,69,69,69,69,69,69,69,69,69,69,69,69,69,69,69,69,69,69,69,69,74,74,74,74,74,74,74],"card_choices":[{"not_picked":["ThirdEye","Sanctity"],"picked":"CarveReality","floor":1.0},{"not_picked":["FlyingSleeves","PathToVictory","WaveOfTheHand"],"picked":"SKIP","floor":5.0},{"not_picked":["TalkToTheHand","Conclude"],"picked":"DevaForm","floor":6.0},{"not_picked":["EmptyBody","Conclude"],"picked":"Adaptation","floor":8.0},{"not_picked":["Vengeance","CutThroughFate"],"picked":"CrushJoints","floor":10.0},{"not_picked":["Pray","Consecrate"],"picked":"EmptyFist","floor":11.0},{"not_picked":["PathToVictory","ThirdEye"],"picked":"Worship","floor":15.0},{"not_picked":["MasterReality","Blasphemy"],"picked":"DeusExMachina","floor":17.0},{"not_picked":["EmptyBody","FlurryOfBlows","PathToVictory+1"],"picked":"SKIP","floor":19.0},{"not_picked":["ReachHeaven","InnerPeace","PathToVictory"],"picked":"SKIP","floor":23.0},{"not_picked":["FlyingSleeves","Nirvana","DeceiveReality"],"picked":"SKIP","floor":29.0},{"not_picked":["Prostrate","Nirvana","FlyingSleeves+1"],"picked":"SKIP","floor":31.0},{"not_picked":["LessonLearned","Scrawl"],"picked":"Ragnarok","floor":34.0},{"not_picked":["SashWhip+1","Evaluate+1"],"picked":"Tantrum","floor":35.0},{"not_picked":["JustLucky","FlyingSleeves","EmptyFist"],"picked":"SKIP","floor":36.0},{"not_picked":["BowlingBash","Alpha"],"picked":"Halt","floor":39.0}],"player_experience":772494,"relics_obtained":[{"floor":6.0,"key":"Toy Ornithopter"},{"floor":8.0,"key":"Strawberry"},{"floor":9.0,"key":"Bag of Marbles"},{"floor":10.0,"key":"The Courier"},{"floor":27.0,"key":"Bag of Preparation"}],"event_choices":[{"damage_healed":0.0,"max_hp_gain":0.0,"max_hp_loss":0.0,"gold_gain":0.0,"event_name":"Shining Light","player_choice":"Entered Light","floor":2.0,"gold_loss":0.0,"damage_taken":20.0,"cards_upgraded":["Strike_P","Defend_P"]},{"damage_healed":0.0,"max_hp_gain":0.0,"max_hp_loss":6.0,"gold_gain":0.0,"event_name":"Golden Idol","player_choice":"Lose Max HP","floor":3.0,"gold_loss":0.0,"damage_taken":0.0,"relics_obtained":["Golden Idol"]},{"damage_healed":0.0,"max_hp_gain":0.0,"max_hp_loss":0.0,"gold_gain":0.0,"event_name":"Lab","player_choice":"Got Potions","floor":4.0,"gold_loss":0.0,"damage_taken":0.0},{"damage_healed":0.0,"max_hp_gain":0.0,"max_hp_loss":0.0,"gold_gain":0.0,"event_name":"Masked Bandits","player_choice":"Fought Bandits","floor":20.0,"gold_loss":0.0,"damage_taken":0.0},{"cards_removed":["Defend_P"],"damage_healed":0.0,"max_hp_gain":0.0,"max_hp_loss":0.0,"gold_gain":0.0,"event_name":"Back to Basics","player_choice":"Elegance","floor":21.0,"gold_loss":0.0,"damage_taken":0.0},{"damage_healed":0.0,"max_hp_gain":0.0,"max_hp_loss":0.0,"gold_gain":50.0,"event_name":"FaceTrader","player_choice":"Touch","floor":22.0,"gold_loss":0.0,"damage_taken":6.0},{"damage_healed":0.0,"max_hp_gain":0.0,"max_hp_loss":0.0,"gold_gain":0.0,"event_name":"The Mausoleum","player_choice":"Ignored","floor":32.0,"gold_loss":0.0,"damage_taken":0.0},{"damage_healed":0.0,"max_hp_gain":0.0,"max_hp_loss":0.0,"gold_gain":0.0,"cards_transformed":["EmptyFist"],"event_name":"Transmorgrifier","player_choice":"Transformed","floor":38.0,"gold_loss":0.0,"damage_taken":0.0,"cards_obtained":["Crescendo"]}],"is_beta":false,"boss_relics":[{"not_picked":["VioletLotus","Snecko Eye"],"picked":"Astrolabe"},{"not_picked":["Runic Dome","Calling Bell"],"picked":"Tiny House"}],"items_purged_floors":[14,30,37],"is_endless":false,"potions_floor_spawned":[5,15,17,19,23,31,39],"killed_by":"4 Shapes","ascension_level":20}}