{"host":"skr63qsdfgeey3it","time":1611095162,"event":{"mods":["BaseMod","Colored Map","Hubris","Minty Spire (QoL Compilation)","Replay The Spire","Spicy Shops","StSLib"],"gold_per_floor":[214,7,20,33,52,52,71,102,152,172,172,172,172,188,188,265,265,285,285,285,296,0,0,0],"floor_reached":23,"language":"ENG","playtime":2273,"items_purged":["Overencumbered","Pain","Strike_R"],"score":318,"play_id":"6e9c35a8-331a-43bf-bb0e-da88b605e969","local_time":"20210119162602","is_ascension_mode":true,"campfire_choices":[{"data":"Dropkick","floor":6,"key":"SMITH"},{"data":"Uppercut","floor":13,"key":"SMITH"},{"data":"Bludgeon","floor":15,"key":"SMITH"}],"circlet_count":0,"master_deck":["AscendersBane","Strike_R","Strike_R","Strike_R","Defend_R","Defend_R","Defend_R","Defend_R","Bash","Dropkick+1","Headbutt","Cleave","Uppercut+1","Pot Of Greed","Pot Of Greed","Shrug It Off","Bludgeon+1","Demon Form","Demonic Infusion","Armaments","Rampage"],"relics":["Burning Blood","ReplayTheSpireMod:CursedCoin","Onion Ring","Mercury Hourglass","Grinning Jar","hubris:Towel","WarpedTongs","Fusion Hammer","hubris:BottledHeart"],"acts_visited":["Exordium","TheCity"],"potions_floor_usage":[5,8,16,23,23],"damage_taken":[{"damage":6,"enemies":"Cultist","floor":1,"turns":3},{"damage":7,"enemies":"Jaw Worm","floor":3,"turns":3},{"damage":0,"enemies":"Small Slimes","floor":4,"turns":2},{"damage":10,"enemies":"Exordium Thugs","floor":5,"turns":5},{"damage":13,"enemies":"Blue Slaver","floor":7,"turns":2},{"damage":30,"enemies":"Lagavulin","floor":8,"turns":5},{"damage":0,"enemies":"Looter","floor":10,"turns":1},{"damage":14,"enemies":"Red Slaver","floor":14,"turns":2},{"damage":34,"enemies":"Fading Forest","floor":16,"turns":11},{"damage":6,"enemies":"Chosen","floor":18,"turns":3},{"damage":0,"enemies":"Spheric Guardian","floor":21,"turns":1},{"damage":2,"enemies":"Book of Stabbing","floor":23,"turns":4}],"seed_played":"6848378497588616989","potions_obtained":[{"floor":3,"key":"SkillPotion"},{"floor":5,"key":"BloodPotion"},{"floor":7,"key":"Languid Potion"},{"floor":10,"key":"DuplicationPotion"},{"floor":21,"key":"Toxic Potion"}],"is_trial":false,"path_per_floor":["M","$","M","M","M","R","M","E","T","M","?","?","R","M","R","B",null,"M","?","?","M","$","E"],"character_chosen":"IRONCLAD","items_purchased":["ReplayTheSpireMod:CursedCoin","Onion Ring","Headbutt","Rampage"],"campfire_rested":0,"item_purchase_floors":[2,2,2,22],"current_hp_per_floor":[72,72,71,77,73,73,66,58,58,64,64,64,64,56,56,36,69,69,1,1,1,1,0,0],"gold":0,"neow_bonus":"HUNDRED_GOLD","is_daily":false,"chose_seed":false,"campfire_upgraded":3,"win_rate":0.0,"timestamp":1611095162,"path_taken":["M","$","M","M","?","R","M","E","T","M","?","?","R","?","R","BOSS","M","?","?","M","$","E"],"items_purchased_type":["Relic","Relic","Card","Card"],"build_version":"2020-12-22","purchased_purges":3,"victory":false,"max_hp_per_floor":[80,80,80,80,80,80,80,80,80,80,80,80,80,80,80,80,80,80,1,1,1,1,1,1],"card_choices":[{"not_picked":["hubris:ReadiedAction","Clothesline"],"picked":"Dropkick","floor":1},{"not_picked":["Defy Death","True Grit","Headbutt"],"picked":"SKIP","floor":3},{"not_picked":["Clash","Evolve","Dual Wield"],"picked":"SKIP","floor":4},{"not_picked":["Replay:Undeath\u0027s Touch","Clash","Pommel Strike"],"picked":"SKIP","floor":5},{"not_picked":["Headbutt","Power Through"],"picked":"Cleave","floor":7},{"not_picked":["True Grit","Rage"],"picked":"Uppercut","floor":8},{"not_picked":["Clash","Iron Wave"],"picked":"Shrug It Off","floor":10},{"not_picked":["Flex","hubris:SharpeningStone"],"picked":"Bludgeon","floor":14},{"not_picked":["Hemogenesis","Replay:Many Hands"],"picked":"Demon Form","floor":16},{"not_picked":["Headbutt+1","Body Slam","Wild Strike"],"picked":"SKIP","floor":18},{"not_picked":["ReplayTheSpireMod:Strike From Hell","Infernal Blade"],"picked":"Armaments","floor":21}],"player_experience":761256,"relics_obtained":[{"floor":8,"key":"Mercury Hourglass"},{"floor":9,"key":"Grinning Jar"}],"event_choices":[{"damage_healed":0,"gold_gain":0,"player_choice":"Rummage","damage_taken":0,"relics_obtained":["WarpedTongs"],"max_hp_gain":0,"max_hp_loss":0,"event_name":"Accursed Blacksmith","floor":12,"gold_loss":0,"cards_obtained":["Pain"]},{"damage_healed":0,"gold_gain":0,"cards_transformed":["Strike_R"],"player_choice":"Transformed","damage_taken":0,"max_hp_gain":0,"max_hp_loss":0,"event_name":"Transmorgrifier","floor":20,"gold_loss":0,"cards_obtained":["Demonic Infusion"]}],"is_beta":false,"boss_relics":[{"not_picked":["Replay:Drink Me","ReplayTheSpireMod:DimensionalGlitch"],"picked":"Fusion Hammer"}],"items_purged_floors":[2,22,22],"is_endless":false,"potions_floor_spawned":[3,5,7,10,21],"killed_by":"Book of Stabbing","ascension_level":13}}