{"host":"nbmmy2ys5j9alw05","time":1611056604,"event":{"mods":["AchievementEnabler","BaseMod","Bestiary","Better Vampires","Colored Map","Colored Powertips","Googly Eyes","Minty Spire (QoL Compilation)","Quick Restart","StSLib","The Hierophant","The IronCluck","everything is the same but u backflip on backflip"],"gold_per_floor":[362,362,312,1,1,11,44,44,44,74,88,117,136,136,136,136,136],"floor_reached":16,"language":"ENG","playtime":765,"items_purged":["Strike_R"],"score":157,"play_id":"a7928067-bf04-4f40-956b-1f295a4ebc7e","local_time":"20210119034324","is_ascension_mode":true,"campfire_choices":[{"data":"Entrench","floor":8,"key":"SMITH"},{"data":"Dual Wield","floor":15,"key":"SMITH"}],"circlet_count":0,"master_deck":["Strike_R","Strike_R","Strike_R","Defend_R","Defend_R","Defend_R","Defend_R","Bash","Power Through","Hemokinesis","Apotheosis","True Grit","Entrench+1","Shrug It Off","Intimidate","Dual Wield+1"],"relics":["Burning Blood","Art of War","Tiny Chest","PreservedInsect","Odd Mushroom","Nunchaku"],"acts_visited":["Exordium"],"potions_floor_usage":[7,16,16],"damage_taken":[{"damage":14,"enemies":"Jaw Worm","floor":1,"turns":3},{"damage":2,"enemies":"2 Louse","floor":6,"turns":2},{"damage":27,"enemies":"Lagavulin","floor":7,"turns":5},{"damage":22,"enemies":"The Mushroom Lair","floor":10,"turns":7},{"damage":4,"enemies":"Small Slimes","floor":11,"turns":4},{"damage":31,"enemies":"3 Sentries","floor":12,"turns":9},{"damage":2,"enemies":"Blue Slaver","floor":13,"turns":3},{"damage":4,"enemies":"Slime Boss","floor":16,"turns":8}],"seed_played":"6626353815429522270","potions_obtained":[{"floor":1,"key":"ColorlessPotion"},{"floor":11,"key":"FairyPotion"},{"floor":12,"key":"BlessingOfTheForge"},{"floor":13,"key":"DuplicationPotion"}],"is_trial":false,"path_per_floor":["M","?","?","$","?","M","E","R","T","?","M","E","M","?","R","B"],"character_chosen":"IRONCLAD","items_purchased":["Hemokinesis","Apotheosis"],"campfire_rested":0,"item_purchase_floors":[4,4],"current_hp_per_floor":[64,57,57,57,57,61,40,40,40,24,26,28,32,32,32,28,28],"gold":136,"neow_bonus":"TWO_FIFTY_GOLD","is_daily":false,"chose_seed":false,"campfire_upgraded":2,"win_rate":0.0,"timestamp":1611056604,"path_taken":["M","?","?","$","?","M","E","R","T","?","?","E","M","?","R","BOSS"],"items_purchased_type":["Card","Card"],"build_version":"2020-12-22","purchased_purges":1,"victory":false,"max_hp_per_floor":[80,80,80,80,80,80,80,80,80,80,80,80,80,80,80,80,80],"card_choices":[{"not_picked":["Armaments","Seeing Red"],"picked":"Power Through","floor":1},{"not_picked":["Sentinel","Sword Boomerang"],"picked":"True Grit","floor":6},{"not_picked":["Headbutt","Limit Break"],"picked":"Entrench","floor":7},{"not_picked":["Spot Weakness","Sword Boomerang"],"picked":"Shrug It Off","floor":10},{"not_picked":["True Grit","Pommel Strike"],"picked":"Intimidate","floor":11},{"not_picked":["Rage","Thunderclap","Havoc"],"picked":"SKIP","floor":12},{"not_picked":["Havoc","Armaments"],"picked":"Dual Wield","floor":13}],"player_experience":472608,"relics_obtained":[{"floor":7,"key":"Tiny Chest"},{"floor":9,"key":"PreservedInsect"},{"floor":10,"key":"Odd Mushroom"},{"floor":12,"key":"Nunchaku"}],"event_choices":[{"damage_healed":0,"gold_gain":0,"player_choice":"Success","damage_taken":7,"relics_obtained":["Art of War"],"max_hp_gain":0,"max_hp_loss":0,"event_name":"Scrap Ooze","floor":2,"gold_loss":0},{"cards_removed":["Normality"],"damage_healed":0,"gold_gain":0,"player_choice":"Card Removal","damage_taken":0,"max_hp_gain":0,"max_hp_loss":0,"event_name":"The Cleric","floor":3,"gold_loss":50},{"cards_removed":["Strike_R"],"damage_healed":0,"gold_gain":0,"player_choice":"Forget","damage_taken":0,"max_hp_gain":0,"max_hp_loss":0,"event_name":"Living Wall","floor":5,"gold_loss":0},{"damage_healed":0,"gold_gain":0,"player_choice":"Fought Mushrooms","damage_taken":0,"max_hp_gain":0,"max_hp_loss":0,"event_name":"Mushrooms","floor":10,"gold_loss":0},{"damage_healed":0,"gold_gain":0,"player_choice":"Leave","damage_taken":0,"max_hp_gain":0,"max_hp_loss":0,"event_name":"FaceTrader","floor":14,"gold_loss":0}],"is_beta":false,"boss_relics":[],"items_purged_floors":[4],"is_endless":false,"potions_floor_spawned":[1,11,12,13],"killed_by":"Slime Boss","ascension_level":9}}