{"host":"2yqfi47fogfu1ic4","time":1611038953,"event":{"mods":["AchievementEnabler","BaseMod","Colored Map","Colored Powertips","Highlight Path","Minty Spire (QoL Compilation)","Permanent Neow","Relic Stats","StSLib"],"gold_per_floor":[113,131,141,10,10,10,31,31,31,47,78,93,106,139,139,210,210,224,234,75,75,75,86,86,104,104,104,117,117,143,154,154,154,154],"floor_reached":33,"language":"DEU","playtime":1986,"items_purged":["Heel Hook"],"score":518,"play_id":"8db745ee-7fcf-4cd1-9c5a-6adc893c0d7c","local_time":"20210119074913","is_ascension_mode":true,"campfire_choices":[{"data":"Blade Dance","floor":6.0,"key":"SMITH"},{"floor":15.0,"key":"REST"},{"data":"Wraith Form v2","floor":24.0,"key":"SMITH"},{"data":"Accuracy","floor":27.0,"key":"SMITH"},{"data":"Blade Dance","floor":29,"key":"SMITH"},{"data":"Cloak And Dagger","floor":32,"key":"SMITH"}],"circlet_count":0,"master_deck":["AscendersBane","Survivor","Neutralize","PiercingWail","PiercingWail","Blade Dance+1","Accuracy+1","Blade Dance+1","Calculated Gamble","Eviscerate","Malaise","Catalyst","Wraith Form v2+1","A Thousand Cuts","Bullet Time","Envenom","Corpse Explosion","Eviscerate","Tactician","A Thousand Cuts","Cloak And Dagger+1","Accuracy+1","Deflect+1","Cloak And Dagger+1"],"relics":["Busted Crown","Odd Mushroom","CaptainsWheel","Happy Flower","Meat on the Bone","Pandora\u0027s Box","Toxic Egg 2","Red Mask"],"acts_visited":["Exordium","TheCity"],"potions_floor_usage":[28,30,33],"damage_taken":[{"damage":6.0,"enemies":"Cultist","floor":1.0,"turns":5.0},{"damage":8.0,"enemies":"Jaw Worm","floor":2.0,"turns":6.0},{"damage":0.0,"enemies":"2 Louse","floor":3.0,"turns":4.0},{"damage":13.0,"enemies":"The Mushroom Lair","floor":7.0,"turns":4.0},{"damage":4.0,"enemies":"Blue Slaver","floor":10.0,"turns":3.0},{"damage":2.0,"enemies":"3 Sentries","floor":11.0,"turns":4.0},{"damage":1.0,"enemies":"Exordium Wildlife","floor":12.0,"turns":3.0},{"damage":0.0,"enemies":"Lots of Slimes","floor":13.0,"turns":3.0},{"damage":18.0,"enemies":"Gremlin Nob","floor":14.0,"turns":5.0},{"damage":25.0,"enemies":"The Guardian","floor":16.0,"turns":14.0},{"damage":7.0,"enemies":"Spheric Guardian","floor":18.0,"turns":4.0},{"damage":8.0,"enemies":"Shell Parasite","floor":19.0,"turns":4.0},{"damage":19.0,"enemies":"Centurion and Healer","floor":23.0,"turns":2.0},{"damage":12.0,"enemies":"Sentry and Sphere","floor":25.0,"turns":5.0},{"damage":9,"enemies":"3 Cultists","floor":28,"turns":3},{"damage":4,"enemies":"Masked Bandits","floor":30,"turns":3},{"damage":9,"enemies":"Snake Plant","floor":31,"turns":5},{"damage":47,"enemies":"Collector","floor":33,"turns":8}],"seed_played":"-4894956420801293271","potions_obtained":[{"floor":1.0,"key":"Poison Potion"},{"floor":10.0,"key":"Weak Potion"},{"floor":14.0,"key":"AttackPotion"},{"floor":16.0,"key":"FearPotion"},{"floor":19.0,"key":"BlessingOfTheForge"},{"floor":28,"key":"Explosive Potion"},{"floor":30,"key":"Block Potion"}],"is_trial":false,"path_per_floor":["M","M","M","$","?","R","?","$","T","M","E","M","M","E","R","B",null,"M","M","$","?","T","M","R","M","T","R","M","R","?","M","R","B"],"character_chosen":"THE_SILENT","items_purchased":["Blade Dance","Accuracy","Accuracy"],"campfire_rested":1,"item_purchase_floors":[4,4,20],"current_hp_per_floor":[53,45,45,45,45,45,32,32,32,28,26,25,25,7,26,13,53,46,38,38,38,38,31,31,31,31,31,34,34,42,45,45,0,0],"gold":154,"neow_bonus":"BOSS_RELIC","is_daily":false,"chose_seed":false,"campfire_upgraded":5,"win_rate":0.0,"timestamp":1611038953,"path_taken":["M","M","M","?","?","R","?","$","T","M","E","M","M","E","R","BOSS","M","M","$","?","?","?","R","M","T","R","M","R","?","M","R","BOSS"],"items_purchased_type":["Card","Card","Card"],"build_version":"2020-12-22","purchased_purges":1,"victory":false,"max_hp_per_floor":[66,66,66,66,66,66,66,66,66,66,66,66,66,66,66,66,66,66,66,66,66,66,66,66,66,66,66,66,66,66,66,66,66,66],"relic_stats":{"Busted Crown":34,"Happy Flower":[19],"counters":[18,85],"Pandora\u0027s Box":["Catalyst","Wraith Form v2","A Thousand Cuts","Bullet Time","Envenom","Corpse Explosion","Eviscerate","Tactician","Heel Hook","A Thousand Cuts"],"obtain_stats":[{"CaptainsWheel":9,"Busted Crown":0,"Happy Flower":11,"Pandora\u0027s Box":17,"Red Mask":30,"Odd Mushroom":7,"Toxic Egg 2":26,"Ring of the Snake":0,"Meat on the Bone":14},{"CaptainsWheel":4,"Busted Crown":0,"Happy Flower":6,"Pandora\u0027s Box":10,"Red Mask":16,"Odd Mushroom":4,"Toxic Egg 2":14,"Ring of the Snake":0,"Meat on the Bone":9},{"CaptainsWheel":19,"Busted Crown":0,"Happy Flower":26,"Pandora\u0027s Box":51,"Red Mask":72,"Odd Mushroom":19,"Toxic Egg 2":66,"Ring of the Snake":0,"Meat on the Bone":37}],"Meat on the Bone":72},"card_choices":[{"not_picked":["Setup"],"picked":"SKIP","floor":1.0},{"not_picked":[],"picked":"PiercingWail","floor":2.0},{"not_picked":[],"picked":"PiercingWail","floor":3.0},{"not_picked":[],"picked":"Blade Dance","floor":7.0},{"not_picked":["Tactician"],"picked":"SKIP","floor":10.0},{"not_picked":["Riddle With Holes"],"picked":"SKIP","floor":11.0},{"not_picked":["Underhanded Strike"],"picked":"SKIP","floor":12.0},{"not_picked":[],"picked":"Calculated Gamble","floor":13.0},{"not_picked":[],"picked":"Eviscerate","floor":14.0},{"not_picked":[],"picked":"Malaise","floor":16.0},{"not_picked":["Flying Knee"],"picked":"SKIP","floor":18.0},{"not_picked":[],"picked":"Cloak And Dagger","floor":19.0},{"not_picked":["Flying Knee"],"picked":"SKIP","floor":23.0},{"not_picked":["Reflex"],"picked":"SKIP","floor":25.0},{"not_picked":[],"picked":"Deflect+1","floor":28},{"not_picked":[],"picked":"Cloak And Dagger+1","floor":31}],"player_experience":1576543,"relics_obtained":[{"floor":7.0,"key":"Odd Mushroom"},{"floor":9.0,"key":"CaptainsWheel"},{"floor":11.0,"key":"Happy Flower"},{"floor":14.0,"key":"Meat on the Bone"},{"floor":26.0,"key":"Toxic Egg 2"},{"floor":30,"key":"Red Mask"}],"event_choices":[{"damage_healed":0.0,"max_hp_gain":0.0,"max_hp_loss":0.0,"gold_gain":0.0,"event_name":"Living Wall","player_choice":"Grow","floor":5.0,"gold_loss":0.0,"damage_taken":0.0,"cards_upgraded":["Accuracy"]},{"damage_healed":0.0,"max_hp_gain":0.0,"max_hp_loss":0.0,"gold_gain":0.0,"event_name":"Mushrooms","player_choice":"Fought Mushrooms","floor":7.0,"gold_loss":0.0,"damage_taken":0.0},{"damage_healed":0,"gold_gain":0,"player_choice":"Fought Bandits","damage_taken":0,"max_hp_gain":0,"max_hp_loss":0,"event_name":"Masked Bandits","floor":30,"gold_loss":0}],"is_beta":false,"boss_relics":[{"not_picked":["SlaversCollar","Philosopher\u0027s Stone"],"picked":"Pandora\u0027s Box"}],"items_purged_floors":[20],"is_endless":false,"potions_floor_spawned":[1,10,14,16,19,28,30],"killed_by":"Collector","ascension_level":20}}