{"host":"5ty8fyb0ngp9gspj","time":1611015777,"event":{"mods":["2.2 Compatiblity","AchievementEnabler","Act Like it!","BaseMod","Colored Map","Downfall","Minty Spire (QoL Compilation)","Rare Cards Sparkle","Relic Stats","StSLib","The Jungle","slay the spire mod where everything is the same but ironclad has a cowboy hat"],"gold_per_floor":[0,15,33,52,69,54,54,84,84,117,267,299,313,342,354,354,354],"floor_reached":16,"language":"ENG","playtime":621,"items_purged":[],"score":139,"play_id":"7bd520d9-c63e-42f9-b5d8-8cc3fb719d99","local_time":"20210119112257","is_ascension_mode":true,"campfire_choices":[{"data":"bronze:Replicate","floor":1,"key":"SMITH"},{"floor":9,"key":"RECALL"}],"circlet_count":0,"master_deck":["bronze:Strike","bronze:Strike","bronze:Strike","bronze:Defend","bronze:Defend","bronze:Defend","bronze:Replicate+1","bronze:Goto","bronze:WildBeam","bronze:Separator","bronze:ChosenStrike","bronze:MaxOutput","bronze:Constructor","bronze:OilSpill","bronze:Terminator+1","downfall:Icky","bronze:DelayedGuard+1","bronze:DigitalCarnage","bronze:DarkDash","bronze:ChildClass+1"],"relics":["bronze:BronzeCore","Toxic Egg 2","MealTicket","Pen Nib","Omamori","sneckomod:BlankCard"],"acts_visited":["Exordium"],"potions_floor_usage":[8,10,15,16],"damage_taken":[{"damage":0,"enemies":"Cultist","floor":2,"turns":4},{"damage":0,"enemies":"Small Slimes","floor":3,"turns":2},{"damage":1,"enemies":"Jaw Worm","floor":4,"turns":2},{"damage":13,"enemies":"Large Slime","floor":5,"turns":5},{"damage":5,"enemies":"downfall:FleeingMerchant","floor":6,"turns":4},{"damage":4,"enemies":"3 Sentries","floor":8,"turns":9},{"damage":4,"enemies":"Gremlin Nob","floor":10,"turns":3},{"damage":13,"enemies":"3 Sentries","floor":12,"turns":6},{"damage":0,"enemies":"2 Fungi Beasts","floor":13,"turns":3},{"damage":7,"enemies":"Gremlin Nob","floor":14,"turns":3},{"damage":0,"enemies":"Exordium Thugs","floor":15,"turns":3},{"damage":28,"enemies":"WA_ARCHETYPE_RETAIN","floor":16,"turns":4}],"seed_played":"-3004379060935434347","potions_obtained":[{"floor":4,"key":"LiquidMemories"},{"floor":5,"key":"ColorlessPotion"},{"floor":8,"key":"Strength Potion"},{"floor":12,"key":"LiquidBronze"},{"floor":14,"key":"EssenceOfSteel"},{"floor":15,"key":"Fruit Juice"}],"is_trial":false,"path_per_floor":["R","M","M","M","M","$","T","E","R","E","?","E","M","E","M","B"],"character_chosen":"THE_AUTOMATON","items_purchased":[],"campfire_rested":0,"item_purchase_floors":[],"current_hp_per_floor":[70,70,70,69,56,51,51,47,47,43,43,30,30,23,28,0,0],"gold":354,"neow_bonus":"REMOVE_TWO","is_daily":false,"chose_seed":false,"campfire_upgraded":1,"win_rate":0.0,"timestamp":1611015777,"path_taken":["R","M","M","M","?","$","T","E","R","E","?","E","M","E","M","BOSS"],"items_purchased_type":[],"build_version":"2020-12-22","purchased_purges":0,"victory":false,"max_hp_per_floor":[70,70,70,70,70,70,70,70,70,70,70,70,70,70,75,75,75],"relic_stats":{"counters":[12,48],"MealTicket":0,"Pen Nib":[4],"obtain_stats":[{"bronze:BronzeCore":0,"sneckomod:BlankCard":14,"MealTicket":8,"Pen Nib":10,"Omamori":12,"Toxic Egg 2":7},{"bronze:BronzeCore":0,"sneckomod:BlankCard":10,"MealTicket":6,"Pen Nib":7,"Omamori":8,"Toxic Egg 2":5},{"bronze:BronzeCore":0,"sneckomod:BlankCard":41,"MealTicket":26,"Pen Nib":29,"Omamori":35,"Toxic Egg 2":17}]},"card_choices":[{"not_picked":["bronze:ItsAFeature","bronze:BuggyMess"],"picked":"bronze:WildBeam","floor":2},{"not_picked":["bronze:Overheat","bronze:Invalidate"],"picked":"bronze:Separator","floor":3},{"not_picked":["bronze:BitShift","bronze:CutThrough"],"picked":"bronze:ChosenStrike","floor":4},{"not_picked":["bronze:DelayedSlice","bronze:Deprecate"],"picked":"bronze:MaxOutput","floor":5},{"not_picked":["bronze:ForLoop","bronze:Iterate"],"picked":"bronze:Constructor","floor":6},{"not_picked":["bronze:CutThrough","bronze:Refactor+1"],"picked":"bronze:OilSpill","floor":8},{"not_picked":["bronze:Overheat","bronze:Return+1"],"picked":"bronze:Terminator+1","floor":10},{"not_picked":["bronze:Constructor+1","bronze:ChosenStrike"],"picked":"bronze:DelayedGuard+1","floor":12},{"not_picked":["bronze:Branch","bronze:NullPointer"],"picked":"bronze:DigitalCarnage","floor":13},{"not_picked":["bronze:ItsAFeature","bronze:Repulsor"],"picked":"bronze:DarkDash","floor":14},{"not_picked":["bronze:OilSpill","bronze:DelayedSlice"],"picked":"bronze:ChildClass+1","floor":15}],"player_experience":404244,"relics_obtained":[{"floor":7,"key":"Toxic Egg 2"},{"floor":8,"key":"MealTicket"},{"floor":10,"key":"Pen Nib"},{"floor":12,"key":"Omamori"},{"floor":14,"key":"sneckomod:BlankCard"}],"event_choices":[],"is_beta":false,"boss_relics":[],"items_purged_floors":[],"is_endless":false,"potions_floor_spawned":[4,5,8,12,14,15],"killed_by":"WA_ARCHETYPE_RETAIN","ascension_level":1}}