{"host":"dm4yvegl9um2tlqd","time":1611059437,"event":{"mods":["2.2 Compatiblity","AchievementEnabler","BaseMod","Colored Map","DeckTracker","Highlight Path","KOR Keyword Fix","Keyboard Shortcuts","Minty Spire (QoL Compilation)","Permanent Neow","Quick Restart","Random Character Button","StSLib","SuperFastMode","everything is the same but u backflip on backflip"],"gold_per_floor":[114,128,146,156,156,156,189,189,212,212,212,212,212,237,237,358,358,381,381,400,247,92,133,33,33,84,110,141,153,80,92,104,247,259,290,302,330,355,392,404,416,428,491,534,99,123,123,123,123,123],"floor_reached":51,"language":"KOR","playtime":2586,"items_purged":["Eviscerate","Reflex","Infinite Blades"],"score":1045,"play_id":"664fc7b5-6cbc-4a75-82c7-e40bc19ad021","local_time":"20210119213037","is_ascension_mode":true,"campfire_choices":[{"data":"Flechettes","floor":6.0,"key":"SMITH"},{"floor":8.0,"key":"REST"},{"data":"Neutralize","floor":11.0,"key":"SMITH"},{"floor":13.0,"key":"REST"},{"data":"Backflip","floor":15.0,"key":"SMITH"},{"data":"Burst","floor":25.0,"key":"SMITH"},{"data":"Terror","floor":29,"key":"SMITH"},{"floor":32,"key":"REST"},{"data":"Noxious Fumes","floor":40,"key":"SMITH"},{"data":"Phantasmal Killer","floor":42,"key":"SMITH"},{"data":"Cloak And Dagger","floor":47,"key":"SMITH"},{"data":"Bouncing Flask","floor":49,"key":"SMITH"}],"circlet_count":0,"master_deck":["Survivor","Neutralize+1","Cloak And Dagger+1","Flechettes+1","Backflip+1","Leg Sweep+1","Tactician","Adrenaline+1","Wraith Form v2","Choke","After Image","Terror+1","Accuracy","Prepared","Cloak And Dagger+1","Burst+1","Footwork","Well Laid Plans+1","Escape Plan","PiercingWail+1","Phantasmal Killer+1","CurseOfTheBell","Noxious Fumes+1","Noxious Fumes+1","PiercingWail+1","Madness","Madness","Bouncing Flask+1","Prepared+1","Bouncing Flask+1"],"relics":["Ring of the Snake","Bronze Scales","Oddly Smooth Stone","MealTicket","Golden Idol","Pandora\u0027s Box","Bag of Preparation","Dream Catcher","MawBank","PreservedInsect","Ancient Tea Set","Calling Bell","War Paint","Eternal Feather","Du-Vu Doll","InkBottle","Juzu Bracelet","Vajra","Orrery"],"acts_visited":["Exordium","TheCity","TheBeyond"],"potions_floor_usage":[33,50,50],"damage_taken":[{"damage":0.0,"enemies":"Cultist","floor":1.0,"turns":4.0},{"damage":0.0,"enemies":"2 Louse","floor":2.0,"turns":3.0},{"damage":0.0,"enemies":"Small Slimes","floor":3.0,"turns":3.0},{"damage":1.0,"enemies":"3 Louse","floor":4.0,"turns":3.0},{"damage":56.0,"enemies":"Gremlin Nob","floor":7.0,"turns":7.0},{"damage":0.0,"enemies":"Looter","floor":14.0,"turns":2.0},{"damage":26.0,"enemies":"Hexaghost","floor":16.0,"turns":9.0},{"damage":0.0,"enemies":"Chosen","floor":18.0,"turns":4.0},{"damage":0.0,"enemies":"3 Byrds","floor":20.0,"turns":5.0},{"damage":33.0,"enemies":"Slavers","floor":23.0,"turns":9.0},{"damage":14.0,"enemies":"Cultist and Chosen","floor":27.0,"turns":9.0},{"damage":0.0,"enemies":"Snecko","floor":28.0,"turns":5.0},{"damage":0,"enemies":"Automaton","floor":33,"turns":8},{"damage":5,"enemies":"3 Darklings","floor":35,"turns":5},{"damage":2,"enemies":"3 Shapes","floor":37,"turns":8},{"damage":2,"enemies":"3 Darklings","floor":38,"turns":8},{"damage":16,"enemies":"Maw","floor":39,"turns":7},{"damage":42,"enemies":"Reptomancer","floor":44,"turns":5},{"damage":7,"enemies":"Jaw Worm Horde","floor":46,"turns":5},{"damage":46,"enemies":"Time Eater","floor":50,"turns":7}],"seed_played":"-8156744049264221820","potions_obtained":[{"floor":14.0,"key":"Strength Potion"},{"floor":16.0,"key":"GamblersBrew"},{"floor":18.0,"key":"Energy Potion"},{"floor":23.0,"key":"BlessingOfTheForge"},{"floor":37,"key":"ColorlessPotion"},{"floor":38,"key":"Poison Potion"}],"is_trial":false,"path_per_floor":["M","M","M","M","?","R","E","R","T","?","R","?","R","M","R","B",null,"M","?","M","$","$","E","$","R","T","M","M","R","?","?","R","B",null,"M","?","M","M","M","R","?","R","T","E","$","M","R","?","R","B",null],"character_chosen":"THE_SILENT","items_purchased":["Footwork","Bag of Preparation","Bouncing Flask","GhostInAJar","Orrery"],"campfire_rested":3,"item_purchase_floors":[21,22,45,45,45],"current_hp_per_floor":[63,63,63,62,67,67,11,33,33,33,33,19,39,39,39,13,55,55,55,55,69,69,36,51,51,51,37,37,37,37,37,57,57,66,61,61,59,57,41,56,47,62,62,20,35,28,46,46,64,18],"gold":123,"neow_bonus":"RANDOM_COMMON_RELIC","is_daily":false,"chose_seed":false,"campfire_upgraded":9,"win_rate":0.0,"timestamp":1611059437,"path_taken":["M","?","?","M","?","R","E","R","T","?","R","?","R","M","R","BOSS","M","?","?","?","$","E","$","R","T","?","M","R","?","?","R","BOSS","M","?","?","M","M","R","?","R","T","E","$","M","R","?","R","BOSS"],"items_purchased_type":["Card","Relic","Card","Potion","Relic"],"build_version":"2020-12-22","purchased_purges":3,"victory":true,"max_hp_per_floor":[70,70,70,70,75,75,75,75,75,69,69,69,69,69,69,69,69,69,69,69,69,69,69,69,69,69,69,69,69,69,69,69,69,69,69,69,69,69,69,69,69,69,69,69,69,69,69,69,69,69],"card_choices":[{"not_picked":["Bane","Dagger Throw"],"picked":"Cloak And Dagger","floor":1.0},{"not_picked":["PiercingWail","Acrobatics"],"picked":"Flechettes","floor":2.0},{"not_picked":["Bane","A Thousand Cuts"],"picked":"Backflip","floor":3.0},{"not_picked":["Catalyst","Outmaneuver"],"picked":"Leg Sweep","floor":4.0},{"not_picked":["Finisher","Dodge and Roll"],"picked":"Tactician","floor":7.0},{"not_picked":["Acrobatics","Slice"],"picked":"Masterful Stab","floor":14.0},{"not_picked":["Unload","After Image"],"picked":"Adrenaline","floor":16.0},{"not_picked":["PiercingWail","Deflect"],"picked":"Cloak And Dagger+1","floor":18.0},{"not_picked":["Dagger Spray","All Out Attack","Slice"],"picked":"SKIP","floor":20.0},{"not_picked":["Caltrops","Deadly Poison"],"picked":"Well Laid Plans+1","floor":23.0},{"not_picked":["Poisoned Stab+1","Flechettes"],"picked":"Escape Plan","floor":27.0},{"not_picked":["PiercingWail+1","Expertise","Caltrops+1"],"picked":"SKIP","floor":28},{"not_picked":["Expertise","Caltrops+1"],"picked":"PiercingWail+1","floor":28},{"not_picked":["Malaise","Glass Knife"],"picked":"Phantasmal Killer","floor":33},{"not_picked":["PiercingWail+1","Backflip"],"picked":"Noxious Fumes+1","floor":35},{"not_picked":["Phantasmal Killer","Underhanded Strike+1"],"picked":"Noxious Fumes","floor":37},{"not_picked":["Eviscerate","Sucker Punch+1","All Out Attack"],"picked":"SKIP","floor":38},{"not_picked":["Backstab","Quick Slash"],"picked":"PiercingWail+1","floor":39},{"not_picked":["Quick Slash+1","Venomology","Expertise+1"],"picked":"SKIP","floor":44},{"not_picked":["Acrobatics","Cloak And Dagger"],"picked":"Prepared+1","floor":45},{"not_picked":["Skewer","Dagger Throw+1"],"picked":"Bouncing Flask+1","floor":45},{"not_picked":["PiercingWail","Sucker Punch+1","Masterful Stab"],"picked":"SKIP","floor":46}],"player_experience":71507,"relics_obtained":[{"floor":7.0,"key":"Oddly Smooth Stone"},{"floor":9.0,"key":"MealTicket"},{"floor":23.0,"key":"Dream Catcher"},{"floor":26.0,"key":"MawBank"},{"floor":34,"key":"War Paint"},{"floor":34,"key":"Eternal Feather"},{"floor":34,"key":"Du-Vu Doll"},{"floor":43,"key":"Juzu Bracelet"},{"floor":44,"key":"Vajra"}],"event_choices":[{"damage_healed":0.0,"max_hp_gain":5.0,"max_hp_loss":0.0,"gold_gain":0.0,"event_name":"Big Fish","player_choice":"Donut","floor":5.0,"gold_loss":0.0,"damage_taken":0.0},{"damage_healed":0.0,"max_hp_gain":0.0,"max_hp_loss":6.0,"gold_gain":0.0,"event_name":"Golden Idol","player_choice":"Lose Max HP","floor":10.0,"gold_loss":0.0,"damage_taken":0.0,"relics_obtained":["Golden Idol"]},{"damage_healed":0.0,"max_hp_gain":0.0,"max_hp_loss":0.0,"gold_gain":0.0,"event_name":"Shining Light","player_choice":"Entered Light","floor":12.0,"gold_loss":0.0,"damage_taken":14.0,"cards_upgraded":["Strike_G","Strike_G"]},{"damage_healed":0.0,"max_hp_gain":0.0,"max_hp_loss":0.0,"gold_gain":0.0,"event_name":"Match and Keep!","player_choice":"1 cards matched","floor":19.0,"gold_loss":0.0,"damage_taken":0.0,"cards_obtained":["Burst"]},{"damage_healed":0,"gold_gain":0,"player_choice":"Obtained Relic","damage_taken":0,"relics_obtained":["PreservedInsect"],"max_hp_gain":0,"max_hp_loss":0,"event_name":"Addict","floor":30,"gold_loss":85},{"damage_healed":0,"gold_gain":0,"player_choice":"Opened","damage_taken":0,"relics_obtained":["Ancient Tea Set"],"max_hp_gain":0,"max_hp_loss":0,"event_name":"The Mausoleum","floor":31,"gold_loss":0},{"cards_removed":["Dodge and Roll"],"damage_healed":0,"gold_gain":0,"player_choice":"Gave Card","damage_taken":0,"relics_obtained":["InkBottle"],"max_hp_gain":0,"max_hp_loss":0,"event_name":"WeMeetAgain","floor":36,"gold_loss":0},{"damage_healed":0,"gold_gain":0,"player_choice":"Embrace Madness","damage_taken":9,"max_hp_gain":0,"max_hp_loss":0,"event_name":"Winding Halls","floor":41,"gold_loss":0,"cards_obtained":["Madness","Madness"]},{"cards_removed":["Masterful Stab"],"damage_healed":0,"gold_gain":0,"player_choice":"Removed Attack","damage_taken":0,"max_hp_gain":0,"max_hp_loss":0,"event_name":"Falling","floor":48,"gold_loss":0}],"is_beta":false,"boss_relics":[{"not_picked":["Cursed Key","Ectoplasm"],"picked":"Pandora\u0027s Box"},{"not_picked":["Astrolabe","SacredBark"],"picked":"Calling Bell"}],"items_purged_floors":[21,24,45],"is_endless":false,"potions_floor_spawned":[14,16,18,23,37,38,46],"ascension_level":8}}