{"host":"phniwng9zo19jwdb","time":1611083281,"event":{"mods":["AchievementEnabler","BaseMod","Colored Powertips","Dark Map","Faster Ascension Climbing","GifTheSpireLib","Minty Spire (QoL Compilation)","Permanent Neow","Rare Cards Sparkle","StSLib"],"gold_per_floor":[130,187,238,310,17,17,69,69,151,207,207,277,202,243,243,342,342,381,381,420,484,72,128,128,184,184,226,226,282,3,65,65,168,168,178,178,269,335,133,191,58,115,142,142,142,197,213,238,238,238],"floor_reached":51,"language":"ENG","playtime":3885,"items_purged":["Strike_G","Strike_G","Strike_G+1","Strike_G+1","Defend_G"],"score":1663,"play_id":"fa668850-3128-4cd0-a2f4-7a931cc166e7","local_time":"20210119200801","is_ascension_mode":true,"campfire_choices":[{"data":"HandOfGreed","floor":6.0,"key":"SMITH"},{"data":"Neutralize","floor":8.0,"key":"SMITH"},{"floor":11.0,"key":"REST"},{"data":"Malaise","floor":15.0,"key":"SMITH"},{"data":"Bullet Time","floor":24.0,"key":"SMITH"},{"data":"Calculated Gamble","floor":32.0,"key":"SMITH"},{"data":"Metamorphosis","floor":45,"key":"SMITH"},{"data":"Footwork","floor":49,"key":"SMITH"}],"circlet_count":0,"master_deck":["AscendersBane","Defend_G","Defend_G","Defend_G","Defend_G","Survivor","Neutralize+1","HandOfGreed+1","Cloak And Dagger","Backflip","Tactician","Malaise+1","Bullet Time+1","Crippling Poison","Heel Hook+1","Blade Dance","Metamorphosis+1","Accuracy","Endless Agony","Riddle With Holes","Footwork+1","Leg Sweep","Calculated Gamble+1","Phantasmal Killer","Distraction+1","Backflip+1","Backflip","Caltrops","Bullet Time+1","Glass Knife","Noxious Fumes"],"relics":["Ring of the Snake","Membership Card","Ancient Tea Set","Lizard Tail","Ninja Scroll","Oddly Smooth Stone","Runic Pyramid","ClockworkSouvenir","Happy Flower","Centennial Puzzle","Whetstone","Anchor","Art of War","Medical Kit","Gremlin Horn","HoveringKite","Pen Nib","Smiling Mask","DollysMirror","Sundial","Vajra","Mango","Strawberry"],"acts_visited":["Exordium","TheCity","TheBeyond"],"potions_floor_usage":[50],"damage_taken":[{"damage":4.0,"enemies":"Jaw Worm","floor":1.0,"turns":5.0},{"damage":3.0,"enemies":"2 Louse","floor":2.0,"turns":3.0},{"damage":2.0,"enemies":"Small Slimes","floor":3.0,"turns":5.0},{"damage":6.0,"enemies":"3 Louse","floor":4.0,"turns":10.0},{"damage":16.0,"enemies":"Gremlin Nob","floor":7.0,"turns":4.0},{"damage":11.0,"enemies":"Lagavulin","floor":10.0,"turns":7.0},{"damage":0.0,"enemies":"Exordium Thugs","floor":12.0,"turns":4.0},{"damage":0.0,"enemies":"Looter","floor":14.0,"turns":2.0},{"damage":18.0,"enemies":"Hexaghost","floor":16.0,"turns":16.0},{"damage":0.0,"enemies":"Shell Parasite","floor":18.0,"turns":8.0},{"damage":2.0,"enemies":"Spheric Guardian","floor":20.0,"turns":7.0},{"damage":4.0,"enemies":"Shelled Parasite and Fungi","floor":21.0,"turns":9.0},{"damage":4.0,"enemies":"Book of Stabbing","floor":23.0,"turns":8.0},{"damage":0.0,"enemies":"Gremlin Leader","floor":25.0,"turns":6.0},{"damage":0.0,"enemies":"Snecko","floor":27.0,"turns":4.0},{"damage":4.0,"enemies":"Book of Stabbing","floor":29.0,"turns":5.0},{"damage":0.0,"enemies":"Cultist and Chosen","floor":31.0,"turns":7.0},{"damage":16.0,"enemies":"Collector","floor":33.0,"turns":16.0},{"damage":4.0,"enemies":"3 Darklings","floor":35.0,"turns":3.0},{"damage":0.0,"enemies":"3 Shapes","floor":37.0,"turns":11.0},{"damage":0.0,"enemies":"Jaw Worm Horde","floor":38.0,"turns":5.0},{"damage":0.0,"enemies":"Giant Head","floor":40.0,"turns":10.0},{"damage":0,"enemies":"Nemesis","floor":42,"turns":9},{"damage":1,"enemies":"Giant Head","floor":46,"turns":8},{"damage":0,"enemies":"3 Darklings","floor":47,"turns":4},{"damage":0,"enemies":"Nemesis","floor":48,"turns":7},{"damage":62,"enemies":"Time Eater","floor":50,"turns":13}],"seed_played":"-7675107035258709002","potions_obtained":[{"floor":3.0,"key":"SkillPotion"},{"floor":4.0,"key":"Explosive Potion"},{"floor":10.0,"key":"SpeedPotion"},{"floor":14.0,"key":"Strength Potion"},{"floor":16.0,"key":"FearPotion"},{"floor":21.0,"key":"PowerPotion"},{"floor":23.0,"key":"DistilledChaos"},{"floor":29.0,"key":"SpeedPotion"},{"floor":31.0,"key":"GhostInAJar"},{"floor":33.0,"key":"Fire Potion"},{"floor":35.0,"key":"Energy Potion"},{"floor":40.0,"key":"LiquidBronze"},{"floor":48,"key":"Weak Potion"}],"is_trial":false,"path_per_floor":["M","M","M","M","$","R","E","R","T","E","R","M","?","M","R","B",null,"M","?","M","M","$","E","R","E","T","M","?","E","$","M","R","B",null,"M","?","M","M","$","E","$","E","T","?","R","E","M","E","R","B",null],"character_chosen":"THE_SILENT","items_purchased":["Membership Card","Ancient Tea Set","ClockworkSouvenir","Metamorphosis","Happy Flower","Centennial Puzzle","Accuracy","Medical Kit","Gremlin Horn","Pen Nib","Backflip","Caltrops","DollysMirror"],"campfire_rested":1,"item_purchase_floors":[5,5,22,22,22,22,22,30,30,39,39,39,41],"current_hp_per_floor":[55,52,50,44,44,44,28,28,28,17,35,35,35,35,35,17,49,49,49,47,43,43,39,39,39,39,39,39,35,35,35,35,19,50,46,46,46,46,46,46,46,46,46,46,46,59,59,66,66,4],"gold":238,"neow_bonus":"RANDOM_COLORLESS_2","is_daily":false,"chose_seed":false,"campfire_upgraded":7,"win_rate":0.0,"timestamp":1611083281,"path_taken":["M","M","M","M","$","R","E","R","T","E","R","M","?","M","R","BOSS","M","?","M","M","$","E","R","E","T","M","?","E","$","M","R","BOSS","M","?","M","M","?","E","$","E","T","?","R","E","M","E","R","BOSS"],"items_purchased_type":["Relic","Relic","Relic","Card","Relic","Relic","Card","Relic","Relic","Relic","Card","Card","Relic"],"build_version":"2020-12-22","purchased_purges":5,"victory":true,"max_hp_per_floor":[60,60,60,60,60,60,60,60,60,60,60,60,60,60,60,60,60,60,60,60,60,60,60,60,60,60,60,60,60,60,60,60,60,60,60,60,60,60,60,60,60,60,60,60,60,74,74,81,81,81],"card_choices":[{"not_picked":["Master of Strategy","Metamorphosis"],"picked":"HandOfGreed","floor":0.0},{"not_picked":["Bouncing Flask","Underhanded Strike","Slice"],"picked":"SKIP","floor":1.0},{"not_picked":["Bouncing Flask","Underhanded Strike","Slice"],"picked":"SKIP","floor":1.0},{"not_picked":["Caltrops","Heel Hook"],"picked":"Cloak And Dagger","floor":2.0},{"not_picked":["Heel Hook","Prepared","Dagger Throw"],"picked":"SKIP","floor":3.0},{"not_picked":["Quick Slash","Flying Knee","Caltrops"],"picked":"SKIP","floor":4.0},{"not_picked":["Deflect","Sucker Punch"],"picked":"Backflip","floor":7.0},{"not_picked":["Quick Slash","Deadly Poison","Underhanded Strike"],"picked":"SKIP","floor":10.0},{"not_picked":["Crippling Poison","Dagger Spray"],"picked":"Tactician","floor":12.0},{"not_picked":["Catalyst","Skewer"],"picked":"Malaise","floor":14.0},{"not_picked":["A Thousand Cuts","Adrenaline"],"picked":"Bullet Time","floor":16.0},{"not_picked":["Dagger Spray","Riddle With Holes"],"picked":"Crippling Poison","floor":18.0},{"not_picked":["Poisoned Stab","Flying Knee"],"picked":"Heel Hook+1","floor":20.0},{"not_picked":["Dagger Throw","Outmaneuver"],"picked":"Blade Dance","floor":21.0},{"not_picked":["Quick Slash","Poisoned Stab","Distraction"],"picked":"SKIP","floor":23.0},{"not_picked":["Cloak And Dagger","Expertise"],"picked":"Endless Agony","floor":25.0},{"not_picked":["Grand Finale","Bane"],"picked":"Riddle With Holes","floor":27.0},{"not_picked":["Concentrate","Leg Sweep","Deflect"],"picked":"SKIP","floor":29.0},{"not_picked":["Concentrate","Deflect"],"picked":"Leg Sweep","floor":29.0},{"not_picked":["Calculated Gamble","Underhanded Strike","Tactician"],"picked":"SKIP","floor":31.0},{"not_picked":["Underhanded Strike","Tactician"],"picked":"Calculated Gamble","floor":31.0},{"not_picked":["Wraith Form v2","Storm of Steel"],"picked":"Phantasmal Killer","floor":33.0},{"not_picked":["Dodge and Roll+1","Bane"],"picked":"Distraction+1","floor":35.0},{"not_picked":["Dagger Throw","Deflect"],"picked":"Backflip+1","floor":37.0},{"not_picked":["Tactician","Choke","Cloak And Dagger"],"picked":"SKIP","floor":38.0},{"not_picked":["Sucker Punch+1","Outmaneuver+1","Poisoned Stab"],"picked":"SKIP","floor":40.0},{"not_picked":["Underhanded Strike","Concentrate+1","Eviscerate+1"],"picked":"SKIP","floor":42},{"not_picked":["Poisoned Stab+1","Bane"],"picked":"Noxious Fumes","floor":46},{"not_picked":["Deflect","All Out Attack","Dodge and Roll"],"picked":"SKIP","floor":47},{"not_picked":["Deflect","All Out Attack","Dodge and Roll"],"picked":"SKIP","floor":47},{"not_picked":["Terror","Concentrate","Masterful Stab"],"picked":"SKIP","floor":48}],"player_experience":47055,"relics_obtained":[{"floor":7.0,"key":"Lizard Tail"},{"floor":9.0,"key":"Ninja Scroll"},{"floor":10.0,"key":"Oddly Smooth Stone"},{"floor":23.0,"key":"Whetstone"},{"floor":25.0,"key":"Anchor"},{"floor":29.0,"key":"Art of War"},{"floor":40.0,"key":"Smiling Mask"},{"floor":42,"key":"Sundial"},{"floor":43,"key":"Vajra"},{"floor":46,"key":"Mango"},{"floor":48,"key":"Strawberry"}],"event_choices":[{"cards_removed":["Strike_G"],"damage_healed":0.0,"max_hp_gain":0.0,"max_hp_loss":0.0,"gold_gain":0.0,"event_name":"The Cleric","player_choice":"Card Removal","floor":13.0,"gold_loss":75.0,"damage_taken":0.0},{"damage_healed":0.0,"max_hp_gain":0.0,"max_hp_loss":0.0,"gold_gain":0.0,"event_name":"Ghosts","player_choice":"Ignored","floor":19.0,"gold_loss":0.0,"damage_taken":0.0},{"damage_healed":0.0,"max_hp_gain":0.0,"max_hp_loss":0.0,"gold_gain":0.0,"event_name":"The Library","player_choice":"Read","floor":28.0,"gold_loss":0.0,"damage_taken":0.0,"cards_obtained":["Footwork"]},{"damage_healed":0.0,"max_hp_gain":0.0,"max_hp_loss":0.0,"gold_gain":0.0,"event_name":"Tomb of Lord Red Mask","player_choice":"Ignored","floor":36.0,"gold_loss":0.0,"damage_taken":0.0},{"damage_healed":0,"gold_gain":0,"player_choice":"1 cards matched","damage_taken":0,"max_hp_gain":0,"max_hp_loss":0,"event_name":"Match and Keep!","floor":44,"gold_loss":0,"cards_obtained":["Glass Knife"]}],"is_beta":false,"boss_relics":[{"not_picked":["WristBlade","Runic Dome"],"picked":"Runic Pyramid"},{"not_picked":["Tiny House","Snecko Eye"],"picked":"HoveringKite"}],"items_purged_floors":[5,22,30,39,41],"is_endless":false,"potions_floor_spawned":[3,4,10,14,16,21,23,29,31,33,35,40,48],"ascension_level":16}}