{"host":"pyvqvk2ltcevcwmf","time":1611052836,"event":{"mods":["BaseMod","BetterRewards","Good Game Mod","Marisa£®ÏF”Í°°ƒß¿Ì…≥£©","Minty Spire (QoL Compilation)","Rare Cards Sparkle","Shop Mod","Spicy Shops","StSLib","The Alterego","The Servant 0.9.4","Youmu£®ªÍ∆«—˝√Œ£©"],"gold_per_floor":[111,6,181,181,196,227,245,245,245,258,292,312,347,347,347,347,347],"floor_reached":16,"language":"ZHS","playtime":1261,"items_purged":[],"score":126,"play_id":"413e5d98-dc47-42d2-b5c8-f2f25b7ff49f","local_time":"20210119184036","is_ascension_mode":true,"campfire_choices":[{"data":"alterego_mod:IndependentAction","floor":8.0,"key":"SMITH"},{"data":"alterego_mod:1TonWallop","floor":15.0,"key":"SMITH"}],"circlet_count":0,"master_deck":["alterego_mod:Strike","alterego_mod:Strike","alterego_mod:Strike","alterego_mod:Strike","alterego_mod:Defend","alterego_mod:Defend","alterego_mod:Defend","alterego_mod:Defend","alterego_mod:Impale","alterego_mod:BigMeatyClaws","alterego_mod:BrynhildrsRune","alterego_mod:Tantrum","alterego_mod:Clap","alterego_mod:IndependentAction+1","alterego_mod:BiFurious","alterego_mod:Clones","alterego_mod:RingBreak","alterego_mod:1TonWallop","alterego_mod:TrashNCrash","alterego_mod:1TonWallop+1"],"relics":["alterego_mod:MasochisticConstitution","REME:ComplimentaryCards","NeowsBlessing","Meat on the Bone","Art of War","Orichalcum","Sundial","Golden Idol"],"acts_visited":["Exordium"],"potions_floor_usage":[16],"damage_taken":[{"damage":3.0,"enemies":"Cultist","floor":1.0,"turns":4.0},{"damage":1.0,"enemies":"Jaw Worm","floor":5.0,"turns":4.0},{"damage":4.0,"enemies":"3 Sentries","floor":6.0,"turns":3.0},{"damage":14.0,"enemies":"Small Slimes","floor":7.0,"turns":6.0},{"damage":10.0,"enemies":"Looter","floor":10.0,"turns":4.0},{"damage":20.0,"enemies":"Gremlin Nob","floor":11.0,"turns":4.0},{"damage":14.0,"enemies":"Lots of Slimes","floor":12.0,"turns":3.0},{"damage":12.0,"enemies":"3 Sentries","floor":13.0,"turns":3.0},{"damage":33,"enemies":"The Guardian","floor":16,"turns":10}],"seed_played":"-4518463939506687049","potions_obtained":[{"floor":1.0,"key":"Energy Potion"},{"floor":7.0,"key":"PowerPotion"},{"floor":12.0,"key":"Energy Potion"}],"is_trial":false,"path_per_floor":["M","$","?","?","M","E","M","R","T","M","E","M","E","?","R","B"],"character_chosen":"The_Alterego","items_purchased":["alterego_mod:IndependentAction"],"campfire_rested":0,"item_purchase_floors":[2],"current_hp_per_floor":[71,71,71,71,72,73,67,67,67,58,39,47,57,38,38,5,5],"gold":347,"neow_bonus":"THREE_ENEMY_KILL","is_daily":false,"chose_seed":false,"campfire_upgraded":2,"win_rate":0.0,"timestamp":1611052836,"path_taken":["M","$","?","?","M","E","M","R","T","M","E","M","E","?","R","BOSS"],"items_purchased_type":["Card"],"build_version":"2020-12-22","purchased_purges":0,"victory":false,"max_hp_per_floor":[71,71,71,71,72,73,74,74,74,75,76,77,78,78,78,78,78],"card_choices":[{"not_picked":["alterego_mod:Bounce","alterego_mod:Maid"],"picked":"alterego_mod:Clap","floor":1.0},{"not_picked":["alterego_mod:GoddessCore","alterego_mod:MagicResistance"],"picked":"alterego_mod:BiFurious","floor":5.0},{"not_picked":["alterego_mod:Table","alterego_mod:Cooking"],"picked":"alterego_mod:Clones","floor":6.0},{"not_picked":["alterego_mod:Cycle","alterego_mod:Cooking"],"picked":"alterego_mod:RingBreak","floor":7.0},{"not_picked":["alterego_mod:Rip","alterego_mod:Complex"],"picked":"alterego_mod:1TonWallop","floor":10.0},{"not_picked":["alterego_mod:GoddessCore","alterego_mod:Crossover"],"picked":"alterego_mod:TrashNCrash","floor":11.0},{"not_picked":["alterego_mod:Birthday","alterego_mod:MagicResistance"],"picked":"alterego_mod:1TonWallop","floor":12.0},{"not_picked":["alterego_mod:BoobPocket","alterego_mod:Complex","alterego_mod:Cooking"],"picked":"SKIP","floor":13.0}],"player_experience":227832,"relics_obtained":[{"floor":6.0,"key":"Meat on the Bone"},{"floor":9.0,"key":"Art of War"},{"floor":11.0,"key":"Orichalcum"},{"floor":13.0,"key":"Sundial"}],"event_choices":[{"damage_healed":0.0,"max_hp_gain":0.0,"max_hp_loss":0.0,"gold_gain":175.0,"event_name":"Liars Game","player_choice":"AGREE","floor":3.0,"gold_loss":0.0,"damage_taken":0.0,"cards_obtained":["Doubt"]},{"cards_removed":["Doubt"],"damage_healed":0.0,"max_hp_gain":0.0,"max_hp_loss":0.0,"gold_gain":0.0,"event_name":"Living Wall","player_choice":"Forget","floor":4.0,"gold_loss":0.0,"damage_taken":0.0},{"damage_healed":0.0,"max_hp_gain":0.0,"max_hp_loss":0.0,"gold_gain":0.0,"event_name":"Golden Idol","player_choice":"Take Damage","floor":14.0,"gold_loss":0.0,"damage_taken":19.0,"relics_obtained":["Golden Idol"]}],"is_beta":false,"boss_relics":[],"items_purged_floors":[],"is_endless":false,"potions_floor_spawned":[1,7,12],"killed_by":"The Guardian","ascension_level":1}}