{"host":"g5ztulhog0otympt","time":1611080788,"event":{"mods":["AchievementEnabler","BaseMod","Downfall","Hermit","Minty Spire (QoL Compilation)","StSLib","The Cursed"],"gold_per_floor":[116,129,129,204,204,204,232,232,232,243,243,257,273,223,223,320,320,331,331,331,430,355,355,382,382,407,407,99,110,127,137,137,233,233,245,142,159,179,191,191,191,191,218,237,257,277,0,15,15,15,15],"floor_reached":50,"language":"ENG","playtime":1004,"items_purged":["downfall:Bewildered"],"score":539,"play_id":"a161d662-5fea-4abe-8ec4-f5a59c4be371","local_time":"20210119202628","is_ascension_mode":true,"campfire_choices":[{"floor":6.0,"key":"REST"},{"floor":11.0,"key":"DIG"},{"floor":15.0,"key":"REST"},{"floor":23.0,"key":"DIG"},{"floor":25.0,"key":"DIG"},{"floor":32.0,"key":"REST"},{"floor":40.0,"key":"REST"},{"floor":49.0,"key":"REST"}],"circlet_count":0,"master_deck":["Strike_R","Strike_R+1","Strike_R","Strike_R","Strike_R+1","Defend_R","Defend_R","Defend_R","Defend_R","Bash+1","Perfected Strike","Decay","Fiend Fire+1","Flex","Entrench","Infernal Blade","Juggernaut","Thunderclap+1","Spot Weakness","Immolate+1","Iron Wave+1","Body Slam+1","Bludgeon+1","CurseOfTheBell","Cleave+1","Perfected Strike+1","Thunderclap+1","Infernal Blade+1","Good Instincts","Bash+1","Perfected Strike+1","Perfected Strike+1","Thunderclap+1","Perfected Strike+1"],"relics":["Burning Blood","Du-Vu Doll","Potion Belt","Shovel","Toy Ornithopter","Fusion Hammer","sneckomod:BabySnecko","Orichalcum","Molten Egg 2","Vajra","Pen Nib","Whetstone","Calling Bell","StoneCalendar","Kunai","Dream Catcher","Nunchaku","Red Mask"],"acts_visited":["Exordium","TheCity","TheBeyond"],"potions_floor_usage":[],"damage_taken":[{"damage":12.0,"enemies":"Small Slimes","floor":1.0,"turns":3.0},{"damage":6.0,"enemies":"Cultist","floor":2.0,"turns":3.0},{"damage":30.0,"enemies":"Gremlin Nob","floor":7.0,"turns":4.0},{"damage":3.0,"enemies":"Jaw Worm","floor":10.0,"turns":3.0},{"damage":6.0,"enemies":"3 Louse","floor":12.0,"turns":3.0},{"damage":14.0,"enemies":"2 Fungi Beasts","floor":13.0,"turns":3.0},{"damage":70.0,"enemies":"Hexaghost","floor":16.0,"turns":9.0},{"damage":10.0,"enemies":"Spheric Guardian","floor":18.0,"turns":3.0},{"damage":32.0,"enemies":"Slavers","floor":24.0,"turns":4.0},{"damage":4.0,"enemies":"3 Byrds","floor":29.0,"turns":3.0},{"damage":21.0,"enemies":"Shelled Parasite and Fungi","floor":30.0,"turns":3.0},{"damage":0.0,"enemies":"3 Cultists","floor":31.0,"turns":3.0},{"damage":81.0,"enemies":"Champ","floor":33.0,"turns":10.0},{"damage":10.0,"enemies":"Orb Walker","floor":35.0,"turns":2.0},{"damage":28.0,"enemies":"3 Darklings","floor":37.0,"turns":4.0},{"damage":42.0,"enemies":"Maw","floor":38.0,"turns":6.0},{"damage":9.0,"enemies":"4 Shapes","floor":39.0,"turns":2.0},{"damage":0.0,"enemies":"Transient","floor":42.0,"turns":1.0},{"damage":9.0,"enemies":"Sphere and 2 Shapes","floor":44.0,"turns":3.0},{"damage":19.0,"enemies":"3 Darklings","floor":45.0,"turns":3.0},{"damage":36.0,"enemies":"Transient","floor":46.0,"turns":5.0},{"damage":7.0,"enemies":"Spire Growth","floor":48.0,"turns":3.0},{"damage":71,"enemies":"Donu and Deca","floor":50,"turns":5}],"seed_played":"-7408369183358598820","potions_obtained":[{"floor":13.0,"key":"Energy Potion"},{"floor":16.0,"key":"SkillPotion"},{"floor":24.0,"key":"Swift Potion"},{"floor":31.0,"key":"Ancient Potion"},{"floor":35.0,"key":"Fruit Juice"},{"floor":37.0,"key":"Block Potion"},{"floor":38.0,"key":"Fruit Juice"}],"is_trial":false,"path_per_floor":["M","M","?","?","?","R","E","?","T","M","R","M","M","?","R","B",null,"M","?","?","?","$","R","E","R","T","?","$","M","M","M","R","B",null,"M","$","M","M","M","R","?","M","T","M","M","M","?","M","R","B"],"character_chosen":"IRONCLAD","items_purchased":["Whetstone","Immolate+1","SmokeBomb"],"campfire_rested":5,"item_purchase_floors":[28,28,36],"current_hp_per_floor":[74,74,79,68,68,85,61,61,61,64,64,64,56,56,81,22,85,81,81,81,81,81,81,60,60,60,60,60,62,47,53,78,13,85,81,90,68,42,39,67,67,78,78,75,62,37,37,36,64,0,0],"gold":15,"neow_bonus":"UPGRADE_CARD","is_daily":false,"chose_seed":false,"campfire_upgraded":0,"win_rate":0.0,"timestamp":1611080788,"path_taken":["M","M","?","?","?","R","E","?","T","M","R","?","M","?","R","BOSS","M","?","?","?","$","R","E","R","T","?","$","M","M","M","R","BOSS","M","$","M","M","M","R","?","?","T","M","M","M","?","M","R","BOSS"],"items_purchased_type":["Relic","Card","Potion"],"build_version":"2020-12-22","purchased_purges":1,"victory":false,"max_hp_per_floor":[80,80,85,85,85,85,85,85,85,85,85,85,85,85,85,85,85,85,85,85,85,85,85,85,85,85,85,85,85,85,85,85,85,85,85,90,90,95,95,95,95,95,95,95,95,95,95,95,95,95,95],"card_choices":[{"not_picked":["Iron Wave","Wild Strike"],"picked":"Perfected Strike","floor":1.0},{"not_picked":["Anger","Hemokinesis","Headbutt"],"picked":"SKIP","floor":2.0},{"not_picked":["Corruption","Searing Blow","Heavy Blade"],"picked":"SKIP","floor":7.0},{"not_picked":["Iron Wave","Twin Strike"],"picked":"Flex","floor":10.0},{"not_picked":["Sentinel","Heavy Blade"],"picked":"Entrench","floor":12.0},{"not_picked":["Armaments","Brutality"],"picked":"Infernal Blade","floor":13.0},{"not_picked":["Limit Break","Demon Form"],"picked":"Juggernaut","floor":16.0},{"not_picked":["Anger","Armaments"],"picked":"Thunderclap+1","floor":18.0},{"not_picked":["Burning Pact","Sword Boomerang+1"],"picked":"Spot Weakness","floor":24.0},{"not_picked":["Rage","Combust+1"],"picked":"Iron Wave+1","floor":29.0},{"not_picked":["Sever Soul+1","Shockwave"],"picked":"Body Slam+1","floor":30.0},{"not_picked":["Entrench","Bloodletting","Dual Wield"],"picked":"SKIP","floor":31.0},{"not_picked":["Immolate+1","Reaper+1"],"picked":"Bludgeon+1","floor":33.0},{"not_picked":["Battle Trance+1","Body Slam+1"],"picked":"Cleave+1","floor":35.0},{"not_picked":["Havoc+1","Bloodletting"],"picked":"Perfected Strike+1","floor":37.0},{"not_picked":["Shockwave","Clothesline+1"],"picked":"Thunderclap+1","floor":38.0},{"not_picked":["Combust+1","Cleave+1"],"picked":"Infernal Blade+1","floor":39.0},{"not_picked":["Disarm","Shrug It Off","Juggernaut"],"picked":"SKIP","floor":44.0},{"not_picked":["Pommel Strike+1","Anger+1"],"picked":"Perfected Strike+1","floor":45.0},{"not_picked":["Warcry","Wild Strike+1"],"picked":"Perfected Strike+1","floor":46.0},{"not_picked":["Disarm","Dual Wield"],"picked":"Thunderclap+1","floor":48.0},{"not_picked":["Headbutt+1","Cleave+1"],"picked":"Perfected Strike+1","floor":49.0}],"player_experience":106890,"relics_obtained":[{"floor":7.0,"key":"Potion Belt"},{"floor":9.0,"key":"Shovel"},{"floor":11.0,"key":"Toy Ornithopter"},{"floor":23.0,"key":"Orichalcum"},{"floor":24.0,"key":"Molten Egg 2"},{"floor":25.0,"key":"Vajra"},{"floor":26.0,"key":"Pen Nib"},{"floor":34.0,"key":"StoneCalendar"},{"floor":34.0,"key":"Kunai"},{"floor":34.0,"key":"Dream Catcher"},{"floor":43.0,"key":"Nunchaku"}],"event_choices":[{"damage_healed":0.0,"max_hp_gain":5.0,"max_hp_loss":0.0,"gold_gain":0.0,"event_name":"Big Fish","player_choice":"Donut","floor":3.0,"gold_loss":0.0,"damage_taken":0.0},{"damage_healed":0.0,"max_hp_gain":0.0,"max_hp_loss":0.0,"gold_gain":75.0,"event_name":"World of Goop","player_choice":"Gather Gold","floor":4.0,"gold_loss":0.0,"damage_taken":11.0},{"damage_healed":0.0,"max_hp_gain":0.0,"max_hp_loss":0.0,"gold_gain":0.0,"event_name":"Accursed Blacksmith","player_choice":"Forge","floor":8.0,"gold_loss":0.0,"damage_taken":0.0,"cards_upgraded":["Fiend Fire"]},{"cards_removed":["Doubt"],"damage_healed":0.0,"max_hp_gain":0.0,"max_hp_loss":0.0,"gold_gain":0.0,"event_name":"The Cleric","player_choice":"Card Removal","floor":14.0,"gold_loss":50.0,"damage_taken":0.0},{"damage_healed":0.0,"max_hp_gain":0.0,"max_hp_loss":0.0,"gold_gain":0.0,"event_name":"Vampires","player_choice":"Ignored","floor":20.0,"gold_loss":0.0,"damage_taken":0.0},{"damage_healed":0.0,"max_hp_gain":0.0,"max_hp_loss":0.0,"gold_gain":99.0,"event_name":"Nest","player_choice":"Stole From Cult","floor":21.0,"gold_loss":0.0,"damage_taken":0.0},{"cards_removed":["Doubt"],"damage_healed":0.0,"max_hp_gain":0.0,"max_hp_loss":0.0,"gold_gain":0.0,"event_name":"Purifier","player_choice":"Purged","floor":27.0,"gold_loss":0.0,"damage_taken":0.0},{"damage_healed":0.0,"max_hp_gain":0.0,"max_hp_loss":0.0,"gold_gain":0.0,"event_name":"Match and Keep!","player_choice":"2 cards matched","floor":41.0,"gold_loss":0.0,"damage_taken":0.0,"cards_obtained":["Good Instincts","Bash"]},{"damage_healed":0.0,"max_hp_gain":0.0,"max_hp_loss":0.0,"gold_gain":0.0,"event_name":"Tomb of Lord Red Mask","player_choice":"Paid","floor":47.0,"gold_loss":277.0,"damage_taken":0.0,"relics_obtained":["Red Mask"]}],"is_beta":false,"boss_relics":[{"not_picked":["Snecko Eye","Sozu"],"picked":"Fusion Hammer"},{"not_picked":["Black Blood","Tiny House"],"picked":"Calling Bell"}],"items_purged_floors":[22],"is_endless":false,"potions_floor_spawned":[13,16,24,31,35,37,38,42],"killed_by":"Donu and Deca","ascension_level":1}}