{"host":"zq4tmp0p98b2vpa9","time":1611069835,"event":{"mods":["AchievementEnabler","BaseMod","Minty Spire (QoL Compilation)","Relic Stats","ojb\u0027s Info Mod"],"gold_per_floor":[110,185,285,304,324,324,337,82,82,82,99,110,285,72,72,170,170,183,199,124,124,141,171,171,171],"floor_reached":24,"language":"ENG","playtime":1313,"items_purged":["Strike_B","Doubt"],"score":188,"play_id":"691969b2-ec90-4106-818d-ead2a791bda5","local_time":"20210119162355","is_ascension_mode":false,"campfire_choices":[{"data":"Streamline","floor":6,"key":"SMITH"},{"floor":15,"key":"REST"}],"circlet_count":0,"master_deck":["Strike_B","Strike_B","Defend_B","Defend_B","Defend_B","Defend_B","Zap","Dualcast","Master of Strategy","Conserve Battery","Streamline+1","Streamline","Rebound","Conserve Battery","Hologram","Sunder","Glacier+1","Self Repair","Dark Shackles+1","Leap+1","Electrodynamics","Defragment","Storm"],"relics":["Cracked Core","Orrery","Toxic Egg 2","Philosopher\u0027s Stone","Red Mask"],"acts_visited":["Exordium","TheCity"],"potions_floor_usage":[18,18,23],"damage_taken":[{"damage":1,"enemies":"Cultist","floor":1,"turns":4},{"damage":1,"enemies":"2 Louse","floor":4,"turns":3},{"damage":7,"enemies":"Small Slimes","floor":5,"turns":3},{"damage":6,"enemies":"Red Slaver","floor":7,"turns":3},{"damage":7,"enemies":"Gremlin Gang","floor":11,"turns":4},{"damage":3,"enemies":"Looter","floor":12,"turns":3},{"damage":13,"enemies":"The Guardian","floor":16,"turns":12},{"damage":21,"enemies":"3 Byrds","floor":18,"turns":3},{"damage":4,"enemies":"Spheric Guardian","floor":19,"turns":4},{"damage":21,"enemies":"Centurion and Healer","floor":22,"turns":7},{"damage":42,"enemies":"Masked Bandits","floor":23,"turns":4},{"damage":10,"enemies":"Book of Stabbing","floor":24,"turns":1}],"seed_played":"-4640425485029907570","potions_obtained":[{"floor":1,"key":"Weak Potion"},{"floor":5,"key":"Fruit Juice"},{"floor":12,"key":"PotionOfCapacity"},{"floor":18,"key":"Block Potion"},{"floor":22,"key":"LiquidMemories"},{"floor":23,"key":"Ancient Potion"}],"is_trial":false,"path_per_floor":["M","?","?","M","M","R","M","$","T","?","M","M","?","$","R","B",null,"M","M","?","$","M","?","E"],"character_chosen":"DEFECT","items_purchased":["Orrery","Sunder","Dark Shackles+1","Leap+1"],"campfire_rested":1,"item_purchase_floors":[8,8,14,14],"current_hp_per_floor":[53,42,42,41,34,34,28,28,28,28,21,18,18,18,40,34,75,59,62,62,62,48,6,0,0],"gold":171,"neow_bonus":"RANDOM_COLORLESS_2","is_daily":false,"chose_seed":false,"campfire_upgraded":1,"win_rate":0.0,"timestamp":1611069835,"path_taken":["M","?","?","M","?","R","M","$","T","?","M","?","?","$","R","BOSS","M","M","?","$","M","?","E"],"items_purchased_type":["Relic","Card","Card","Card"],"build_version":"2020-12-22","purchased_purges":2,"victory":false,"max_hp_per_floor":[75,75,75,75,75,75,75,75,75,75,75,75,75,75,75,75,75,80,80,80,80,80,80,80,80],"relic_stats":{"counters":[12,51],"obtain_stats":[{"Orrery":8,"Philosopher\u0027s Stone":17,"Red Mask":23,"Toxic Egg 2":9,"Cracked Core":0},{"Orrery":4,"Philosopher\u0027s Stone":7,"Red Mask":11,"Toxic Egg 2":4,"Cracked Core":0},{"Orrery":13,"Philosopher\u0027s Stone":32,"Red Mask":50,"Toxic Egg 2":13,"Cracked Core":0}]},"card_choices":[{"not_picked":["Panache","Secret Weapon"],"picked":"Master of Strategy","floor":0},{"not_picked":["Stack","Capacitor"],"picked":"Conserve Battery","floor":1},{"not_picked":["Melter","Genetic Algorithm"],"picked":"Streamline","floor":4},{"not_picked":["Leap","Stack","Go for the Eyes"],"picked":"SKIP","floor":5},{"not_picked":["Creative AI","Self Repair"],"picked":"Streamline","floor":7},{"not_picked":["Conserve Battery","Auto Shields"],"picked":"Rebound","floor":8},{"not_picked":["Storm","Thunder Strike"],"picked":"Conserve Battery","floor":8},{"not_picked":["Stack","Cold Snap"],"picked":"Hologram","floor":8},{"not_picked":["Chill+1","Coolheaded+1"],"picked":"Glacier+1","floor":11},{"not_picked":["Stack+1","Leap+1"],"picked":"Self Repair","floor":12},{"not_picked":["Biased Cognition","Thunder Strike"],"picked":"Electrodynamics","floor":16},{"not_picked":["Sunder","Cold Snap"],"picked":"Defragment","floor":18},{"not_picked":["Beam Cell","Stack+1"],"picked":"Storm","floor":19},{"not_picked":["Streamline","Beam Cell","Aggregate+1"],"picked":"SKIP","floor":22}],"player_experience":252815,"relics_obtained":[{"floor":9,"key":"Toxic Egg 2"},{"floor":23,"key":"Red Mask"}],"event_choices":[{"damage_healed":0,"gold_gain":75,"player_choice":"Gather Gold","damage_taken":11,"max_hp_gain":0,"max_hp_loss":0,"event_name":"World of Goop","floor":2,"gold_loss":0},{"damage_healed":0,"gold_gain":100,"player_choice":"Pray","damage_taken":0,"max_hp_gain":0,"max_hp_loss":0,"event_name":"Golden Shrine","floor":3,"gold_loss":0},{"damage_healed":0,"gold_gain":0,"player_choice":"Bought 0 Potions","damage_taken":0,"max_hp_gain":0,"max_hp_loss":0,"event_name":"The Woman in Blue","floor":10,"gold_loss":0},{"damage_healed":0,"gold_gain":175,"player_choice":"AGREE","damage_taken":0,"max_hp_gain":0,"max_hp_loss":0,"event_name":"Liars Game","floor":13,"gold_loss":0,"cards_obtained":["Doubt"]},{"cards_removed":["Strike_B"],"damage_healed":0,"gold_gain":0,"player_choice":"Gave Gold","damage_taken":0,"max_hp_gain":0,"max_hp_loss":0,"event_name":"Beggar","floor":20,"gold_loss":75},{"damage_healed":0,"gold_gain":0,"player_choice":"Fought Bandits","damage_taken":0,"max_hp_gain":0,"max_hp_loss":0,"event_name":"Masked Bandits","floor":23,"gold_loss":0}],"is_beta":false,"boss_relics":[{"not_picked":["Fusion Hammer","Runic Dome"],"picked":"Philosopher\u0027s Stone"}],"items_purged_floors":[8,14],"is_endless":false,"potions_floor_spawned":[1,5,12,18,22,23],"killed_by":"Book of Stabbing","ascension_level":0}}