{"host":"skr63qsdfgeey3it","time":1611035685,"event":{"mods":["BaseMod","Colored Map","Hubris","Minty Spire (QoL Compilation)","Replay The Spire","Spicy Shops","StSLib"],"gold_per_floor":[113,113,131,131,150,150,150,215,238,238,264,279,289,317,317,317,317],"floor_reached":16,"language":"ENG","playtime":387,"items_purged":[],"score":185,"play_id":"42c00a32-5c01-48ca-bf8e-684f05a5bcf8","local_time":"20210118235445","is_ascension_mode":true,"campfire_choices":[{"floor":6,"key":"REST"},{"floor":10,"key":"REST"},{"floor":15,"key":"REST"}],"circlet_count":0,"master_deck":["AscendersBane","Strike_R","Strike_R","Strike_R+1","Strike_R","Strike_R","Defend_R","Defend_R+1","Defend_R","Defend_R+1","Bash","Thunderclap","Regret","Body Slam+1","Pot Of Greed","Pot Of Greed","Bludgeon"],"relics":["Fusion Hammer","Replay:Kaleidoscope","War Paint","SsserpentHead","Gremlin Food","Grinning Jar","Anchor"],"acts_visited":["Exordium"],"potions_floor_usage":[12,14],"damage_taken":[{"damage":7,"enemies":"Jaw Worm","floor":1,"turns":3},{"damage":3,"enemies":"2 Louse","floor":3,"turns":3},{"damage":2,"enemies":"Cultist","floor":5,"turns":3},{"damage":5,"enemies":"Exordium Thugs","floor":8,"turns":4},{"damage":20,"enemies":"Lagavulin","floor":11,"turns":5},{"damage":1,"enemies":"3 Louse","floor":12,"turns":3},{"damage":2,"enemies":"Large Slime","floor":13,"turns":4},{"damage":25,"enemies":"3 Sentries","floor":14,"turns":7},{"damage":56,"enemies":"Slime Boss","floor":16,"turns":7}],"seed_played":"8654154287796148210","potions_obtained":[{"floor":1,"key":"EssenceOfSteel"},{"floor":8,"key":"Fire Potion"}],"is_trial":false,"path_per_floor":["M","?","M","?","M","R","?","M","T","R","E","M","M","E","R","B"],"character_chosen":"IRONCLAD","items_purchased":[],"campfire_rested":3,"item_purchase_floors":[],"current_hp_per_floor":[65,58,55,55,53,77,77,72,72,80,60,59,57,32,56,0,0],"gold":317,"neow_bonus":"BOSS_RELIC","is_daily":false,"chose_seed":false,"campfire_upgraded":0,"win_rate":0.0,"timestamp":1611035685,"path_taken":["M","?","M","?","M","R","?","?","T","R","E","M","M","E","R","BOSS"],"items_purchased_type":[],"build_version":"2020-12-22","purchased_purges":0,"victory":false,"max_hp_per_floor":[80,80,80,80,80,80,80,80,80,80,80,80,80,80,80,80,80],"card_choices":[{"not_picked":["Feel No Pain","Battle Trance"],"picked":"Thunderclap","floor":1},{"not_picked":["Perfected Strike","Anger","Abandon"],"picked":"SKIP","floor":3},{"not_picked":["Replay:Undeath\u0027s Touch","ReplayTheSpireMod:Strike From Hell"],"picked":"Body Slam","floor":5},{"not_picked":["hubris:ReadiedAction","Headbutt","Twin Strike"],"picked":"SKIP","floor":8},{"not_picked":["Warcry","Sword Boomerang"],"picked":"Bludgeon","floor":11},{"not_picked":["Clothesline","Second Wind","Sever Soul"],"picked":"SKIP","floor":12},{"not_picked":["Pommel Strike","ReplayTheSpireMod:Strike From Hell","Feel No Pain"],"picked":"SKIP","floor":13},{"not_picked":["Run Through","Hemokinesis","True Grit"],"picked":"SKIP","floor":14}],"player_experience":750456,"relics_obtained":[{"floor":9,"key":"Gremlin Food"},{"floor":11,"key":"Grinning Jar"},{"floor":14,"key":"Anchor"}],"event_choices":[{"damage_healed":0,"gold_gain":0,"player_choice":"Success","damage_taken":7,"relics_obtained":["Replay:Kaleidoscope"],"max_hp_gain":0,"max_hp_loss":0,"event_name":"Scrap Ooze","floor":2,"gold_loss":0},{"damage_healed":0,"gold_gain":0,"player_choice":"Box","damage_taken":0,"relics_obtained":["War Paint"],"max_hp_gain":0,"max_hp_loss":0,"event_name":"Big Fish","floor":4,"gold_loss":0,"cards_obtained":["Regret"]},{"damage_healed":0,"gold_gain":0,"player_choice":"Trade","damage_taken":0,"relics_obtained":["SsserpentHead"],"max_hp_gain":0,"max_hp_loss":0,"event_name":"FaceTrader","floor":7,"gold_loss":0}],"is_beta":false,"boss_relics":[],"items_purged_floors":[],"is_endless":false,"potions_floor_spawned":[1,8,11],"killed_by":"Slime Boss","ascension_level":13}}