{"host":"y76clbnovzmw9ubx","time":1611022439,"event":{"mods":["AchievementEnabler","BaseMod","Minty Spire (QoL Compilation)","Permanent Neow","Relic Stats"],"gold_per_floor":[20,37,48,67,85,85,111,10,88,88,105,138,138,153,153,228,228,240,260,278,295,315,349,29,29,54,83,83,111,128,139,139,139,139],"floor_reached":33,"language":"ENG","playtime":1881,"items_purged":["Strike_G"],"score":796,"play_id":"c8b7d446-7e9b-40b0-b9c6-325d59db93c7","local_time":"20210118211359","is_ascension_mode":true,"campfire_choices":[{"data":"Panache","floor":6,"key":"SMITH"},{"data":"Cloak And Dagger","floor":10,"key":"SMITH"},{"data":"Blade Dance","floor":13,"key":"SMITH"},{"data":"Venomology","floor":15,"key":"SMITH"},{"data":"Footwork","floor":25,"key":"SMITH"},{"data":"Malaise","floor":32,"key":"SMITH"}],"circlet_count":0,"master_deck":["AscendersBane","Strike_G","Strike_G","Strike_G","Strike_G","Defend_G","Defend_G","Defend_G","Defend_G","Defend_G","Survivor","Neutralize","Panache+1","Cloak And Dagger+1","Blade Dance+1","Backstab","Dagger Throw","Venomology+1","Impatience","PiercingWail","Adrenaline","Deflect","Blur","Outmaneuver","Blur+1","Footwork+1","Dodge and Roll","Malaise+1","Calculated Gamble","Cloak And Dagger"],"relics":["Ring of the Snake","Letter Opener","Bottled Tornado","Thread and Needle","Runic Pyramid","Blood Vial","Toy Ornithopter","Centennial Puzzle","Meat on the Bone"],"acts_visited":["Exordium","TheCity"],"potions_floor_usage":[4,7,16,18,20,21,27,29,33,33],"damage_taken":[{"damage":11,"enemies":"Cultist","floor":1,"turns":5},{"damage":4,"enemies":"Small Slimes","floor":2,"turns":5},{"damage":0,"enemies":"2 Louse","floor":3,"turns":3},{"damage":0,"enemies":"Exordium Thugs","floor":4,"turns":3},{"damage":0,"enemies":"Exordium Wildlife","floor":5,"turns":4},{"damage":0,"enemies":"Gremlin Nob","floor":7,"turns":2},{"damage":0,"enemies":"Large Slime","floor":11,"turns":3},{"damage":14,"enemies":"Lagavulin","floor":12,"turns":6},{"damage":0,"enemies":"Looter","floor":14,"turns":2},{"damage":12,"enemies":"Hexaghost","floor":16,"turns":9},{"damage":0,"enemies":"2 Thieves","floor":18,"turns":2},{"damage":0,"enemies":"Spheric Guardian","floor":19,"turns":1},{"damage":0,"enemies":"Snecko","floor":20,"turns":5},{"damage":0,"enemies":"3 Cultists","floor":21,"turns":3},{"damage":0,"enemies":"Centurion and Healer","floor":22,"turns":4},{"damage":0,"enemies":"Gremlin Leader","floor":23,"turns":4},{"damage":9,"enemies":"Book of Stabbing","floor":27,"turns":5},{"damage":0,"enemies":"Slavers","floor":29,"turns":2},{"damage":8,"enemies":"Snake Plant","floor":30,"turns":4},{"damage":2,"enemies":"Chosen and Byrds","floor":31,"turns":3},{"damage":82,"enemies":"Champ","floor":33,"turns":19}],"seed_played":"-7390097454403195599","potions_obtained":[{"floor":1,"key":"Swift Potion"},{"floor":2,"key":"Fire Potion"},{"floor":3,"key":"Regen Potion"},{"floor":16,"key":"DistilledChaos"},{"floor":18,"key":"Energy Potion"},{"floor":20,"key":"LiquidBronze"}],"is_trial":false,"path_per_floor":["M","M","M","M","M","R","E","$","T","R","M","E","R","M","R","B",null,"M","M","M","M","M","E","$","R","T","E","$","E","M","M","R","B"],"character_chosen":"THE_SILENT","items_purchased":["Impatience","Footwork","GhostInAJar","Dodge and Roll"],"campfire_rested":0,"item_purchase_floors":[8,24,24,24],"current_hp_per_floor":[48,44,44,53,53,53,53,53,53,53,53,39,39,39,39,27,56,56,56,56,56,56,56,56,56,56,54,54,61,55,55,55,0,0],"gold":139,"neow_bonus":"RANDOM_COLORLESS_2","is_daily":false,"chose_seed":false,"campfire_upgraded":6,"win_rate":0.0,"timestamp":1611022439,"path_taken":["M","M","?","M","M","R","E","$","T","R","M","E","R","M","R","BOSS","M","?","?","M","M","E","$","R","T","E","?","E","M","M","R","BOSS"],"items_purchased_type":["Card","Card","Potion","Card"],"build_version":"2020-12-22","purchased_purges":1,"victory":false,"max_hp_per_floor":[66,66,66,66,66,66,66,66,66,66,66,66,66,66,66,66,66,66,66,66,66,66,66,66,66,66,66,66,66,66,66,66,66,66],"relic_stats":{"Blood Vial":10,"Centennial Puzzle":[9],"counters":[21,94],"Letter Opener":[205],"obtain_stats":[{"Blood Vial":23,"Centennial Puzzle":27,"Thread and Needle":12,"Letter Opener":7,"Bottled Tornado":9,"Toy Ornithopter":26,"Ring of the Snake":0,"Runic Pyramid":17,"Meat on the Bone":29},{"Blood Vial":16,"Centennial Puzzle":17,"Thread and Needle":8,"Letter Opener":6,"Bottled Tornado":6,"Toy Ornithopter":16,"Ring of the Snake":0,"Runic Pyramid":10,"Meat on the Bone":18},{"Blood Vial":61,"Centennial Puzzle":66,"Thread and Needle":31,"Letter Opener":22,"Bottled Tornado":22,"Toy Ornithopter":61,"Ring of the Snake":0,"Runic Pyramid":42,"Meat on the Bone":68}],"Toy Ornithopter":20,"Ring of the Snake":[42],"Meat on the Bone":0},"card_choices":[{"not_picked":["Master of Strategy","Violence"],"picked":"Panache","floor":0},{"not_picked":["Underhanded Strike","Masterful Stab"],"picked":"Cloak And Dagger","floor":1},{"not_picked":["Sucker Punch","Blur"],"picked":"Blade Dance","floor":2},{"not_picked":["Slice","Blade Dance"],"picked":"Backstab","floor":3},{"not_picked":["Outmaneuver","Dodge and Roll","Calculated Gamble"],"picked":"SKIP","floor":4},{"not_picked":["Expertise","Backflip"],"picked":"Dagger Throw","floor":5},{"not_picked":["Well Laid Plans","Underhanded Strike"],"picked":"Venomology","floor":7},{"not_picked":["Deflect","Sucker Punch"],"picked":"PiercingWail","floor":11},{"not_picked":["Dagger Throw","Flechettes","Outmaneuver"],"picked":"SKIP","floor":12},{"not_picked":["Prepared","Slice","Acrobatics"],"picked":"SKIP","floor":14},{"not_picked":["Tools of the Trade","Envenom"],"picked":"Adrenaline","floor":16},{"not_picked":["PiercingWail","Outmaneuver"],"picked":"Deflect","floor":18},{"not_picked":["Poisoned Stab","PiercingWail"],"picked":"Blur","floor":19},{"not_picked":["Flying Knee+1","Bane"],"picked":"Outmaneuver","floor":20},{"not_picked":["Bane","Predator","Dagger Spray"],"picked":"SKIP","floor":21},{"not_picked":["Slice+1","Dash","Tactician"],"picked":"SKIP","floor":22},{"not_picked":["PiercingWail","Backflip"],"picked":"Blur+1","floor":23},{"not_picked":["Outmaneuver","Sucker Punch"],"picked":"Malaise","floor":27},{"not_picked":["Dodge and Roll","Riddle With Holes","Eviscerate"],"picked":"SKIP","floor":29},{"not_picked":["Predator","Poisoned Stab"],"picked":"Calculated Gamble","floor":30},{"not_picked":["Flying Knee","Crippling Poison"],"picked":"Cloak And Dagger","floor":31}],"player_experience":3084769,"relics_obtained":[{"floor":7,"key":"Letter Opener"},{"floor":9,"key":"Bottled Tornado"},{"floor":12,"key":"Thread and Needle"},{"floor":23,"key":"Blood Vial"},{"floor":26,"key":"Toy Ornithopter"},{"floor":27,"key":"Centennial Puzzle"},{"floor":29,"key":"Meat on the Bone"}],"event_choices":[],"is_beta":false,"boss_relics":[{"not_picked":["Pandora\u0027s Box","Cursed Key"],"picked":"Runic Pyramid"}],"items_purged_floors":[24],"is_endless":false,"potions_floor_spawned":[1,2,3,14,16,18,20,22,27,29,30],"killed_by":"Champ","ascension_level":20}}