{"host":"qqgw5gp46oujbhdl","time":1611069679,"event":{"mods":["Aspiration","Bard","BaseMod","BetterRewards","CatGirl Mod","Downfall","Hermit","Infinite Spire","Minty Spire (QoL Compilation)","StSLib","The Death Knight","The Disciple","The Forsaken","The Hierophant","The Problem Sleuth","The Servant 0.9.4","The Spell Scribe","The Valiant","TheBandit","TheVacant","Wandering Minibosses"],"gold_per_floor":[116,116,116,131,176,176,199,199,224,224,299,324,21,41,41,41,41],"floor_reached":16,"language":"POL","playtime":10177,"items_purged":[],"score":90,"play_id":"447e3598-9ccc-4c1c-89f3-b0ccb0b3fb6c","local_time":"20210119162119","is_ascension_mode":false,"campfire_choices":[{"floor":6.0,"key":"REST"},{"data":"DeathKnight:RuneShock","floor":8.0,"key":"SMITH"},{"data":"DeathKnight:RuneStrike","floor":10.0,"key":"SMITH"},{"data":"DeathKnight:Strike_DeathKnight","floor":15.0,"key":"PURGE"}],"circlet_count":0,"master_deck":["DeathKnight:Strike_DeathKnight","DeathKnight:Strike_DeathKnight","DeathKnight:Strike_DeathKnight","DeathKnight:Strike_DeathKnight","DeathKnight:Defend_DeathKnight","DeathKnight:Defend_DeathKnight","DeathKnight:Defend_DeathKnight","DeathKnight:Defend_DeathKnight","DeathKnight:Defend_DeathKnight","DeathKnight:RuneTap","DeathKnight:RuneStrike+1","DeathKnight:ShatteringStrikes","DeathKnight:DeathGrip","DeathKnight:RuneShock+1","DeathKnight:BloodStrike","DeathKnight:IceboundArmor"],"relics":["DeathKnight:BrokenRuneblade","Golden Idol","Dream Catcher","Regal Pillow","Peace Pipe"],"acts_visited":["Exordium"],"potions_floor_usage":[],"damage_taken":[{"damage":8.0,"enemies":"Jaw Worm","floor":1.0,"turns":4.0},{"damage":3.0,"enemies":"Small Slimes","floor":4.0,"turns":2.0},{"damage":0.0,"enemies":"Cultist","floor":7.0,"turns":3.0},{"damage":11.0,"enemies":"2 Fungi Beasts","floor":12.0,"turns":3.0},{"damage":16.0,"enemies":"Exordium Thugs","floor":14.0,"turns":3.0},{"damage":0,"enemies":"Slime Boss","floor":16,"turns":1}],"seed_played":"3501521394822649440","potions_obtained":[{"floor":4.0,"key":"bronze:BurnAndBuffPotion"},{"floor":7.0,"key":"Fire Potion"}],"is_trial":false,"path_per_floor":["M","?","?","M","T","R","M","R","T","R","?","M","$","M","R","B"],"character_chosen":"DEATH_KNIGHT","items_purchased":["Peace Pipe"],"campfire_rested":1,"item_purchase_floors":[13],"current_hp_per_floor":[74,54,54,51,51,75,75,75,75,75,67,56,56,40,40,40,40],"gold":41,"neow_bonus":"TEN_PERCENT_HP_BONUS","is_daily":false,"chose_seed":false,"campfire_upgraded":2,"win_rate":0.0,"timestamp":1611069679,"path_taken":["M","?","?","M","?","R","M","R","T","R","?","?","$","M","R","BOSS"],"items_purchased_type":["Relic"],"build_version":"2020-12-22","purchased_purges":0,"victory":false,"max_hp_per_floor":[82,82,82,82,82,82,82,82,82,82,82,82,82,82,82,82,82],"card_choices":[{"not_picked":["DeathKnight:RunicCorruption","DeathKnight:Hysteria"],"picked":"DeathKnight:ShatteringStrikes","floor":1.0},{"not_picked":["DeathKnight:UnholyPresence","DeathKnight:ShatteringStrikes","DeathKnight:RaiseAlly"],"picked":"SKIP","floor":4.0},{"not_picked":["DeathKnight:MutagenicPlague","DeathKnight:FrosPresence"],"picked":"DeathKnight:DeathGrip","floor":6.0},{"not_picked":["DeathKnight:BoneSpear","DeathKnight:UnholyExperiment"],"picked":"DeathKnight:RuneShock","floor":7.0},{"not_picked":["DeathKnight:WraithWalk","DeathKnight:Hysteria"],"picked":"DeathKnight:BloodStrike","floor":12.0},{"not_picked":["DeathKnight:RaiseAlly","DeathKnight:BloodStrike"],"picked":"DeathKnight:IceboundArmor","floor":14.0}],"player_experience":431827,"relics_obtained":[{"floor":5.0,"key":"Dream Catcher"},{"floor":9.0,"key":"Regal Pillow"}],"event_choices":[{"damage_healed":0.0,"max_hp_gain":0.0,"max_hp_loss":0.0,"gold_gain":0.0,"event_name":"Golden Idol","player_choice":"Take Damage","floor":2.0,"gold_loss":0.0,"damage_taken":20.0,"relics_obtained":["Golden Idol"]},{"damage_healed":0.0,"max_hp_gain":0.0,"max_hp_loss":0.0,"gold_gain":75.0,"event_name":"FaceTrader","player_choice":"Touch","floor":11.0,"gold_loss":0.0,"damage_taken":8.0}],"is_beta":false,"boss_relics":[],"items_purged_floors":[],"is_endless":false,"potions_floor_spawned":[4,7],"killed_by":"Slime Boss","ascension_level":0}}