{"host":"lnt5dzsuhru0aonl","time":1611060823,"event":{"mods":["2.2 Compatiblity","BaseMod","Colored Map","Colored Powertips","DeckTracker","Keyboard Shortcuts","Minty Spire (QoL Compilation)","Permanent Neow","StSLib","SuperFastMode","everything is the same but u backflip on backflip"],"gold_per_floor":[111,111,129,129,129,129,160,160,160,172,172,188,188,26,26,100,100,112,112,33,33,33,33,33,33],"floor_reached":24,"language":"KOR","playtime":473,"items_purged":[],"score":380,"play_id":"4f614b9c-4a5e-42bf-887b-afd52813d36f","local_time":"20210119215343","is_ascension_mode":true,"campfire_choices":[{"data":"Dualcast","floor":6,"key":"SMITH"},{"data":"Ball Lightning","floor":8,"key":"SMITH"},{"floor":11,"key":"REST"},{"data":"Coolheaded","floor":13,"key":"SMITH"},{"data":"Glacier","floor":15,"key":"SMITH"},{"data":"Buffer","floor":23,"key":"SMITH"}],"circlet_count":0,"master_deck":["AscendersBane","Strike_B+1","Strike_B","Defend_B","Defend_B","Defend_B","Defend_B","Zap+1","Dualcast+1","Scrape","Undo","FTL","Skim","Ball Lightning+1","Glacier+1","Coolheaded+1","Core Surge","Turbo","Buffer+1"],"relics":["Cracked Core","StrikeDummy","Cables","Bottled Lightning","Runic Capacitor","Inserter","Enchiridion"],"acts_visited":["Exordium","TheCity"],"potions_floor_usage":[16,16],"damage_taken":[{"damage":2,"enemies":"Jaw Worm","floor":1,"turns":3},{"damage":7,"enemies":"Cultist","floor":3,"turns":4},{"damage":7,"enemies":"Lagavulin","floor":7,"turns":7},{"damage":12,"enemies":"Small Slimes","floor":10,"turns":3},{"damage":0,"enemies":"Exordium Wildlife","floor":12,"turns":4},{"damage":27,"enemies":"Slime Boss","floor":16,"turns":11},{"damage":13,"enemies":"Chosen","floor":18,"turns":4},{"damage":28,"enemies":"Book of Stabbing","floor":24,"turns":4}],"seed_played":"-2769459528554829378","potions_obtained":[{"floor":7,"key":"Fruit Juice"},{"floor":10,"key":"Block Potion"}],"is_trial":false,"path_per_floor":["M","?","M","?","T","R","E","R","T","M","R","M","R","$","R","B",null,"M","?","$","?","?","R","E"],"character_chosen":"DEFECT","items_purchased":["Runic Capacitor","Buffer"],"campfire_rested":1,"item_purchase_floors":[14,20],"current_hp_per_floor":[62,62,55,34,34,34,27,27,27,15,36,36,36,36,36,14,61,48,27,27,27,27,27,0,0],"gold":33,"neow_bonus":"TRANSFORM_CARD","is_daily":false,"chose_seed":false,"campfire_upgraded":5,"win_rate":0.0,"timestamp":1611060823,"path_taken":["M","?","?","?","?","R","E","R","T","M","R","M","R","$","R","BOSS","M","?","$","?","?","R","E"],"items_purchased_type":["Relic","Card"],"build_version":"2020-12-22","purchased_purges":0,"victory":false,"max_hp_per_floor":[71,71,71,71,71,71,71,71,71,71,71,71,71,71,71,76,76,76,76,76,76,76,76,76,76],"card_choices":[{"not_picked":["Go for the Eyes","Static Discharge"],"picked":"Undo","floor":1},{"not_picked":["Force Field","Hologram"],"picked":"Skim","floor":3},{"not_picked":["Gash","Streamline"],"picked":"Ball Lightning","floor":7},{"not_picked":["Recycle","Redo"],"picked":"Glacier","floor":10},{"not_picked":["Sweeping Beam","Turbo"],"picked":"Coolheaded","floor":12},{"not_picked":["Multi-Cast","Reboot"],"picked":"Core Surge","floor":16},{"not_picked":["Consume","Steam Power"],"picked":"Turbo","floor":18}],"player_experience":703728,"relics_obtained":[{"floor":5,"key":"StrikeDummy"},{"floor":7,"key":"Cables"},{"floor":9,"key":"Bottled Lightning"},{"floor":19,"key":"Enchiridion"}],"event_choices":[{"damage_healed":0,"gold_gain":0,"cards_transformed":["Strike_B"],"player_choice":"Transformed","damage_taken":0,"max_hp_gain":0,"max_hp_loss":0,"event_name":"Transmorgrifier","floor":2,"gold_loss":0,"cards_obtained":["FTL"]},{"damage_healed":0,"gold_gain":0,"player_choice":"Entered Light","damage_taken":21,"max_hp_gain":0,"max_hp_loss":0,"event_name":"Shining Light","floor":4,"gold_loss":0,"cards_upgraded":["Zap","Strike_B"]},{"damage_healed":0,"gold_gain":0,"player_choice":"Obtained Book","damage_taken":21,"max_hp_gain":0,"max_hp_loss":0,"event_name":"Cursed Tome","floor":19,"gold_loss":0},{"damage_healed":0,"gold_gain":0,"player_choice":"Ignored","damage_taken":0,"max_hp_gain":0,"max_hp_loss":0,"event_name":"The Mausoleum","floor":21,"gold_loss":0},{"damage_healed":0,"gold_gain":0,"player_choice":"Ignored","damage_taken":0,"max_hp_gain":0,"max_hp_loss":0,"event_name":"Ghosts","floor":22,"gold_loss":0}],"is_beta":false,"boss_relics":[{"not_picked":["Runic Pyramid","Astrolabe"],"picked":"Inserter"}],"items_purged_floors":[],"is_endless":false,"potions_floor_spawned":[7,10],"killed_by":"Book of Stabbing","ascension_level":20}}