{"host":"su2hhyxhtg0mhzli","time":1611043091,"event":{"mods":["BaseMod","Colored Powertips","Highlight Path","Infinite Spire","Minty Spire (QoL Compilation)","Quick Restart","Replay The Spire","Shop Mod","StSLib","The Bladedancer"],"gold_per_floor":[18,18,18,18,193,193,193,193,212,253,278,296,296,296,327,347,347,466,466,487,456,456,456,456,456,456,456,456,476,476,499,518,185,185,202,202,297,297,316,366,366,379,389,451,474,474,497,545,545,545,545,545,545,567],"floor_reached":55,"language":"ENG","playtime":6043,"items_purged":["Doubt"],"score":838,"play_id":"f5ae1a52-0cb4-4245-a694-278d427bc331","local_time":"20210119095811","is_ascension_mode":true,"campfire_choices":[{"floor":8,"key":"REST"},{"floor":14,"key":"REST"},{"data":"ReplayTheSpireMod:Chaos Vortex","floor":17,"key":"SMITH"},{"floor":25,"key":"REST"},{"data":"Envenom","floor":28,"key":"SMITH"},{"data":"ReplayTheSpireMod:Scrap Shanks","floor":34,"key":"SMITH"},{"data":"ReplayTheSpireMod:Speed Training","floor":36,"key":"SMITH"},{"floor":46,"key":"REST"},{"data":"ReplayTheSpireMod:Necrosis","floor":46,"key":"SMITH"},{"floor":49,"key":"REST"},{"data":"Storm of Steel","floor":49,"key":"SMITH"},{"floor":53,"key":"DIG"}],"circlet_count":0,"master_deck":["Strike_G","Strike_G","Strike_G","Strike_G","Strike_G","Defend_G","Defend_G","Defend_G","Defend_G","Defend_G+1","Survivor","Neutralize","Die Die Die","ReplayTheSpireMod:Scrap Shanks+1","ReplayTheSpireMod:Chaos Vortex+1","Outmaneuver","Envenom+1","Blade Dance+1","Hidden Blade","ReplayTheSpireMod:Speed Training+1","Storm of Steel+1","Eviscerate+1","Deflect","Prepared","Infinite Blades","Accuracy","Flying Knee+1","ReplayTheSpireMod:Necrosis+1","Clumsy","Doubt","Writhe","Flying Knee+1","PiercingWail+1","Parasite","Dagger Throw+1","Flechettes+1","Sucker Punch+1","Draining Mist+1","ReplayTheSpireMod:Chaos Vortex+1"],"relics":["Bloody Idol","Mango","Gremlin Food","Sizzling Blood","Darkstone Periapt","Black Star","Ornamental Fan","Nilry\u0027s Codex","Matryoshka","Blood Vial","MealTicket","Bag of Preparation","Lee\u0027s Waffle","Replay:Ancient Bell","PreservedInsect","infinitespire:CheckeredPen","Tingsha","infinitespire:Magic Flask","ReplayTheSpireMod:Ring of Challenge","Ring of Fangs","Ornamental Fan","Mummified Hand","Lantern","infinitespire:Lucky Rock","Pen Nib","Replay:Bandana","Art of War","DollysMirror","Sundial","Chameleon Ring"],"acts_visited":["Exordium","TheCity","TheBeyond"],"potions_floor_usage":[10,18,32,39,40,43],"damage_taken":[{"damage":2,"enemies":"Jaw Worm","floor":1,"turns":5},{"damage":0,"enemies":"Small Slimes","floor":9,"turns":4},{"damage":25,"enemies":"3 Sentries","floor":10,"turns":9},{"damage":0,"enemies":"2 Louse","floor":12,"turns":2},{"damage":12,"enemies":"Replay:BlueRogue","floor":15,"turns":7},{"damage":0,"enemies":"Blue Slaver","floor":16,"turns":5},{"damage":48,"enemies":"Fading Forest","floor":18,"turns":11},{"damage":9,"enemies":"Spheric Guardian","floor":20,"turns":5},{"damage":26,"enemies":"2 Thieves","floor":21,"turns":5},{"damage":45,"enemies":"Snake Plant","floor":29,"turns":6},{"damage":14,"enemies":"Shelled Parasite and Fungi","floor":32,"turns":8},{"damage":9,"enemies":"Snecko","floor":35,"turns":5},{"damage":23,"enemies":"Champ","floor":37,"turns":10},{"damage":12,"enemies":"3 Darklings","floor":39,"turns":6},{"damage":15,"enemies":"Mind Bloom Boss Battle","floor":40,"turns":8},{"damage":8,"enemies":"Orb Walker","floor":42,"turns":3},{"damage":40,"enemies":"Jaw Worm Horde","floor":43,"turns":6},{"damage":61,"enemies":"Reptomancer","floor":44,"turns":10},{"damage":1,"enemies":"Giant Head","floor":48,"turns":6},{"damage":94,"enemies":"infinitespire:MassOfShapes","floor":54,"turns":18}],"seed_played":"4348002402302216614","potions_obtained":[{"floor":9,"key":"Explosive Potion"},{"floor":15,"key":"Weak Potion"},{"floor":29,"key":"Energy Potion"},{"floor":35,"key":"Poison Potion"},{"floor":37,"key":"GhostInAJar"},{"floor":39,"key":"Poison Potion"}],"is_trial":false,"path_per_floor":["M","?","PTL","PTL","?","?","?","R","M","E","T","M","?","R","E","M","R","B",null,"M","M","AVR","?","?","R","PTL","PTL","R","M","T","T","M","$","R","M","R","B",null,"M","?","?","M","M","E","T","R","T","E","R","?","AVR","T","R","B",null],"character_chosen":"THE_SILENT","items_purchased":["Bag of Preparation","Lee\u0027s Waffle","Accuracy"],"campfire_rested":5,"item_purchase_floors":[33,33,33],"current_hp_per_floor":[68,51,51,51,51,70,53,70,70,59,59,59,63,88,80,84,84,45,88,83,61,61,61,45,71,71,71,71,35,35,40,37,95,95,95,95,81,113,110,106,112,115,86,46,51,86,91,106,119,119,119,119,119,29],"gold":567,"neow_bonus":"THREE_RARE_CARDS","is_daily":false,"chose_seed":false,"campfire_upgraded":6,"win_rate":0.0,"timestamp":1611043091,"path_taken":["M","?","PTL","PTL","?","?","?","R","M","E","T","M","?","R","E","M","R","BOSS","M","M","AVR","?","?","R","PTL","PTL","R","M","T","?","M","$","R","M","R","BOSS","M","?","?","M","M","E","?","R","T","E","R","?","AVR","?","R","BOSS"],"items_purchased_type":["Relic","Relic","Card"],"build_version":"2020-12-22","purchased_purges":1,"victory":true,"max_hp_per_floor":[70,70,70,70,70,70,70,70,70,84,84,84,88,88,88,88,88,88,88,88,88,88,88,88,88,88,88,88,88,88,88,88,95,95,95,95,95,113,113,113,119,119,119,119,119,119,119,119,119,119,119,119,119,119],"card_choices":[{"not_picked":["Venomology","Malaise"],"picked":"Die Die Die","floor":0},{"not_picked":["Dodge and Roll","Acrobatics"],"picked":"ReplayTheSpireMod:Scrap Shanks","floor":1},{"not_picked":["ReplayTheSpireMod:??????????????????????","infinitespire:Collect"],"picked":"ReplayTheSpireMod:Chaos Vortex","floor":7},{"not_picked":["Catalyst","Tactician"],"picked":"Outmaneuver","floor":9},{"not_picked":["Toxin Wave","Deflect"],"picked":"Envenom","floor":10},{"not_picked":["Hidden Blade","Outmaneuver"],"picked":"Blade Dance","floor":12},{"not_picked":["Acrobatics","Catalyst"],"picked":"Hidden Blade","floor":15},{"not_picked":["Flying Knee","Outmaneuver"],"picked":"ReplayTheSpireMod:Speed Training","floor":16},{"not_picked":["Tools of the Trade","Adrenaline"],"picked":"Storm of Steel","floor":18},{"not_picked":["Deadly Poison","Sucker Punch"],"picked":"Eviscerate+1","floor":20},{"not_picked":["Bane","Outmaneuver"],"picked":"Deflect","floor":21},{"not_picked":["Reflex","Quick Slash"],"picked":"Prepared","floor":29},{"not_picked":["Cloak And Dagger","Outmaneuver"],"picked":"Infinite Blades","floor":32},{"not_picked":["Bane","Tools of the Trade"],"picked":"Flying Knee+1","floor":35},{"not_picked":["A Thousand Cuts","Glass Knife"],"picked":"ReplayTheSpireMod:Necrosis","floor":37},{"not_picked":["Normality","infinitespire:Pacifist"],"picked":"Clumsy","floor":38},{"not_picked":["Sickly","Normality"],"picked":"Doubt","floor":38},{"not_picked":["ReplayTheSpireMod:Splinters","Decay"],"picked":"Writhe","floor":38},{"not_picked":["Outmaneuver","Fluid Movement"],"picked":"Flying Knee+1","floor":39},{"not_picked":["Dagger Throw","Blur"],"picked":"PiercingWail+1","floor":40},{"not_picked":["Slice","Blade Dance"],"picked":"Dagger Throw+1","floor":42},{"not_picked":["Dagger Throw","Doppelganger"],"picked":"Flechettes+1","floor":43},{"not_picked":["ReplayTheSpireMod:Speed Training","Quick Slash"],"picked":"Sucker Punch+1","floor":44},{"not_picked":["ReplayTheSpireMod:Exploit Weakness+1","ReplayTheSpireMod:The Works"],"picked":"Draining Mist+1","floor":48}],"player_experience":62288,"relics_obtained":[{"floor":10,"key":"Mango"},{"floor":11,"key":"Gremlin Food"},{"floor":15,"key":"Darkstone Periapt"},{"floor":24,"key":"Nilry\u0027s Codex"},{"floor":30,"key":"Matryoshka"},{"floor":31,"key":"Blood Vial"},{"floor":31,"key":"MealTicket"},{"floor":40,"key":"infinitespire:Magic Flask"},{"floor":41,"key":"ReplayTheSpireMod:Ring of Challenge"},{"floor":41,"key":"Ring of Fangs"},{"floor":44,"key":"Ornamental Fan"},{"floor":44,"key":"Mummified Hand"},{"floor":45,"key":"Lantern"},{"floor":45,"key":"infinitespire:Lucky Rock"},{"floor":47,"key":"Pen Nib"},{"floor":48,"key":"Replay:Bandana"},{"floor":48,"key":"Art of War"},{"floor":52,"key":"Sundial"},{"floor":53,"key":"Chameleon Ring"}],"event_choices":[{"damage_healed":0,"gold_gain":0,"player_choice":"Take Damage","damage_taken":17,"relics_obtained":["Golden Idol"],"max_hp_gain":0,"max_hp_loss":0,"event_name":"Golden Idol","floor":2,"gold_loss":0},{"damage_healed":0,"gold_gain":175,"player_choice":"AGREE","damage_taken":0,"max_hp_gain":0,"max_hp_loss":0,"event_name":"Liars Game","floor":5,"gold_loss":0,"cards_obtained":["Doubt"]},{"damage_healed":0,"gold_gain":0,"player_choice":"Gave Idol","damage_taken":0,"relics_obtained":["Bloody Idol"],"max_hp_gain":0,"max_hp_loss":0,"event_name":"Forgotten Altar","floor":23,"relics_lost":["Golden Idol"],"gold_loss":0},{"damage_healed":0,"gold_gain":0,"player_choice":"Obtained Book","damage_taken":16,"max_hp_gain":0,"max_hp_loss":0,"event_name":"Cursed Tome","floor":24,"gold_loss":0},{"damage_healed":0,"gold_gain":0,"player_choice":"Fight","damage_taken":0,"max_hp_gain":0,"max_hp_loss":0,"event_name":"MindBloom","floor":40,"gold_loss":0}],"is_beta":false,"boss_relics":[{"not_picked":["Ring of Chaos","Fusion Hammer"],"picked":"Black Star"},{"not_picked":["Painkiller Herb","Replay:Bronze Core"],"picked":"Replay:Ancient Bell"},{"not_picked":["Anchor","Simple Rune"],"picked":"PreservedInsect"},{"not_picked":["Replay:Bottled Steam","Letter Opener"],"picked":"infinitespire:CheckeredPen"},{"not_picked":["StoneCalendar","Durian"],"picked":"Tingsha"}],"items_purged_floors":[22],"is_endless":false,"potions_floor_spawned":[9,15,29,35,37,39],"ascension_level":1}}