{"host":"mcdusr64esz012l0","time":1611036156,"event":{"mods":["BaseMod","Minty Spire (QoL Compilation)","Relic Stats"],"gold_per_floor":[362,362,2,20,35,35,69,69,150,180,180,199,199,199,199,272,272,286,286,305,172,186,186,186,186],"floor_reached":24,"language":"ENG","playtime":841,"items_purged":["Pain","Writhe"],"score":408,"play_id":"8bdf5161-0aa1-4bd9-bcb3-f7daa4d24627","local_time":"20210119010236","is_ascension_mode":true,"campfire_choices":[{"data":"Glass Knife","floor":6.0,"key":"SMITH"},{"floor":8.0,"key":"REST"},{"floor":11.0,"key":"REST"},{"data":"Catalyst","floor":13.0,"key":"SMITH"},{"data":"Bouncing Flask","floor":15.0,"key":"SMITH"},{"floor":23.0,"key":"REST"}],"circlet_count":0,"master_deck":["AscendersBane","Strike_G","Strike_G","Strike_G","Strike_G","Strike_G","Defend_G","Defend_G","Defend_G","Defend_G","Defend_G","Survivor","Neutralize","Poisoned Stab","Glass Knife+1","Footwork","Backflip","Blade Dance","Deflect","Escape Plan","All Out Attack","Catalyst+1","Bouncing Flask+1","Corpse Explosion","Deadly Poison","Dodge and Roll"],"relics":["Ring of the Snake","WarpedTongs","Membership Card","Dream Catcher","InkBottle","Question Card","SlaversCollar","ClockworkSouvenir"],"acts_visited":["Exordium","TheCity"],"potions_floor_usage":[24],"damage_taken":[{"damage":14.0,"enemies":"Jaw Worm","floor":1.0,"turns":8.0},{"damage":1.0,"enemies":"Cultist","floor":4.0,"turns":3.0},{"damage":1.0,"enemies":"2 Louse","floor":5.0,"turns":2.0},{"damage":8.0,"enemies":"Lagavulin","floor":7.0,"turns":6.0},{"damage":28.0,"enemies":"Gremlin Nob","floor":10.0,"turns":4.0},{"damage":2.0,"enemies":"Exordium Wildlife","floor":12.0,"turns":3.0},{"damage":9.0,"enemies":"The Guardian","floor":16.0,"turns":7.0},{"damage":9.0,"enemies":"3 Byrds","floor":18.0,"turns":4.0},{"damage":7.0,"enemies":"Chosen","floor":20.0,"turns":3.0},{"damage":22.0,"enemies":"Sentry and Sphere","floor":22.0,"turns":6.0},{"damage":47,"enemies":"Book of Stabbing","floor":24,"turns":4}],"seed_played":"6309474535730172397","potions_obtained":[{"floor":1.0,"key":"GamblersBrew"},{"floor":10.0,"key":"SpeedPotion"},{"floor":20.0,"key":"Dexterity Potion"}],"is_trial":false,"path_per_floor":["M","?","$","M","M","R","E","R","T","E","R","M","R","?","R","B",null,"M","?","M","$","M","R","E"],"character_chosen":"THE_SILENT","items_purchased":["Membership Card","Glass Knife","Footwork","Backflip","ClockworkSouvenir"],"campfire_rested":3,"item_purchase_floors":[3,3,3,3,21],"current_hp_per_floor":[45,45,45,44,43,43,35,54,54,26,45,43,43,65,65,56,64,55,55,48,48,26,45,0,0],"gold":186,"neow_bonus":"TWO_FIFTY_GOLD","is_daily":false,"chose_seed":false,"campfire_upgraded":3,"win_rate":0.0,"timestamp":1611036156,"path_taken":["M","?","$","M","M","R","E","R","T","E","R","?","R","?","R","BOSS","M","?","M","$","M","R","E"],"items_purchased_type":["Relic","Card","Card","Card","Relic"],"build_version":"2020-12-22","purchased_purges":2,"victory":false,"max_hp_per_floor":[66,66,66,66,66,66,66,66,66,66,66,66,66,66,66,66,66,66,66,66,66,66,66,66,66],"relic_stats":{"Dream Catcher":3,"counters":[11,50],"Question Card":7,"obtain_stats":[{"SlaversCollar":17,"Dream Catcher":7,"Membership Card":3,"Question Card":10,"InkBottle":9,"Ring of the Snake":0,"WarpedTongs":2,"ClockworkSouvenir":21},{"SlaversCollar":7,"Dream Catcher":4,"Membership Card":1,"Question Card":5,"InkBottle":4,"Ring of the Snake":0,"WarpedTongs":1,"ClockworkSouvenir":9},{"SlaversCollar":33,"Dream Catcher":19,"Membership Card":8,"Question Card":23,"InkBottle":19,"Ring of the Snake":0,"WarpedTongs":8,"ClockworkSouvenir":40}],"InkBottle":[10],"Ring of the Snake":[22],"WarpedTongs":[42]},"card_choices":[{"not_picked":["Deadly Poison","Cloak And Dagger"],"picked":"Poisoned Stab","floor":1.0},{"not_picked":["Reflex","Dodge and Roll"],"picked":"Blade Dance","floor":4.0},{"not_picked":["Backflip","Eviscerate"],"picked":"Deflect","floor":5.0},{"not_picked":["Flying Knee","Quick Slash","Deflect"],"picked":"SKIP","floor":7.0},{"not_picked":["Setup","Underhanded Strike"],"picked":"Escape Plan","floor":8.0},{"not_picked":["A Thousand Cuts","Prepared"],"picked":"All Out Attack","floor":10.0},{"not_picked":["Dagger Throw","Prepared","Flying Knee"],"picked":"Catalyst","floor":11.0},{"not_picked":["Flechettes","Slice","Outmaneuver"],"picked":"Bouncing Flask","floor":12.0},{"not_picked":["Tools of the Trade","A Thousand Cuts","Envenom"],"picked":"Corpse Explosion","floor":16.0},{"not_picked":["Dash+1","Deflect+1","Dagger Spray"],"picked":"Deadly Poison","floor":18.0},{"not_picked":["Endless Agony","Tactician","Accuracy","Slice"],"picked":"SKIP","floor":20.0},{"not_picked":["Escape Plan","Skewer","Heel Hook"],"picked":"Dodge and Roll","floor":22.0}],"player_experience":1053727,"relics_obtained":[{"floor":7.0,"key":"Dream Catcher"},{"floor":9.0,"key":"InkBottle"},{"floor":10.0,"key":"Question Card"}],"event_choices":[{"damage_healed":0.0,"max_hp_gain":0.0,"max_hp_loss":0.0,"gold_gain":0.0,"event_name":"Accursed Blacksmith","player_choice":"Rummage","floor":2.0,"gold_loss":0.0,"damage_taken":0.0,"relics_obtained":["WarpedTongs"],"cards_obtained":["Pain"]},{"damage_healed":22.0,"max_hp_gain":0.0,"max_hp_loss":0.0,"gold_gain":0.0,"event_name":"Big Fish","player_choice":"Banana","floor":14.0,"gold_loss":0.0,"damage_taken":0.0},{"damage_healed":0.0,"max_hp_gain":0.0,"max_hp_loss":0.0,"gold_gain":0.0,"event_name":"The Mausoleum","player_choice":"Ignored","floor":19.0,"gold_loss":0.0,"damage_taken":0.0}],"is_beta":false,"boss_relics":[{"not_picked":["Calling Bell","Coffee Dripper"],"picked":"SlaversCollar"}],"items_purged_floors":[3,21],"is_endless":false,"potions_floor_spawned":[1,10,18,20],"killed_by":"Book of Stabbing","ascension_level":20}}