{"host":"71x3l6y2fkerz90u","time":1611061784,"event":{"mods":["BaseMod","Downfall","Hubris","Minty Spire (QoL Compilation)","StSLib","The Necromancer"],"gold_per_floor":[99,118,118,138,155,174,174,174,189,189,199,218,250,263,274,274,274,274],"floor_reached":16,"language":"DEU","playtime":1422,"items_purged":[],"score":108,"play_id":"f1c6257b-e345-403d-a23c-b26451f4fcfa","local_time":"20210119140944","daily_mods":["Heirloom"],"is_ascension_mode":false,"campfire_choices":[{"data":"Guardian:TwinSlam","floor":1,"key":"SMITH"},{"data":"Guardian:Strike_Guardian","floor":8,"key":"SMITH"}],"circlet_count":0,"master_deck":["Guardian:Strike_Guardian+1","Guardian:Strike_Guardian+1","Guardian:Strike_Guardian","Guardian:Strike_Guardian","Guardian:Defend_Guardian","Guardian:Defend_Guardian","Guardian:Defend_Guardian","Guardian:Defend_Guardian","Guardian:CurlUp","Guardian:TwinSlam+1","Guardian:FuturePlans","Guardian:ShieldCharger","Guardian:ChargeUp+1","Guardian:ShieldSpikes","Normality","Guardian:ChargeCore","Guardian:Incinerate","Guardian:SentryBeam","Guardian:Gem_Red","Guardian:RollAttack"],"relics":["Guardian:ModeShifter","Du-Vu Doll","Art of War","Singing Bowl"],"acts_visited":["Exordium"],"potions_floor_usage":[6,6,11,11,12,15],"damage_taken":[{"damage":0,"enemies":"Small Slimes","floor":2,"turns":3},{"damage":1,"enemies":"Cultist","floor":4,"turns":4},{"damage":3,"enemies":"Jaw Worm","floor":5,"turns":4},{"damage":4,"enemies":"Gremlin Gang","floor":6,"turns":6},{"damage":14,"enemies":"Blue Slaver","floor":9,"turns":4},{"damage":1,"enemies":"3 Louse","floor":11,"turns":4},{"damage":11,"enemies":"Red Slaver","floor":12,"turns":3},{"damage":2,"enemies":"3 Sentries","floor":13,"turns":6},{"damage":0,"enemies":"Large Slime","floor":14,"turns":4},{"damage":7,"enemies":"Gremlin Gang","floor":15,"turns":5},{"damage":26,"enemies":"WA_ARCHETYPE_RETAIN","floor":16,"turns":10}],"seed_played":"3118511401474157824","potions_obtained":[{"floor":3,"key":"EssenceOfSteel"},{"floor":3,"key":"SteroidPotion"},{"floor":3,"key":"sneckomod:MuddlingPotion"},{"floor":4,"key":"AttackPotion"},{"floor":6,"key":"Ancient Potion"},{"floor":11,"key":"hexamod:SoulburnPotion"},{"floor":12,"key":"Weak Potion"}],"is_trial":true,"path_per_floor":["R","M","?","M","M","M","T","R","M","?","M","M","E","M","M","B"],"character_chosen":"GUARDIAN","items_purchased":[],"campfire_rested":0,"item_purchase_floors":[],"current_hp_per_floor":[80,80,80,79,76,72,72,72,58,58,57,46,44,44,37,11,11,11],"gold":274,"neow_bonus":"","is_daily":false,"chose_seed":false,"campfire_upgraded":2,"win_rate":0.0,"timestamp":1611061784,"path_taken":["R","M","?","M","M","M","T","R","?","?","M","M","E","M","M","BOSS"],"items_purchased_type":[],"build_version":"2020-12-22","purchased_purges":0,"victory":false,"max_hp_per_floor":[80,80,80,80,80,80,80,80,80,80,80,80,80,80,80,80,80,80],"card_choices":[{"not_picked":["Guardian:Gem_Purple","Guardian:TemporalStrike"],"picked":"Guardian:Gem_Red","floor":2},{"not_picked":["Guardian:Gem_Cyan","Guardian:TimeBomb"],"picked":"Guardian:FuturePlans","floor":4},{"not_picked":["Guardian:FuturePlans","Guardian:Gem_Cyan"],"picked":"Guardian:ShieldCharger","floor":5},{"not_picked":["Guardian:Suspension","Guardian:Harden"],"picked":"Guardian:ChargeUp","floor":6},{"not_picked":["Guardian:Gem_Lightblue","Guardian:GuardianWhirl"],"picked":"Guardian:ShieldSpikes","floor":9},{"not_picked":["Guardian:Reroute","Guardian:CrystalBeam"],"picked":"Guardian:ChargeCore","floor":11},{"not_picked":["Guardian:PrimingBeam","Guardian:Gem_Cyan"],"picked":"Guardian:Incinerate","floor":12},{"not_picked":["Guardian:EvasiveProtocol","Guardian:Suspension"],"picked":"Guardian:SentryBeam","floor":13},{"not_picked":["Guardian:TemporalShield","Guardian:Repulse"],"picked":"Guardian:Gem_Red","floor":14},{"not_picked":["Guardian:Gem_Crimson","Guardian:VentSteam"],"picked":"Guardian:RollAttack","floor":15}],"player_experience":133538,"relics_obtained":[{"floor":7,"key":"Art of War"},{"floor":13,"key":"Singing Bowl"}],"event_choices":[{"damage_healed":0,"gold_gain":0,"player_choice":"Got Potions","damage_taken":0,"max_hp_gain":0,"max_hp_loss":0,"event_name":"Lab","floor":3,"gold_loss":0}],"is_beta":false,"boss_relics":[],"items_purged_floors":[],"is_endless":true,"potions_floor_spawned":[4,6,11,12],"killed_by":"WA_ARCHETYPE_RETAIN","ascension_level":0}}