{"host":"ssahdsoo349p0ms1","time":1611075613,"event":{"mods":["AchievementEnabler","BaseMod","Colored Powertips","Filter the Spire","Minty Spire (QoL Compilation)","StSLib"],"gold_per_floor":[111,130,148,323,46,94,94,167,167,167,202,240,240,273,273,413,413,458,458,477,402,402,402,176,211,211,274,151,170,186,206,206,331,331,374,374,354,397,174,228,228,289,289,303,356,375,127,150,150,150,150,150,24,60,60],"floor_reached":56,"language":"ENG","playtime":2910,"items_purged":["Doubt"],"score":1409,"play_id":"fde300fd-aef4-40f1-8fd1-496af2334ea5","local_time":"20210119110013","is_ascension_mode":false,"campfire_choices":[{"data":"Well Laid Plans","floor":7.0,"key":"SMITH"},{"data":"Catalyst","floor":13.0,"key":"SMITH"},{"data":"Catalyst","floor":15.0,"key":"SMITH"},{"data":"Venomology","floor":23.0,"key":"SMITH"},{"data":"Bouncing Flask","floor":32.0,"key":"SMITH"},{"floor":41.0,"key":"RECALL"},{"data":"Wraith Form v2","floor":49.0,"key":"SMITH"},{"data":"Footwork","floor":52.0,"key":"SMITH"}],"circlet_count":0,"master_deck":["Survivor","Neutralize","Dodge and Roll","Riddle With Holes","Noxious Fumes","Blade Dance","Well Laid Plans+1","Venomology+1","PiercingWail","Slice","Noxious Fumes","HandOfGreed","Crippling Poison","Catalyst+1","Catalyst+1","Corpse Explosion","Bouncing Flask+1","Backflip","Leg Sweep","Calculated Gamble+1","After Image","Acrobatics+1","Calculated Gamble+1","Wraith Form v2+1","Footwork+1","Footwork","PiercingWail","Footwork","Wraith Form v2"],"relics":["Pandora\u0027s Box","Membership Card","Gremlin Horn","Akabeko","Pear","Golden Idol","SacredBark","Enchiridion","Strange Spoon","Thread and Needle","Ancient Tea Set","Regal Pillow","Mercury Hourglass","HoveringKite","Ice Cream","DollysMirror","Matryoshka","Bag of Preparation","Anchor","Tough Bandages","Potion Belt","The Specimen","OrangePellets"],"acts_visited":["Exordium","TheCity","TheBeyond","TheEnding"],"potions_floor_usage":[55,55,55,55],"damage_taken":[{"damage":3.0,"enemies":"Jaw Worm","floor":1.0,"turns":3.0},{"damage":0.0,"enemies":"2 Louse","floor":2.0,"turns":2.0},{"damage":1.0,"enemies":"Small Slimes","floor":3.0,"turns":4.0},{"damage":9.0,"enemies":"Lagavulin","floor":6.0,"turns":5.0},{"damage":6.0,"enemies":"3 Sentries","floor":8.0,"turns":6.0},{"damage":1.0,"enemies":"Blue Slaver","floor":11.0,"turns":4.0},{"damage":0.0,"enemies":"Exordium Wildlife","floor":12.0,"turns":2.0},{"damage":0.0,"enemies":"Large Slime","floor":14.0,"turns":1.0},{"damage":2.0,"enemies":"The Guardian","floor":16.0,"turns":7.0},{"damage":10.0,"enemies":"Chosen","floor":18.0,"turns":5.0},{"damage":0.0,"enemies":"Spheric Guardian","floor":20.0,"turns":1.0},{"damage":0.0,"enemies":"Book of Stabbing","floor":25.0,"turns":3.0},{"damage":0.0,"enemies":"Gremlin Leader","floor":27.0,"turns":3.0},{"damage":3.0,"enemies":"Shelled Parasite and Fungi","floor":29.0,"turns":4.0},{"damage":0.0,"enemies":"Snake Plant","floor":30.0,"turns":4.0},{"damage":1.0,"enemies":"Cultist and Chosen","floor":31.0,"turns":4.0},{"damage":19.0,"enemies":"Collector","floor":33.0,"turns":3.0},{"damage":0.0,"enemies":"3 Shapes","floor":35.0,"turns":4.0},{"damage":0.0,"enemies":"Orb Walker","floor":38.0,"turns":4.0},{"damage":1.0,"enemies":"Reptomancer","floor":40.0,"turns":6.0},{"damage":0.0,"enemies":"Giant Head","floor":42.0,"turns":5.0},{"damage":0.0,"enemies":"Transient","floor":44.0,"turns":4.0},{"damage":1.0,"enemies":"Sphere and 2 Shapes","floor":45.0,"turns":5.0},{"damage":0.0,"enemies":"4 Shapes","floor":46.0,"turns":5.0},{"damage":0.0,"enemies":"Transient","floor":48.0,"turns":5.0},{"damage":13.0,"enemies":"Donu and Deca","floor":50.0,"turns":8.0},{"damage":0.0,"enemies":"Shield and Spear","floor":54.0,"turns":6.0},{"damage":0,"enemies":"The Heart","floor":55,"turns":10}],"seed_played":"3471008994531758238","potions_obtained":[{"floor":1.0,"key":"FearPotion"},{"floor":2.0,"key":"DistilledChaos"},{"floor":8.0,"key":"Block Potion"},{"floor":18.0,"key":"SteroidPotion"},{"floor":20.0,"key":"SkillPotion"},{"floor":42.0,"key":"SkillPotion"},{"floor":45.0,"key":"Block Potion"},{"floor":46.0,"key":"Swift Potion"}],"is_trial":false,"path_per_floor":["M","M","M","?","$","E","R","E","T","?","M","M","R","M","R","B",null,"M","?","M","?","?","R","$","E","T","E","$","M","M","M","R","B",null,"M","?","?","M","$","E","R","E","T","M","M","M","$","M","R","B",null,"R","$","E","B",null],"character_chosen":"THE_SILENT","items_purchased":["Membership Card","HandOfGreed","Strange Spoon","Thread and Needle","Mercury Hourglass","Ice Cream","DollysMirror","Potion Belt","Footwork","The Specimen","OrangePellets","PiercingWail","Footwork"],"campfire_rested":0,"item_purchase_floors":[5,5,24,24,28,39,39,47,47,47,53,53,53],"current_hp_per_floor":[67,67,66,66,66,57,57,51,61,61,60,60,60,60,60,58,74,64,48,48,48,48,48,48,48,48,48,48,45,45,44,44,25,74,74,70,70,70,70,69,69,69,69,69,68,68,68,68,68,55,70,70,70,70,70],"gold":60,"neow_bonus":"BOSS_RELIC","is_daily":false,"chose_seed":false,"campfire_upgraded":7,"win_rate":0.0,"timestamp":1611075613,"path_taken":["M","M","M","?","$","E","R","E","T","?","M","M","R","M","R","BOSS","M","?","M","?","?","R","$","E","T","E","?","M","M","M","R","BOSS","M","?","?","M","$","E","R","E","T","M","?","M","$","M","R","BOSS","R","$","E","BOSS"],"items_purchased_type":["Relic","Card","Relic","Relic","Relic","Relic","Relic","Relic","Card","Relic","Relic","Card","Card"],"build_version":"2020-12-22","purchased_purges":1,"victory":true,"max_hp_per_floor":[70,70,70,70,70,70,70,70,80,74,74,74,74,74,74,74,74,74,74,74,74,74,74,74,74,74,74,74,74,74,74,74,74,74,74,70,70,70,70,70,70,70,70,70,70,70,70,70,70,70,70,70,70,70,70],"card_choices":[{"not_picked":["Dagger Spray","Tactician","Cloak And Dagger"],"picked":"SKIP","floor":1.0},{"not_picked":["Dagger Spray","Tactician","Cloak And Dagger"],"picked":"SKIP","floor":1.0},{"not_picked":["Underhanded Strike","Concentrate"],"picked":"Bane","floor":2.0},{"not_picked":["Setup","Dagger Spray","Slice"],"picked":"SKIP","floor":3.0},{"not_picked":["Heel Hook","Reflex"],"picked":"Crippling Poison","floor":6.0},{"not_picked":["Prepared","Reflex"],"picked":"Catalyst","floor":8.0},{"not_picked":["Prepared","Underhanded Strike","Choke"],"picked":"SKIP","floor":11.0},{"not_picked":["Bane","Prepared"],"picked":"Catalyst","floor":12.0},{"not_picked":["Caltrops","A Thousand Cuts","Well Laid Plans"],"picked":"SKIP","floor":14.0},{"not_picked":["Doppelganger","Envenom"],"picked":"Corpse Explosion","floor":16.0},{"not_picked":["Deflect","Slice"],"picked":"Bouncing Flask","floor":18.0},{"not_picked":["Bouncing Flask","Dagger Spray","Cloak And Dagger"],"picked":"SKIP","floor":20.0},{"not_picked":["Dagger Throw","All Out Attack","Flying Knee"],"picked":"SKIP","floor":25.0},{"not_picked":["Tactician+1","Prepared"],"picked":"Backflip","floor":27.0},{"not_picked":["Dodge and Roll","Escape Plan"],"picked":"Leg Sweep","floor":29.0},{"not_picked":["Heel Hook","Backstab","Dash+1"],"picked":"SKIP","floor":30.0},{"not_picked":["Flying Knee","Phantasmal Killer"],"picked":"Calculated Gamble+1","floor":31.0},{"not_picked":["Venomology","Bullet Time"],"picked":"After Image","floor":33.0},{"not_picked":["Poisoned Stab+1","Dagger Throw","Catalyst"],"picked":"SKIP","floor":35.0},{"not_picked":["Poisoned Stab+1","Dagger Throw","Catalyst"],"picked":"SKIP","floor":35.0},{"not_picked":["Dagger Spray","Poisoned Stab"],"picked":"Acrobatics+1","floor":38.0},{"not_picked":["Dodge and Roll","Predator+1","Outmaneuver"],"picked":"SKIP","floor":40.0},{"not_picked":["Adrenaline","Tactician+1"],"picked":"Wraith Form v2","floor":42.0},{"not_picked":["Accuracy","Cloak And Dagger","Underhanded Strike"],"picked":"SKIP","floor":44.0},{"not_picked":["Acrobatics+1","Caltrops+1"],"picked":"Footwork","floor":45.0},{"not_picked":["Blade Dance","Flying Knee","Distraction+1"],"picked":"SKIP","floor":46.0},{"not_picked":["Dagger Throw+1","Cloak And Dagger","Dodge and Roll"],"picked":"SKIP","floor":48.0},{"not_picked":["Terror","Leg Sweep"],"picked":"Wraith Form v2","floor":54.0}],"player_experience":579322,"relics_obtained":[{"floor":6.0,"key":"Gremlin Horn"},{"floor":8.0,"key":"Akabeko"},{"floor":9.0,"key":"Pear"},{"floor":19.0,"key":"Enchiridion"},{"floor":25.0,"key":"Ancient Tea Set"},{"floor":27.0,"key":"Regal Pillow"},{"floor":40.0,"key":"Matryoshka"},{"floor":42.0,"key":"Bag of Preparation"},{"floor":43.0,"key":"Anchor"},{"floor":43.0,"key":"Tough Bandages"}],"event_choices":[{"damage_healed":0.0,"max_hp_gain":0.0,"max_hp_loss":0.0,"gold_gain":175.0,"event_name":"Liars Game","player_choice":"AGREE","floor":4.0,"gold_loss":0.0,"damage_taken":0.0,"cards_obtained":["Doubt"]},{"damage_healed":0.0,"max_hp_gain":0.0,"max_hp_loss":6.0,"gold_gain":0.0,"event_name":"Golden Idol","player_choice":"Lose Max HP","floor":10.0,"gold_loss":0.0,"damage_taken":0.0,"relics_obtained":["Golden Idol"]},{"damage_healed":0.0,"max_hp_gain":0.0,"max_hp_loss":0.0,"gold_gain":0.0,"event_name":"Cursed Tome","player_choice":"Obtained Book","floor":19.0,"gold_loss":0.0,"damage_taken":16.0},{"cards_removed":["Flying Knee"],"damage_healed":0.0,"max_hp_gain":0.0,"max_hp_loss":0.0,"gold_gain":0.0,"event_name":"Beggar","player_choice":"Gave Gold","floor":21.0,"gold_loss":75.0,"damage_taken":0.0},{"cards_removed":["Bane"],"damage_healed":0.0,"max_hp_gain":0.0,"max_hp_loss":0.0,"gold_gain":0.0,"event_name":"Back to Basics","player_choice":"Elegance","floor":22.0,"gold_loss":0.0,"damage_taken":0.0},{"damage_healed":0.0,"max_hp_gain":0.0,"max_hp_loss":4.0,"gold_gain":0.0,"event_name":"Winding Halls","player_choice":"Max HP","floor":36.0,"gold_loss":0.0,"damage_taken":0.0},{"damage_healed":0.0,"max_hp_gain":0.0,"max_hp_loss":0.0,"gold_gain":0.0,"event_name":"The Woman in Blue","player_choice":"Bought 1 Potion","floor":37.0,"gold_loss":0.0,"damage_taken":0.0}],"is_beta":false,"boss_relics":[{"not_picked":["WristBlade","Sozu"],"picked":"SacredBark"},{"not_picked":["Calling Bell","Snecko Eye"],"picked":"HoveringKite"}],"items_purged_floors":[5],"is_endless":false,"potions_floor_spawned":[1,2,8,16,18,20,25,31,35,42,45,46],"ascension_level":0}}