{"host":"w3q5ijqu8eoknil3","time":1611045555,"event":{"mods":["AchievementEnabler","BaseMod","Block Reminder","Colored Map","Colored Powertips","Curses Come First","Dark Map","Minty Spire (QoL Compilation)","Quick Restart","Relic Stats","StSLib","ojb\u0027s Better Paths Mod","ojb\u0027s Info Mod","slay the spire mod where everything is the same but ironclad has a cowboy hat"],"gold_per_floor":[110,124,124,138,149,183,183,201,227,247,247,260,260,3,3,3,3],"floor_reached":16,"language":"ENG","playtime":372,"items_purged":[],"score":198,"play_id":"527bc1c3-0042-44c5-ac72-6d3c31b38a05","local_time":"20210119083915","is_ascension_mode":true,"campfire_choices":[{"data":"Choke","floor":7,"key":"SMITH"},{"floor":15,"key":"REST"}],"circlet_count":0,"master_deck":["AscendersBane","Strike_G","Strike_G","Strike_G","Strike_G","Strike_G","Defend_G","Defend_G","Defend_G","Defend_G","Defend_G","Survivor","Neutralize","Poisoned Stab+1","Choke+1","Backflip","PiercingWail","Backflip","Poisoned Stab","Catalyst","Calculated Gamble","Footwork"],"relics":["Ring of the Snake","NeowsBlessing","InkBottle","Orichalcum","Strawberry","Oddly Smooth Stone","Bag of Preparation"],"acts_visited":["Exordium"],"potions_floor_usage":[5,6,10],"damage_taken":[{"damage":0,"enemies":"Jaw Worm","floor":1,"turns":1},{"damage":0,"enemies":"Cultist","floor":2,"turns":1},{"damage":0,"enemies":"Small Slimes","floor":4,"turns":1},{"damage":5,"enemies":"2 Fungi Beasts","floor":5,"turns":3},{"damage":44,"enemies":"Lagavulin","floor":6,"turns":7},{"damage":0,"enemies":"Looter","floor":8,"turns":4},{"damage":4,"enemies":"Exordium Wildlife","floor":10,"turns":4},{"damage":0,"enemies":"3 Louse","floor":12,"turns":3},{"damage":40,"enemies":"Slime Boss","floor":16,"turns":8}],"seed_played":"-4173961068362595360","potions_obtained":[{"floor":2,"key":"Regen Potion"},{"floor":4,"key":"Block Potion"},{"floor":6,"key":"EssenceOfSteel"}],"is_trial":false,"path_per_floor":["M","M","?","M","M","E","R","M","T","M","?","M","?","$","R","B"],"character_chosen":"THE_SILENT","items_purchased":["Bag of Preparation","Footwork"],"campfire_rested":1,"item_purchase_floors":[14,14],"current_hp_per_floor":[59,59,59,59,54,25,25,25,25,21,17,17,17,17,38,0,0],"gold":3,"neow_bonus":"THREE_ENEMY_KILL","is_daily":false,"chose_seed":false,"campfire_upgraded":1,"win_rate":0.0,"timestamp":1611045555,"path_taken":["M","M","?","?","M","E","R","M","T","M","?","M","?","$","R","BOSS"],"items_purchased_type":["Relic","Card"],"build_version":"2020-12-22","purchased_purges":0,"victory":false,"max_hp_per_floor":[66,66,66,66,66,66,66,66,66,66,73,73,73,73,73,73,73],"relic_stats":{"counters":[9,32],"Bag of Preparation":[2],"Orichalcum":[48],"obtain_stats":[{"NeowsBlessing":0,"Strawberry":11,"Oddly Smooth Stone":13,"Bag of Preparation":14,"Orichalcum":9,"InkBottle":6,"Ring of the Snake":0},{"NeowsBlessing":0,"Strawberry":7,"Oddly Smooth Stone":8,"Bag of Preparation":8,"Orichalcum":6,"InkBottle":5,"Ring of the Snake":0},{"NeowsBlessing":0,"Strawberry":21,"Oddly Smooth Stone":24,"Bag of Preparation":24,"Orichalcum":17,"InkBottle":13,"Ring of the Snake":0}],"InkBottle":[5],"Ring of the Snake":[18]},"card_choices":[{"not_picked":["Cloak And Dagger","Deflect"],"picked":"Poisoned Stab","floor":1},{"not_picked":["Reflex","Poisoned Stab"],"picked":"Choke","floor":2},{"not_picked":["Poisoned Stab","Quick Slash"],"picked":"Backflip","floor":4},{"not_picked":["Riddle With Holes","Deflect"],"picked":"PiercingWail","floor":5},{"not_picked":["PiercingWail","Bane"],"picked":"Backflip","floor":6},{"not_picked":["Underhanded Strike","Quick Slash"],"picked":"Poisoned Stab","floor":8},{"not_picked":["Crippling Poison","Dodge and Roll"],"picked":"Catalyst","floor":10},{"not_picked":["Grand Finale","Blade Dance"],"picked":"Calculated Gamble","floor":12}],"player_experience":994392,"relics_obtained":[{"floor":6,"key":"InkBottle"},{"floor":9,"key":"Orichalcum"}],"event_choices":[{"damage_healed":0,"gold_gain":0,"player_choice":"Upgraded","damage_taken":0,"max_hp_gain":0,"max_hp_loss":0,"event_name":"Upgrade Shrine","floor":3,"gold_loss":0,"cards_upgraded":["Poisoned Stab"]},{"damage_healed":0,"gold_gain":0,"player_choice":"Success","damage_taken":11,"relics_obtained":["Strawberry"],"max_hp_gain":0,"max_hp_loss":0,"event_name":"Scrap Ooze","floor":11,"gold_loss":0},{"damage_healed":0,"gold_gain":0,"player_choice":"Searched \u00271\u0027 times","damage_taken":0,"relics_obtained":["Oddly Smooth Stone"],"max_hp_gain":0,"max_hp_loss":0,"event_name":"Dead Adventurer","floor":13,"gold_loss":0}],"is_beta":false,"boss_relics":[],"items_purged_floors":[],"is_endless":false,"potions_floor_spawned":[2,4,6],"killed_by":"Slime Boss","ascension_level":18}}