{"host":"s41rn2jhghpwfrvz","time":1611026062,"event":{"mods":["BaseMod","Minty Spire (QoL Compilation)","Quick Restart","Relic Stats","SuperFastMode"],"gold_per_floor":[117,117,117,127,140,140,167,167,167,147,176,195,195,24,24,100,100,415,425,425,440,453,482,482,499,499,533,413,431,459,409,409,488,488,500,546,362,362,362,393,393,404,404,422,422,422,447,472,472,472,472,472,472,196,231,231],"floor_reached":57,"language":"ENG","playtime":1743,"items_purged":["Pummel","Conserve Battery","Escape Plan+1"],"score":3652,"play_id":"d2b3e42f-49c9-447c-98dc-2541c4200deb","local_time":"20210119051422","daily_mods":["SealedDeck","Vintage","Diverse"],"is_ascension_mode":true,"campfire_choices":[{"data":"Flex","floor":6,"key":"SMITH"},{"data":"Quick Slash","floor":13,"key":"SMITH"},{"data":"Backflip","floor":15,"key":"SMITH"},{"data":"Skim","floor":24,"key":"SMITH"},{"data":"Escape Plan","floor":32,"key":"SMITH"},{"floor":41,"key":"RECALL"},{"data":"Finesse","floor":45,"key":"SMITH"},{"data":"Panacea","floor":49,"key":"SMITH"},{"data":"Madness","floor":53,"key":"SMITH"}],"circlet_count":0,"master_deck":["AscendersBane","Consecrate","Flex+1","Skim+1","Backflip+1","Finesse+1","Madness+1","Madness+1","Panacea+1","Master of Strategy+1"],"relics":["Burning Blood","Pantograph","Pear","Blue Candle","Mercury Hourglass","Bag of Preparation","Shuriken","Membership Card","Coffee Dripper","Old Coin","Blood Vial","Orichalcum","Toy Ornithopter","Mango","Ornamental Fan","Kunai","Bronze Scales","Potion Belt","Singing Bowl","Gambling Chip","Empty Cage","Gremlin Horn","Charon\u0027s Ashes","HornCleat","Bottled Lightning","White Beast Statue","War Paint","TungstenRod","Art of War","Bag of Marbles","Paper Frog"],"acts_visited":["Exordium","TheCity","TheBeyond","TheEnding"],"potions_floor_usage":[11,56,56,56,56],"damage_taken":[{"damage":0,"enemies":"Jaw Worm","floor":1,"turns":2},{"damage":0,"enemies":"2 Louse","floor":4,"turns":2},{"damage":0,"enemies":"Small Slimes","floor":5,"turns":3},{"damage":0,"enemies":"Lagavulin","floor":7,"turns":5},{"damage":0,"enemies":"Gremlin Nob","floor":11,"turns":2},{"damage":0,"enemies":"Exordium Thugs","floor":12,"turns":3},{"damage":0,"enemies":"The Guardian","floor":16,"turns":7},{"damage":0,"enemies":"2 Thieves","floor":18,"turns":2},{"damage":0,"enemies":"Shell Parasite","floor":19,"turns":2},{"damage":0,"enemies":"Centurion and Healer","floor":21,"turns":3},{"damage":14,"enemies":"Snecko","floor":22,"turns":10},{"damage":19,"enemies":"Slavers","floor":23,"turns":2},{"damage":0,"enemies":"Snake Plant","floor":25,"turns":2},{"damage":0,"enemies":"Gremlin Leader","floor":27,"turns":3},{"damage":0,"enemies":"Centurion and Healer","floor":29,"turns":2},{"damage":0,"enemies":"Slavers","floor":30,"turns":1},{"damage":0,"enemies":"Automaton","floor":33,"turns":4},{"damage":0,"enemies":"Orb Walker","floor":35,"turns":2},{"damage":0,"enemies":"2 Orb Walkers","floor":36,"turns":1},{"damage":0,"enemies":"Giant Head","floor":40,"turns":1},{"damage":0,"enemies":"3 Shapes","floor":42,"turns":1},{"damage":0,"enemies":"Spire Growth","floor":44,"turns":1},{"damage":0,"enemies":"Nemesis","floor":47,"turns":1},{"damage":0,"enemies":"Mind Bloom Boss Battle","floor":48,"turns":1},{"damage":0,"enemies":"Donu and Deca","floor":50,"turns":1},{"damage":4,"enemies":"Time Eater","floor":51,"turns":8},{"damage":0,"enemies":"Shield and Spear","floor":55,"turns":1},{"damage":0,"enemies":"The Heart","floor":56,"turns":5}],"seed_played":"-2279594734356657760","potions_obtained":[{"floor":1,"key":"LiquidMemories"},{"floor":7,"key":"DistilledChaos"},{"floor":11,"key":"Strength Potion"},{"floor":19,"key":"Strength Potion"},{"floor":30,"key":"Strength Potion"},{"floor":33,"key":"Block Potion"},{"floor":42,"key":"Block Potion"},{"floor":47,"key":"SpeedPotion"}],"is_trial":true,"path_per_floor":["M","?","?","M","M","R","E","?","T","?","E","M","R","$","R","B",null,"M","M","?","M","M","E","R","M","T","E","$","M","E","$","R","B",null,"M","?","$","?","?","E","R","M","T","M","R","?","E","?","R","B","B",null,"R","$","E","B",null],"character_chosen":"IRONCLAD","items_purchased":["Membership Card","Potion Belt","HornCleat","Finesse","Art of War","Bag of Marbles","DuplicationPotion"],"campfire_rested":0,"item_purchase_floors":[14,28,37,37,54,54,54],"current_hp_per_floor":[74,67,72,78,90,90,90,90,90,90,90,90,90,90,90,90,90,90,90,90,90,82,85,85,93,93,101,101,104,106,106,106,108,108,108,110,110,90,82,92,92,100,100,108,108,108,116,118,118,118,118,118,118,118,120,120],"gold":231,"neow_bonus":"","is_daily":false,"chose_seed":false,"campfire_upgraded":8,"win_rate":0.0,"timestamp":1611026062,"path_taken":["M","?","?","?","M","R","E","?","T","?","E","?","R","$","R","BOSS","M","M","?","M","M","E","R","M","T","E","$","M","E","?","R","BOSS","M","?","$","?","?","E","R","M","T","M","R","?","E","?","R","BOSS","BOSS","R","$","E","BOSS"],"items_purchased_type":["Relic","Relic","Relic","Card","Relic","Relic","Potion"],"build_version":"2020-12-22","purchased_purges":3,"victory":true,"max_hp_per_floor":[75,75,80,80,90,90,90,90,90,90,90,90,90,90,90,90,90,90,90,90,90,90,104,104,104,104,104,104,104,106,106,106,108,108,108,110,110,110,112,114,114,114,114,114,114,114,116,118,118,118,118,118,118,118,120,120],"relic_stats":{"Singing Bowl":16,"Gremlin Horn":[4,4],"counters":[28,78],"Blue Candle":[0],"Charon\u0027s Ashes":[177],"Bag of Preparation":[44],"Orichalcum":[0],"War Paint":["Master of Strategy","Madness"],"Burning Blood":65,"Mercury Hourglass":[246],"Blood Vial":16,"Shuriken":[49],"Ornamental Fan":[156],"Pantograph":0,"Bronze Scales":[84],"Gambling Chip":[0],"Art of War":[1],"Kunai":[39],"obtain_stats":[{"Singing Bowl":29,"Gremlin Horn":35,"Mango":23,"Bag of Preparation":11,"Empty Cage":34,"Burning Blood":0,"Old Coin":18,"Blood Vial":19,"HornCleat":37,"Pantograph":1,"Gambling Chip":30,"Kunai":26,"Paper Frog":55,"Potion Belt":28,"Pear":5,"Blue Candle":7,"Charon\u0027s Ashes":36,"Orichalcum":21,"War Paint":47,"White Beast Statue":44,"Mercury Hourglass":9,"Shuriken":12,"Ornamental Fan":25,"Bronze Scales":27,"Coffee Dripper":17,"Art of War":54,"Bag of Marbles":54,"Membership Card":14,"Bottled Lightning":40,"Toy Ornithopter":22,"TungstenRod":48},{"Singing Bowl":15,"Gremlin Horn":18,"Mango":12,"Bag of Preparation":5,"Empty Cage":17,"Burning Blood":0,"Old Coin":8,"Blood Vial":9,"HornCleat":19,"Pantograph":1,"Gambling Chip":16,"Kunai":13,"Paper Frog":27,"Potion Belt":14,"Pear":3,"Blue Candle":4,"Charon\u0027s Ashes":19,"Orichalcum":10,"War Paint":23,"White Beast Statue":22,"Mercury Hourglass":4,"Shuriken":6,"Ornamental Fan":13,"Bronze Scales":14,"Coffee Dripper":7,"Art of War":26,"Bag of Marbles":26,"Membership Card":6,"Bottled Lightning":20,"Toy Ornithopter":11,"TungstenRod":24},{"Singing Bowl":50,"Gremlin Horn":57,"Mango":43,"Bag of Preparation":14,"Empty Cage":55,"Burning Blood":0,"Old Coin":26,"Blood Vial":28,"HornCleat":58,"Pantograph":2,"Gambling Chip":51,"Kunai":45,"Paper Frog":73,"Potion Belt":48,"Pear":7,"Blue Candle":12,"Charon\u0027s Ashes":58,"Orichalcum":31,"War Paint":62,"White Beast Statue":61,"Mercury Hourglass":12,"Shuriken":17,"Ornamental Fan":45,"Bronze Scales":48,"Coffee Dripper":24,"Art of War":72,"Bag of Marbles":72,"Membership Card":17,"Bottled Lightning":59,"Toy Ornithopter":41,"TungstenRod":63}],"Toy Ornithopter":0,"TungstenRod":1},"card_choices":[{"not_picked":["Cold Snap","Biased Cognition","Concentrate"],"picked":"SKIP","floor":7},{"not_picked":["Sucker Punch","Shrug It Off","Rage"],"picked":"SKIP","floor":11},{"not_picked":["Seeing Red+1","Dagger Throw","True Grit"],"picked":"SKIP","floor":23},{"not_picked":["Blur","Machine Learning","Deadly Poison+1"],"picked":"SKIP","floor":27},{"not_picked":["Dual Wield","Anger","Genetic Algorithm"],"picked":"Singing Bowl","floor":30},{"not_picked":["Unload","MasterReality","ConjureBlade"],"picked":"Singing Bowl","floor":33},{"not_picked":["PathToVictory","Thunderclap","Clothesline"],"picked":"Singing Bowl","floor":36},{"not_picked":["Enlightenment","Dramatic Entrance","Forethought"],"picked":"Singing Bowl","floor":39},{"not_picked":["Mind Blast","Dramatic Entrance"],"picked":"Panacea","floor":39},{"not_picked":["Purity","Enlightenment"],"picked":"Master of Strategy","floor":39},{"not_picked":["Cleave","Rampage","Body Slam"],"picked":"Singing Bowl","floor":40},{"not_picked":["SandsOfTime","CrushJoints+1","Backflip"],"picked":"Singing Bowl","floor":47},{"not_picked":["Reprogram","Consecrate","Iron Wave"],"picked":"Singing Bowl","floor":48},{"not_picked":["Ghostly Armor","Crippling Poison","Rampage+1"],"picked":"Singing Bowl","floor":55}],"player_experience":1805011,"relics_obtained":[{"floor":1,"key":"Pantograph"},{"floor":5,"key":"Pear"},{"floor":7,"key":"Blue Candle"},{"floor":9,"key":"Mercury Hourglass"},{"floor":11,"key":"Bag of Preparation"},{"floor":12,"key":"Shuriken"},{"floor":18,"key":"Old Coin"},{"floor":19,"key":"Blood Vial"},{"floor":21,"key":"Orichalcum"},{"floor":22,"key":"Toy Ornithopter"},{"floor":23,"key":"Mango"},{"floor":25,"key":"Ornamental Fan"},{"floor":26,"key":"Kunai"},{"floor":27,"key":"Bronze Scales"},{"floor":29,"key":"Singing Bowl"},{"floor":30,"key":"Gambling Chip"},{"floor":35,"key":"Gremlin Horn"},{"floor":36,"key":"Charon\u0027s Ashes"},{"floor":40,"key":"Bottled Lightning"},{"floor":44,"key":"White Beast Statue"},{"floor":47,"key":"War Paint"},{"floor":48,"key":"TungstenRod"},{"floor":55,"key":"Paper Frog"}],"event_choices":[{"cards_removed":["Poisoned Stab"],"damage_healed":0,"gold_gain":0,"player_choice":"Card Removal","damage_taken":7,"max_hp_gain":0,"max_hp_loss":0,"event_name":"Golden Wing","floor":2,"gold_loss":0},{"damage_healed":0,"gold_gain":0,"player_choice":"Donut","damage_taken":0,"max_hp_gain":5,"max_hp_loss":0,"event_name":"Big Fish","floor":3,"gold_loss":0},{"damage_healed":0,"gold_gain":0,"player_choice":"Ignored","damage_taken":0,"max_hp_gain":0,"max_hp_loss":0,"event_name":"Liars Game","floor":8,"gold_loss":0},{"damage_healed":0,"gold_gain":0,"player_choice":"Bought 1 Potion","damage_taken":0,"max_hp_gain":0,"max_hp_loss":0,"event_name":"The Woman in Blue","floor":10,"gold_loss":0},{"damage_healed":0,"gold_gain":0,"player_choice":"0 cards matched","damage_taken":0,"max_hp_gain":0,"max_hp_loss":0,"event_name":"Match and Keep!","floor":20,"gold_loss":0,"cards_obtained":[]},{"damage_healed":0,"gold_gain":0,"player_choice":"Fight","damage_taken":0,"max_hp_gain":0,"max_hp_loss":0,"event_name":"Mysterious Sphere","floor":36,"gold_loss":0},{"damage_healed":0,"gold_gain":0,"player_choice":"Embrace Madness","damage_taken":20,"max_hp_gain":0,"max_hp_loss":0,"event_name":"Winding Halls","floor":38,"gold_loss":0,"cards_obtained":["Madness","Madness"]},{"damage_healed":0,"gold_gain":0,"player_choice":"Memory 3","damage_taken":10,"max_hp_gain":0,"max_hp_loss":0,"event_name":"SensoryStone","floor":39,"gold_loss":0},{"damage_healed":0,"gold_gain":0,"player_choice":"Ignored","damage_taken":0,"max_hp_gain":0,"max_hp_loss":0,"event_name":"Tomb of Lord Red Mask","floor":46,"gold_loss":0},{"damage_healed":0,"gold_gain":0,"player_choice":"Fight","damage_taken":0,"max_hp_gain":0,"max_hp_loss":0,"event_name":"MindBloom","floor":48,"gold_loss":0}],"is_beta":false,"boss_relics":[{"not_picked":["Velvet Choker","Mark of Pain"],"picked":"Coffee Dripper"},{"not_picked":["Fusion Hammer","Runic Dome"],"picked":"Empty Cage"}],"items_purged_floors":[28,31,54],"is_endless":false,"potions_floor_spawned":[1,7,11,19,21,27,30,33,40,42,44,47,48,55],"ascension_level":20}}