{"host":"oyq9h5a7rmsgs855","time":1611021429,"event":{"mods":["2.2 Compatiblity","Act Like it!","Aspiration","BaseMod","Block Reminder","Challenge The Spire","Conspire","Energized Spire","Glutton Mod","Hermit","Hubris","Infinite Spire","Jorbs\u0027s Wanderer Trilogy","Marisa????????","Minty Spire (QoL Compilation)","Replay The Spire","SIMod","Shop Mod","StSLib","The Cursed","The Disciple","The Hierophant","The Jungle","The Runesmith"],"gold_per_floor":[112,112,112,132,132,162,189,232,311,261,261,67,67,81,81,198,198,233,233,301,301,321,321,354,354,354,354,354,366,360,30,30,84,84,214,214,227,257,257,257,257,312,312,362,433,472,472,522,522,563,563,563],"floor_reached":53,"language":"ENG","playtime":3035,"items_purged":["Strike_MRS","Defend_MRS"],"score":1139,"play_id":"2c5a6e33-7148-4238-96dd-e27fcc52f8c7","local_time":"20210118175709","is_ascension_mode":true,"campfire_choices":[{"data":"infinitespire:Punishment","floor":11,"key":"SMITH"},{"data":"DeepEcoloBomb","floor":15,"key":"SMITH"},{"data":"GalacticHalo","floor":23,"key":"SMITH"},{"data":"SporeBomb","floor":32,"key":"SMITH"},{"data":"OortCloud","floor":34,"key":"SMITH"},{"data":"UltimateShortwave","floor":43,"key":"SMITH"},{"data":"Pot Of Greed","floor":47,"key":"SMITH"},{"data":"Pot Of Greed","floor":49,"key":"SMITH"},{"data":"CollectingQuirk","floor":51,"key":"SMITH"}],"circlet_count":0,"master_deck":["Defend_MRS","MasterSpark","UpSweep","WitchOfGreed","MilkyWay","OortCloud+1","NonDirectionalLaser","MagicAbsorber","SporeBomb+1","DeepEcoloBomb+1","Pot Of Greed+1","Pot Of Greed+1","GalacticHalo+1","SprinkleStarSeal","ReplayTheSpireMod:Echoes of Time","OortCloud","hubris:DuctTapeCard","UltimateShortwave+1","Madness","Madness","DeepEcoloBomb+1","CollectingQuirk+1","Pot Of Greed"],"relics":["MiniHakkero","NeowsBlessing","hubris:Icosahedron","Bottled Lightning","hubris:Reverence","Strange Spoon","infinitespire:FocusingShard","aspiration:RunicSpoon","theJungle:SpiritDisease","Blood Vial","Grinning Jar","Medical Kit","Coffee Dripper","Spirit Poop","aspiration:ChemicalBlood","hubris:DuctTape","Orichalcum","Replay:Grab Bag","hubris:VirtuousBlindfold","Sozu","hubris:ScarierMask","Bottled Flame","Regal Pillow","conspire:Flyswatter","Thread and Needle","Chameleon Ring"],"acts_visited":["Exordium","Exordium","TheBeyond"],"potions_floor_usage":[8,18,44,44,44],"damage_taken":[{"damage":0,"enemies":"2 Louse","floor":1,"turns":1},{"damage":0,"enemies":"Small Slimes","floor":4,"turns":1},{"damage":0,"enemies":"Gremlin Nob","floor":6,"turns":1},{"damage":2,"enemies":"conspire:RoseBush","floor":7,"turns":4},{"damage":2,"enemies":"Replay:BlueRogue","floor":8,"turns":4},{"damage":0,"enemies":"Red Slaver","floor":14,"turns":3},{"damage":33,"enemies":"The Guardian","floor":16,"turns":7},{"damage":11,"enemies":"theJungle:GiantWrat","floor":18,"turns":3},{"damage":0,"enemies":"theJungle:MUSHROOMGANG","floor":22,"turns":1},{"damage":0,"enemies":"theJungle:SlimyTreeVines","floor":24,"turns":3},{"damage":4,"enemies":"theJungle:2_Flameangoes","floor":29,"turns":4},{"damage":1,"enemies":"theJungle:Cassacara","floor":30,"turns":3},{"damage":0,"enemies":"theJungle:FunGuy","floor":35,"turns":5},{"damage":0,"enemies":"Orb Walker","floor":37,"turns":3},{"damage":0,"enemies":"3 Darklings","floor":38,"turns":2},{"damage":0,"enemies":"Giant Head","floor":42,"turns":4},{"damage":0,"enemies":"Nightmare","floor":44,"turns":5},{"damage":0,"enemies":"Jaw Worm Horde","floor":46,"turns":2},{"damage":0,"enemies":"Mind Bloom Boss Battle","floor":48,"turns":2},{"damage":6,"enemies":"R_Hoarder","floor":50,"turns":5},{"damage":8,"enemies":"hubris:GrandSnecko","floor":52,"turns":8}],"seed_played":"4432308332755009954","potions_obtained":[{"floor":1,"key":"DistilledChaos"},{"floor":7,"key":"Block Potion"},{"floor":7,"key":"Milkshake"},{"floor":16,"key":"DistilledChaos"},{"floor":16,"key":"Energy Potion"},{"floor":18,"key":"Fruit Juice"},{"floor":18,"key":"Explosive Potion"}],"is_trial":false,"path_per_floor":["M","?","?","M","?","E","M","E","T","?","R","$","T","M","R","B",null,"M","?","?","?","M","R","M","AVR","T","PTL","PTL","M","E","$","R","T","R","B",null,"M","M","?","?","AVR","E","R","NM","T","M","R","?","R","E","R","B",null],"character_chosen":"MARISA","items_purchased":["Strange Spoon","SporeBomb","hubris:DuctTape"],"campfire_rested":0,"item_purchase_floors":[12,12,31],"current_hp_per_floor":[75,75,58,58,51,51,49,73,73,73,73,73,73,73,73,40,75,69,69,69,69,71,71,76,76,76,76,76,74,75,75,75,75,75,77,80,80,80,70,70,70,72,72,74,74,76,76,78,78,74,74,68],"gold":563,"neow_bonus":"THREE_ENEMY_KILL","is_daily":false,"chose_seed":false,"campfire_upgraded":9,"win_rate":0.0,"timestamp":1611021429,"path_taken":["M","?","?","M","?","E","M","E","T","?","R","$","?","M","R","BOSS","M","?","?","?","?","R","M","AVR","T","PTL","PTL","M","E","$","R","?","R","BOSS","M","M","?","?","AVR","E","R","NM","T","M","R","?","R","E","R","BOSS"],"items_purchased_type":["Relic","Card","Relic"],"build_version":"2020-12-22","purchased_purges":2,"victory":true,"max_hp_per_floor":[75,75,75,75,75,75,75,75,75,75,75,75,75,75,75,75,75,80,80,80,80,80,80,80,80,80,80,80,80,80,80,80,80,80,80,80,80,80,80,80,80,80,80,80,80,80,80,80,80,80,80,80],"card_choices":[{"not_picked":["MilkyWay","WitchLeyline"],"picked":"WitchOfGreed","floor":1},{"not_picked":["infinitespire:FutureSight","ReplayTheSpireMod:Echoes of Time"],"picked":"infinitespire:Punishment","floor":3},{"not_picked":["MagicChant","DoubleSpark"],"picked":"MilkyWay","floor":4},{"not_picked":["PropBag","UnstableBomb"],"picked":"OortCloud","floor":6},{"not_picked":["DragonMeteor","WitchLeyline"],"picked":"NonDirectionalLaser","floor":7},{"not_picked":["WitchLeyline","NonDirectionalLaser"],"picked":"MagicAbsorber","floor":8},{"not_picked":["AsteroidBelt","GrandCross"],"picked":"DeepEcoloBomb","floor":14},{"not_picked":["CollectingQuirk","BinaryStars"],"picked":"FinalSpark","floor":16},{"not_picked":["MysteriousBeam+1","NonDirectionalLaser","LuminesStrike"],"picked":"SKIP","floor":18},{"not_picked":["IllusionStar","StarBarrage"],"picked":"GalacticHalo","floor":22},{"not_picked":["6A","BlazingStar"],"picked":"SprinkleStarSeal","floor":24},{"not_picked":["AsteroidBelt","SporeBomb","PulseMagic"],"picked":"SKIP","floor":29},{"not_picked":["SporeBomb+1","WitchOfGreed"],"picked":"OortCloud","floor":30},{"not_picked":["SuperNova","EscapeVelocity"],"picked":"UltimateShortwave","floor":35},{"not_picked":["AsteroidBelt","MysteriousBeam+1","Acceleration"],"picked":"SKIP","floor":37},{"not_picked":["Acceleration","DC+1","GasGiant"],"picked":"SKIP","floor":38},{"not_picked":["ShootingEcho","NonDirectionalLaser","GravityBeat"],"picked":"SKIP","floor":42},{"not_picked":["UnstableBomb+1","GalacticHalo+1"],"picked":"DeepEcoloBomb+1","floor":44},{"not_picked":["GrandCross","MeteoricShower","BlazeAway"],"picked":"SKIP","floor":46},{"not_picked":["MilkyWay","DarkMatter"],"picked":"CollectingQuirk","floor":50}],"player_experience":314057,"relics_obtained":[{"floor":8,"key":"Bottled Lightning"},{"floor":9,"key":"hubris:Reverence"},{"floor":13,"key":"infinitespire:FocusingShard"},{"floor":20,"key":"Blood Vial"},{"floor":26,"key":"Spirit Poop"},{"floor":30,"key":"aspiration:ChemicalBlood"},{"floor":33,"key":"Orichalcum"},{"floor":42,"key":"Bottled Flame"},{"floor":44,"key":"Regal Pillow"},{"floor":45,"key":"conspire:Flyswatter"},{"floor":48,"key":"Thread and Needle"},{"floor":50,"key":"Chameleon Ring"}],"event_choices":[{"cards_removed":["Strike_MRS"],"damage_healed":0,"gold_gain":0,"player_choice":"Card Removal","damage_taken":7,"max_hp_gain":0,"max_hp_loss":0,"event_name":"Golden Wing","floor":5,"gold_loss":0},{"cards_removed":["Strike_MRS"],"damage_healed":0,"gold_gain":0,"player_choice":"Card Removal","damage_taken":0,"max_hp_gain":0,"max_hp_loss":0,"event_name":"The Cleric","floor":10,"gold_loss":50},{"damage_healed":0,"gold_gain":0,"player_choice":"Gave Potion","damage_taken":0,"relics_obtained":["Grinning Jar"],"max_hp_gain":0,"max_hp_loss":0,"event_name":"WeMeetAgain","floor":21,"gold_loss":0},{"damage_healed":0,"gold_gain":0,"player_choice":"Embrace Madness","damage_taken":10,"max_hp_gain":0,"max_hp_loss":0,"event_name":"Winding Halls","floor":39,"gold_loss":0,"cards_obtained":["Madness","Madness"]},{"damage_healed":0,"gold_gain":0,"player_choice":"Fight","damage_taken":0,"max_hp_gain":0,"max_hp_loss":0,"event_name":"MindBloom","floor":48,"gold_loss":0}],"is_beta":false,"boss_relics":[{"not_picked":["ReplayTheSpireMod:DimensionalGlitch","aspiration:SilentSkillbook"],"picked":"aspiration:RunicSpoon"},{"not_picked":["Replay:Fungal Core","Busted Crown"],"picked":"Replay:Grab Bag"},{"not_picked":["energizedSpire:HugeHouse","Abe\u0027s Treasure"],"picked":"hubris:VirtuousBlindfold"},{"not_picked":["ChewingGum","hubris:GrandSneckoEye"],"picked":"Sozu"},{"not_picked":["Replay:Drink Me","aspiration:RitualDagger"],"picked":"hubris:ScarierMask"}],"items_purged_floors":[25,31],"is_endless":false,"potions_floor_spawned":[1,7,16,18,24,30,35,42,44,46,48,50],"ascension_level":4}}