{"host":"4hkuu26ltn0le3bk","time":1611041026,"event":{"mods":["100% Spire Juice","Arknights The Spire","Astrologer","BaseMod","BetterRewards","Clockwork Mod","Colored Map","Colored Powertips","Downfall","Friendly Minions","Gremlin Mod","Hermit","Marisa????????","Minty Spire (QoL Compilation)","Quick Restart","StSLib","Td1madao Mod","The Bug Knight","The Construct","The Cursed","The Disciple","The Factory","The Hierophant","The Jungle","The Servant 0.9.4"],"gold_per_floor":[111,127,127,140,140,175,359,359,359,378,378,52,82,106,106,219,219,248,248,275,326,11,68,88,109,133,133,154,154,176,193,193,303,303,316,316,325,335,394,394,412,166,175,202,77,77,93,108,108,108,108,108,7,45,45],"floor_reached":56,"language":"ENG","playtime":3444,"items_purged":["Doubt","Normality","Pain"],"score":1274,"play_id":"99b74d99-d7f5-42b0-95fe-f204b6caea91","local_time":"20210119022346","is_ascension_mode":false,"campfire_choices":[{"data":"BlazeAway","floor":8.0,"key":"SMITH"},{"data":"JA","floor":11.0,"key":"SMITH"},{"data":"UpSweep","floor":15.0,"key":"SMITH"},{"floor":27.0,"key":"REST"},{"floor":32.0,"key":"REST"},{"data":"OrrerysSun","floor":40.0,"key":"SMITH"},{"floor":49.0,"key":"RECALL"},{"data":"DeepEcoloBomb","floor":52.0,"key":"SMITH"}],"circlet_count":0,"master_deck":["Strike_MRS","Strike_MRS","Strike_MRS","Strike_MRS","Defend_MRS","Defend_MRS","Defend_MRS","MasterSpark","UpSweep+1","OrrerysSun+1","SuperPerseids","BlazeAway+1","SprinkleStarSeal","DeepEcoloBomb+1","JA+1","EnergyFlow","EnergyFlow","SporeBomb+1","StarBarrage","Parasite","Parasite","AsteroidBelt+1","Singularity+1","CasketOfStar","Acceleration","PropBag","CasketOfStar","PowerUp+1","PropBag"],"relics":["MiniHakkero","AmplifyWand","CeramicFish","Ornamental Fan","Toy Ornithopter","SlaversCollar","Tiny Chest","Kunai","ShroomBag","Happy Flower","Cursed Key","Dream Catcher","StoneCalendar","Regal Pillow","Potion Belt","MealTicket","HollowMod:LifeEnderRelic"],"acts_visited":["Exordium","TheCity","TheBeyond","TheEnding"],"potions_floor_usage":[55,55,55,55],"damage_taken":[{"damage":2.0,"enemies":"Small Slimes","floor":1.0,"turns":3.0},{"damage":1.0,"enemies":"Jaw Worm","floor":2.0,"turns":3.0},{"damage":0.0,"enemies":"2 Louse","floor":4.0,"turns":1.0},{"damage":19.0,"enemies":"3 Sentries","floor":6.0,"turns":8.0},{"damage":5.0,"enemies":"Blue Slaver","floor":10.0,"turns":3.0},{"damage":4.0,"enemies":"Exordium Thugs","floor":14.0,"turns":4.0},{"damage":25.0,"enemies":"Hexaghost","floor":16.0,"turns":6.0},{"damage":0.0,"enemies":"2 Thieves","floor":18.0,"turns":4.0},{"damage":16.0,"enemies":"3 Byrds","floor":20.0,"turns":6.0},{"damage":46.0,"enemies":"Gremlin Leader","floor":23.0,"turns":5.0},{"damage":12.0,"enemies":"3 Cultists","floor":24.0,"turns":6.0},{"damage":15.0,"enemies":"Snake Plant","floor":25.0,"turns":6.0},{"damage":22.0,"enemies":"Sentry and Sphere","floor":28.0,"turns":4.0},{"damage":3.0,"enemies":"Centurion and Healer","floor":30.0,"turns":4.0},{"damage":2.0,"enemies":"Cultist and Chosen","floor":31.0,"turns":6.0},{"damage":8.0,"enemies":"Automaton","floor":33.0,"turns":7.0},{"damage":19.0,"enemies":"Orb Walker","floor":35.0,"turns":4.0},{"damage":15.0,"enemies":"3 Shapes","floor":38.0,"turns":5.0},{"damage":0.0,"enemies":"Mind Bloom Boss Battle","floor":39.0,"turns":3.0},{"damage":24.0,"enemies":"Maw","floor":41.0,"turns":7.0},{"damage":5.0,"enemies":"Reptomancer","floor":44.0,"turns":5.0},{"damage":0.0,"enemies":"Jaw Worm Horde","floor":47.0,"turns":4.0},{"damage":17.0,"enemies":"4 Shapes","floor":48.0,"turns":5.0},{"damage":19.0,"enemies":"Time Eater","floor":50.0,"turns":8.0},{"damage":26.0,"enemies":"Shield and Spear","floor":54.0,"turns":5.0},{"damage":68,"enemies":"The Heart","floor":55,"turns":8}],"seed_played":"-6042584771479977189","potions_obtained":[{"floor":2.0,"key":"PowerPotion"},{"floor":4.0,"key":"DistilledChaos"},{"floor":10.0,"key":"Swift Potion"},{"floor":16.0,"key":"DistilledChaos"},{"floor":23.0,"key":"Swift Potion"},{"floor":28.0,"key":"construct:ShiftPotion"},{"floor":30.0,"key":"DistilledChaos"},{"floor":33.0,"key":"Guardian:BlockOnCardUsePotion"},{"floor":35.0,"key":"BottledSpark"},{"floor":41.0,"key":"Energy Potion"},{"floor":47.0,"key":"Strength Potion"},{"floor":48.0,"key":"Strength Potion"}],"is_trial":false,"path_per_floor":["M","M","?","M","?","E","?","R","T","M","R","$","?","M","R","B",null,"M","?","M","T","$","E","M","M","T","R","M","?","M","M","R","B",null,"M","?","T","M","?","R","M","$","T","E","$","?","M","M","R","B",null,"R","$","E","B",null],"character_chosen":"MARISA","items_purchased":["Ornamental Fan","EnergyFlow","Kunai","Regal Pillow","Weak Potion","Weak Potion"],"campfire_rested":2,"item_purchase_floors":[12,12,22,42,53,53],"current_hp_per_floor":[80,79,79,79,76,57,57,57,57,52,52,52,52,48,48,28,82,82,82,67,67,67,21,18,12,12,36,16,16,17,24,48,44,82,63,92,92,79,81,81,66,66,66,70,85,85,92,79,79,69,92,92,92,66,22],"gold":45,"neow_bonus":"TEN_PERCENT_HP_BONUS","is_daily":false,"chose_seed":false,"campfire_upgraded":5,"win_rate":0.0,"timestamp":1611041026,"path_taken":["M","M","?","M","?","E","?","R","T","M","R","?","?","M","R","BOSS","M","?","M","?","$","E","M","M","T","R","M","?","M","?","R","BOSS","M","?","?","M","?","R","M","$","T","E","$","?","?","M","R","BOSS","R","$","E","BOSS"],"items_purchased_type":["Relic","Card","Relic","Relic","Potion","Potion"],"build_version":"2020-12-22","purchased_purges":3,"victory":true,"max_hp_per_floor":[82,82,82,82,82,82,82,82,82,82,82,82,82,82,82,82,82,82,82,82,82,82,82,82,82,82,82,82,82,82,82,82,82,82,82,92,92,92,92,92,92,92,92,92,92,92,92,92,92,92,92,92,92,92,92],"card_choices":[{"not_picked":["NonDirectionalLaser","MilkyWay"],"picked":"OrrerysSun","floor":1.0},{"not_picked":["MeteoricShower","ShootingEcho"],"picked":"SuperPerseids","floor":2.0},{"not_picked":["RefractionSpark","BlazeAway"],"picked":"SprinkleStarSeal","floor":4.0},{"not_picked":["DarkSpark","IllusionStar"],"picked":"DeepEcoloBomb","floor":6.0},{"not_picked":["IllusionStar","Occultation"],"picked":"JA","floor":10.0},{"not_picked":["UnstableBomb","Occultation"],"picked":"EnergyFlow","floor":14.0},{"not_picked":["TreasureHunter","AbsoluteMagnitude"],"picked":"SatelliteIllusion","floor":16.0},{"not_picked":["MysteriousBeam","ShootingEcho"],"picked":"SporeBomb+1","floor":18.0},{"not_picked":["GalacticHalo","ShootingEcho"],"picked":"StarBarrage","floor":20.0},{"not_picked":["UnstableBomb","IllusionStar"],"picked":"AsteroidBelt+1","floor":23.0},{"not_picked":["GravityBeat+1","LuminesStrike"],"picked":"Singularity+1","floor":24.0},{"not_picked":["WitchOfGreed","MysteriousBeam"],"picked":"CasketOfStar","floor":25.0},{"not_picked":["GalacticHalo","EnergyFlow"],"picked":"Acceleration","floor":28.0},{"not_picked":["GalacticHalo","DC"],"picked":"PropBag","floor":30.0},{"not_picked":["DoubleSpark","AsteroidBelt","IllusionStar"],"picked":"SKIP","floor":31.0},{"not_picked":["MillisecondPulsars","TreasureHunter"],"picked":"CasketOfStar","floor":33.0},{"not_picked":["WitchOfGreed","EnergyFlow+1","IllusionStar"],"picked":"SKIP","floor":35.0},{"not_picked":["LuminesStrike+1","WitchLeyline","MagicChant"],"picked":"SKIP","floor":38.0},{"not_picked":["Occultation+1","DoubleSpark"],"picked":"PowerUp+1","floor":39.0},{"not_picked":["DragonMeteor","IllusionStar+1","WitchLeyline"],"picked":"SKIP","floor":41.0},{"not_picked":["ChargeUpSpray","OortCloud","6A"],"picked":"SKIP","floor":44.0},{"not_picked":["JA","DoubleSpark","MysteriousBeam"],"picked":"SKIP","floor":47.0},{"not_picked":["MysteriousBeam+1","WitchLeyline+1","OrrerysSun"],"picked":"SKIP","floor":48.0},{"not_picked":["IllusionStar","MysteriousBeam"],"picked":"PropBag","floor":54.0}],"player_experience":240131,"relics_obtained":[{"floor":6.0,"key":"CeramicFish"},{"floor":21.0,"key":"Tiny Chest"},{"floor":23.0,"key":"ShroomBag"},{"floor":26.0,"key":"Happy Flower"},{"floor":37.0,"key":"Dream Catcher"},{"floor":39.0,"key":"StoneCalendar"},{"floor":43.0,"key":"Potion Belt"},{"floor":44.0,"key":"MealTicket"},{"floor":54.0,"key":"HollowMod:LifeEnderRelic"}],"event_choices":[{"damage_healed":0.0,"max_hp_gain":0.0,"max_hp_loss":0.0,"gold_gain":0.0,"cards_transformed":["Defend_MRS"],"event_name":"Living Wall","player_choice":"Change","floor":3.0,"gold_loss":0.0,"damage_taken":0.0,"cards_obtained":["BlazeAway"]},{"damage_healed":0.0,"max_hp_gain":0.0,"max_hp_loss":0.0,"gold_gain":0.0,"event_name":"Scrap Ooze","player_choice":"Success","floor":5.0,"gold_loss":0.0,"damage_taken":3.0,"relics_obtained":["AmplifyWand"]},{"damage_healed":0.0,"max_hp_gain":0.0,"max_hp_loss":0.0,"gold_gain":175.0,"event_name":"Liars Game","player_choice":"AGREE","floor":7.0,"gold_loss":0.0,"damage_taken":0.0,"cards_obtained":["Doubt"]},{"damage_healed":0.0,"max_hp_gain":0.0,"max_hp_loss":0.0,"gold_gain":30.0,"event_name":"Dead Adventurer","player_choice":"Searched \u00273\u0027 times","floor":13.0,"gold_loss":0.0,"damage_taken":0.0,"relics_obtained":["Toy Ornithopter"]},{"damage_healed":0.0,"max_hp_gain":0.0,"max_hp_loss":0.0,"gold_gain":0.0,"event_name":"Fountain of Cleansing","player_choice":"Ignored","floor":29.0,"gold_loss":0.0,"damage_taken":0.0},{"cards_removed":["SatelliteIllusion"],"damage_healed":19.0,"max_hp_gain":10.0,"max_hp_loss":0.0,"gold_gain":0.0,"event_name":"Bonfire Elementals","player_choice":"Offered Rare","floor":36.0,"gold_loss":0.0,"damage_taken":0.0},{"damage_healed":0.0,"max_hp_gain":0.0,"max_hp_loss":0.0,"gold_gain":0.0,"event_name":"MindBloom","player_choice":"Fight","floor":39.0,"gold_loss":0.0,"damage_taken":0.0},{"damage_healed":0.0,"max_hp_gain":0.0,"max_hp_loss":0.0,"gold_gain":0.0,"event_name":"SecretPortal","player_choice":"Ignored","floor":46.0,"gold_loss":0.0,"damage_taken":0.0}],"is_beta":false,"boss_relics":[{"not_picked":["Black Star","Astrolabe"],"picked":"SlaversCollar"},{"not_picked":["Calling Bell","Busted Crown"],"picked":"Cursed Key"}],"items_purged_floors":[22,42,45],"is_endless":false,"potions_floor_spawned":[2,4,10,16,23,28,30,33,35,41,47,48],"ascension_level":0}}