{"host":"ebj6lkgm8suah319","time":1611031461,"event":{"mods":["2.2 Compatiblity","AchievementEnabler","BaseMod","Block Reminder","Colored Map","Colored Powertips","Minty Spire (QoL Compilation)","Quick Restart","Rare Cards Sparkle","Relic Stats","SuperFastMode"],"gold_per_floor":[114,131,131,151,168,168,186,186,258,269,601,615,628,663,663,740,740,757,672,672,672],"floor_reached":20,"language":"ENG","playtime":489,"items_purged":[],"score":310,"play_id":"c02d28a1-e887-4129-847e-fc4b8270aab8","local_time":"20210118234421","is_ascension_mode":true,"campfire_choices":[{"data":"Apotheosis","floor":6.0,"key":"SMITH"},{"floor":8.0,"key":"REST"},{"data":"True Grit","floor":15.0,"key":"SMITH"}],"circlet_count":0,"master_deck":["AscendersBane","Strike_R","Strike_R","Strike_R","Strike_R","Strike_R","Defend_R","Defend_R","Defend_R","Defend_R","Bash","Apotheosis+1","Clothesline","Carnage","Entrench","True Grit+1","Havoc","Barricade","Spot Weakness","Demon Form","Dropkick"],"relics":["Burning Blood","Sundial","Old Coin","Oddly Smooth Stone","Mark of Pain","Strawberry"],"acts_visited":["Exordium","TheCity"],"potions_floor_usage":[16,16,20],"damage_taken":[{"damage":10.0,"enemies":"Jaw Worm","floor":1.0,"turns":4.0},{"damage":4.0,"enemies":"Small Slimes","floor":2.0,"turns":4.0},{"damage":0.0,"enemies":"Cultist","floor":4.0,"turns":4.0},{"damage":15.0,"enemies":"2 Fungi Beasts","floor":5.0,"turns":4.0},{"damage":8.0,"enemies":"3 Louse","floor":7.0,"turns":3.0},{"damage":11.0,"enemies":"Exordium Thugs","floor":10.0,"turns":6.0},{"damage":5.0,"enemies":"3 Sentries","floor":11.0,"turns":7.0},{"damage":5.0,"enemies":"Exordium Wildlife","floor":12.0,"turns":4.0},{"damage":10.0,"enemies":"2 Fungi Beasts","floor":13.0,"turns":3.0},{"damage":38.0,"enemies":"Gremlin Nob","floor":14.0,"turns":5.0},{"damage":11,"enemies":"Hexaghost","floor":16,"turns":9},{"damage":28,"enemies":"Spheric Guardian","floor":18,"turns":5},{"damage":51,"enemies":"3 Byrds","floor":20,"turns":5}],"seed_played":"-4786958853630077603","potions_obtained":[{"floor":2.0,"key":"ElixirPotion"},{"floor":4.0,"key":"BlessingOfTheForge"},{"floor":10.0,"key":"Block Potion"},{"floor":11.0,"key":"HeartOfIron"},{"floor":18,"key":"EssenceOfSteel"}],"is_trial":false,"path_per_floor":["M","M","?","M","M","R","M","R","T","M","E","M","M","E","R","B",null,"M","?","M"],"character_chosen":"IRONCLAD","items_purchased":[],"campfire_rested":1,"item_purchase_floors":[],"current_hp_per_floor":[68,70,75,77,68,68,66,77,77,72,73,74,70,38,38,33,66,44,51,0,0],"gold":672,"neow_bonus":"RANDOM_COLORLESS_2","is_daily":false,"chose_seed":false,"campfire_upgraded":2,"win_rate":0.0,"timestamp":1611031461,"path_taken":["M","M","?","M","M","R","M","R","T","M","E","M","M","E","R","BOSS","M","?","M"],"items_purchased_type":[],"build_version":"2020-12-22","purchased_purges":0,"victory":false,"max_hp_per_floor":[72,72,77,77,77,77,77,77,77,77,77,77,77,77,77,77,77,77,84,84,84],"relic_stats":{"counters":[13,63],"Sundial":[4],"obtain_stats":[{"Sundial":9,"Strawberry":19,"Oddly Smooth Stone":14,"Mark of Pain":17,"Burning Blood":0,"Old Coin":11},{"Sundial":5,"Strawberry":12,"Oddly Smooth Stone":10,"Mark of Pain":11,"Burning Blood":0,"Old Coin":7},{"Sundial":19,"Strawberry":58,"Oddly Smooth Stone":44,"Mark of Pain":53,"Burning Blood":0,"Old Coin":32}],"Burning Blood":68},"card_choices":[{"not_picked":["Violence","Master of Strategy"],"picked":"Apotheosis","floor":0.0},{"not_picked":["Shrug It Off","Warcry"],"picked":"Clothesline","floor":1.0},{"not_picked":["Flame Barrier","Cleave"],"picked":"Carnage","floor":2.0},{"not_picked":["Infernal Blade","Armaments","Bloodletting"],"picked":"SKIP","floor":4.0},{"not_picked":["Warcry","Intimidate"],"picked":"Entrench","floor":5.0},{"not_picked":["Flex","Hemokinesis"],"picked":"True Grit","floor":7.0},{"not_picked":["Warcry","Iron Wave"],"picked":"Havoc","floor":10.0},{"not_picked":["Body Slam","Thunderclap"],"picked":"Barricade","floor":11.0},{"not_picked":["Infernal Blade","Perfected Strike","Rupture"],"picked":"SKIP","floor":12.0},{"not_picked":["Iron Wave","Clothesline","Headbutt"],"picked":"SKIP","floor":13.0},{"not_picked":["Bloodletting","Body Slam"],"picked":"Spot Weakness","floor":14.0},{"not_picked":["Feed","Impervious"],"picked":"Demon Form","floor":16},{"not_picked":["Carnage","Thunderclap"],"picked":"Dropkick","floor":18}],"player_experience":36415,"relics_obtained":[{"floor":9.0,"key":"Sundial"},{"floor":11.0,"key":"Old Coin"},{"floor":14.0,"key":"Oddly Smooth Stone"}],"event_choices":[{"damage_healed":0.0,"max_hp_gain":5.0,"max_hp_loss":0.0,"gold_gain":0.0,"event_name":"Big Fish","player_choice":"Donut","floor":3.0,"gold_loss":0.0,"damage_taken":0.0},{"damage_healed":0,"gold_gain":0,"player_choice":"Obtained Relic","damage_taken":0,"relics_obtained":["Strawberry"],"max_hp_gain":0,"max_hp_loss":0,"event_name":"Addict","floor":19,"gold_loss":85}],"is_beta":false,"boss_relics":[{"not_picked":["SlaversCollar","Tiny House"],"picked":"Mark of Pain"}],"items_purged_floors":[],"is_endless":false,"potions_floor_spawned":[2,4,10,11,12,13,18],"killed_by":"3 Byrds","ascension_level":13}}