{"host":"gqhy17d1xpb1p3ki","time":1611096541,"event":{"mods":["BaseMod","Colored Map","Downfall","Hermit","Marisa????????","Minty Spire (QoL Compilation)","StSLib","The Animator","The Cursed","The Servant 0.9.4"],"gold_per_floor":[99,117,131,7,17,17,89,122,422,437,496,496,496,513,533,638,638,638,653,653,663,663,663,663,690,709,735,750,58,58,77,94,94,94],"floor_reached":33,"language":"ENG","playtime":3553,"items_purged":["downfall:Icky"],"score":269,"play_id":"04374a2a-1c70-4b12-9515-fcd29a481e3e","local_time":"20210119174901","is_ascension_mode":false,"campfire_choices":[{"data":"KidneyShot","floor":1,"key":"SMITH"},{"data":"Moonlight","floor":13,"key":"SMITH"},{"data":"Solidify","floor":18,"key":"SMITH"},{"data":"Dilation","floor":30,"key":"SMITH"}],"circlet_count":0,"master_deck":["Defend_S","Defend_S","Defend_S","Defend_S","KidneyShot+1","Exchange","Potential","Rewind","Rearm","InstantArmor","Moonlight+1","FanOfKnives+1","TimeWarp+1","WasteNot+1","Defy","Defy","SpecialFormula","Solidify+1","StarChef+1","FastForward+1","Writhe","Slimebound:Tackle+1","Slimebound:Tackle+1","Slimebound:Tackle+1","Revamp+1","Ricochet+1","Starlight+1","Alleviate","Dilation+1","Contraction+1","PendulumOfEternity"],"relics":["SplendidAttire","Frozen Egg 2","Orichalcum","Art of War","MealTicket","PreservedInsect","Omamori","Anchor","Lantern","Whetstone","Sling"],"acts_visited":["Exordium","TheCity"],"potions_floor_usage":[16,16,29],"damage_taken":[{"damage":1,"enemies":"Cultist","floor":2,"turns":4},{"damage":6,"enemies":"Jaw Worm","floor":3,"turns":3},{"damage":0,"enemies":"downfall:FleeingMerchant","floor":4,"turns":4},{"damage":0,"enemies":"Small Slimes","floor":5,"turns":2},{"damage":20,"enemies":"3 Sentries","floor":8,"turns":9},{"damage":0,"enemies":"2 Fungi Beasts","floor":10,"turns":3},{"damage":31,"enemies":"Lagavulin Event","floor":11,"turns":7},{"damage":1,"enemies":"3 Louse","floor":14,"turns":3},{"damage":0,"enemies":"Exordium Wildlife","floor":15,"turns":6},{"damage":34,"enemies":"DF_ARCHETYPE_STREAMLINE","floor":16,"turns":12},{"damage":0,"enemies":"Spheric Guardian","floor":19,"turns":3},{"damage":14,"enemies":"Snecko","floor":21,"turns":9},{"damage":11,"enemies":"Sentry and Sphere","floor":26,"turns":5},{"damage":28,"enemies":"Slavers","floor":27,"turns":5},{"damage":0,"enemies":"Snake Plant","floor":28,"turns":5},{"damage":0,"enemies":"downfall:FleeingMerchant","floor":29,"turns":4},{"damage":0,"enemies":"Snecko","floor":31,"turns":7},{"damage":0,"enemies":"Centurion and Healer","floor":32,"turns":5},{"damage":62,"enemies":"SI_MIRROR_ARCHETYPE","floor":33,"turns":16}],"seed_played":"-7985719774567010972","potions_obtained":[{"floor":8,"key":"ColorlessPotion"},{"floor":11,"key":"Swift Potion"},{"floor":14,"key":"CultistPotion"},{"floor":15,"key":"Regen Potion"},{"floor":21,"key":"Strength Potion"},{"floor":28,"key":"Slimebound:ThreeZeroPotion"},{"floor":32,"key":"Swift Potion"}],"is_trial":false,"path_per_floor":["R","M","M","$","M","?","T","E","?","M","?","?","R","M","M","B",null,"R","M","?","M","?","?","T","T","M","E","M","$","R","M","M","B"],"character_chosen":"THE_SERVANT","items_purchased":["InstantArmor","Moonlight","Lantern","Dilation","Whetstone","Sling"],"campfire_rested":0,"item_purchase_floors":[4,4,29,29,29,29],"current_hp_per_floor":[71,70,64,64,64,69,69,49,49,49,18,18,18,17,17,3,76,76,76,76,67,67,67,67,67,56,28,28,48,48,48,53,0,0],"gold":94,"neow_bonus":"TEN_PERCENT_HP_BONUS","is_daily":false,"chose_seed":false,"campfire_upgraded":4,"win_rate":0.0,"timestamp":1611096541,"path_taken":["R","M","M","$","?","?","T","E","?","M","?","?","R","?","M","BOSS","R","M","?","M","?","?","T","?","M","E","M","$","R","M","M","BOSS"],"items_purchased_type":["Card","Card","Relic","Card","Relic","Relic"],"build_version":"2020-12-22","purchased_purges":1,"victory":false,"max_hp_per_floor":[71,71,71,71,71,76,76,76,76,76,76,76,76,76,76,76,76,76,76,76,76,76,76,76,76,76,76,76,76,76,76,76,76,76],"card_choices":[{"not_picked":["SpecialFormula","Hightail"],"picked":"Potential","floor":2},{"not_picked":["Potential","Defy"],"picked":"Rewind","floor":3},{"not_picked":["Spin","Alleviate"],"picked":"Rearm","floor":4},{"not_picked":["InstantArmor","ReturningBlade"],"picked":"FanOfKnives","floor":5},{"not_picked":["Replace","SurpressingFire+1"],"picked":"TimeWarp","floor":8},{"not_picked":["Read","TimeWarp"],"picked":"WasteNot+1","floor":10},{"not_picked":["ShatteredReality","BestPractice+1"],"picked":"Defy","floor":11},{"not_picked":["Starlight","Replace"],"picked":"Defy","floor":14},{"not_picked":["Hightail","Unruled"],"picked":"SpecialFormula","floor":15},{"not_picked":["KillingDoll","ForgedInTime"],"picked":"Solidify","floor":16},{"not_picked":["Sabotage+1","Alleviate"],"picked":"StarChef+1","floor":19},{"not_picked":["Moonlight","Rewind"],"picked":"FastForward+1","floor":21},{"not_picked":["Rewind","FastForward"],"picked":"Revamp+1","floor":26},{"not_picked":["Desolation+1","FastForward"],"picked":"Ricochet+1","floor":27},{"not_picked":["Potential","DoubleEdge"],"picked":"Starlight+1","floor":28},{"not_picked":["Reset","DoubleEdge+1"],"picked":"Alleviate","floor":29},{"not_picked":["StarChef+1","Foresight+1"],"picked":"Contraction+1","floor":31},{"not_picked":["Spin+1","Alleviate"],"picked":"PendulumOfEternity","floor":32}],"player_experience":346952,"relics_obtained":[{"floor":7,"key":"Frozen Egg 2"},{"floor":8,"key":"Orichalcum"},{"floor":11,"key":"Art of War"},{"floor":24,"key":"PreservedInsect"},{"floor":25,"key":"Omamori"},{"floor":27,"key":"Anchor"}],"event_choices":[{"damage_healed":0,"gold_gain":0,"player_choice":"Donut","damage_taken":0,"max_hp_gain":5,"max_hp_loss":0,"event_name":"Big Fish","floor":6,"gold_loss":0},{"cards_removed":["downfall:Icky"],"damage_healed":0,"gold_gain":0,"player_choice":"Elegance","damage_taken":0,"max_hp_gain":0,"max_hp_loss":0,"event_name":"Back to Basics","floor":20,"gold_loss":0}],"is_beta":false,"boss_relics":[{"not_picked":["Philosopher\u0027s Stone","Sozu"],"picked":"SplendidAttire"}],"items_purged_floors":[29],"is_endless":false,"potions_floor_spawned":[8,11,14,15,21,28,32],"killed_by":"SI_MIRROR_ARCHETYPE","ascension_level":0}}