{"host":"sdjng9zhqonqi3uc","time":1611099234,"event":{"mods":["2.2 Compatiblity","AchievementEnabler","BaseMod","Better Third Choice","BetterRewards","Colored Powertips","Downfall","Hero for Fun","Minty Spire (QoL Compilation)","Quick Restart","Shop Mod","Spicy Shops","StSLib","Td1madao Mod","The Animator","The Cursed","The Servant 0.9.4"],"gold_per_floor":[12,22,38,38,53,85,99,125,125,142,162,197,221,248,260,349,361,391,413,700,112,112,444,476,486,486,520,534,564,575,601,601,679,679,694,694,694,709,723,751,778,804,859,886,906,919,919,937,937,937],"floor_reached":51,"language":"ENG","playtime":520,"items_purged":["Regret"],"score":2411,"play_id":"17220424-4848-48a6-b79b-4736ba9a0c5a","local_time":"20210120003354","is_ascension_mode":true,"campfire_choices":[{"data":"Slap","floor":15,"key":"SMITH"},{"data":"1","floor":32,"key":"LIFT"},{"data":"2","floor":47,"key":"LIFT"},{"data":"3","floor":49,"key":"LIFT"}],"circlet_count":0,"master_deck":["AscendersBane","Strike_Y","Strike_Y","Strike_Y","Strike_Y","Strike_Y","Normal_Punch","Slap","Slap+1","Slap","Hip_Strike","Slap"],"relics":["Cape","Mummified Hand","Oddly Smooth Stone","White Beast Statue","MawBank","Black Star","MealTicket","WingedGreaves","MerchantsRug","Old Coin","Happy Flower","Bottled Flame","Blood Vial","Strawberry","Lantern","War Paint","Molten Egg 2","Pantograph","Girya","Vajra","Empty Cage","Bronze Scales","Boot","Kunai","Juzu Bracelet","Question Card","Bag of Marbles","Art of War","Mercury Hourglass","Ornamental Fan"],"acts_visited":["Exordium","TheCity","TheBeyond"],"potions_floor_usage":[],"damage_taken":[{"damage":0,"enemies":"Cultist","floor":1,"turns":1},{"damage":0,"enemies":"Jaw Worm","floor":2,"turns":1},{"damage":0,"enemies":"Small Slimes","floor":3,"turns":1},{"damage":0,"enemies":"Blue Slaver","floor":5,"turns":1},{"damage":0,"enemies":"3 Sentries","floor":6,"turns":2},{"damage":0,"enemies":"Large Slime","floor":7,"turns":1},{"damage":0,"enemies":"Lagavulin","floor":8,"turns":1},{"damage":0,"enemies":"Exordium Wildlife","floor":10,"turns":1},{"damage":0,"enemies":"Exordium Thugs","floor":11,"turns":1},{"damage":0,"enemies":"3 Sentries","floor":12,"turns":1},{"damage":0,"enemies":"Looter","floor":13,"turns":1},{"damage":0,"enemies":"Lots of Slimes","floor":14,"turns":2},{"damage":0,"enemies":"Hexaghost","floor":16,"turns":1},{"damage":0,"enemies":"2 Thieves","floor":18,"turns":1},{"damage":0,"enemies":"Shell Parasite","floor":19,"turns":1},{"damage":0,"enemies":"Gremlin Leader","floor":23,"turns":1},{"damage":0,"enemies":"Book of Stabbing","floor":24,"turns":1},{"damage":0,"enemies":"Snecko","floor":25,"turns":1},{"damage":0,"enemies":"Gremlin Leader","floor":27,"turns":1},{"damage":0,"enemies":"Centurion and Healer","floor":28,"turns":1},{"damage":0,"enemies":"Book of Stabbing","floor":29,"turns":1},{"damage":0,"enemies":"Sentry and Sphere","floor":30,"turns":1},{"damage":0,"enemies":"Gremlin Leader","floor":31,"turns":1},{"damage":0,"enemies":"Collector","floor":33,"turns":1},{"damage":0,"enemies":"3 Shapes","floor":35,"turns":1},{"damage":0,"enemies":"Orb Walker","floor":38,"turns":1},{"damage":0,"enemies":"Transient","floor":39,"turns":1},{"damage":0,"enemies":"Reptomancer","floor":40,"turns":1},{"damage":0,"enemies":"Nemesis","floor":41,"turns":1},{"damage":0,"enemies":"Giant Head","floor":42,"turns":1},{"damage":0,"enemies":"Nemesis","floor":44,"turns":1},{"damage":0,"enemies":"3 Darklings","floor":45,"turns":1},{"damage":0,"enemies":"Sphere and 2 Shapes","floor":46,"turns":1},{"damage":0,"enemies":"Writhing Mass","floor":48,"turns":1},{"damage":0,"enemies":"Awakened One","floor":50,"turns":2}],"seed_played":"-6848607676421981893","potions_obtained":[{"floor":1,"key":"DistilledChaos"},{"floor":11,"key":"Dexterity Potion"}],"is_trial":false,"path_per_floor":["M","M","M","?","M","E","M","E","T","M","M","E","M","M","R","B",null,"M","M","?","$","?","E","E","M","T","E","M","E","M","E","R","B",null,"M","?","?","M","M","E","E","E","T","E","M","M","R","M","R","B",null],"character_chosen":"OPM","items_purchased":["MealTicket","WingedGreaves","MerchantsRug"],"campfire_rested":0,"item_purchase_floors":[21,21,21],"current_hp_per_floor":[899,899,899,899,899,899,899,899,899,899,899,899,899,899,899,899,974,974,974,974,974,974,974,974,976,983,985,987,989,991,993,993,1006,1006,1006,1006,956,956,956,956,956,956,956,956,956,956,956,956,956,956],"gold":937,"neow_bonus":"TRANSFORM_CARD","is_daily":false,"chose_seed":false,"campfire_upgraded":1,"win_rate":0.0,"timestamp":1611099234,"path_taken":["M","?","M","?","M","E","M","E","T","M","M","E","M","M","R","BOSS","M","M","?","?","?","E","E","M","T","E","M","E","M","E","R","BOSS","M","?","?","M","M","E","E","E","T","E","M","M","R","M","R","BOSS"],"items_purchased_type":["Relic","Relic","Relic"],"build_version":"2020-12-22","purchased_purges":1,"victory":true,"max_hp_per_floor":[999,999,999,999,999,999,999,999,999,999,999,999,999,999,999,999,999,999,999,999,999,999,999,999,999,1006,1006,1006,1006,1006,1006,1006,1006,1006,1006,1006,956,956,956,956,956,956,956,956,956,956,956,956,956,956],"card_choices":[{"not_picked":["Toss_Stone","Do_Nothing","Side_Hop"],"picked":"SKIP","floor":1},{"not_picked":["Consecutive_Normal_Punch","Do_Nothing"],"picked":"Slap","floor":2},{"not_picked":["Toss_Stone","Ignore","Hop"],"picked":"SKIP","floor":3},{"not_picked":["Slap","Yawn","Ignore"],"picked":"SKIP","floor":5},{"not_picked":["Hop","Hip_Strike","Yawn"],"picked":"SKIP","floor":6},{"not_picked":["Wear_Disguise","Do_Nothing","Toss_Stone"],"picked":"SKIP","floor":7},{"not_picked":["Toss_Stone","Side_Hop","Wear_Disguise"],"picked":"SKIP","floor":8},{"not_picked":["Consecutive_Normal_Punch","Yawn","Slap"],"picked":"SKIP","floor":10},{"not_picked":["Yawn","Hop","Ignore"],"picked":"SKIP","floor":11},{"not_picked":["Do_Nothing","Normal_Punch","Side_Hop"],"picked":"SKIP","floor":12},{"not_picked":["Ignore","Hop"],"picked":"Slap","floor":13},{"not_picked":["Hop","Do_Nothing","Get_Hopes_Up"],"picked":"SKIP","floor":14},{"not_picked":["Consecutive_Normal_Punch","Wear_Disguise","Hop"],"picked":"SKIP","floor":18},{"not_picked":["Yawn","Ignore"],"picked":"Slap","floor":19},{"not_picked":["Consecutive_Normal_Punch","Wear_Disguise"],"picked":"Slap","floor":23},{"not_picked":["Ignore","Do_Nothing","Consecutive_Normal_Punch"],"picked":"SKIP","floor":24},{"not_picked":["Hop","Slap","Normal_Punch"],"picked":"SKIP","floor":25},{"not_picked":["Do_Nothing","Toss_Stone","Normal_Punch"],"picked":"SKIP","floor":27},{"not_picked":["Wear_Disguise","Do_Nothing","Yawn"],"picked":"SKIP","floor":28},{"not_picked":["Oh","Slap+1","Consecutive_Normal_Punch+1"],"picked":"SKIP","floor":29},{"not_picked":["Slap+1","Yawn","Ignore"],"picked":"SKIP","floor":30},{"not_picked":["Normal_Punch+1","Yawn","Ignore"],"picked":"SKIP","floor":31},{"not_picked":["Side_Hop","Slap+1","Wear_Disguise+1"],"picked":"SKIP","floor":35},{"not_picked":["Consecutive_Normal_Punch+1","Side_Hop+1","Yawn+1"],"picked":"SKIP","floor":38},{"not_picked":["Side_Hop+1","Toss_Stone+1","Hop+1"],"picked":"SKIP","floor":39},{"not_picked":["Consecutive_Normal_Punch+1","Toss_Stone+1","Side_Hop"],"picked":"SKIP","floor":40},{"not_picked":["Ignore","Toss_Stone+1","Wear_Disguise"],"picked":"SKIP","floor":41},{"not_picked":["Ignore","Hop","Yawn"],"picked":"SKIP","floor":42},{"not_picked":["Ignore+1","Yawn","Wear_Disguise","Slap+1"],"picked":"SKIP","floor":44},{"not_picked":["Toss_Stone+1","Consecutive_Normal_Punch+1","Do_Nothing+1","Yawn"],"picked":"SKIP","floor":45},{"not_picked":["Terrifying_Presence","Wear_Disguise","Toss_Stone+1","Consecutive_Normal_Punch+1"],"picked":"SKIP","floor":46},{"not_picked":["Ignore","Side_Hop","Slap+1","Toss_Stone+1"],"picked":"SKIP","floor":48}],"player_experience":346441,"relics_obtained":[{"floor":6,"key":"Mummified Hand"},{"floor":8,"key":"Oddly Smooth Stone"},{"floor":9,"key":"White Beast Statue"},{"floor":12,"key":"MawBank"},{"floor":23,"key":"Old Coin"},{"floor":23,"key":"Happy Flower"},{"floor":24,"key":"Bottled Flame"},{"floor":24,"key":"Blood Vial"},{"floor":26,"key":"Strawberry"},{"floor":27,"key":"Lantern"},{"floor":27,"key":"War Paint"},{"floor":29,"key":"Molten Egg 2"},{"floor":29,"key":"Pantograph"},{"floor":31,"key":"Girya"},{"floor":31,"key":"Vajra"},{"floor":40,"key":"Bronze Scales"},{"floor":40,"key":"Boot"},{"floor":41,"key":"Kunai"},{"floor":41,"key":"Juzu Bracelet"},{"floor":42,"key":"Question Card"},{"floor":42,"key":"Bag of Marbles"},{"floor":43,"key":"Art of War"},{"floor":44,"key":"Mercury Hourglass"},{"floor":44,"key":"Ornamental Fan"}],"event_choices":[{"damage_healed":0,"gold_gain":0,"player_choice":"Damaged","damage_taken":99,"max_hp_gain":0,"max_hp_loss":0,"event_name":"Wheel of Change","floor":4,"gold_loss":0},{"damage_healed":0,"gold_gain":275,"player_choice":"Desecrate","damage_taken":0,"max_hp_gain":0,"max_hp_loss":0,"event_name":"Golden Shrine","floor":20,"gold_loss":0,"cards_obtained":["Regret"]},{"damage_healed":0,"gold_gain":0,"cards_transformed":["Defend_Y","Defend_Y"],"player_choice":"Became Test Subject","damage_taken":0,"max_hp_gain":0,"max_hp_loss":0,"event_name":"Drug Dealer","floor":22,"gold_loss":0,"cards_obtained":["Hip_Strike","Ignore"]},{"cards_removed":["Ignore"],"damage_healed":0,"gold_gain":0,"player_choice":"Removed Skill","damage_taken":0,"max_hp_gain":0,"max_hp_loss":0,"event_name":"Falling","floor":36,"gold_loss":0},{"damage_healed":0,"gold_gain":0,"player_choice":"Max HP","damage_taken":0,"max_hp_gain":0,"max_hp_loss":50,"event_name":"Winding Halls","floor":37,"gold_loss":0}],"is_beta":false,"boss_relics":[{"not_picked":["Snecko Eye","Tiny House"],"picked":"Black Star"},{"not_picked":["Velvet Choker","SacredBark"],"picked":"Empty Cage"}],"items_purged_floors":[21],"is_endless":false,"potions_floor_spawned":[1,3,5,6,10,11,12,13,14,16,18,19,23,24,25,27,28,29,30,31,33,35,38,39,40,41,42,44,45,46,48],"ascension_level":13}}