{"host":"p7cjtxxrilhp4dw7","time":1611016204,"event":{"mods":["BaseMod","Block Reminder","Colored Map","Highlight Path","Minty Spire (QoL Compilation)","Replay The Spire","StSLib","The Hierophant"],"gold_per_floor":[114,38,38,96,96,96,116,123,150,150,75,75,75,66,66,124,124,136,136,67,67,67,67,98,98,98,98,98,128,143,148,148,148],"floor_reached":32,"language":"ENG","playtime":2835,"items_purged":["Hemokinesis"],"score":417,"play_id":"4ecafb6c-1ea6-4f8a-a036-f80c7fe01a19","local_time":"20210118173004","is_ascension_mode":true,"campfire_choices":[{"data":"ReplayTheSpireMod:Muscle Training","floor":6,"key":"SMITH"},{"floor":10,"key":"RECALL"},{"floor":13,"key":"REST"},{"floor":15,"key":"DIG"},{"floor":23,"key":"REST"},{"floor":27,"key":"REST"}],"circlet_count":0,"master_deck":["Strike_R","Strike_R","Strike_R+1","Strike_R","Strike_R","Defend_R","Defend_R","Defend_R","Defend_R+1","Bash","hierophant:ChurchCoffers","Strike_B","ReplayTheSpireMod:Muscle Training+1","Wild Strike+1","Power Through","Run Through","Feed","Shrug It Off+1","Seeing Red","Infernal Blade"],"relics":["Burning Blood","Ring of Misfortune","Gremlin Food","Tiny Chest","Question Card","Mark of Pain","Nunchaku","Kunai","Nilry\u0027s Codex","Regal Pillow","Ginger","Another Sword","Ornamental Fan"],"acts_visited":["Exordium","TheCity"],"potions_floor_usage":[16,16,29,31],"damage_taken":[{"damage":9,"enemies":"Cultist","floor":1,"turns":5},{"damage":2,"enemies":"2 Louse","floor":7,"turns":2},{"damage":22,"enemies":"Lagavulin","floor":8,"turns":6},{"damage":3,"enemies":"Small Slimes","floor":14,"turns":4},{"damage":68,"enemies":"Hexaghost","floor":16,"turns":16},{"damage":23,"enemies":"Chosen","floor":18,"turns":6},{"damage":34,"enemies":"Book of Stabbing","floor":24,"turns":5},{"damage":36,"enemies":"Slavers","floor":29,"turns":6},{"damage":11,"enemies":"Spheric Guardian","floor":30,"turns":3},{"damage":57,"enemies":"Gremlin Leader","floor":31,"turns":9}],"seed_played":"-7192323669129169652","potions_obtained":[{"floor":1,"key":"SneckoOil"},{"floor":14,"key":"ColorlessPotion"},{"floor":24,"key":"FearPotion"},{"floor":29,"key":"Strength Potion"}],"is_trial":false,"path_per_floor":["M","$","?","?","?","R","M","E","T","R","$","?","R","M","R_BF","B",null,"M","?","?","T","?","R","E","$","T","R","$","E","M","E","R_BF"],"character_chosen":"IRONCLAD","items_purchased":["ReplayTheSpireMod:Muscle Training"],"campfire_rested":3,"item_purchase_floors":[2],"current_hp_per_floor":[85,85,85,85,85,85,89,73,73,73,73,73,96,96,96,34,81,64,64,64,64,48,76,48,48,48,91,91,64,59,8,8,8],"gold":148,"neow_bonus":"TWENTY_PERCENT_HP_BONUS","is_daily":false,"chose_seed":false,"campfire_upgraded":1,"win_rate":0.0,"timestamp":1611016204,"path_taken":["M","?","?","?","?","R","M","E","T","R","$","?","R","M","R_BF","BOSS","M","?","?","?","?","R","E","$","T","R","$","E","M","E","R_BF"],"items_purchased_type":["Card"],"build_version":"2020-12-22","purchased_purges":1,"victory":false,"max_hp_per_floor":[96,96,96,96,96,96,96,96,96,96,96,96,96,96,96,96,96,96,96,96,96,96,96,96,96,96,96,96,99,99,99,99,99],"card_choices":[{"not_picked":["Rage","Abandon"],"picked":"Hemokinesis","floor":1},{"not_picked":["Headbutt","ReplayTheSpireMod:Stacked"],"picked":"Wild Strike","floor":7},{"not_picked":["Rage","Berserk"],"picked":"Power Through","floor":8},{"not_picked":["Anger","Feel No Pain"],"picked":"Run Through","floor":14},{"not_picked":["Impervious","Double Tap","Exhume"],"picked":"Feed","floor":16},{"not_picked":["Clothesline","Heavy Blade","Hemokinesis+1"],"picked":"Shrug It Off+1","floor":18},{"not_picked":["Clothesline","Pommel Strike","Wild Strike"],"picked":"Seeing Red","floor":24},{"not_picked":["Hemokinesis","Sword Boomerang","ReplayTheSpireMod:Corrosion Curse","Berserk"],"picked":"SKIP","floor":29},{"not_picked":["Headbutt","Heavy Blade","Rage"],"picked":"Infernal Blade","floor":30},{"not_picked":["Shrug It Off","Sentinel","Bludgeon","Twin Strike"],"picked":"SKIP","floor":31}],"player_experience":495404,"relics_obtained":[{"floor":5,"key":"Ring of Misfortune"},{"floor":8,"key":"Gremlin Food"},{"floor":9,"key":"Tiny Chest"},{"floor":15,"key":"Question Card"},{"floor":21,"key":"Kunai"},{"floor":22,"key":"Nilry\u0027s Codex"},{"floor":24,"key":"Regal Pillow"},{"floor":26,"key":"Ginger"},{"floor":29,"key":"Another Sword"},{"floor":31,"key":"Ornamental Fan"}],"event_choices":[{"damage_healed":0,"gold_gain":0,"player_choice":"Leave","damage_taken":0,"max_hp_gain":0,"max_hp_loss":0,"event_name":"The Cleric","floor":3,"gold_loss":0},{"damage_healed":0,"gold_gain":58,"player_choice":"Gained Gold","damage_taken":0,"max_hp_gain":0,"max_hp_loss":0,"event_name":"Golden Wing","floor":4,"gold_loss":0},{"damage_healed":0,"gold_gain":0,"player_choice":"Ignored","damage_taken":0,"max_hp_gain":0,"max_hp_loss":0,"event_name":"Liars Game","floor":12,"gold_loss":0},{"damage_healed":0,"gold_gain":0,"player_choice":"Paid Gold","damage_taken":0,"relics_obtained":["Nunchaku"],"max_hp_gain":0,"max_hp_loss":0,"event_name":"WeMeetAgain","floor":20,"gold_loss":69},{"damage_healed":0,"gold_gain":0,"player_choice":"Obtained Book","damage_taken":16,"max_hp_gain":0,"max_hp_loss":0,"event_name":"Cursed Tome","floor":22,"gold_loss":0}],"is_beta":false,"boss_relics":[{"not_picked":["Replay:Wanted Poster","Replay:Ancient Bell"],"picked":"Mark of Pain"}],"items_purged_floors":[11],"is_endless":false,"potions_floor_spawned":[1,14,24,29],"ascension_level":7}}