{"host":"njruw0b0uprlitpx","time":1611086559,"event":{"mods":["2.2 Compatiblity","Astrologer","Bartender","BaseMod","Better Altar","Better Match","Better Note","Better Sensory Stone","Better Skull","Better Third Choice","BetterRewards","Block Reminder","Colored Map","Colored Powertips","Energized Spire","Jedi Mod","Keyboard Shortcuts","Minty Spire (QoL Compilation)","Quick Restart","Rare Cards Sparkle","Relic Stats","Replay The Spire","SacredBarkPlus","Spicy Shops","StSLib","SuperFastMode","The Blackbeard","The Construct","The Dragon Tamer","The Forsaken","The Marked","The Mystic","Wandering Minibosses"],"gold_per_floor":[99,99,99,99,99,99,99,99,99,99,99,69,69,69,69,69,69,69,69,69,69,69,69,9,9,9,9,9,9,9,9,9,108,108,118,118,128,176,25,58,58,0,0,0,35,35,55,73,73,73],"floor_reached":51,"language":"ENG","playtime":1599,"items_purged":["Momentum","Strike_Bartender"],"score":1185,"play_id":"f8ef0943-db18-4983-a6f0-6838e2612730","local_time":"20210119140239","is_ascension_mode":false,"campfire_choices":[{"floor":7,"key":"REST"},{"data":"Raptor_Form","floor":11,"key":"SMITH"},{"floor":15,"key":"REST"},{"data":"OpoOpo_Form","floor":23,"key":"SMITH"},{"data":"Dolphin_Blow","floor":25,"key":"SMITH"},{"data":"Momentum","floor":28,"key":"SMITH"},{"floor":32,"key":"REST"},{"data":"Breathe_Deep","floor":41,"key":"SMITH"},{"data":"Cold_Blooded","floor":44,"key":"SMITH"},{"data":"Power_Up_Punch","floor":46,"key":"SMITH"},{"floor":49,"key":"REST"}],"circlet_count":0,"master_deck":["Strike_Bartender","Strike_Bartender","Strike_Bartender","Defend_Bartender","Defend_Bartender","Defend_Bartender","Defend_Bartender","Somersault","Momentum+1","Raptor_Form+1","Power_Up_Punch","Ball_Of_Ice+1","Waterkick","Free_Pour+1","Training_Dummy+1","Sucker_Punch","OpoOpo_Form+1","Moonsault_Kick","RockBreaker","Ripple+1","Well_Drinks+1","Cold_Blooded+1","Axe_Heel_Kick","Dolphin_Blow+1","Ball_Of_Ice+1","Breathe_Deep+1","Scowl+1","Shame","Power_Up_Punch+1","High_Tide+1","Hook+1","Voices","Wall_of_Ice+1","Windup+1","Bitters+1","Snap_Punch+1"],"relics":["Sneakers","ReplayTheSpireMod:Ninjato","Replay:Kaleidoscope","jedi:shrinkray","Sling","Toxic Egg 2","Onion Ring","jedi:ominousloannote","Ice Cream","jedi:archwizardhat","Question Card","theForsaken:Gavel","Letter Opener","MealTicket","Philosopher\u0027s Stone","Peace Pipe","Replay:Baseball","Anchor","theForsaken:PaleLantern","Ring of Panic","theForsaken:Kindling","Bag of Preparation","Orichalcum","Red Mask","Pantograph","Singing Bowl"],"acts_visited":["Exordium","TheCity","TheBeyond"],"potions_floor_usage":[8,8,8,13,16,33,50],"damage_taken":[{"damage":0,"enemies":"2 Louse","floor":1,"turns":2},{"damage":0,"enemies":"Cultist","floor":3,"turns":2},{"damage":0,"enemies":"Jaw Worm","floor":4,"turns":1},{"damage":12,"enemies":"Lagavulin","floor":6,"turns":4},{"damage":5,"enemies":"3 Sentries","floor":8,"turns":5},{"damage":13,"enemies":"Exordium Thugs","floor":10,"turns":3},{"damage":8,"enemies":"Looter","floor":12,"turns":3},{"damage":1,"enemies":"Blue Slaver","floor":14,"turns":3},{"damage":0,"enemies":"Hexaghost","floor":16,"turns":7},{"damage":0,"enemies":"Spheric Guardian","floor":18,"turns":2},{"damage":18,"enemies":"3 Byrds","floor":19,"turns":3},{"damage":0,"enemies":"Centurion and Healer","floor":21,"turns":4},{"damage":0,"enemies":"Snecko","floor":27,"turns":3},{"damage":35,"enemies":"Slavers","floor":30,"turns":3},{"damage":0,"enemies":"3 Cultists","floor":31,"turns":3},{"damage":0,"enemies":"Collector","floor":33,"turns":4},{"damage":0,"enemies":"Orb Walker","floor":35,"turns":2},{"damage":22,"enemies":"3 Shapes","floor":37,"turns":4},{"damage":12,"enemies":"2 Orb Walkers","floor":38,"turns":3},{"damage":0,"enemies":"Reptomancer","floor":40,"turns":2},{"damage":0,"enemies":"Nemesis","floor":45,"turns":3},{"damage":4,"enemies":"Sphere and 2 Shapes","floor":47,"turns":2},{"damage":11,"enemies":"Maw","floor":48,"turns":5},{"damage":25,"enemies":"Time Eater","floor":50,"turns":3}],"seed_played":"-4328987122261204598","potions_obtained":[{"floor":1,"key":"Flashbang"},{"floor":2,"key":"EntropicBrew"},{"floor":2,"key":"CultistPotion"},{"floor":10,"key":"Weak Potion"},{"floor":13,"key":"Fruit Juice"},{"floor":13,"key":"Venom Potion"},{"floor":27,"key":"GamblersBrew"},{"floor":30,"key":"Swift Potion"},{"floor":33,"key":"Swift Potion"},{"floor":38,"key":"LiquidMemories"}],"is_trial":false,"path_per_floor":["M","?","M","M","T","E","R","E","T","M","R","M","?","M","R","B",null,"M","M","?","M","?","R","?","R","T","M","R","$","E","M","R","B",null,"M","?","M","?","$","E","R","?","T","R","E","R","M","M","R","B",null],"character_chosen":"BARTENDER","items_purchased":["ReplayTheSpireMod:Ninjato","Momentum","jedi:shrinkray","Sling","Raptor_Form","Power_Up_Punch","Toxic Egg 2","Onion Ring","Ball_Of_Ice+1","Waterkick","jedi:ominousloannote","Free_Pour+1","Strength Potion","Bag of Preparation"],"campfire_rested":4,"item_purchase_floors":[0,0,0,0,0,0,0,0,0,0,0,0,0,39],"current_hp_per_floor":[70,70,70,70,70,58,70,65,65,52,52,44,21,20,42,42,75,75,57,57,57,57,57,57,57,57,57,57,72,37,37,59,59,75,75,75,53,41,56,56,56,56,56,56,58,58,56,45,73,59],"gold":73,"neow_bonus":"","is_daily":false,"chose_seed":false,"campfire_upgraded":7,"win_rate":0.0,"timestamp":1611086559,"path_taken":["M","?","?","?","?","E","R","E","T","M","R","?","?","M","R","BOSS","M","M","?","M","?","R","?","R","T","M","R","$","E","?","R","BOSS","M","?","M","?","$","E","R","?","T","R","E","R","M","M","R","BOSS"],"items_purchased_type":["Relic","Card","Relic","Relic","Card","Card","Relic","Relic","Card","Card","Relic","Card","Potion","Relic"],"build_version":"2020-12-22","purchased_purges":2,"victory":true,"max_hp_per_floor":[70,70,70,70,70,70,70,70,70,70,70,70,75,75,75,75,75,75,75,75,75,75,75,75,75,75,75,75,75,75,75,75,75,75,75,75,75,75,75,75,75,75,75,75,77,77,79,79,84,84],"relic_stats":{"Peace Pipe":0,"Singing Bowl":4,"counters":[69,241],"Pantograph":11,"MealTicket":30,"Bag of Preparation":[44],"Letter Opener":[69],"Orichalcum":[6],"Question Card":21,"obtain_stats":[{"Ice Cream":0,"Calipers":0,"CeramicFish":10,"Vajra":41,"Sling":0,"jedi:shrinkray":0,"jedi:paperlyon":17,"Honey Jar":34,"MealTicket":13,"Philosopher\u0027s Stone":17,"Replay:Bottled Flurry":37,"Replay:Wax Seal":19,"Toxic Egg 2":27,"ReplayTheSpireMod:CursedCoin":39,"Oddly Smooth Stone":19,"theForsaken:PaleLantern":34,"Replay:Kaleidoscope":0,"Letter Opener":9,"War Paint":11,"Question Card":6,"Replay:Baseball":43,"Onion Ring":0,"ReplayTheSpireMod:TigerMarble":0,"StrikeDummy":9,"Meat on the Bone":6,"Darkstone Periapt":25,"Lantern":39,"Singing Bowl":45,"Piano_Music":0,"Mango":0,"Painkiller Herb":17,"Bag of Preparation":39,"jedi:archwizardhat":4,"theForsaken:Gavel":8,"Dream Catcher":7,"Nunchaku":39,"theForsaken:Kindling":38,"Pantograph":43,"jedi:matchstick":26,"Red Mask":42,"Ring of Panic":36,"Ring of the Snake":0,"ReplayTheSpireMod:Ninjato":0,"NeowsBlessing":0,"jedi:gremlinknob":40,"jedi:crownofsimplicity":0,"Orichalcum":40,"White Beast Statue":9,"Peace Pipe":22,"Pondfish Scales":39,"Anchor":30,"jedi:ominousloannote":0,"Orrery":19,"Bag of Marbles":0,"Toy Ornithopter":30},{"Ice Cream":45,"Calipers":18,"CeramicFish":5,"Vajra":41,"Sling":45,"jedi:shrinkray":45,"jedi:paperlyon":8,"Honey Jar":37,"MealTicket":52,"Philosopher\u0027s Stone":54,"Replay:Bottled Flurry":39,"Replay:Wax Seal":29,"Toxic Egg 2":34,"ReplayTheSpireMod:CursedCoin":12,"Oddly Smooth Stone":9,"theForsaken:PaleLantern":61,"Replay:Kaleidoscope":45,"Letter Opener":50,"War Paint":25,"Question Card":49,"Replay:Baseball":41,"Onion Ring":45,"ReplayTheSpireMod:TigerMarble":18,"StrikeDummy":23,"Meat on the Bone":22,"Darkstone Periapt":33,"Lantern":12,"Singing Bowl":66,"Piano_Music":18,"Mango":18,"Painkiller Herb":28,"Bag of Preparation":64,"jedi:archwizardhat":20,"theForsaken:Gavel":50,"Dream Catcher":4,"Nunchaku":12,"theForsaken:Kindling":64,"Pantograph":65,"jedi:matchstick":33,"Red Mask":65,"Ring of Panic":62,"Ring of the Snake":0,"ReplayTheSpireMod:Ninjato":45,"NeowsBlessing":0,"jedi:gremlinknob":13,"jedi:crownofsimplicity":18,"Orichalcum":65,"White Beast Statue":4,"Peace Pipe":57,"Pondfish Scales":12,"Anchor":59,"jedi:ominousloannote":45,"Orrery":9,"Bag of Marbles":18,"Toy Ornithopter":35},{"Ice Cream":165,"Calipers":75,"CeramicFish":16,"Vajra":154,"Sling":165,"jedi:shrinkray":165,"jedi:paperlyon":36,"Honey Jar":142,"MealTicket":185,"Philosopher\u0027s Stone":195,"Replay:Bottled Flurry":149,"Replay:Wax Seal":112,"Toxic Egg 2":129,"ReplayTheSpireMod:CursedCoin":53,"Oddly Smooth Stone":41,"theForsaken:PaleLantern":217,"Replay:Kaleidoscope":165,"Letter Opener":179,"War Paint":98,"Question Card":174,"Replay:Baseball":154,"Onion Ring":165,"ReplayTheSpireMod:TigerMarble":75,"StrikeDummy":90,"Meat on the Bone":86,"Darkstone Periapt":126,"Lantern":53,"Singing Bowl":231,"Piano_Music":75,"Mango":75,"Painkiller Herb":109,"Bag of Preparation":226,"jedi:archwizardhat":81,"theForsaken:Gavel":179,"Dream Catcher":8,"Nunchaku":53,"theForsaken:Kindling":226,"Pantograph":228,"jedi:matchstick":126,"Red Mask":228,"Ring of Panic":219,"Ring of the Snake":0,"ReplayTheSpireMod:Ninjato":165,"NeowsBlessing":0,"jedi:gremlinknob":58,"jedi:crownofsimplicity":75,"Orichalcum":228,"White Beast Statue":8,"Peace Pipe":204,"Pondfish Scales":53,"Anchor":210,"jedi:ominousloannote":165,"Orrery":41,"Bag of Marbles":75,"Toy Ornithopter":133}]},"card_choices":[{"not_picked":["Ripple+1","Perfect_Balance+1"],"picked":"Training_Dummy+1","floor":1},{"not_picked":["Step_Of_The_Wind+1","Rising_Crane"],"picked":"Sucker_Punch","floor":3},{"not_picked":["Bitters+1","Cross"],"picked":"OpoOpo_Form","floor":4},{"not_picked":["Stick_and_Move","Phantom_Blow"],"picked":"Moonsault_Kick","floor":6},{"not_picked":["Ripple+1","Raptor_Form","Phantom_Blow"],"picked":"RockBreaker","floor":8},{"not_picked":["Blizzard_Spikes+1","Surge+1","Free_Pour+1"],"picked":"Ripple+1","floor":10},{"not_picked":["Fading_Blow","Blizzard_Spikes+1","Free_Pour+1"],"picked":"Well_Drinks+1","floor":12},{"not_picked":["Tornado_Kick","Snap_Punch","Meteodrive"],"picked":"Cold_Blooded","floor":13},{"not_picked":["RockBreaker","Fading_Blow","With_A_Twist+1"],"picked":"Axe_Heel_Kick","floor":14},{"not_picked":["Top_Shelf+1","Combo_Master","Storage"],"picked":"Dolphin_Blow","floor":16},{"not_picked":["Fading_Blow+1","Dragonkick","Center_Self+1"],"picked":"Ball_Of_Ice+1","floor":18},{"not_picked":["Feint+1","Well_Drinks+1","Sucker_Punch+1"],"picked":"Breathe_Deep","floor":19},{"not_picked":["Waterkick","Insight_B+1","On_The_Rocks+1"],"picked":"Scowl+1","floor":21},{"not_picked":["Ball_Of_Ice+1","Foot_Thrust+1","Meditate+1","Stick_and_Move+1"],"picked":"SKIP","floor":27},{"not_picked":["Dragonkick","With_A_Twist+1","Raptor_Form","On_The_Rocks+1"],"picked":"SKIP","floor":30},{"not_picked":["Surge+1","Press_Forward+1","Bitters+1"],"picked":"Power_Up_Punch","floor":31},{"not_picked":["Dolphin_Blow","Liquid_Armor","Breathe_Deep"],"picked":"High_Tide+1","floor":33},{"not_picked":["Scoop+1","Feint+1","Snap_Punch+1"],"picked":"Hook+1","floor":35},{"not_picked":["On_The_Rocks+1","Power_Up_Punch","Axe_Heel_Kick"],"picked":"Wall_of_Ice+1","floor":37},{"not_picked":["Foot_Thrust+1","Fight_Dirty+1","Bitters+1"],"picked":"Windup+1","floor":38},{"not_picked":["Pony_Shot+1","Scoop+1","OpoOpo_Form"],"picked":"Bitters+1","floor":40},{"not_picked":["Center_Self+1","With_A_Twist+1","Rope_A_Dope","High_Tide+1"],"picked":"Singing Bowl","floor":45},{"not_picked":["Torment+1","Waterkick+1","Sucker_Punch+1","Scoop+1"],"picked":"Singing Bowl","floor":47},{"not_picked":["Meditate+1","Stick_and_Move","Bloodbath_Bartender+1"],"picked":"Snap_Punch+1","floor":48}],"player_experience":1643157,"relics_obtained":[{"floor":5,"key":"jedi:archwizardhat"},{"floor":6,"key":"Question Card"},{"floor":8,"key":"theForsaken:Gavel"},{"floor":9,"key":"Letter Opener"},{"floor":13,"key":"MealTicket"},{"floor":26,"key":"Replay:Baseball"},{"floor":30,"key":"Anchor"},{"floor":36,"key":"Ring of Panic"},{"floor":38,"key":"theForsaken:Kindling"},{"floor":40,"key":"Orichalcum"},{"floor":43,"key":"Pantograph"},{"floor":45,"key":"Singing Bowl"}],"event_choices":[{"damage_healed":0,"gold_gain":0,"player_choice":"Got Potions","damage_taken":0,"max_hp_gain":0,"max_hp_loss":0,"event_name":"Lab","floor":2,"gold_loss":0},{"cards_removed":["Momentum"],"damage_healed":0,"gold_gain":0,"player_choice":"Give","damage_taken":0,"max_hp_gain":0,"max_hp_loss":0,"event_name":"betterNote:BetterNote","floor":20,"gold_loss":0,"cards_obtained":["None"]},{"damage_healed":0,"gold_gain":0,"player_choice":"Stole Relic","damage_taken":0,"relics_obtained":["Peace Pipe"],"max_hp_gain":0,"max_hp_loss":0,"event_name":"Addict","floor":22,"gold_loss":0,"cards_obtained":["Shame"]},{"damage_healed":0,"gold_gain":0,"player_choice":"Fight","damage_taken":0,"max_hp_gain":0,"max_hp_loss":0,"event_name":"Mysterious Sphere","floor":38,"gold_loss":0},{"damage_healed":0,"gold_gain":0,"player_choice":"Paid","damage_taken":0,"relics_obtained":["Red Mask"],"max_hp_gain":0,"max_hp_loss":0,"event_name":"Tomb of Lord Red Mask","floor":42,"gold_loss":58}],"is_beta":false,"boss_relics":[{"not_picked":["Ring of Chaos","energizedSpire:RedRose"],"picked":"Philosopher\u0027s Stone"},{"not_picked":["Tiny House","energizedSpire:EnergizedDie"],"picked":"theForsaken:PaleLantern"}],"items_purged_floors":[0,0],"is_endless":false,"potions_floor_spawned":[1,3,10,27,30,31,33,38,47,48],"ascension_level":0}}