{"host":"dmp5wkeaoxsk0qwa","time":1611047533,"event":{"mods":["AchievementEnabler","BaseMod","BetterRewards","Colored Map","Colored Powertips","Curses Come First","Minty Spire (QoL Compilation)","Permanent Neow","Quick Restart","Replay The Spire","Shop Mod","StSLib"],"gold_per_floor":[154,347,422,169,134,161,192,211,211,211,236,247,292,310,310,310,310,408,408,408],"floor_reached":19,"language":"ENG","playtime":1335,"items_purged":[],"score":275,"play_id":"3356fa4d-bccc-4749-b27d-00fbd23cd073","local_time":"20210119101213","is_ascension_mode":false,"campfire_choices":[{"data":"Replay:Many Hands","floor":17,"key":"SMITH"}],"circlet_count":0,"master_deck":["Strike_R","Strike_R","Strike_R","Strike_R","Strike_R","Defend_R","Defend_R","Defend_R","Defend_R","Bash","Metallicize","Transmutation+1","Impatience","Dark Shackles","Reaper+1","Replay:Undeath\u0027s Touch","Flex","Anger","Thunderclap","Cleave","Replay:Undeath\u0027s Touch","Rage","ReplayTheSpireMod:Strike From Hell","Replay:Many Hands+1","Feed"],"relics":["Burning Blood","ReplayTheSpireMod:ShopPack","WingedGreaves","ReplayTheSpireMod:Ring of Challenge","Guide Book","Pen Nib","Iron Hammer","Orichalcum","ReplayTheSpireMod:TigerMarble","Painkiller Herb"],"acts_visited":["Exordium","TheCity"],"potions_floor_usage":[18],"damage_taken":[{"damage":11,"enemies":"2 Louse","floor":1,"turns":5},{"damage":12,"enemies":"Replay:BlueRogue","floor":6,"turns":8},{"damage":32,"enemies":"3 Sentries","floor":7,"turns":10},{"damage":7,"enemies":"Jaw Worm","floor":8,"turns":2},{"damage":0,"enemies":"Small Slimes","floor":12,"turns":3},{"damage":9,"enemies":"Blue Slaver","floor":13,"turns":2},{"damage":5,"enemies":"Exordium Thugs","floor":14,"turns":5},{"damage":48,"enemies":"Hexaghost","floor":18,"turns":10}],"seed_played":"-6530693005193530459","potions_obtained":[{"floor":1,"key":"Strength Potion"},{"floor":8,"key":"Doom Potion"},{"floor":14,"key":"FearPotion"}],"is_trial":false,"path_per_floor":["M","?","?","$","?","E","E","M","PTL","PTL","T","M","M","M","?","T","R","B",null],"character_chosen":"IRONCLAD","items_purchased":["Metallicize","ReplayTheSpireMod:ShopPack","Guide Book","Flex","Anger"],"campfire_rested":0,"item_purchase_floors":[0,0,4,4,4],"current_hp_per_floor":[51,51,40,40,60,61,50,49,49,49,49,55,52,58,51,51,51,22,80,80],"gold":408,"neow_bonus":"","is_daily":false,"chose_seed":false,"campfire_upgraded":1,"win_rate":0.0,"timestamp":1611047533,"path_taken":["M","?","?","$","?","E","E","?","PTL","PTL","T","M","M","M","?","?","R","BOSS"],"items_purchased_type":["Card","Relic","Relic","Card","Card"],"build_version":"2020-12-22","purchased_purges":0,"victory":false,"max_hp_per_floor":[80,80,80,80,80,80,80,80,80,80,80,80,80,80,80,80,80,80,80,80],"card_choices":[{"not_picked":["Metamorphosis","Crow Ritual"],"picked":"Transmutation","floor":0},{"not_picked":["ReplayTheSpireMod:Necrogeddon","Secret Weapon"],"picked":"Impatience","floor":0},{"not_picked":["Secret Technique","Trip"],"picked":"Dark Shackles","floor":0},{"not_picked":["Run Through","Havoc"],"picked":"Reaper","floor":1},{"not_picked":["Clothesline","Abandon"],"picked":"Replay:Undeath\u0027s Touch","floor":2},{"not_picked":["Entrench","Havoc"],"picked":"Thunderclap","floor":6},{"not_picked":["Rupture","Burning Pact"],"picked":"Cleave","floor":7},{"not_picked":["Clothesline","Sentinel"],"picked":"Replay:Undeath\u0027s Touch","floor":8},{"not_picked":["Body Slam","Abandon"],"picked":"Rage","floor":12},{"not_picked":["Headbutt","Massacre"],"picked":"ReplayTheSpireMod:Strike From Hell","floor":13},{"not_picked":["Flex","ReplayTheSpireMod:Strike From Hell"],"picked":"Replay:Many Hands","floor":14},{"not_picked":["Eclipse","Corruption"],"picked":"Feed","floor":18}],"player_experience":59409,"relics_obtained":[{"floor":6,"key":"Pen Nib"},{"floor":7,"key":"Iron Hammer"},{"floor":11,"key":"Orichalcum"},{"floor":16,"key":"ReplayTheSpireMod:TigerMarble"}],"event_choices":[{"damage_healed":0,"gold_gain":75,"player_choice":"Gather Gold","damage_taken":11,"max_hp_gain":0,"max_hp_loss":0,"event_name":"World of Goop","floor":3,"gold_loss":0},{"damage_healed":20,"gold_gain":0,"player_choice":"Healed","damage_taken":0,"max_hp_gain":0,"max_hp_loss":0,"event_name":"The Cleric","floor":5,"gold_loss":35},{"cards_removed":["Sickly"],"damage_healed":0,"gold_gain":0,"player_choice":"Card Removal","damage_taken":7,"max_hp_gain":0,"max_hp_loss":0,"event_name":"Golden Wing","floor":15,"gold_loss":0}],"is_beta":false,"boss_relics":[{"not_picked":["Empty Cage","Runic Pyramid"],"picked":"Painkiller Herb"}],"items_purged_floors":[],"is_endless":false,"potions_floor_spawned":[1,8,14],"ascension_level":0}}