{"host":"9eh033lgxm3bmtbn","time":1611038131,"event":{"mods":["100% Spire Juice","AchievementEnabler","BaseMod","Colored Map","Downfall","Highlight Path","Marisa????????","Minty Spire (QoL Compilation)","READ ME - Snecko Mod","Shop Mod","Spicy Shops","StSLib","The Animator","The Bug Knight","The Cursed","The Disciple","The Servant 0.9.4"],"gold_per_floor":[99,114,128,185,197,243,281,309,321,333,245,270,267,289,321,333,333,333],"floor_reached":16,"language":"ENG","playtime":1150,"items_purged":[],"score":107,"play_id":"b16173cd-6196-4a08-8d57-90cbad401099","local_time":"20210119093531","is_ascension_mode":true,"campfire_choices":[{"floor":1,"key":"RECALL"},{"floor":11,"key":"REST"}],"circlet_count":0,"master_deck":["Guardian:Strike_Guardian","Guardian:Strike_Guardian","Guardian:Strike_Guardian","Guardian:Strike_Guardian+1","Guardian:Defend_Guardian+1","Guardian:Defend_Guardian","Guardian:Defend_Guardian+1","Guardian:Defend_Guardian","Guardian:CurlUp","Guardian:TwinSlam","Guardian:DecasProtection","Guardian:BodySlam","Guardian:PrismaticBarrier","Guardian:EvasiveProtocol","downfall:Malfunctioning","Guardian:BronzeArmor","Guardian:Gem_Lightblue","Guardian:FloatingOrbs","Guardian:Recover"],"relics":["Fusion Hammer","MawBank","Ancient Tea Set","Happy Flower","downfall:HeartBlessingRed"],"acts_visited":["Exordium"],"potions_floor_usage":[4,15,15,15],"damage_taken":[{"damage":2,"enemies":"2 Louse","floor":2,"turns":3},{"damage":3,"enemies":"Jaw Worm","floor":3,"turns":4},{"damage":16,"enemies":"3 Sentries","floor":4,"turns":10},{"damage":18,"enemies":"Lagavulin","floor":6,"turns":10},{"damage":0,"enemies":"Small Slimes","floor":8,"turns":5},{"damage":13,"enemies":"3 Louse","floor":12,"turns":4},{"damage":0,"enemies":"downfall:FleeingMerchant","floor":13,"turns":4},{"damage":47,"enemies":"Gremlin Gang","floor":14,"turns":13},{"damage":0,"enemies":"Large Slime","floor":15,"turns":4},{"damage":28,"enemies":"IC_STATUS_ARCHETYPE","floor":16,"turns":2}],"seed_played":"5200978313766256045","potions_obtained":[{"floor":2,"key":"bronze:BurnAndBuffPotion"},{"floor":6,"key":"SkillPotion"},{"floor":12,"key":"Block Potion"},{"floor":14,"key":"bronze:BurnAndBuffPotion"}],"is_trial":false,"path_per_floor":["R","M","M","?","T","E","T","M","?","?","R","M","$","M","M","B"],"character_chosen":"GUARDIAN","items_purchased":[],"campfire_rested":1,"item_purchase_floors":[],"current_hp_per_floor":[80,78,75,59,59,41,41,41,41,80,80,67,67,20,20,0,0,0],"gold":333,"neow_bonus":"BOSS_RELIC","is_daily":false,"chose_seed":false,"campfire_upgraded":0,"win_rate":0.0,"timestamp":1611038131,"path_taken":["R","M","M","?","?","E","T","?","?","?","R","M","$","M","M","BOSS"],"items_purchased_type":[],"build_version":"2020-12-22","purchased_purges":0,"victory":false,"max_hp_per_floor":[80,80,80,80,80,80,80,80,80,80,80,80,80,80,80,80,80,80],"card_choices":[{"not_picked":["Guardian:PrimingBeam","Guardian:Gem_Green"],"picked":"Guardian:DecasProtection","floor":2},{"not_picked":["Guardian:ChargeCore","Guardian:Harden"],"picked":"Guardian:BodySlam","floor":3},{"not_picked":["Guardian:Gem_Crimson","Guardian:Repulse"],"picked":"Guardian:PrismaticBarrier","floor":4},{"not_picked":["Guardian:VentSteam","Guardian:ArmoredProtocol"],"picked":"Guardian:Gem_Lightblue","floor":6},{"not_picked":["Guardian:BodySlam","Guardian:GuardianWhirl"],"picked":"Guardian:EvasiveProtocol","floor":8},{"not_picked":["Guardian:FloatingOrbs","Guardian:TemporalShield"],"picked":"Guardian:BronzeArmor","floor":12},{"not_picked":["Guardian:Gem_Fragmented","Guardian:SpikerProtocol"],"picked":"Guardian:Gem_Lightblue","floor":13},{"not_picked":["Guardian:GuardianWhirl","Guardian:TemporalStrike"],"picked":"Guardian:FloatingOrbs","floor":14},{"not_picked":["Guardian:ChargeCore","Guardian:PiercingHide"],"picked":"Guardian:Recover","floor":15}],"player_experience":354988,"relics_obtained":[{"floor":4,"key":"MawBank"},{"floor":6,"key":"Ancient Tea Set"},{"floor":7,"key":"Happy Flower"}],"event_choices":[{"damage_healed":39,"gold_gain":0,"player_choice":"Full Heal","damage_taken":0,"max_hp_gain":0,"max_hp_loss":0,"event_name":"Wheel of Change","floor":10,"gold_loss":0}],"is_beta":false,"boss_relics":[],"items_purged_floors":[],"is_endless":false,"potions_floor_spawned":[2,6,12,14],"killed_by":"IC_STATUS_ARCHETYPE","ascension_level":1}}