{"host":"oc9z8cublggqyfxu","time":1611048379,"event":{"mods":["AchievementEnabler","Act Like it!","Aspiration","BaseMod","Colored Map","Colored Powertips","Dota2Spire","Friendly Minions","Gensokyo","GifTheSpireLib","Hallownest","Hermit","Highlight Path","KinomotoSakuraMod(木之本樱)","Koishi","Lobotomy","LobotomyExtend","Marisa（F雨　魔理沙）","Minty Spire (QoL Compilation)","Quick Restart","Rare Cards Sparkle","Relic Stats","Remilia（蕾米莉亚）","Replay The Spire","RumiaBox-露米娅的神秘盒子","Spicy Shops","StSLib","The Administrix","The Animator","The Blackbeard","The Bug Knight","The Cursed","The Hierophant","The Mystic","The Runesmith","The Servant 0.9.4","Yakumo Yukari mod","Youmu（魂魄妖梦）","Yuyuko","vexMod","【功能Mod】混沌之环修复补丁","【功能Mod】聪明的最终Boss"],"gold_per_floor":[110,110,127,57,76,76,105,125,125,45,45,64,64,77,77,179,179,194,194,209,225,236,236,252,252,333,359,376,0,0,12,12,114],"floor_reached":17,"language":"ZHS","playtime":1883,"items_purged":["Strike_R"],"score":525,"play_id":"e5c5a13f-35d1-4e9a-aa16-a025d0f5aae5","local_time":"20210119172619","is_ascension_mode":true,"campfire_choices":[{"data":"Evolve","floor":6.0,"key":"SMITH"},{"data":"Brutality","floor":11.0,"key":"SMITH"},{"data":"Bash","floor":15.0,"key":"SMITH"},{"data":"Demon Form","floor":6,"key":"SMITH"},{"data":"Heavy Blade","floor":8,"key":"SMITH"},{"data":"Feed","floor":15,"key":"SMITH"}],"circlet_count":0,"master_deck":["Strike_R","Strike_R","Strike_R","Strike_R","Defend_R","Defend_R","Defend_R","Defend_R","Bash+1","Clash","Second Wind","Evolve+1","Brutality+1","Reaper","Demon Form+1","CurseOfTheBell","Dropkick","Fire Breathing","Wild Strike","Heavy Blade+1","Feed+1","Fire Breathing","Immolate","Feel No Pain","Wild Strike","Exhume"],"relics":["Burning Blood","RabbitCall","Regal Pillow","Self Forming Clay","Replay:Rubber Ducky","Calling Bell","Thread and Needle","aspiration:StickyExplosives_weak","Oddly Smooth Stone","LetterFromLob","Replay:Bottled Snecko","Garlic","Brimstone"],"acts_visited":["Gensokyo:Gensokyo","TheCity"],"potions_floor_usage":[17,17,17],"damage_taken":[{"damage":11.0,"enemies":"Gensokyo:3_Fairies","floor":1.0,"turns":7.0},{"damage":10.0,"enemies":"Gensokyo:2_Kodama","floor":3.0,"turns":3.0},{"damage":7.0,"enemies":"Gensokyo:Python","floor":5.0,"turns":3.0},{"damage":33.0,"enemies":"Gensokyo:Cirno","floor":7.0,"turns":6.0},{"damage":21.0,"enemies":"Gensokyo:2_Rabbits","floor":8.0,"turns":5.0},{"damage":10.0,"enemies":"Gensokyo:Python_and_Kodama","floor":12.0,"turns":4.0},{"damage":7.0,"enemies":"Gensokyo:VengefulSpirit","floor":14.0,"turns":6.0},{"damage":50.0,"enemies":"Gensokyo:Reimu","floor":16.0,"turns":12.0},{"damage":8.0,"enemies":"3 Byrds","floor":18.0,"turns":8.0},{"damage":4.0,"enemies":"2 Louse","floor":1.0,"turns":3.0},{"damage":9,"enemies":"Small Slimes","floor":3,"turns":6},{"damage":4,"enemies":"Jaw Worm","floor":4,"turns":3},{"damage":7,"enemies":"Large Slime","floor":5,"turns":6},{"damage":12,"enemies":"Blue Slaver","floor":7,"turns":4},{"damage":9,"enemies":"3 Sentries","floor":10,"turns":5},{"damage":3,"enemies":"Lots of Slimes","floor":11,"turns":4},{"damage":5,"enemies":"Red Slaver","floor":14,"turns":4},{"damage":3,"enemies":"Slime Boss","floor":16,"turns":4}],"seed_played":"-7315929476260155823","potions_obtained":[{"floor":3.0,"key":"Dota2Spire:Clarity"},{"floor":8.0,"key":"Strength Potion"},{"floor":14.0,"key":"Regen Potion"},{"floor":3,"key":"EssenceOfSteel"},{"floor":10,"key":"DistilledChaos"},{"floor":11,"key":"FearPotion"}],"is_trial":false,"path_per_floor":["M","?","M","$","M","R","E","M","T","$","R","M","T","M","R","B",null,"M","M","?","M","M","M","R","M","R","T","E","M","$","?","M","R","B",null],"character_chosen":"IRONCLAD","items_purchased":["Second Wind","Reaper","Fire Breathing","Brimstone","Immolate"],"campfire_rested":0,"item_purchase_floors":[4,10,12,12,12],"current_hp_per_floor":[67,75,71,71,70,70,43,28,28,28,28,32,32,34,34,41,70,75,79,80,80,80,80,78,78,78,80,80,80,80,80,80,80],"gold":114,"neow_bonus":"","is_daily":false,"chose_seed":false,"campfire_upgraded":6,"win_rate":0.0,"timestamp":1611048379,"path_taken":["M","?","M","$","?","R","E","M","T","$","R","M","?","M","R","BOSS","M","M","?","M","M","M","R","M","R","T","E","M","$","?","M","R","BOSS"],"items_purchased_type":["Card","Card","Card","Relic","Card"],"build_version":"2020-12-22","purchased_purges":1,"victory":true,"max_hp_per_floor":[80,80,80,80,80,80,80,80,80,80,80,80,80,80,80,80,80,80,80,80,80,80,80,80,80,80,80,80,80,80,80,80,80],"relic_stats":{"Regal Pillow":0,"counters":[19,100],"Self Forming Clay":[210],"obtain_stats":[{"RabbitCall":0,"Regal Pillow":7,"Self Forming Clay":9,"Oddly Smooth Stone":17,"Thread and Needle":17,"Burning Blood":0,"Replay:Rubber Ducky":13,"aspiration:StickyExplosives_weak":17,"Calling Bell":17,"CogitoBucket":0,"Brimstone":12,"LetterFromLob":1,"Garlic":10,"Replay:Bottled Snecko":9},{"RabbitCall":0,"Regal Pillow":4,"Self Forming Clay":5,"Oddly Smooth Stone":8,"Thread and Needle":8,"Burning Blood":0,"Replay:Rubber Ducky":6,"aspiration:StickyExplosives_weak":8,"Calling Bell":8,"CogitoBucket":0,"Brimstone":16,"LetterFromLob":1,"Garlic":15,"Replay:Bottled Snecko":14},{"RabbitCall":0,"Regal Pillow":19,"Self Forming Clay":24,"Oddly Smooth Stone":46,"Thread and Needle":46,"Burning Blood":0,"Replay:Rubber Ducky":28,"aspiration:StickyExplosives_weak":46,"Calling Bell":46,"CogitoBucket":0,"Brimstone":85,"LetterFromLob":7,"Garlic":81,"Replay:Bottled Snecko":76}],"Burning Blood":84},"card_choices":[{"not_picked":["Carnage","Warcry"],"picked":"Clash","floor":1.0},{"not_picked":["Perfected Strike","ReplayTheSpireMod:Strike From Hell","Body Slam"],"picked":"SKIP","floor":3.0},{"not_picked":["Rage","Fire Breathing"],"picked":"Evolve","floor":5.0},{"not_picked":["Second Wind","Twin Strike"],"picked":"Brutality","floor":7.0},{"not_picked":["Havoc","Cleave","Anger"],"picked":"SKIP","floor":8.0},{"not_picked":["ReplayTheSpireMod:Stacked","Burning Pact","Cleave"],"picked":"SKIP","floor":12.0},{"not_picked":["Replay:Undeath\u0027s Touch","Warcry","Body Slam"],"picked":"SKIP","floor":14.0},{"not_picked":["Fiend Fire","Impervious"],"picked":"Demon Form","floor":16.0},{"not_picked":["Flame Barrier","Ghostly Armor","Seeing Red"],"picked":"SKIP","floor":1},{"not_picked":["Flex","Iron Wave"],"picked":"Dropkick","floor":3},{"not_picked":["Wild Strike","Headbutt"],"picked":"Fire Breathing","floor":4},{"not_picked":["Replay:Undeath\u0027s Touch","ReplayTheSpireMod:Muscle Training"],"picked":"Wild Strike","floor":5},{"not_picked":["Seeing Red","Anger"],"picked":"Heavy Blade","floor":7},{"not_picked":["Armaments","Spot Weakness","Clothesline"],"picked":"SKIP","floor":10},{"not_picked":["Inflame","Defy Death"],"picked":"Feed","floor":11},{"not_picked":["Clothesline","Flex"],"picked":"Wild Strike","floor":14},{"not_picked":["Hemogenesis","Eclipse"],"picked":"Exhume","floor":16}],"player_experience":327499,"relics_obtained":[{"floor":1.0,"key":"LetterFromLob"},{"floor":7.0,"key":"Regal Pillow"},{"floor":9.0,"key":"Self Forming Clay"},{"floor":13.0,"key":"Replay:Rubber Ducky"},{"floor":17.0,"key":"Thread and Needle"},{"floor":17.0,"key":"aspiration:StickyExplosives_weak"},{"floor":17.0,"key":"Oddly Smooth Stone"},{"floor":1,"key":"LetterFromLob"},{"floor":9,"key":"Replay:Bottled Snecko"},{"floor":10,"key":"Garlic"}],"event_choices":[{"damage_healed":0,"gold_gain":0,"player_choice":"1 cards matched","damage_taken":0,"max_hp_gain":0,"max_hp_loss":0,"event_name":"Match and Keep!","floor":13,"gold_loss":0,"cards_obtained":["Feel No Pain"]}],"is_beta":false,"boss_relics":[{"not_picked":["AddBug","Painkiller Herb"],"picked":"Calling Bell"}],"items_purged_floors":[12],"is_endless":false,"potions_floor_spawned":[3,8,14,3,10,11,16],"ascension_level":9}}