{"host":"appz8zkad29u9482","time":1611050719,"event":{"mods":["2.2 Compatiblity","Act Like it!","Aspiration","BaseMod","Beaked The Cultist","Better Altar","Better Match","Better Note","Better Sensory Stone","Better Skull","Better Third Choice","BetterRewards","CapriCore","Conspire","Disable Question Mark Monsters","Energized Spire","Gensokyo","GifTheSpireLib","Gold Saver","Halation","Hermit","Hubris","Infinite Spire","Jedi Mod","Marisa????????","Minty Spire (QoL Compilation)","Permanent Neow","Reimu??????","Replay The Spire","Spicy Shops","StSLib","Strawberry Spire","Stuff the Spire","The Administrix","The Bug Knight","The Construct","The Cursed","The Hierophant","The Immortal","The Servant 0.9.4","WarShipGirlsR/????R mod","yUi"],"gold_per_floor":[489,537,537,48,58,87,87,105,105,134,134,148,148,163,163,263,263,283,283,283,293,293,321,321,332,386,116,226,226,245,262,262,357,357,376,116,134,149,355,355,355,355,355,355,355,367,267,282,282,386,386,300,300,313,313,320,320,346,346,346,111,140,153,162,162,162,247,247,245,258,258,258,261,261,281,281,281,305,305,331,136,143,143,233,233,241,241,267,282,282,305,305,356,380,387,393,104,100,102,102,177,177,177],"floor_reached":102,"language":"ENG","playtime":3323,"items_purged":["Regret","hubris:Strike_Merchant"],"score":2590,"play_id":"d2af6337-aad6-4756-ba01-3276a58efbd2","local_time":"20210119000519","is_ascension_mode":true,"campfire_choices":[{"data":"Fire Breathing","floor":7,"key":"SMITH"},{"data":"Wild Strike","floor":13,"key":"SMITH"},{"data":"ReplayTheSpireMod:LeadingStrike","floor":15,"key":"SMITH"},{"data":"Perfected Strike","floor":24,"key":"SMITH"},{"floor":29,"key":"REST"},{"floor":32,"key":"REST"},{"data":"Fire Breathing","floor":40,"key":"SMITH"},{"data":"Wild Strike","floor":42,"key":"SMITH"},{"data":"Infernal Blade","floor":44,"key":"SMITH"},{"data":"Pommel Strike","floor":49,"key":"SMITH"},{"data":"strawberrySpire:Conflagrate","floor":57,"key":"SMITH"},{"data":"Seeing Red","floor":59,"key":"SMITH"},{"data":"Pommel Strike","floor":66,"key":"SMITH"},{"data":"MokouMod:TemporalFireSeal","floor":74,"key":"SMITH"},{"data":"Shrug It Off","floor":92,"key":"SMITH"},{"data":"Evolve","floor":100,"key":"SMITH"}],"circlet_count":0,"master_deck":["Strike_R","Strike_R","Strike_R","Strike_R","Strike_R","Defend_R","Defend_R+1","Defend_R","Defend_R+1","Pommel Strike+1","Fire Breathing+1","Wild Strike+1","Perfected Strike+1","ReplayTheSpireMod:LeadingStrike+1","Offering+1","infinitespire:FinalStrike+1","Perfected Strike+1","Twin Strike","Fire Breathing+1","strawberrySpire:Conflagrate+1","Wild Strike+1","Replay:Many Hands+1","Perfected Strike+1","Replay:Many Hands+1","strawberrySpire:Conflagrate+1","Seeing Red+1","Pommel Strike+1","infinitespire:UltimateForm+1","Immolate+1","MokouMod:TemporalFireSeal+1","Pommel Strike+1","Shrug It Off+1","Perfected Strike+1","jedi:harder+1","Double Tap+1","Shrug It Off","jedi:harder+1","jedi:harder+1","jedi:harder+1","Perfected Strike+1","Demon Form+1","Evolve+1","Brutality+1"],"relics":["aspiration:AnachronicSnailShell","infinitespire:Lucky Rock","Strawberry","Replay:Wax Seal","Golden Egg","Sundial","hubris:OldNail","StuffTheSpire:Gunfinga","strawberrySpire:Dictionifier","jedi:bottledfury","StuffTheSpire:RubySignet","strawberrySpire:ThornyGelberry","StuffTheSpire:Experiment12","ReplayTheSpireMod:Spearhead","strawberrySpire:JuiceKeg","aspiration:FrozenJewel","halation:PapillonHeart","Quantum Egg","halation:Sosunser","Empty Cage","Replay:M_SmolderingBlood","hubris:64BitClover","Matryoshka","hubris:EmptyBottle","Omamori","Red Skull","hubris:Towel","energizedSpire:OgreHead","hubris:BottledHeart","Onion Ring","ReplayTheSpireMod:Ring of Exchange","Ring of Searing","jedi:crownofsimplicity","HollowMod:LifeEnderRelic","Mastiff:ReiMu","Simple Rune","Bag of Preparation","Replay:Rubber Ducky","Tiny Chest","energizedSpire:MagnifyingGlass","strawberrySpire:BrokenVision","aspiration:Lifesprig","StoneMask","The Courier","StuffTheSpire:GrapeVine","aspiration:EmptySkull","halation:Toothbrush","Pantograph","Guide Book"],"acts_visited":["Exordium","TheCity","TheBeyond","Exordium","TheCity","TheBeyond"],"potions_floor_usage":[6,16,23,27,50,75,75,91,98,101],"damage_taken":[{"damage":1,"enemies":"Cultist","floor":1,"turns":3},{"damage":2,"enemies":"2 Louse","floor":5,"turns":3},{"damage":25,"enemies":"Lagavulin","floor":6,"turns":5},{"damage":3,"enemies":"Jaw Worm","floor":8,"turns":3},{"damage":15,"enemies":"3 Sentries","floor":10,"turns":4},{"damage":3,"enemies":"Looter","floor":12,"turns":2},{"damage":3,"enemies":"2 Fungi Beasts","floor":14,"turns":3},{"damage":42,"enemies":"The Guardian","floor":16,"turns":9},{"damage":11,"enemies":"Shell Parasite","floor":18,"turns":3},{"damage":13,"enemies":"2 Thieves","floor":21,"turns":2},{"damage":55,"enemies":"Nightmare","floor":23,"turns":6},{"damage":11,"enemies":"Centurion and Healer","floor":25,"turns":2},{"damage":12,"enemies":"Snake Plant","floor":30,"turns":3},{"damage":11,"enemies":"Snecko","floor":31,"turns":3},{"damage":33,"enemies":"Automaton","floor":33,"turns":5},{"damage":0,"enemies":"3 Darklings","floor":35,"turns":2},{"damage":0,"enemies":"3 Shapes","floor":37,"turns":2},{"damage":0,"enemies":"Jaw Worm Horde","floor":38,"turns":1},{"damage":6,"enemies":"Spire Growth","floor":46,"turns":2},{"damage":0,"enemies":"3 Darklings","floor":48,"turns":1},{"damage":25,"enemies":"Awakened One","floor":50,"turns":4},{"damage":0,"enemies":"2 Louse","floor":52,"turns":1},{"damage":0,"enemies":"Jaw Worm","floor":54,"turns":1},{"damage":0,"enemies":"Small Slimes","floor":56,"turns":1},{"damage":0,"enemies":"Lagavulin","floor":58,"turns":1},{"damage":0,"enemies":"Gremlin Nob","floor":62,"turns":1},{"damage":0,"enemies":"2 Fungi Beasts","floor":63,"turns":1},{"damage":0,"enemies":"Large Slime","floor":64,"turns":1},{"damage":0,"enemies":"Slime Boss","floor":67,"turns":2},{"damage":0,"enemies":"3 Byrds","floor":69,"turns":2},{"damage":0,"enemies":"2 Thieves","floor":70,"turns":1},{"damage":0,"enemies":"Centurion and Healer","floor":73,"turns":2},{"damage":0,"enemies":"Gremlin Leader","floor":75,"turns":3},{"damage":0,"enemies":"Book of Stabbing","floor":78,"turns":2},{"damage":0,"enemies":"Cultist and Chosen","floor":82,"turns":1},{"damage":0,"enemies":"Collector","floor":84,"turns":1},{"damage":0,"enemies":"Orb Walker","floor":86,"turns":1},{"damage":0,"enemies":"3 Darklings","floor":89,"turns":1},{"damage":0,"enemies":"Reptomancer","floor":91,"turns":2},{"damage":0,"enemies":"4 Shapes","floor":95,"turns":2},{"damage":0,"enemies":"Writhing Mass","floor":96,"turns":2},{"damage":0,"enemies":"Maw","floor":98,"turns":3},{"damage":0,"enemies":"Spire Growth","floor":99,"turns":1},{"damage":0,"enemies":"hubris:GrandSnecko","floor":101,"turns":2}],"seed_played":"-3374051587292305401","potions_obtained":[{"floor":1,"key":"LiquidMemories"},{"floor":6,"key":"AttackPotion"},{"floor":8,"key":"ZuzhouPotion:ReiMu"},{"floor":12,"key":"Elixir"},{"floor":21,"key":"Regen Potion"},{"floor":30,"key":"Elixir"},{"floor":33,"key":"construct:ShiftPotion"},{"floor":35,"key":"Adrenaline Potion"},{"floor":50,"key":"EssenceOfSteel"},{"floor":82,"key":"ZuzhouPotion:ReiMu"},{"floor":89,"key":"jedi:StrikingPotion"},{"floor":95,"key":"AttackPotion"},{"floor":101,"key":"SteroidPotion"}],"is_trial":false,"path_per_floor":["M","T","?","$","M","E","R","M","T","E","T","M","R","M","R","B",null,"M","?","AVR","M","?","NM","R","M","T","$","?","R","M","M","R","B",null,"M","$","M","M","?","R","?","R","T","R","AVR","M","NS","M","R","B",null,"M","?","M","?","M","R","E","R","T","$","E","M","M","?","R","B",null,"M","M","?","?","M","R","E","?","T","E","?","T","$","M","R","B",null,"M","?","T","M","?","E","R","T","T","M","M","$","M","M","R","B",null],"character_chosen":"IRONCLAD","items_purchased":["Replay:Wax Seal","Fire Breathing","Reckless Charge","strawberrySpire:Conflagrate","Fruit Juice","aspiration:FrozenJewel","hubris:EmptyBottle","Omamori","Replay:Rubber Ducky","Perfected Strike","halation:Toothbrush"],"campfire_rested":2,"item_purchase_floors":[4,4,4,27,27,36,61,61,81,81,97],"current_hp_per_floor":[80,80,87,87,87,68,68,71,71,62,62,65,65,70,70,46,87,87,87,87,87,87,56,56,51,51,58,17,45,39,39,67,45,94,94,94,94,94,71,71,71,71,71,71,71,71,71,77,77,58,89,89,99,99,99,99,99,99,99,99,99,99,99,99,99,99,99,99,99,99,99,1,1,1,1,1,1,1,1,1,1,1,1,1,1,1,1,1,1,1,1,1,1,1,1,1,1,1,1,1,1,1,1],"gold":177,"neow_bonus":"ONE_RARE_RELIC","is_daily":false,"chose_seed":false,"campfire_upgraded":14,"win_rate":0.0,"timestamp":1611050719,"path_taken":["M","?","?","$","M","E","R","M","T","E","?","M","R","M","R","BOSS","M","?","AVR","?","?","NM","R","?","T","$","?","R","M","?","R","BOSS","M","$","M","M","?","R","?","R","T","R","AVR","M","NS","?","R","BOSS","M","?","?","?","M","R","E","R","T","$","E","M","M","?","R","BOSS","M","M","?","?","M","R","E","?","T","E","?","?","$","M","R","BOSS","M","?","?","M","?","E","R","?","T","M","M","$","?","M","R","BOSS"],"items_purchased_type":["Relic","Card","Card","Card","Potion","Relic","Relic","Relic","Relic","Card","Relic"],"build_version":"2020-12-22","purchased_purges":2,"victory":false,"max_hp_per_floor":[80,80,87,87,87,87,87,87,87,87,87,87,87,87,87,87,87,87,87,87,87,87,87,87,87,87,94,94,94,94,94,94,94,94,94,94,94,94,94,94,89,89,89,89,89,89,89,89,89,89,89,89,99,99,99,99,99,99,99,99,99,99,99,99,99,99,99,99,99,99,99,1,1,1,1,1,1,1,1,1,1,1,1,1,1,1,1,1,1,1,1,1,1,1,1,1,1,1,1,1,1,1,1],"card_choices":[{"not_picked":["Headbutt","strawberrySpire:DraftPunk"],"picked":"Pommel Strike","floor":1},{"not_picked":["strawberrySpire:FireDrill","Bloodletting"],"picked":"Wild Strike","floor":5},{"not_picked":["True Grit","strawberrySpire:DangerMountain"],"picked":"Reaper","floor":6},{"not_picked":["strawberrySpire:PowerStomp","strawberrySpire:DraftPunk"],"picked":"Perfected Strike","floor":8},{"not_picked":["strawberrySpire:Taunt","Anger"],"picked":"Infernal Blade","floor":10},{"not_picked":["Rupture","Clash","strawberrySpire:PowerStomp"],"picked":"SKIP","floor":12},{"not_picked":["Run Through","strawberrySpire:Taunt"],"picked":"ReplayTheSpireMod:LeadingStrike","floor":14},{"not_picked":["Barricade","conspire:Purge"],"picked":"Offering","floor":16},{"not_picked":["Clothesline","Seeing Red","ReplayTheSpireMod:Strike From Hell"],"picked":"SKIP","floor":18},{"not_picked":["Fire Breathing","Armaments"],"picked":"Perfected Strike","floor":21},{"not_picked":["strawberrySpire:DraftPunk","Replay:Undeath\u0027s Touch"],"picked":"Twin Strike","floor":23},{"not_picked":["conspire:ExplosiveBarrier","StuffTheSpire:TitanForm"],"picked":"Fire Breathing","floor":25},{"not_picked":["Clothesline","strawberrySpire:Taunt"],"picked":"Wild Strike","floor":30},{"not_picked":["Heavy Blade","jedi:fear","Anger"],"picked":"SKIP","floor":31},{"not_picked":["Reaper","Exhume"],"picked":"Replay:Many Hands","floor":33},{"not_picked":["Shrug It Off","Anger+1"],"picked":"Perfected Strike+1","floor":35},{"not_picked":["ReplayTheSpireMod:Limb From Limb+1","Anger+1","Warcry"],"picked":"SKIP","floor":37},{"not_picked":["conspire:Charge+1","Cleave+1","StuffTheSpire:BloodClot+1"],"picked":"SKIP","floor":38},{"not_picked":["Anger+1","Second Wind+1","strawberrySpire:GettingOverIt+1"],"picked":"SKIP","floor":46},{"not_picked":["Combust","True Grit","Anger"],"picked":"SKIP","floor":48},{"not_picked":["strawberrySpire:Hellbender","StuffTheSpire:TitanForm"],"picked":"Replay:Many Hands","floor":50},{"not_picked":["hubris:CleavingFinish","Defy Death"],"picked":"strawberrySpire:Conflagrate","floor":52},{"not_picked":["Sword Boomerang","Replay:Undeath\u0027s Touch"],"picked":"Seeing Red","floor":54},{"not_picked":["strawberrySpire:Aggression","Clothesline","Dark Embrace"],"picked":"SKIP","floor":56},{"not_picked":["strawberrySpire:Incursion","strawberrySpire:DebrisPile","hubris:CleavingFinish"],"picked":"SKIP","floor":58},{"not_picked":["Iron Wave","strawberrySpire:Aggression","Clash"],"picked":"SKIP","floor":62},{"not_picked":["Searing Blow","Cleave","strawberrySpire:Incursion"],"picked":"SKIP","floor":63},{"not_picked":["Metallicize","StuffTheSpire:Pyroclast"],"picked":"Pommel Strike","floor":64},{"not_picked":["hubris:Rewind","infinitespire:Oblivion"],"picked":"infinitespire:UltimateForm","floor":67},{"not_picked":["Impervious","Double Tap"],"picked":"Immolate","floor":67},{"not_picked":["Body Slam","ReplayTheSpireMod:Stacked+1","Heavy Blade"],"picked":"SKIP","floor":69},{"not_picked":["strawberrySpire:ZonePlayer","hubris:ReadiedAction","Bloodletting"],"picked":"SKIP","floor":70},{"not_picked":["StuffTheSpire:Slingshot","Clash"],"picked":"Pommel Strike","floor":73},{"not_picked":["Run Through","ReplayTheSpireMod:Corrosion Curse","Defy Death+1"],"picked":"SKIP","floor":75},{"not_picked":["strawberrySpire:Spite","ReplayTheSpireMod:Strike From Hell"],"picked":"Shrug It Off","floor":78},{"not_picked":["Bloodletting","Armaments"],"picked":"jedi:harder","floor":82},{"not_picked":["jedi:bloodyhammer","Impervious"],"picked":"Double Tap","floor":84},{"not_picked":["Seeing Red","Dark Embrace+1"],"picked":"Shrug It Off","floor":86},{"not_picked":["Sword Boomerang","strawberrySpire:Harvest","Second Wind+1"],"picked":"SKIP","floor":89},{"not_picked":["Spot Weakness","strawberrySpire:Spite","StuffTheSpire:Slingshot"],"picked":"SKIP","floor":91},{"not_picked":["Flex+1","Massacre"],"picked":"Perfected Strike+1","floor":95},{"not_picked":["StuffTheSpire:Incineration+1","strawberrySpire:DangerMountain"],"picked":"Demon Form","floor":96},{"not_picked":["Heavy Blade+1","strawberrySpire:DraftPunk"],"picked":"Evolve","floor":98},{"not_picked":["Sentinel+1","strawberrySpire:ZonePlayer+1","Dark Embrace+1"],"picked":"SKIP","floor":99},{"not_picked":["Feed","Barricade"],"picked":"Brutality","floor":101}],"player_experience":560380,"relics_obtained":[{"floor":2,"key":"infinitespire:Lucky Rock"},{"floor":6,"key":"Golden Egg"},{"floor":9,"key":"Sundial"},{"floor":10,"key":"hubris:OldNail"},{"floor":11,"key":"StuffTheSpire:Gunfinga"},{"floor":23,"key":"strawberrySpire:ThornyGelberry"},{"floor":26,"key":"StuffTheSpire:Experiment12"},{"floor":43,"key":"Quantum Egg"},{"floor":58,"key":"hubris:64BitClover"},{"floor":60,"key":"Matryoshka"},{"floor":62,"key":"Red Skull"},{"floor":75,"key":"Onion Ring"},{"floor":76,"key":"ReplayTheSpireMod:Ring of Exchange"},{"floor":76,"key":"Ring of Searing"},{"floor":77,"key":"jedi:crownofsimplicity"},{"floor":77,"key":"HollowMod:LifeEnderRelic"},{"floor":78,"key":"Mastiff:ReiMu"},{"floor":80,"key":"Simple Rune"},{"floor":80,"key":"Bag of Preparation"},{"floor":82,"key":"Tiny Chest"},{"floor":88,"key":"aspiration:Lifesprig"},{"floor":91,"key":"The Courier"},{"floor":93,"key":"StuffTheSpire:GrapeVine"},{"floor":94,"key":"aspiration:EmptySkull"},{"floor":99,"key":"Pantograph"}],"event_choices":[{"damage_healed":0,"gold_gain":0,"player_choice":"Box","damage_taken":0,"relics_obtained":["Strawberry"],"max_hp_gain":0,"max_hp_loss":0,"event_name":"Big Fish","floor":3,"gold_loss":0,"cards_obtained":["Regret"]},{"damage_healed":0,"gold_gain":0,"player_choice":"Upgraded","damage_taken":0,"max_hp_gain":0,"max_hp_loss":0,"event_name":"Upgrade Shrine","floor":22,"gold_loss":0,"cards_upgraded":["Perfected Strike"]},{"damage_healed":0,"gold_gain":110,"player_choice":"UP RE GO ","damage_taken":46,"relics_obtained":["ReplayTheSpireMod:Spearhead"],"max_hp_gain":0,"max_hp_loss":0,"event_name":"betterSkull:BetterSkull","floor":28,"gold_loss":0,"cards_upgraded":["Defend_MRS"]},{"cards_removed":["Reaper"],"damage_healed":0,"gold_gain":0,"player_choice":"Offered Rare","damage_taken":0,"max_hp_gain":10,"max_hp_loss":0,"event_name":"Bonfire Elementals","floor":53,"gold_loss":0},{"damage_healed":0,"gold_gain":0,"player_choice":"Read","damage_taken":0,"max_hp_gain":0,"max_hp_loss":0,"event_name":"The Library","floor":71,"gold_loss":0,"cards_obtained":["MokouMod:TemporalFireSeal"]}],"is_beta":false,"boss_relics":[{"not_picked":["conspire:RunicOctahedron","hubris:CrackedHourglass"],"picked":"strawberrySpire:Dictionifier"},{"not_picked":["halation:Risk","Astrolabe"],"picked":"strawberrySpire:JuiceKeg"},{"not_picked":["ReplayTheSpireMod:DimensionalGlitch","Velvet Choker"],"picked":"Empty Cage"},{"not_picked":["conspire:SeveredTorchhead","Abe\u0027s Treasure"],"picked":"energizedSpire:OgreHead"},{"not_picked":["Fusion Hammer","StuffTheSpire:Saxophone"],"picked":"energizedSpire:MagnifyingGlass"},{"not_picked":["Painkiller Herb","halation:PeacePiece"],"picked":"Guide Book"}],"items_purged_floors":[4,97],"is_endless":true,"potions_floor_spawned":[1,6,8,12,21,30,33,35,37,50,54,58,62,67,69,82,89,95,101],"ascension_level":3}}