{"host":"wha9hktbkslqvblg","time":1611097735,"event":{"mods":["BaseMod","Colored Map","Minty Spire (QoL Compilation)","Relic Stats","SuperFastMode","everything is the same but u backflip on backflip"],"gold_per_floor":[113,113,113,129,129,161,161,191,191,24,38,65,80,80,80,157,157,172,172,14,28,28,28],"floor_reached":22,"language":"KOR","playtime":395,"items_purged":["Strike_R"],"score":454,"play_id":"22175896-8e2d-451d-975c-55a8b0a27050","local_time":"20210120080855","is_ascension_mode":true,"campfire_choices":[{"data":"Carnage","floor":7.0,"key":"SMITH"},{"data":"Fire Breathing","floor":15.0,"key":"SMITH"}],"circlet_count":0,"master_deck":["AscendersBane","Strike_R","Strike_R","Defend_R","Defend_R","Defend_R","Defend_R","Bash","Carnage+1","Headbutt","Power Through","Fire Breathing+1","Immolate","Body Slam","Shrug It Off","Evolve+1","Fire Breathing+1","Battle Trance+1"],"relics":["Burning Blood","NeowsBlessing","Ice Cream","Bird Faced Urn","Art of War","StoneCalendar","Bottled Flame","Runic Pyramid"],"acts_visited":["Exordium","TheCity"],"potions_floor_usage":[16,16,21,22],"damage_taken":[{"damage":0.0,"enemies":"2 Louse","floor":1.0,"turns":2.0},{"damage":0.0,"enemies":"Small Slimes","floor":4.0,"turns":1.0},{"damage":0.0,"enemies":"Lagavulin","floor":6.0,"turns":1.0},{"damage":30.0,"enemies":"3 Sentries","floor":8.0,"turns":9.0},{"damage":12.0,"enemies":"Jaw Worm","floor":11.0,"turns":2.0},{"damage":5.0,"enemies":"Lagavulin","floor":12.0,"turns":4.0},{"damage":0.0,"enemies":"Large Slime","floor":13.0,"turns":4.0},{"damage":25,"enemies":"The Guardian","floor":16,"turns":8},{"damage":47,"enemies":"3 Byrds","floor":18,"turns":4},{"damage":5,"enemies":"Chosen","floor":21,"turns":4},{"damage":40,"enemies":"Shelled Parasite and Fungi","floor":22,"turns":4}],"seed_played":"-9083908011015441980","potions_obtained":[{"floor":1.0,"key":"CultistPotion"},{"floor":11.0,"key":"Swift Potion"},{"floor":21,"key":"Block Potion"}],"is_trial":false,"path_per_floor":["M","?","?","M","?","E","R","E","T","$","M","E","M","?","R","B",null,"M","?","$","M","M"],"character_chosen":"IRONCLAD","items_purchased":["Immolate","Regen Potion"],"campfire_rested":0,"item_purchase_floors":[10,20],"current_hp_per_floor":[74,69,69,75,71,75,75,51,51,51,45,48,56,56,56,39,66,27,27,27,46,10,10],"gold":28,"neow_bonus":"THREE_ENEMY_KILL","is_daily":false,"chose_seed":false,"campfire_upgraded":2,"win_rate":0.0,"timestamp":1611097735,"path_taken":["M","?","?","?","?","E","R","E","T","$","M","E","?","?","R","BOSS","M","?","$","M","M"],"items_purchased_type":["Card","Potion"],"build_version":"2020-12-22","purchased_purges":1,"victory":false,"max_hp_per_floor":[75,75,75,75,75,75,75,75,75,75,75,75,75,75,75,75,75,75,75,75,75,75,75],"relic_stats":{"counters":[11,43],"Bird Faced Urn":[18],"StoneCalendar":[52],"Art of War":[4],"obtain_stats":[{"Ice Cream":2,"Bottled Flame":12,"NeowsBlessing":0,"Bird Faced Urn":6,"StoneCalendar":9,"Art of War":8,"Burning Blood":0,"Runic Pyramid":17},{"Ice Cream":1,"Bottled Flame":6,"NeowsBlessing":0,"Bird Faced Urn":3,"StoneCalendar":4,"Art of War":4,"Burning Blood":0,"Runic Pyramid":8},{"Ice Cream":2,"Bottled Flame":19,"NeowsBlessing":0,"Bird Faced Urn":4,"StoneCalendar":13,"Art of War":13,"Burning Blood":0,"Runic Pyramid":31}],"Burning Blood":58},"card_choices":[{"not_picked":["Rampage","Twin Strike"],"picked":"Carnage","floor":1.0},{"not_picked":["Clothesline","Perfected Strike"],"picked":"Power Through","floor":4.0},{"not_picked":["Carnage","True Grit","Dropkick"],"picked":"SKIP","floor":6.0},{"not_picked":["Thunderclap","Iron Wave"],"picked":"Fire Breathing","floor":8.0},{"not_picked":["Clothesline","Bludgeon"],"picked":"Body Slam","floor":11.0},{"not_picked":["Entrench","Thunderclap","Whirlwind"],"picked":"SKIP","floor":12.0},{"not_picked":["True Grit","Cleave","Combust"],"picked":"SKIP","floor":13.0},{"not_picked":["Twin Strike","Flex"],"picked":"Evolve+1","floor":18},{"not_picked":["Cleave","Havoc"],"picked":"Battle Trance+1","floor":21}],"player_experience":983934,"relics_obtained":[{"floor":6.0,"key":"Bird Faced Urn"},{"floor":8.0,"key":"Art of War"},{"floor":9.0,"key":"StoneCalendar"},{"floor":12.0,"key":"Bottled Flame"}],"event_choices":[{"damage_healed":0.0,"max_hp_gain":0.0,"max_hp_loss":0.0,"gold_gain":0.0,"event_name":"Scrap Ooze","player_choice":"Success","floor":2.0,"gold_loss":0.0,"damage_taken":5.0,"relics_obtained":["Ice Cream"]},{"damage_healed":0.0,"max_hp_gain":0.0,"max_hp_loss":0.0,"gold_gain":0.0,"cards_transformed":["Strike_R"],"event_name":"Living Wall","player_choice":"Change","floor":3.0,"gold_loss":0.0,"damage_taken":0.0,"cards_obtained":["Headbutt"]},{"damage_healed":0.0,"max_hp_gain":0.0,"max_hp_loss":0.0,"gold_gain":0.0,"event_name":"The Woman in Blue","player_choice":"Bought 0 Potions","floor":5.0,"gold_loss":0.0,"damage_taken":0.0},{"damage_healed":0.0,"max_hp_gain":0.0,"max_hp_loss":0.0,"gold_gain":0.0,"cards_transformed":["Strike_R"],"event_name":"Transmorgrifier","player_choice":"Transformed","floor":14.0,"gold_loss":0.0,"damage_taken":0.0,"cards_obtained":["Shrug It Off"]},{"damage_healed":0,"gold_gain":0,"player_choice":"Copied","damage_taken":0,"max_hp_gain":0,"max_hp_loss":0,"event_name":"Duplicator","floor":19,"gold_loss":0,"cards_obtained":["Fire Breathing"]}],"is_beta":false,"boss_relics":[{"not_picked":["Mark of Pain","SacredBark"],"picked":"Runic Pyramid"}],"items_purged_floors":[20],"is_endless":false,"potions_floor_spawned":[1,11,12,21],"killed_by":"Shelled Parasite and Fungi","ascension_level":20}}