{"host":"oehe2dxjvdgux73m","time":1611066106,"event":{"mods":["AchievementEnabler","BaseMod","Colored Map","Colored Powertips","DeckTracker","Keyboard Shortcuts","Minty Spire (QoL Compilation)","Permanent Neow","Quick Restart","StSLib","SuperFastMode"],"gold_per_floor":[110,29,79,4,4,29,29,47,47,47,65,138,149,163,163,236,236,254,111,111,111,122,122,122,122],"floor_reached":24,"language":"KOR","playtime":573,"items_purged":["Strike_G","Strike_G"],"score":438,"play_id":"7e64d951-90b6-4ec5-a6cc-aef21701787d","local_time":"20210119232146","is_ascension_mode":true,"campfire_choices":[{"data":"Bouncing Flask","floor":7.0,"key":"SMITH"},{"data":"Neutralize","floor":10.0,"key":"SMITH"},{"data":"Footwork","floor":15.0,"key":"SMITH"},{"data":"Burst","floor":23.0,"key":"SMITH"}],"circlet_count":0,"master_deck":["AscendersBane","Strike_G","Strike_G","Defend_G","Defend_G","Defend_G","Defend_G","Defend_G","Survivor","Neutralize+1","Venomology","Reflex","Bouncing Flask+1","Footwork+1","Dagger Spray+1","Calculated Gamble","Burst+1","PiercingWail","Well Laid Plans","PiercingWail"],"relics":["Ring of the Snake","NeowsBlessing","Anchor","Molten Egg 2","Blue Candle","Runic Pyramid"],"acts_visited":["Exordium","TheCity"],"potions_floor_usage":[24,24],"damage_taken":[{"damage":0.0,"enemies":"Small Slimes","floor":1.0,"turns":1.0},{"damage":0.0,"enemies":"Lagavulin","floor":6.0,"turns":1.0},{"damage":0.0,"enemies":"Cultist","floor":8.0,"turns":1.0},{"damage":0.0,"enemies":"2 Louse","floor":11.0,"turns":2.0},{"damage":4.0,"enemies":"Blue Slaver","floor":13.0,"turns":4.0},{"damage":0.0,"enemies":"Exordium Wildlife","floor":14.0,"turns":3.0},{"damage":8.0,"enemies":"The Guardian","floor":16.0,"turns":10.0},{"damage":2.0,"enemies":"3 Byrds","floor":18.0,"turns":5.0},{"damage":0.0,"enemies":"Spheric Guardian","floor":22.0,"turns":3.0},{"damage":50,"enemies":"Snecko","floor":24,"turns":8}],"seed_played":"8209589533270876175","potions_obtained":[{"floor":1.0,"key":"SteroidPotion"},{"floor":11.0,"key":"LiquidMemories"},{"floor":13.0,"key":"DuplicationPotion"},{"floor":18.0,"key":"FearPotion"},{"floor":22.0,"key":"Fruit Juice"}],"is_trial":false,"path_per_floor":["M","$","?","$","?","E","R","M","T","R","M","T","M","M","R","B",null,"M","$","?","?","M","R","M"],"character_chosen":"THE_SILENT","items_purchased":["Venomology","Well Laid Plans"],"campfire_rested":0,"item_purchase_floors":[2,19],"current_hp_per_floor":[59,59,53,53,53,53,53,53,53,53,53,53,49,49,49,41,60,58,58,58,58,63,63,13,13],"gold":122,"neow_bonus":"THREE_ENEMY_KILL","is_daily":false,"chose_seed":false,"campfire_upgraded":4,"win_rate":0.0,"timestamp":1611066106,"path_taken":["M","$","?","?","?","E","R","M","T","R","M","?","M","?","R","BOSS","M","$","?","?","M","R","M"],"items_purchased_type":["Card","Card"],"build_version":"2020-12-22","purchased_purges":2,"victory":false,"max_hp_per_floor":[66,66,66,66,66,66,66,66,66,66,66,66,66,66,66,66,66,66,66,66,66,71,71,71,71],"card_choices":[{"not_picked":["Skewer","Terror","Dodge and Roll"],"picked":"SKIP","floor":1.0},{"not_picked":["Bane","Accuracy"],"picked":"Bouncing Flask","floor":6.0},{"not_picked":["Acrobatics","Reflex","Distraction"],"picked":"SKIP","floor":8.0},{"not_picked":["Deflect","Expertise"],"picked":"Footwork","floor":11.0},{"not_picked":["Underhanded Strike+1","Acrobatics"],"picked":"Dagger Spray+1","floor":13.0},{"not_picked":["Dodge and Roll","Blade Dance"],"picked":"Calculated Gamble","floor":14.0},{"not_picked":["Malaise","Phantasmal Killer"],"picked":"Burst","floor":16.0},{"not_picked":["Deadly Poison","Quick Slash+1"],"picked":"PiercingWail","floor":18.0},{"not_picked":["Well Laid Plans","Backflip"],"picked":"PiercingWail","floor":22.0}],"player_experience":288184,"relics_obtained":[{"floor":6.0,"key":"Anchor"},{"floor":9.0,"key":"Molten Egg 2"},{"floor":12.0,"key":"Blue Candle"}],"event_choices":[{"damage_healed":0.0,"max_hp_gain":0.0,"max_hp_loss":0.0,"gold_gain":50.0,"event_name":"FaceTrader","player_choice":"Touch","floor":3.0,"gold_loss":0.0,"damage_taken":6.0},{"damage_healed":0.0,"max_hp_gain":0.0,"max_hp_loss":0.0,"gold_gain":0.0,"cards_transformed":["Strike_G"],"event_name":"Living Wall","player_choice":"Change","floor":5.0,"gold_loss":0.0,"damage_taken":0.0,"cards_obtained":["Reflex"]},{"damage_healed":0.0,"max_hp_gain":0.0,"max_hp_loss":0.0,"gold_gain":0.0,"event_name":"The Mausoleum","player_choice":"Ignored","floor":20.0,"gold_loss":0.0,"damage_taken":0.0},{"damage_healed":0.0,"max_hp_gain":0.0,"max_hp_loss":0.0,"gold_gain":0.0,"event_name":"Vampires","player_choice":"Ignored","floor":21.0,"gold_loss":0.0,"damage_taken":0.0}],"is_beta":false,"boss_relics":[{"not_picked":["HoveringKite","Coffee Dripper"],"picked":"Runic Pyramid"}],"items_purged_floors":[4,19],"is_endless":false,"potions_floor_spawned":[1,11,13,18,22],"killed_by":"Snecko","ascension_level":20}}