{"host":"ojt9u6ra2d449odx","time":1611016798,"event":{"mods":["BaseMod","Curses Come First","Hubris","Luminous","Minty Spire (QoL Compilation)","Relic Stats","Replay The Spire","Robot Space Explorer","StSLib","The Animator","The Bug Knight","The Construct","The Dragon Tamer"],"gold_per_floor":[109,109,109,125,125,151,168,168,168,168,211,211,224,244,244,344,344,354,354,354,269,269,269,269,269],"floor_reached":24,"language":"ENG","playtime":1144,"items_purged":[],"score":192,"play_id":"6ce3b758-8b9a-4ac8-b352-6ae57345c7e0","local_time":"20210119013958","is_ascension_mode":false,"campfire_choices":[{"floor":8,"key":"REST"},{"floor":10,"key":"RECALL"},{"floor":12,"key":"REST"},{"floor":15,"key":"REST"},{"data":"construct:BatteryCore","floor":23,"key":"SMITH"}],"circlet_count":0,"master_deck":["construct:Strike_Gold","construct:Strike_Gold","construct:Strike_Gold","construct:Strike_Gold","construct:Defend_Gold","construct:Defend_Gold","construct:Defend_Gold","construct:Defend_Gold","construct:AttackMode","construct:DefenseMode","construct:Synchronize","construct:PowerUp","construct:Autoturret","construct:Backup","construct:SweepLaser","construct:Analyze","construct:Antimatter","construct:Autoturret","construct:BatteryCore+1","construct:Analyze","RitualDagger"],"relics":["construct:Cogwheel","Blue Doll","hubris:SlimyHat","Unceasing Top","Busted Crown","hubris:BottledHeart","Lizard Tail"],"acts_visited":["Exordium","TheCity"],"potions_floor_usage":[],"damage_taken":[{"damage":1,"enemies":"Cultist","floor":1,"turns":3},{"damage":3,"enemies":"2 Louse","floor":4,"turns":3},{"damage":33,"enemies":"3 Sentries","floor":6,"turns":7},{"damage":11,"enemies":"Jaw Worm","floor":7,"turns":3},{"damage":0,"enemies":"2 Fungi Beasts","floor":13,"turns":2},{"damage":3,"enemies":"Exordium Wildlife","floor":14,"turns":4},{"damage":85,"enemies":"Hexaghost","floor":16,"turns":10},{"damage":25,"enemies":"3 Byrds","floor":18,"turns":4},{"damage":0,"enemies":"Gremlin Leader","floor":24,"turns":3}],"seed_played":"-4098628358815780795","potions_obtained":[{"floor":1,"key":"LiquidMemories"},{"floor":4,"key":"Adrenaline Potion"},{"floor":7,"key":"Elixir"}],"is_trial":false,"path_per_floor":["M","?","?","M","T","E","M","R","T","R","?","R","M","M","R","B",null,"M","?","?","?","?","R","E"],"character_chosen":"THE_CONSTRUCT_MOD","items_purchased":[],"campfire_rested":3,"item_purchase_floors":[],"current_hp_per_floor":[92,85,85,82,82,49,38,65,65,65,42,69,69,66,93,8,93,68,1,1,1,1,1,1,1],"gold":269,"neow_bonus":"TEN_PERCENT_HP_BONUS","is_daily":false,"chose_seed":false,"campfire_upgraded":1,"win_rate":0.0,"timestamp":1611016798,"path_taken":["M","?","?","?","?","E","?","R","T","R","?","R","M","M","R","BOSS","M","?","?","?","?","R","E"],"items_purchased_type":[],"build_version":"2020-12-22","purchased_purges":0,"victory":false,"max_hp_per_floor":[93,93,93,93,93,93,93,93,93,93,93,93,93,93,93,93,93,93,1,1,1,1,1,1,1],"relic_stats":{"Lizard Tail":1,"Busted Crown":2,"counters":[9,37],"obtain_stats":[{"Lizard Tail":21,"Busted Crown":17,"hubris:BottledHeart":19,"construct:Cogwheel":0,"Blue Doll":5,"hubris:SlimyHat":6,"Unceasing Top":11},{"Lizard Tail":8,"Busted Crown":7,"hubris:BottledHeart":8,"construct:Cogwheel":0,"Blue Doll":2,"hubris:SlimyHat":3,"Unceasing Top":4},{"Lizard Tail":34,"Busted Crown":30,"hubris:BottledHeart":34,"construct:Cogwheel":0,"Blue Doll":5,"hubris:SlimyHat":12,"Unceasing Top":15}],"Unceasing Top":[1]},"card_choices":[{"not_picked":["construct:Autoturret","construct:ModeShift"],"picked":"construct:Synchronize","floor":1},{"not_picked":["construct:ElectricArmor","construct:SuppressiveFire"],"picked":"construct:Autoturret","floor":4},{"not_picked":["construct:Zapper","construct:CriticalHit"],"picked":"construct:Backup","floor":6},{"not_picked":["construct:FlakBarrage","construct:ShiftGuard"],"picked":"construct:SweepLaser","floor":7},{"not_picked":["construct:Boost","construct:Forcefield"],"picked":"construct:Analyze","floor":11},{"not_picked":["construct:Boost","construct:ShiftStrike"],"picked":"construct:Antimatter","floor":13},{"not_picked":["construct:Missile","construct:LongRangeLance"],"picked":"construct:Autoturret","floor":14},{"not_picked":["construct:MassProduction","construct:Reserves"],"picked":"construct:BatteryCore","floor":16},{"not_picked":[],"picked":"construct:Analyze","floor":18}],"player_experience":131571,"relics_obtained":[{"floor":5,"key":"Blue Doll"},{"floor":6,"key":"hubris:SlimyHat"},{"floor":11,"key":"Unceasing Top"}],"event_choices":[{"cards_removed":["construct:Defend_Gold"],"damage_healed":0,"gold_gain":0,"player_choice":"Card Removal","damage_taken":7,"max_hp_gain":0,"max_hp_loss":0,"event_name":"Golden Wing","floor":2,"gold_loss":0},{"damage_healed":0,"gold_gain":0,"cards_transformed":["construct:Strike_Gold"],"player_choice":"Transformed","damage_taken":0,"max_hp_gain":0,"max_hp_loss":0,"event_name":"Transmorgrifier","floor":3,"gold_loss":0,"cards_obtained":["construct:PowerUp"]},{"damage_healed":0,"gold_gain":0,"player_choice":"Shed Blood","damage_taken":0,"max_hp_gain":5,"max_hp_loss":0,"event_name":"Forgotten Altar","floor":20,"gold_loss":0},{"damage_healed":0,"gold_gain":0,"player_choice":"Obtained Relic","damage_taken":0,"relics_obtained":["Lizard Tail"],"max_hp_gain":0,"max_hp_loss":0,"event_name":"Addict","floor":21,"gold_loss":85},{"damage_healed":0,"gold_gain":0,"player_choice":"Joined the Cult","damage_taken":6,"max_hp_gain":0,"max_hp_loss":0,"event_name":"Nest","floor":22,"gold_loss":0,"cards_obtained":["RitualDagger"]}],"is_beta":false,"boss_relics":[{"not_picked":["Astrolabe","hubris:CrackedHourglass"],"picked":"Busted Crown"}],"items_purged_floors":[],"is_endless":false,"potions_floor_spawned":[1,4,7,18],"killed_by":"Gremlin Leader","ascension_level":0}}