{"host":"njruw0b0uprlitpx","time":1611089162,"event":{"mods":["2.2 Compatiblity","Astrologer","Bartender","BaseMod","Better Altar","Better Match","Better Note","Better Sensory Stone","Better Skull","Better Third Choice","BetterRewards","Block Reminder","Colored Map","Colored Powertips","Energized Spire","Jedi Mod","Keyboard Shortcuts","Minty Spire (QoL Compilation)","Quick Restart","Rare Cards Sparkle","Relic Stats","Replay The Spire","SacredBarkPlus","Spicy Shops","StSLib","SuperFastMode","The Blackbeard","The Construct","The Dragon Tamer","The Forsaken","The Marked","The Mystic","Wandering Minibosses"],"gold_per_floor":[112,112,37,52,68,68,78,110,110,125,157,157,157,173,173,268,268,285,1,1,20,20,20,54,54,78,92,1,1,1,1,1,1,1,1,1,0,0,0,0,0,0,0,0,0,0,0,0,0,0],"floor_reached":51,"language":"ENG","playtime":1879,"items_purged":["Strike_P","ReplayTheSpireMod:Splinters"],"score":1160,"play_id":"32f2b8a6-a897-48f5-84d4-405b21d8bb31","local_time":"20210119144602","is_ascension_mode":false,"campfire_choices":[{"data":"Alpha","floor":6,"key":"SMITH"},{"data":"WaveOfTheHand","floor":6,"key":"SMITH"},{"data":"BattleHymn","floor":13,"key":"SMITH"},{"data":"LikeWater","floor":13,"key":"SMITH"},{"floor":15,"key":"REST"},{"data":"DevaForm","floor":23,"key":"SMITH"},{"data":"MentalFortress","floor":23,"key":"SMITH"},{"floor":25,"key":"REST"},{"data":"CrushJoints","floor":29,"key":"SMITH"},{"data":"Ragnarok","floor":29,"key":"SMITH"},{"floor":32,"key":"REST"},{"data":"Tantrum","floor":41,"key":"SMITH"},{"data":"SashWhip","floor":41,"key":"SMITH"},{"floor":44,"key":"REST"},{"data":"Establishment","floor":49,"key":"SMITH"},{"data":"MentalFortress","floor":49,"key":"SMITH"}],"circlet_count":0,"master_deck":["Defend_P+1","Eruption+1","Vigilance","WaveOfTheHand+1","LikeWater+1","FlurryOfBlows","BowlingBash+1","Alpha+1","CrushJoints+1","SashWhip+1","Tantrum+1","CrushJoints+1","Evaluate+1","Blasphemy+1","FearNoEvil","BattleHymn+1","DevaForm+1","EmptyFist+1","Crescendo+1","MentalFortress+1","MentalFortress+1","ReplayTheSpireMod:Faulty Equipment","Protect+1","ClearTheMind+1","Ragnarok+1","ThirdEye+1","ClearTheMind+1","Swivel+1","Scrawl+1","FollowUp+1","CrushJoints+1","WheelKick+1","ThirdEye+1","SpiritShield+1","Sanctity+1","Replay:BluntJabs","Establishment+1","Indignation+1"],"relics":["PureWater","Ginger","Bag of Preparation","Mango","Replay:Arrowhead","Shuriken","Toxic Egg 2","ReplayTheSpireMod:TigerMarble","Kintsugi","ReplayTheSpireMod:CursedCoin","Vajra","Nloth\u0027s Gift","theForsaken:Lifeblossom","Whetstone","jedi:ominousloannote","Membership Card","Lantern","Snack Pack","Replay:Bottled Snecko","Replay:Grab Bag","Philosopher\u0027s Stone","ReplayTheSpireMod:DimensionalGlitch","Snecko Eye","jedi:matchstick","Red Mask","PreservedInsect","Ancient Tea Set","Pet Ghost","theForsaken:Kindling"],"acts_visited":["Exordium","TheCity","TheBeyond"],"potions_floor_usage":[8,21,33,33,45,50,50],"damage_taken":[{"damage":0,"enemies":"2 Louse","floor":1,"turns":3},{"damage":3,"enemies":"Jaw Worm","floor":4,"turns":3},{"damage":0,"enemies":"Cultist","floor":5,"turns":2},{"damage":5,"enemies":"3 Louse","floor":7,"turns":3},{"damage":0,"enemies":"Gremlin Nob","floor":8,"turns":3},{"damage":8,"enemies":"Gremlin Gang","floor":10,"turns":3},{"damage":17,"enemies":"Lagavulin","floor":11,"turns":6},{"damage":16,"enemies":"Exordium Thugs","floor":14,"turns":2},{"damage":0,"enemies":"Slime Boss","floor":16,"turns":4},{"damage":12,"enemies":"3 Byrds","floor":18,"turns":3},{"damage":10,"enemies":"2 Thieves","floor":21,"turns":2},{"damage":21,"enemies":"Book of Stabbing","floor":24,"turns":5},{"damage":10,"enemies":"Cultist and Chosen","floor":27,"turns":4},{"damage":3,"enemies":"Sentry and Sphere","floor":31,"turns":3},{"damage":0,"enemies":"Collector","floor":33,"turns":5},{"damage":16,"enemies":"3 Shapes","floor":35,"turns":2},{"damage":4,"enemies":"Mind Bloom Boss Battle","floor":36,"turns":3},{"damage":0,"enemies":"Orb Walker","floor":39,"turns":1},{"damage":0,"enemies":"Giant Head","floor":40,"turns":6},{"damage":26,"enemies":"R_Hoarder","floor":42,"turns":3},{"damage":1,"enemies":"Jaw Worm Horde","floor":45,"turns":4},{"damage":0,"enemies":"Spire Growth","floor":46,"turns":2},{"damage":13,"enemies":"2 Orb Walkers","floor":47,"turns":3},{"damage":0,"enemies":"Maw","floor":48,"turns":2},{"damage":53,"enemies":"Awakened One","floor":50,"turns":9}],"seed_played":"-284336461886887857","potions_obtained":[{"floor":1,"key":"Flashbang"},{"floor":7,"key":"CultistPotion"},{"floor":10,"key":"BottledMiracle"},{"floor":27,"key":"Languid Potion"},{"floor":33,"key":"jedi:StrikingPotion"},{"floor":36,"key":"Explosive Potion"},{"floor":46,"key":"Flashbang"}],"is_trial":false,"path_per_floor":["M","?","$","M","M","R","M","E","T","M","E","?","R","M","R","B",null,"M","$","?","M","?","R","E","R","T","M","$","R","$","M","R","B",null,"M","?","?","?","M","E","R","E","T","R","M","M","?","M","R","B",null],"character_chosen":"WATCHER","items_purchased":["WaveOfTheHand","LikeWater","Ginger","Bag of Preparation","FlurryOfBlows","BowlingBash","Replay:Arrowhead","Shuriken","Alpha","Crescendo+1","MentalFortress","ReplayTheSpireMod:CursedCoin","Vajra","Protect+1","jedi:ominousloannote","Membership Card","Lantern","Snack Pack","Replay:Bottled Snecko","Adrenaline Potion","ClearTheMind+1"],"campfire_rested":4,"item_purchase_floors":[0,0,0,0,0,0,0,0,0,19,19,19,19,19,28,28,28,28,28,28,28],"current_hp_per_floor":[86,69,69,66,66,66,61,61,61,53,36,36,36,32,72,72,86,74,74,74,64,64,64,43,68,68,64,64,64,64,68,86,86,86,70,70,70,70,71,78,78,57,57,82,86,86,75,78,78,35],"gold":0,"neow_bonus":"","is_daily":false,"chose_seed":false,"campfire_upgraded":12,"win_rate":0.0,"timestamp":1611089162,"path_taken":["M","?","?","?","M","R","M","E","T","?","E","?","R","?","R","BOSS","M","$","?","M","?","R","E","R","T","M","?","R","$","M","R","BOSS","M","?","?","?","M","E","R","E","T","R","M","M","?","?","R","BOSS"],"items_purchased_type":["Card","Card","Relic","Relic","Card","Card","Relic","Relic","Card","Card","Card","Relic","Relic","Card","Relic","Relic","Relic","Relic","Relic","Potion","Card"],"build_version":"2020-12-22","purchased_purges":2,"victory":true,"max_hp_per_floor":[86,86,86,86,86,86,86,86,86,86,86,86,86,86,86,86,86,86,86,86,86,86,86,86,86,86,86,86,86,86,86,86,86,86,86,86,86,86,86,86,86,86,86,86,86,86,86,86,86,86],"relic_stats":{"counters":[68,198],"Shuriken":[38],"Snecko Eye":[59,59,55,64],"PreservedInsect":75,"Bag of Preparation":[94],"Nloth\u0027s Gift":0,"Ginger":[20],"Whetstone":["BowlingBash","CrushJoints"],"obtain_stats":[{"CeramicFish":29,"Vajra":19,"Ginger":0,"Whetstone":26,"Boot":4,"jedi:shrinkray":40,"Replay:Ringing Soul":14,"Lizard Tail":26,"DollysMirror":41,"Strawberry":14,"Philosopher\u0027s Stone":19,"Replay:Bottled Flurry":24,"Kunai":51,"Replay:Wax Seal":41,"Toxic Egg 2":0,"ReplayTheSpireMod:CursedCoin":19,"ReplayTheSpireMod:Ring of Addiction":45,"Astrolabe":17,"Replay:Grab Bag":34,"Oddly Smooth Stone":41,"Pen Nib":25,"Ring of Chaos":45,"War Paint":7,"Akabeko":16,"Du-Vu Doll":0,"jedi:heavyjacket":43,"Replay:Baseball":9,"Shuriken":0,"Snecko Eye":37,"Molten Egg 2":47,"ReplayTheSpireMod:TigerMarble":11,"Nloth\u0027s Gift":22,"Kintsugi":17,"Mirror":23,"ReplayTheSpireMod:DimensionalGlitch":34,"Darkstone Periapt":0,"Regal Pillow":22,"Lantern":28,"Mango":0,"theForsaken:Lifeblossom":24,"Bag of Preparation":13,"Juzu Bracelet":24,"Incense Burner":50,"jedi:archwizardhat":11,"Replay:Mystery Machine":30,"Cursed Key":0,"White_Cape":15,"Smiling Mask":33,"Ancient Tea Set":38,"Pet Ghost":10,"Replay:Bandana":28,"Chameleon Ring":23,"Mummified Hand":42,"theForsaken:Kindling":47,"Toolbox":43,"Tiny Chest":1,"jedi:matchstick":36,"Red Mask":31,"energizedSpire:HugeHouse":34,"Replay:Bottled Snecko":28,"InkBottle":10,"Potion Belt":45,"BargainBundle":41,"ReplayTheSpireMod:Ninjato":46,"Replay:Towering Pillar of Hats":0,"Quantum Egg":48,"Guide Book":30,"Damaru":41,"PreservedInsect":40,"Omamori":9,"Frozen Egg 2":43,"MawBank":26,"Replay:Arrowhead":0,"jedi:ominousloannote":24,"Orrery":13,"Bag of Marbles":32,"Snack Pack":28,"Bottled Lightning":45,"Membership Card":28,"PureWater":22,"jedi:arcanewood":20,"Toy Ornithopter":45},{"CeramicFish":12,"Vajra":53,"Ginger":43,"Whetstone":55,"Boot":2,"jedi:shrinkray":41,"Replay:Ringing Soul":5,"Lizard Tail":34,"DollysMirror":16,"Strawberry":29,"Philosopher\u0027s Stone":7,"Replay:Bottled Flurry":10,"Kunai":20,"Replay:Wax Seal":16,"Toxic Egg 2":21,"ReplayTheSpireMod:CursedCoin":53,"ReplayTheSpireMod:Ring of Addiction":16,"Astrolabe":30,"Replay:Grab Bag":58,"Oddly Smooth Stone":16,"Pen Nib":10,"Ring of Chaos":16,"War Paint":26,"Akabeko":6,"Du-Vu Doll":0,"jedi:heavyjacket":16,"Replay:Baseball":26,"Shuriken":43,"Snecko Eye":15,"Molten Egg 2":17,"ReplayTheSpireMod:TigerMarble":50,"Nloth\u0027s Gift":54,"Kintsugi":52,"Mirror":10,"ReplayTheSpireMod:DimensionalGlitch":58,"Darkstone Periapt":0,"Regal Pillow":9,"Lantern":56,"Mango":43,"theForsaken:Lifeblossom":55,"Bag of Preparation":4,"Juzu Bracelet":10,"Incense Burner":19,"jedi:archwizardhat":4,"Replay:Mystery Machine":36,"Cursed Key":0,"White_Cape":5,"Smiling Mask":14,"Ancient Tea Set":16,"Pet Ghost":4,"Replay:Bandana":12,"Chameleon Ring":34,"Mummified Hand":16,"theForsaken:Kindling":66,"Toolbox":16,"Tiny Chest":1,"jedi:matchstick":60,"Red Mask":13,"energizedSpire:HugeHouse":38,"Replay:Bottled Snecko":56,"InkBottle":27,"Potion Belt":16,"BargainBundle":16,"ReplayTheSpireMod:Ninjato":16,"Replay:Towering Pillar of Hats":21,"Quantum Egg":18,"Guide Book":36,"Damaru":16,"PreservedInsect":62,"Omamori":3,"Frozen Egg 2":41,"MawBank":11,"Replay:Arrowhead":43,"jedi:ominousloannote":10,"Orrery":4,"Bag of Marbles":13,"Snack Pack":56,"Bottled Lightning":42,"Membership Card":56,"PureWater":54,"jedi:arcanewood":8,"Toy Ornithopter":16},{"CeramicFish":27,"Vajra":144,"Ginger":112,"Whetstone":151,"Boot":4,"jedi:shrinkray":102,"Replay:Ringing Soul":11,"Lizard Tail":77,"DollysMirror":37,"Strawberry":62,"Philosopher\u0027s Stone":18,"Replay:Bottled Flurry":22,"Kunai":43,"Replay:Wax Seal":37,"Toxic Egg 2":46,"ReplayTheSpireMod:CursedCoin":144,"ReplayTheSpireMod:Ring of Addiction":37,"Astrolabe":66,"Replay:Grab Bag":163,"Oddly Smooth Stone":37,"Pen Nib":22,"Ring of Chaos":37,"War Paint":56,"Akabeko":13,"Du-Vu Doll":0,"jedi:heavyjacket":37,"Replay:Baseball":56,"Shuriken":112,"Snecko Eye":35,"Molten Egg 2":39,"ReplayTheSpireMod:TigerMarble":135,"Nloth\u0027s Gift":146,"Kintsugi":141,"Mirror":22,"ReplayTheSpireMod:DimensionalGlitch":163,"Darkstone Periapt":0,"Regal Pillow":20,"Lantern":155,"Mango":112,"theForsaken:Lifeblossom":151,"Bag of Preparation":9,"Juzu Bracelet":22,"Incense Burner":41,"jedi:archwizardhat":9,"Replay:Mystery Machine":83,"Cursed Key":0,"White_Cape":11,"Smiling Mask":30,"Ancient Tea Set":37,"Pet Ghost":9,"Replay:Bandana":27,"Chameleon Ring":77,"Mummified Hand":37,"theForsaken:Kindling":187,"Toolbox":37,"Tiny Chest":2,"jedi:matchstick":168,"Red Mask":28,"energizedSpire:HugeHouse":92,"Replay:Bottled Snecko":155,"InkBottle":58,"Potion Belt":37,"BargainBundle":37,"ReplayTheSpireMod:Ninjato":37,"Replay:Towering Pillar of Hats":46,"Quantum Egg":40,"Guide Book":83,"Damaru":37,"PreservedInsect":175,"Omamori":5,"Frozen Egg 2":102,"MawBank":25,"Replay:Arrowhead":112,"jedi:ominousloannote":22,"Orrery":9,"Bag of Marbles":28,"Snack Pack":155,"Bottled Lightning":105,"Membership Card":155,"PureWater":146,"jedi:arcanewood":19,"Toy Ornithopter":37}]},"card_choices":[{"not_picked":["BowlingBash","Replay:AtTheReady"],"picked":"CrushJoints","floor":1},{"not_picked":["FlyingSleeves","Replay:ManipulateFuture"],"picked":"SashWhip","floor":4},{"not_picked":["FollowUp","JustLucky"],"picked":"Tantrum","floor":5},{"not_picked":["WaveOfTheHand","Vengeance"],"picked":"CrushJoints","floor":7},{"not_picked":["Replay:AtTheReady+1","Adaptation"],"picked":"Evaluate+1","floor":8},{"not_picked":["Replay:AtTheReady+1","ThirdEye+1"],"picked":"Blasphemy+1","floor":10},{"not_picked":["Consecrate","Adaptation"],"picked":"FearNoEvil","floor":11},{"not_picked":["WheelKick","Evaluate+1","Replay:Anticipation+1"],"picked":"SKIP","floor":14},{"not_picked":["jedi:nirvanicrebirth+1","Wish+1"],"picked":"DevaForm","floor":16},{"not_picked":["EmptyBody+1","Perseverance+1"],"picked":"EmptyFist+1","floor":18},{"not_picked":["CrushJoints","FlurryOfBlows"],"picked":"ClearTheMind+1","floor":21},{"not_picked":["JustLucky","FlyingSleeves"],"picked":"Ragnarok","floor":24},{"not_picked":["WindmillStrike","FlurryOfBlows+1"],"picked":"ThirdEye+1","floor":27},{"not_picked":["DeceiveReality+1","WheelKick"],"picked":"Swivel+1","floor":31},{"not_picked":["Alpha+1","DeusExMachina+1"],"picked":"Scrawl+1","floor":33},{"not_picked":["ClearTheMind+1","WheelKick"],"picked":"FollowUp+1","floor":35},{"not_picked":["EmptyFist","JustLucky"],"picked":"CrushJoints+1","floor":36},{"not_picked":["FollowUp","EmptyBody+1"],"picked":"WheelKick+1","floor":39},{"not_picked":["ClearTheMind+1","Replay:BluntJabs"],"picked":"ThirdEye+1","floor":40},{"not_picked":["CutThroughFate","FearNoEvil"],"picked":"SpiritShield+1","floor":42},{"not_picked":["WaveOfTheHand+1","ClearTheMind+1"],"picked":"Sanctity+1","floor":45},{"not_picked":["EmptyBody+1","ThirdEye+1"],"picked":"Replay:BluntJabs","floor":46},{"not_picked":["Prostrate+1","FlyingSleeves"],"picked":"Establishment","floor":47},{"not_picked":["JustLucky+1","Replay:BluntJabs"],"picked":"Indignation+1","floor":48}],"player_experience":1644756,"relics_obtained":[{"floor":8,"key":"Toxic Egg 2"},{"floor":9,"key":"Regal Pillow"},{"floor":11,"key":"ReplayTheSpireMod:TigerMarble"},{"floor":24,"key":"theForsaken:Lifeblossom"},{"floor":26,"key":"Whetstone"},{"floor":36,"key":"jedi:matchstick"},{"floor":40,"key":"PreservedInsect"},{"floor":42,"key":"Ancient Tea Set"},{"floor":43,"key":"Pet Ghost"},{"floor":47,"key":"theForsaken:Kindling"}],"event_choices":[{"damage_healed":86,"gold_gain":0,"player_choice":"Upgrade","damage_taken":17,"max_hp_gain":0,"max_hp_loss":86,"event_name":"betterThird:BetterShining","floor":2,"gold_loss":0,"cards_upgraded":["Eruption","Defend_P"]},{"damage_healed":0,"gold_gain":0,"cards_transformed":["Defend_P"],"player_choice":"Transformed","damage_taken":0,"max_hp_gain":0,"max_hp_loss":0,"event_name":"Transmorgrifier","floor":12,"gold_loss":0,"cards_obtained":["BattleHymn"]},{"cards_removed":["Clumsy"],"damage_healed":0,"gold_gain":0,"player_choice":"Card Removal","damage_taken":0,"max_hp_gain":0,"max_hp_loss":0,"event_name":"Wheel of Change","floor":20,"gold_loss":0},{"damage_healed":0,"gold_gain":0,"player_choice":"Traded Relic","damage_taken":0,"relics_obtained":["Nloth\u0027s Gift"],"max_hp_gain":0,"max_hp_loss":0,"event_name":"N\u0027loth","floor":22,"relics_lost":["Regal Pillow"],"gold_loss":0},{"damage_healed":0,"gold_gain":0,"player_choice":"Fight","damage_taken":0,"max_hp_gain":0,"max_hp_loss":0,"event_name":"MindBloom","floor":36,"gold_loss":0},{"damage_healed":0,"gold_gain":0,"player_choice":"Paid","damage_taken":0,"relics_obtained":["Red Mask"],"max_hp_gain":0,"max_hp_loss":0,"event_name":"Tomb of Lord Red Mask","floor":37,"gold_loss":1},{"damage_healed":0,"gold_gain":0,"player_choice":"Fight","damage_taken":0,"max_hp_gain":0,"max_hp_loss":0,"event_name":"Mysterious Sphere","floor":47,"gold_loss":0}],"is_beta":false,"boss_relics":[{"not_picked":["energizedSpire:OgreHead","Replay:Bronze Core"],"picked":"Kintsugi"},{"not_picked":["Replay:Wanted Poster","energizedSpire:StickyHand"],"picked":"Replay:Grab Bag"},{"not_picked":["theForsaken:PaleLantern","ChewingGum"],"picked":"Philosopher\u0027s Stone"},{"not_picked":["jedi:battlestandard","Fusion Hammer"],"picked":"ReplayTheSpireMod:DimensionalGlitch"},{"not_picked":["Pandora\u0027s Box","Black Star"],"picked":"Snecko Eye"}],"items_purged_floors":[3,19],"is_endless":false,"potions_floor_spawned":[1,7,10,14,27,33,36,46,47],"ascension_level":0}}