{"host":"kw4o7b3ro2ktmmbe","time":1611056240,"event":{"mods":["BaseMod","Evolution","Minty Spire (QoL Compilation)","StSLib","WarShipGirlsR/????R mod"],"gold_per_floor":[119,119,135,145,145,145,145,145,221,241,251,265,277,92,92,193,193,209,209,181,181,196,226,238,254,254,254,281,295,326,326,326,430,430,450,14,14,14,14,39,39,39,118,146,197,230,18,32,32,32],"floor_reached":51,"language":"ENG","playtime":11477,"items_purged":["rmod:defend"],"score":971,"play_id":"957e93a7-29c6-4f85-a721-7b7cc3240117","local_time":"20210120003720","is_ascension_mode":true,"campfire_choices":[{"data":"rmod:expedition","floor":6.0,"key":"SMITH"},{"data":"rmod:expedition+1","floor":8.0,"key":"SMITH"},{"floor":15.0,"key":"REST"},{"data":"rmod:secretscript","floor":27.0,"key":"SMITH"},{"data":"rmod:expedition+2","floor":32.0,"key":"SMITH"},{"data":"rmod:chargemoney","floor":42,"key":"SMITH"},{"data":"rmod:seals","floor":49,"key":"SMITH"}],"circlet_count":0,"master_deck":["rmod:defend","rmod:defend","rmod:defend","rmod:basicallowance","rmod:maingunfire","rmod:expedition+3","rmod:chargemoney+1","rmod:expeditionaryescort","rmod:guardianhero+1","rmod:circuitoustactics+1","Bite","Bite","Bite","Bite","Bite","rmod:circuitoustactics+1","rmod:secretscript+1","Decay","rmod:guardianhero+1","rmod:seals+1","Writhe","rmod:expeditionaryescort","Madness","Madness","rmod:expeditionaryescort","Writhe","rmod:highspeedmaneuver","rmod:fuelsupply+1","rmod:wasp","rmod:lastglory"],"relics":["rmod:firstchargereward","EVO:Axolotl","Anchor","Du-Vu Doll","Sundial","Medical Kit","Cursed Key","Blue Candle","Torii","Letter Opener","Bag of Marbles","Matryoshka","Lantern","Incense Burner","SlaversCollar","Juzu Bracelet","CaptainsWheel","Potion Belt","Mummified Hand","Question Card","Ice Cream","Gambling Chip","Oddly Smooth Stone","Membership Card"],"acts_visited":["Exordium","TheCity","TheBeyond"],"potions_floor_usage":[50,50],"damage_taken":[{"damage":3.0,"enemies":"Cultist","floor":1.0,"turns":4.0},{"damage":0.0,"enemies":"2 Louse","floor":3.0,"turns":2.0},{"damage":0.0,"enemies":"Jaw Worm","floor":4.0,"turns":2.0},{"damage":1.0,"enemies":"Looter","floor":10.0,"turns":4.0},{"damage":10.0,"enemies":"Gremlin Gang","floor":11.0,"turns":5.0},{"damage":5.0,"enemies":"Blue Slaver","floor":12.0,"turns":4.0},{"damage":32.0,"enemies":"Lots of Slimes","floor":13.0,"turns":5.0},{"damage":23.0,"enemies":"The Guardian","floor":16.0,"turns":8.0},{"damage":6.0,"enemies":"Chosen","floor":18.0,"turns":6.0},{"damage":12.0,"enemies":"2 Thieves","floor":20.0,"turns":5.0},{"damage":22.0,"enemies":"Cultist and Chosen","floor":22.0,"turns":6.0},{"damage":0.0,"enemies":"Gremlin Leader","floor":23.0,"turns":7.0},{"damage":14.0,"enemies":"Chosen and Byrds","floor":24.0,"turns":7.0},{"damage":7.0,"enemies":"Snake Plant","floor":25.0,"turns":6.0},{"damage":46.0,"enemies":"Slavers","floor":28.0,"turns":6.0},{"damage":2.0,"enemies":"Centurion and Healer","floor":29.0,"turns":6.0},{"damage":37.0,"enemies":"Gremlin Leader","floor":30.0,"turns":6.0},{"damage":11.0,"enemies":"Collector","floor":33.0,"turns":9.0},{"damage":22.0,"enemies":"3 Darklings","floor":35.0,"turns":5.0},{"damage":3,"enemies":"Nemesis","floor":40,"turns":7},{"damage":3,"enemies":"Giant Head","floor":44,"turns":5},{"damage":36,"enemies":"2 Orb Walkers","floor":45,"turns":4},{"damage":4,"enemies":"Nemesis","floor":46,"turns":7},{"damage":3,"enemies":"3 Shapes","floor":48,"turns":4},{"damage":3,"enemies":"Donu and Deca","floor":50,"turns":5}],"seed_played":"6416798373636527747","potions_obtained":[{"floor":4.0,"key":"CultistPotion"},{"floor":11.0,"key":"DuplicationPotion"},{"floor":12.0,"key":"Dexterity Potion"},{"floor":24.0,"key":"Swift Potion"},{"floor":25.0,"key":"FairyPotion"},{"floor":29.0,"key":"SteroidPotion"},{"floor":30.0,"key":"Fire Potion"},{"floor":44,"key":"Strength Potion"},{"floor":45,"key":"SteroidPotion"},{"floor":46,"key":"ColorlessPotion"}],"is_trial":false,"path_per_floor":["M","?","M","M","$","R","?","R","T","M","M","M","M","$","R","B",null,"M","?","M","?","M","E","M","M","T","R","E","M","E","T","R","B",null,"M","$","?","?","$","E","?","R","T","E","?","E","$","M","R","B",null],"character_chosen":"PRAEFECT","items_purchased":["Medical Kit","rmod:chargemoney","Juzu Bracelet","CaptainsWheel","Membership Card","rmod:wasp"],"campfire_rested":1,"item_purchase_floors":[14,14,36,36,47,47],"current_hp_per_floor":[72,54,54,54,54,54,59,59,59,58,48,43,11,11,35,12,80,74,74,62,56,45,56,56,56,56,56,26,56,56,56,56,56,56,55,55,48,48,48,56,56,56,56,56,47,56,56,56,56,56],"gold":32,"neow_bonus":"RANDOM_COMMON_RELIC","is_daily":false,"chose_seed":false,"campfire_upgraded":6,"win_rate":0.0,"timestamp":1611056240,"path_taken":["M","?","M","M","$","R","?","R","T","M","M","M","M","?","R","BOSS","M","?","?","?","M","E","M","M","T","R","E","M","E","?","R","BOSS","M","?","?","?","$","E","?","R","T","E","?","E","$","M","R","BOSS"],"items_purchased_type":["Relic","Card","Relic","Relic","Relic","Card"],"build_version":"2020-12-22","purchased_purges":1,"victory":true,"max_hp_per_floor":[75,75,75,75,75,75,80,80,80,80,80,80,80,80,80,80,80,80,80,80,56,56,56,56,56,56,56,56,56,56,56,56,56,56,56,56,56,56,56,56,56,56,56,56,56,56,56,56,56,56],"card_choices":[{"not_picked":["rmod:victimresponsibility","rmod:unsinkable","rmod:firesupport"],"picked":"SKIP","floor":1.0},{"not_picked":["rmod:fuelsupply","rmod:gendarmerie"],"picked":"rmod:expedition","floor":3.0},{"not_picked":["rmod:unsinkable","rmod:diamondstrike"],"picked":"rmod:wasp","floor":4.0},{"not_picked":["rmod:aggressivemary","rmod:luckystar","rmod:openingtorpedo"],"picked":"SKIP","floor":10.0},{"not_picked":["rmod:circuitoustactics","rmod:wolves","rmod:tearstotiara"],"picked":"SKIP","floor":11.0},{"not_picked":["rmod:aggressivemary","rmod:victimresponsibility","rmod:combined"],"picked":"SKIP","floor":12.0},{"not_picked":["rmod:firesupport","rmod:advancebysurprise","rmod:intelligenceanalysis"],"picked":"SKIP","floor":13.0},{"not_picked":["rmod:abidefaith","rmod:seals"],"picked":"rmod:expeditionaryescort","floor":16.0},{"not_picked":["rmod:luckystar","rmod:aviationdawn"],"picked":"rmod:guardianhero+1","floor":18.0},{"not_picked":["rmod:intelligenceanalysis","rmod:overbreakdown"],"picked":"rmod:circuitoustactics+1","floor":20.0},{"not_picked":["rmod:highspeedshooting","rmod:diamondstrike"],"picked":"rmod:circuitoustactics+1","floor":22.0},{"not_picked":["rmod:ring","rmod:supportescort"],"picked":"rmod:secretscript","floor":23.0},{"not_picked":["rmod:diamondstrike+1","rmod:supportescort+1"],"picked":"rmod:bulid+1","floor":24.0},{"not_picked":["rmod:bulid","rmod:luckystar+1","rmod:robin"],"picked":"SKIP","floor":25.0},{"not_picked":["rmod:launchingtorpedo","rmod:ring"],"picked":"rmod:guardianhero+1","floor":28.0},{"not_picked":["rmod:combined+1","rmod:concentratefire","rmod:expedition"],"picked":"SKIP","floor":29.0},{"not_picked":["rmod:generalist+1","rmod:victimresponsibility"],"picked":"rmod:seals","floor":30.0},{"not_picked":["rmod:saltedfish","rmod:windflower"],"picked":"rmod:expeditionaryescort","floor":33.0},{"not_picked":["rmod:fletcherpendant+1","rmod:fuelsupply","rmod:overbreakdown+1"],"picked":"SKIP","floor":35.0},{"not_picked":["rmod:luckystar+1","rmod:victimresponsibility","rmod:firesupport"],"picked":"SKIP","floor":40},{"not_picked":["rmod:highspeedshooting","rmod:firesupport","rmod:auspiciousomen"],"picked":"rmod:highspeedmaneuver","floor":44},{"not_picked":["rmod:highspeedshooting","rmod:tearstotiara","rmod:aviationdawn+1"],"picked":"rmod:fuelsupply+1","floor":46},{"not_picked":["rmod:circuitoustactics+1","rmod:gendarmerie+1","rmod:steelsupply"],"picked":"rmod:lastglory","floor":48}],"player_experience":1856506,"relics_obtained":[{"floor":9.0,"key":"Sundial"},{"floor":23.0,"key":"Torii"},{"floor":26.0,"key":"Letter Opener"},{"floor":28.0,"key":"Bag of Marbles"},{"floor":30.0,"key":"Matryoshka"},{"floor":31.0,"key":"Lantern"},{"floor":31.0,"key":"Incense Burner"},{"floor":40,"key":"Potion Belt"},{"floor":43,"key":"Mummified Hand"},{"floor":43,"key":"Question Card"},{"floor":44,"key":"Ice Cream"},{"floor":45,"key":"Gambling Chip"},{"floor":46,"key":"Oddly Smooth Stone"}],"event_choices":[{"damage_healed":0.0,"max_hp_gain":0.0,"max_hp_loss":0.0,"gold_gain":0.0,"event_name":"Scrap Ooze","player_choice":"Success","floor":2.0,"gold_loss":0.0,"damage_taken":18.0,"relics_obtained":["Du-Vu Doll"]},{"damage_healed":0.0,"max_hp_gain":5.0,"max_hp_loss":0.0,"gold_gain":0.0,"event_name":"Big Fish","player_choice":"Donut","floor":7.0,"gold_loss":0.0,"damage_taken":0.0},{"cards_removed":["rmod:wasp"],"damage_healed":0.0,"max_hp_gain":0.0,"max_hp_loss":0.0,"gold_gain":0.0,"event_name":"WeMeetAgain","player_choice":"Gave Card","floor":19.0,"gold_loss":0.0,"damage_taken":0.0,"relics_obtained":["Blue Candle"]},{"damage_healed":0.0,"max_hp_gain":0.0,"max_hp_loss":24.0,"gold_gain":0.0,"event_name":"Vampires","player_choice":"Became a vampire","floor":21.0,"gold_loss":0.0,"damage_taken":0.0,"cards_obtained":["Bite","Bite","Bite","Bite","Bite"]},{"damage_healed":0.0,"max_hp_gain":0.0,"max_hp_loss":0.0,"gold_gain":0.0,"event_name":"Winding Halls","player_choice":"Embrace Madness","floor":37.0,"gold_loss":0.0,"damage_taken":7.0,"cards_obtained":["Madness","Madness"]},{"damage_healed":0,"gold_gain":0,"player_choice":"1 cards matched","damage_taken":0,"max_hp_gain":0,"max_hp_loss":0,"event_name":"Match and Keep!","floor":38,"gold_loss":0,"cards_obtained":["rmod:expeditionaryescort"]},{"cards_removed":["rmod:bulid"],"damage_healed":0,"gold_gain":0,"player_choice":"Removed Skill","damage_taken":0,"max_hp_gain":0,"max_hp_loss":0,"event_name":"Falling","floor":41,"gold_loss":0},{"damage_healed":0,"gold_gain":0,"player_choice":"Fight","damage_taken":0,"max_hp_gain":0,"max_hp_loss":0,"event_name":"Mysterious Sphere","floor":45,"gold_loss":0}],"is_beta":false,"boss_relics":[{"not_picked":["Philosopher\u0027s Stone","Tiny House"],"picked":"Cursed Key"},{"not_picked":["Pandora\u0027s Box","Sozu"],"picked":"SlaversCollar"}],"items_purged_floors":[47],"is_endless":false,"potions_floor_spawned":[4,11,12,24,25,29,30,33,44,45,46],"ascension_level":2}}