{"host":"1a3cjta80tad0aqj","time":1611099005,"event":{"mods":["2.2 Compatiblity","AchievementEnabler","BaseMod","Colored Map","DeckTracker","KOR Keyword Fix","Keyboard Shortcuts","Minty Spire (QoL Compilation)","Permanent Neow","Quick Restart","Random Character Button","StSLib","SuperFastMode","everything is the same but u backflip on backflip"],"gold_per_floor":[113,123,48,66,84,84,96,96,119,19,44,44,71,82,82,82,82],"floor_reached":16,"language":"KOR","playtime":526,"items_purged":["Defend_P","Strike_P"],"score":254,"play_id":"0b512ba2-fde6-4da2-94d7-b77cd1800673","local_time":"20210120083005","is_ascension_mode":true,"campfire_choices":[{"data":"Eruption","floor":6,"key":"SMITH"},{"floor":8,"key":"REST"},{"floor":12,"key":"REST"},{"data":"Vigilance","floor":15,"key":"SMITH"}],"circlet_count":0,"master_deck":["AscendersBane","Strike_P","Strike_P","Strike_P","Defend_P","Defend_P","Defend_P","Eruption+1","Vigilance+1","FlurryOfBlows","Halt","Tantrum"],"relics":["PureWater","NeowsBlessing","Regal Pillow","Tiny Chest","Odd Mushroom"],"acts_visited":["Exordium"],"potions_floor_usage":[11,11,16],"damage_taken":[{"damage":0,"enemies":"2 Louse","floor":1,"turns":1},{"damage":0,"enemies":"Small Slimes","floor":2,"turns":2},{"damage":0,"enemies":"Cultist","floor":4,"turns":1},{"damage":59,"enemies":"Exordium Thugs","floor":5,"turns":6},{"damage":0,"enemies":"2 Fungi Beasts","floor":7,"turns":2},{"damage":0,"enemies":"Lagavulin","floor":11,"turns":4},{"damage":8,"enemies":"The Mushroom Lair","floor":13,"turns":4},{"damage":9,"enemies":"Blue Slaver","floor":14,"turns":2},{"damage":50,"enemies":"Hexaghost","floor":16,"turns":9}],"seed_played":"1356538868542998632","potions_obtained":[{"floor":1,"key":"Fire Potion"},{"floor":2,"key":"GamblersBrew"},{"floor":14,"key":"StancePotion"}],"is_trial":false,"path_per_floor":["M","M","$","M","M","R","M","R","T","$","E","R","?","M","R","B"],"character_chosen":"WATCHER","items_purchased":[],"campfire_rested":2,"item_purchase_floors":[],"current_hp_per_floor":[61,61,61,61,2,2,2,22,22,22,22,57,49,40,40,0,0],"gold":82,"neow_bonus":"THREE_ENEMY_KILL","is_daily":false,"chose_seed":false,"campfire_upgraded":2,"win_rate":0.0,"timestamp":1611099005,"path_taken":["M","M","$","M","M","R","M","R","T","$","E","R","?","M","R","BOSS"],"items_purchased_type":[],"build_version":"2020-12-22","purchased_purges":2,"victory":false,"max_hp_per_floor":[68,68,68,68,68,68,68,68,68,68,68,68,68,68,68,68,68],"card_choices":[{"not_picked":["Conclude","CarveReality","BowlingBash"],"picked":"SKIP","floor":1},{"not_picked":["Weave","Evaluate","CarveReality"],"picked":"SKIP","floor":2},{"not_picked":["Indignation","WreathOfFlame","ReachHeaven"],"picked":"SKIP","floor":4},{"not_picked":["Swivel","JustLucky"],"picked":"FlurryOfBlows","floor":5},{"not_picked":["ClearTheMind","Prostrate"],"picked":"Halt","floor":7},{"not_picked":["FlyingSleeves","Protect","Halt"],"picked":"SKIP","floor":11},{"not_picked":["Prostrate","Swivel"],"picked":"Tantrum","floor":14}],"player_experience":798688,"relics_obtained":[{"floor":9,"key":"Regal Pillow"},{"floor":11,"key":"Tiny Chest"},{"floor":13,"key":"Odd Mushroom"}],"event_choices":[{"damage_healed":0,"gold_gain":0,"player_choice":"Fought Mushrooms","damage_taken":0,"max_hp_gain":0,"max_hp_loss":0,"event_name":"Mushrooms","floor":13,"gold_loss":0}],"is_beta":false,"boss_relics":[],"items_purged_floors":[3,10],"is_endless":false,"potions_floor_spawned":[1,2,7,14],"killed_by":"Hexaghost","ascension_level":20}}