{"host":"ip2n7evpd0qt0hgd","time":1611017942,"event":{"mods":["BaseMod","Downfall","Minty Spire (QoL Compilation)","Quick Restart","StSLib"],"gold_per_floor":[99,113,130,68,84,84,131,141,1,1,1,1,1,12,26,26,26],"floor_reached":16,"language":"ENG","playtime":699,"items_purged":[],"score":92,"play_id":"37501359-f318-4c87-a832-de3a86e6037b","local_time":"20210118195902","is_ascension_mode":false,"campfire_choices":[{"data":"bronze:Goto","floor":1,"key":"SMITH"},{"data":"bronze:MaxOutput","floor":6,"key":"SMITH"},{"data":"bronze:SpaghettiCode","floor":12,"key":"SMITH"}],"circlet_count":0,"master_deck":["bronze:Strike","bronze:Strike","bronze:Strike","bronze:Strike+1","bronze:Defend","bronze:Defend","bronze:Defend","bronze:Defend","bronze:Replicate+1","bronze:Goto+1","bronze:MaxOutput+1","bronze:Turbo","bronze:Return","bronze:BuggyMess","bronze:Iterate","bronze:Flail","bronze:FineTuning","bronze:SpaghettiCode+1","bronze:DelayedSlice","bronze:SpaghettiCode+1","bronze:Allocate","bronze:Repair","bronze:FineTuning","bronze:WhirlingStrike"],"relics":["bronze:BronzeCore","PreservedInsect","Whetstone","Prayer Wheel"],"acts_visited":["Exordium"],"potions_floor_usage":[14,16,16,16],"damage_taken":[{"damage":0,"enemies":"2 Louse","floor":2,"turns":3},{"damage":0,"enemies":"Cultist","floor":3,"turns":4},{"damage":5,"enemies":"downfall:FleeingMerchant","floor":4,"turns":4},{"damage":3,"enemies":"Jaw Worm","floor":5,"turns":5},{"damage":21,"enemies":"Exordium Wildlife","floor":8,"turns":6},{"damage":5,"enemies":"downfall:FleeingMerchant","floor":9,"turns":4},{"damage":12,"enemies":"2 Fungi Beasts","floor":14,"turns":3},{"damage":11,"enemies":"Large Slime","floor":15,"turns":2},{"damage":3,"enemies":"WA_ARCHETYPE_RETAIN","floor":16,"turns":2}],"seed_played":"4802786389181250448","potions_obtained":[{"floor":2,"key":"Swift Potion"},{"floor":3,"key":"Regen Potion"},{"floor":5,"key":"bronze:BurnAndBuffPotion"},{"floor":8,"key":"AttackPotion"},{"floor":15,"key":"Energy Potion"}],"is_trial":false,"path_per_floor":["R","M","M","$","M","R","T","M","$","?","?","R","?","M","M","B"],"character_chosen":"THE_AUTOMATON","items_purchased":["bronze:BuggyMess","bronze:SpaghettiCode","bronze:DelayedSlice"],"campfire_rested":0,"item_purchase_floors":[4,9,9],"current_hp_per_floor":[70,70,70,65,62,62,62,41,36,24,24,24,24,12,1,0,0],"gold":26,"neow_bonus":"RANDOM_COMMON_RELIC","is_daily":false,"chose_seed":false,"campfire_upgraded":3,"win_rate":0.0,"timestamp":1611017942,"path_taken":["R","M","M","$","M","R","T","M","$","?","?","R","?","?","M","BOSS"],"items_purchased_type":["Card","Card","Card"],"build_version":"2020-12-22","purchased_purges":0,"victory":false,"max_hp_per_floor":[70,70,70,70,70,70,70,70,70,70,70,70,70,70,70,70,70],"card_choices":[{"not_picked":["bronze:DigitalCarnage","bronze:Deprecate"],"picked":"bronze:MaxOutput","floor":2},{"not_picked":["bronze:Frontload","bronze:Flail"],"picked":"bronze:Turbo","floor":3},{"not_picked":["bronze:Invalidate","bronze:Shield"],"picked":"bronze:Return","floor":4},{"not_picked":["bronze:Overheat","bronze:Shield"],"picked":"bronze:Iterate","floor":5},{"not_picked":["bronze:MaxOutput","bronze:BitShift"],"picked":"bronze:Flail","floor":8},{"not_picked":["bronze:Turbo","bronze:FollowUp"],"picked":"bronze:FineTuning","floor":9},{"not_picked":["bronze:Invalidate","bronze:Frontload"],"picked":"bronze:Allocate","floor":14},{"not_picked":["bronze:ThunderWave","bronze:BugBarrage"],"picked":"bronze:Repair","floor":14},{"not_picked":["bronze:DelayedGuard","bronze:Allocate"],"picked":"bronze:FineTuning","floor":15},{"not_picked":["bronze:Turbo","bronze:Backtrace"],"picked":"bronze:WhirlingStrike","floor":15}],"player_experience":338813,"relics_obtained":[{"floor":7,"key":"Whetstone"}],"event_choices":[{"damage_healed":0,"gold_gain":0,"player_choice":"Success","damage_taken":12,"relics_obtained":["Prayer Wheel"],"max_hp_gain":0,"max_hp_loss":0,"event_name":"Scrap Ooze","floor":10,"gold_loss":0}],"is_beta":false,"boss_relics":[],"items_purged_floors":[],"is_endless":false,"potions_floor_spawned":[2,3,5,8,15],"killed_by":"WA_ARCHETYPE_RETAIN","ascension_level":0}}