{"host":"szp1d6dso4pv7ddl","time":1611019145,"event":{"mods":["AchievementEnabler","Alarm Clock","BaseMod","Bestiary","Block Reminder","Colored Map","Colored Powertips","Curses Come First","Dark Map","Displayed Cursed Tome","Highlight Path","Minty Spire (QoL Compilation)","Permanent Neow","Quick Restart","Relic Sorter","Relic Stats","StSLib","Synergy Search"],"gold_per_floor":[17,27,47,47,61,61,61,61,107,107,124,74,74,84,84,161,161,175,25,45,61,61,61,73,100,100,112,125,20,20,33,33,111,111,131,7,25,49,65,65,78,103,103,119,148,165,165,175,175,175,175],"floor_reached":50,"language":"ENG","playtime":2796,"items_purged":["Strike_R","Defend_R"],"score":858,"play_id":"49c49407-9b12-40b9-b2a2-d6dfd3c8a3b1","local_time":"20210118171905","is_ascension_mode":true,"campfire_choices":[{"data":"Juggernaut","floor":6.0,"key":"SMITH"},{"data":"Pommel Strike","floor":8.0,"key":"SMITH"},{"data":"Defend_R","floor":10.0,"key":"SMITH"},{"data":"Iron Wave","floor":15.0,"key":"SMITH"},{"data":"Body Slam","floor":23.0,"key":"SMITH"},{"floor":32.0,"key":"REST"},{"data":"Entrench","floor":40.0,"key":"SMITH"},{"data":"Battle Trance","floor":47.0,"key":"SMITH"},{"data":"Shrug It Off","floor":49.0,"key":"SMITH"}],"circlet_count":0,"master_deck":["AscendersBane","Defend_R+1","Defend_R","Defend_R","Juggernaut+1","Pommel Strike+1","True Grit+1","Iron Wave+1","Ghostly Armor","Fire Breathing","Immolate","Body Slam+1","Sentinel","Armaments","Entrench+1","Shrug It Off+1","Flame Barrier","Metallicize","Sentinel+1","Fire Breathing+1","Body Slam+1","Battle Trance+1","Evolve","Shrug It Off","Armaments+1","Metallicize+1","Shrug It Off+1","Shrug It Off"],"relics":["Burning Blood","Tiny Chest","Mark of Pain","Omamori","Smiling Mask","HornCleat","Astrolabe","Boot","Torii","Darkstone Periapt","Ancient Tea Set"],"acts_visited":["Exordium","TheCity","TheBeyond"],"potions_floor_usage":[],"damage_taken":[{"damage":10.0,"enemies":"Small Slimes","floor":1.0,"turns":3.0},{"damage":10.0,"enemies":"Jaw Worm","floor":2.0,"turns":5.0},{"damage":11.0,"enemies":"Cultist","floor":3.0,"turns":4.0},{"damage":8.0,"enemies":"Large Slime","floor":5.0,"turns":8.0},{"damage":14.0,"enemies":"Red Slaver","floor":11.0,"turns":4.0},{"damage":2.0,"enemies":"Looter","floor":14.0,"turns":4.0},{"damage":4.0,"enemies":"The Guardian","floor":16.0,"turns":12.0},{"damage":5.0,"enemies":"Chosen","floor":18.0,"turns":4.0},{"damage":11.0,"enemies":"3 Byrds","floor":20.0,"turns":4.0},{"damage":16.0,"enemies":"Centurion and Healer","floor":21.0,"turns":5.0},{"damage":6.0,"enemies":"Snake Plant","floor":24.0,"turns":3.0},{"damage":46.0,"enemies":"Gremlin Leader","floor":25.0,"turns":6.0},{"damage":8.0,"enemies":"Cultist and Chosen","floor":27.0,"turns":5.0},{"damage":1.0,"enemies":"Shelled Parasite and Fungi","floor":28.0,"turns":6.0},{"damage":5.0,"enemies":"Snecko","floor":31.0,"turns":4.0},{"damage":28.0,"enemies":"Champ","floor":33.0,"turns":16.0},{"damage":8.0,"enemies":"Orb Walker","floor":35.0,"turns":4.0},{"damage":2.0,"enemies":"3 Darklings","floor":37.0,"turns":5.0},{"damage":21.0,"enemies":"Maw","floor":39.0,"turns":7.0},{"damage":0.0,"enemies":"Writhing Mass","floor":41.0,"turns":7.0},{"damage":5.0,"enemies":"Mind Bloom Boss Battle","floor":42.0,"turns":6.0},{"damage":1.0,"enemies":"3 Darklings","floor":44.0,"turns":5.0},{"damage":2.0,"enemies":"Giant Head","floor":45.0,"turns":8.0},{"damage":2.0,"enemies":"4 Shapes","floor":46.0,"turns":4.0},{"damage":2.0,"enemies":"Jaw Worm Horde","floor":48.0,"turns":6.0},{"damage":76,"enemies":"Awakened One","floor":50,"turns":15}],"seed_played":"-492877068099185904","potions_obtained":[{"floor":3.0,"key":"Fire Potion"},{"floor":11.0,"key":"Explosive Potion"},{"floor":14.0,"key":"DistilledChaos"},{"floor":24.0,"key":"LiquidBronze"},{"floor":25.0,"key":"DuplicationPotion"},{"floor":33.0,"key":"Regen Potion"},{"floor":41.0,"key":"FearPotion"},{"floor":42.0,"key":"SkillPotion"},{"floor":44.0,"key":"Block Potion"},{"floor":46.0,"key":"ElixirPotion"}],"is_trial":false,"path_per_floor":["M","M","M","$","M","R","?","R","T","R","M","?","?","M","R","B",null,"M","$","M","M","T","R","M","E","T","M","M","$","?","M","R","B",null,"M","$","M","T","M","R","M","?","T","M","E","M","R","M","R","B"],"character_chosen":"IRONCLAD","items_purchased":["Fire Breathing","Shrug It Off","Flame Barrier","Evolve"],"campfire_rested":1,"item_purchase_floors":[19,29,29,36],"current_hp_per_floor":[64,60,55,55,53,53,38,38,38,38,30,30,30,34,34,36,65,66,66,61,51,51,51,51,11,11,9,14,14,14,15,37,15,60,58,58,74,74,59,59,65,66,66,71,75,75,75,75,75,0,0],"gold":175,"neow_bonus":"THREE_RARE_CARDS","is_daily":false,"chose_seed":false,"campfire_upgraded":8,"win_rate":0.0,"timestamp":1611019145,"path_taken":["M","M","M","$","M","R","?","R","T","R","M","?","?","M","R","BOSS","M","$","M","?","?","R","M","E","T","?","M","?","?","M","R","BOSS","M","$","M","?","M","R","M","?","T","M","E","M","R","M","R","BOSS"],"items_purchased_type":["Card","Card","Card","Card"],"build_version":"2020-12-22","purchased_purges":2,"victory":false,"max_hp_per_floor":[75,75,75,75,75,75,75,75,75,75,75,75,75,75,75,75,75,75,75,75,75,75,75,75,75,75,75,75,75,75,75,75,75,75,75,75,75,75,75,75,75,75,75,75,75,75,75,75,75,75,75],"relic_stats":{"Darkstone Periapt":0,"Torii":24,"counters":[26,160],"Astrolabe":["Sentinel","Fire Breathing","Body Slam"],"Tiny Chest":2,"Smiling Mask":50,"Boot":[0],"obtain_stats":[{"Darkstone Periapt":43,"HornCleat":26,"Torii":42,"Astrolabe":34,"Tiny Chest":9,"Mark of Pain":17,"Omamori":22,"Smiling Mask":25,"Boot":38,"Ancient Tea Set":45,"Burning Blood":0},{"Darkstone Periapt":21,"HornCleat":12,"Torii":21,"Astrolabe":16,"Tiny Chest":4,"Mark of Pain":7,"Omamori":10,"Smiling Mask":12,"Boot":18,"Ancient Tea Set":23,"Burning Blood":0},{"Darkstone Periapt":122,"HornCleat":62,"Torii":122,"Astrolabe":93,"Tiny Chest":20,"Mark of Pain":40,"Omamori":53,"Smiling Mask":62,"Boot":102,"Ancient Tea Set":135,"Burning Blood":0}],"Burning Blood":142},"card_choices":[{"not_picked":["Bludgeon","Offering"],"picked":"Juggernaut","floor":0.0},{"not_picked":["Dual Wield","Flex"],"picked":"Pommel Strike","floor":1.0},{"not_picked":["Hemokinesis","Carnage","Heavy Blade"],"picked":"SKIP","floor":2.0},{"not_picked":["Wild Strike","Second Wind"],"picked":"True Grit","floor":3.0},{"not_picked":["Thunderclap","Perfected Strike","Twin Strike"],"picked":"SKIP","floor":5.0},{"not_picked":["Headbutt","Feed"],"picked":"Iron Wave","floor":11.0},{"not_picked":["Second Wind","Armaments"],"picked":"Ghostly Armor","floor":14.0},{"not_picked":["Warcry","Dark Embrace","Thunderclap"],"picked":"SKIP","floor":18.0},{"not_picked":["Spot Weakness","Warcry"],"picked":"Immolate","floor":20.0},{"not_picked":["Perfected Strike+1","Rupture"],"picked":"Body Slam","floor":21.0},{"not_picked":["Warcry","Rupture"],"picked":"Sentinel","floor":24.0},{"not_picked":["Havoc","Exhume"],"picked":"Armaments","floor":25.0},{"not_picked":["Clothesline","Uppercut","Pommel Strike"],"picked":"SKIP","floor":27.0},{"not_picked":["Headbutt","Thunderclap"],"picked":"Entrench","floor":28.0},{"not_picked":["Rampage","Twin Strike"],"picked":"Metallicize","floor":31.0},{"not_picked":["Havoc","Whirlwind"],"picked":"Battle Trance","floor":35.0},{"not_picked":["Pommel Strike","Whirlwind","Sword Boomerang"],"picked":"SKIP","floor":37.0},{"not_picked":["Body Slam","Thunderclap"],"picked":"Shrug It Off","floor":39.0},{"not_picked":["Clash","Battle Trance+1"],"picked":"Armaments+1","floor":41.0},{"not_picked":["Iron Wave","Pommel Strike"],"picked":"Metallicize+1","floor":42.0},{"not_picked":["Immolate","Iron Wave"],"picked":"Shrug It Off+1","floor":44.0},{"not_picked":["Anger+1","Armaments"],"picked":"Shrug It Off","floor":45.0},{"not_picked":["Havoc","Headbutt","Clothesline"],"picked":"SKIP","floor":46.0},{"not_picked":["Seeing Red","Pommel Strike","Twin Strike"],"picked":"SKIP","floor":48.0}],"player_experience":1221688,"relics_obtained":[{"floor":9.0,"key":"Tiny Chest"},{"floor":22.0,"key":"Omamori"},{"floor":25.0,"key":"Smiling Mask"},{"floor":26.0,"key":"HornCleat"},{"floor":38.0,"key":"Boot"},{"floor":42.0,"key":"Torii"},{"floor":43.0,"key":"Darkstone Periapt"},{"floor":45.0,"key":"Ancient Tea Set"}],"event_choices":[{"damage_healed":0.0,"max_hp_gain":0.0,"max_hp_loss":0.0,"gold_gain":0.0,"event_name":"Shining Light","player_choice":"Entered Light","floor":7.0,"gold_loss":0.0,"damage_taken":15.0,"cards_upgraded":["True Grit","Strike_R"]},{"cards_removed":["Bash"],"damage_healed":0.0,"max_hp_gain":0.0,"max_hp_loss":0.0,"gold_gain":0.0,"event_name":"The Cleric","player_choice":"Card Removal","floor":12.0,"gold_loss":50.0,"damage_taken":0.0},{"cards_removed":["Strike_R"],"damage_healed":0.0,"max_hp_gain":0.0,"max_hp_loss":0.0,"gold_gain":0.0,"event_name":"Purifier","player_choice":"Purged","floor":13.0,"gold_loss":0.0,"damage_taken":0.0},{"damage_healed":0.0,"max_hp_gain":0.0,"max_hp_loss":0.0,"gold_gain":0.0,"event_name":"Forgotten Altar","player_choice":"Smashed Altar","floor":30.0,"gold_loss":0.0,"damage_taken":0.0,"cards_obtained":["Decay"]},{"damage_healed":0.0,"max_hp_gain":0.0,"max_hp_loss":0.0,"gold_gain":0.0,"event_name":"MindBloom","player_choice":"Fight","floor":42.0,"gold_loss":0.0,"damage_taken":0.0}],"is_beta":false,"boss_relics":[{"not_picked":["Runic Cube","SacredBark"],"picked":"Mark of Pain"},{"not_picked":["Coffee Dripper","Snecko Eye"],"picked":"Astrolabe"}],"items_purged_floors":[19,36],"is_endless":false,"potions_floor_spawned":[3,11,14,24,25,33,41,42,44,46],"killed_by":"Awakened One","ascension_level":14}}