{"host":"e2ju6k0wppswbhbd","time":1611097461,"event":{"mods":["BaseMod","Minty Spire (QoL Compilation)","Rare Cards Sparkle","StSLib"],"gold_per_floor":[115,290,12,32,44,64,93,105,105,119,137,137,148,148,148,243,243,253,266,276,294,294,322,334,334,334],"floor_reached":25,"language":"FRA","playtime":2507,"items_purged":["Doubt"],"score":233,"play_id":"7ae8ca1a-de4d-4204-a150-3f1c3d4ea139","local_time":"20210120000421","is_ascension_mode":false,"campfire_choices":[{"floor":12,"key":"RECALL"},{"data":"Zap","floor":15,"key":"SMITH"}],"circlet_count":0,"master_deck":["Strike_B","Strike_B","Strike_B","Strike_B","Defend_B","Defend_B","Defend_B","Defend_B","Zap+1","Dualcast","Sweeping Beam","Steam","Coolheaded","Redo","Static Discharge","White Noise","Conserve Battery","Glacier","Ball Lightning","Biased Cognition","Fusion","Streamline","Redo+1","Compile Driver+1","Buffer"],"relics":["Cracked Core","DataDisk","Dream Catcher","White Beast Statue","Inserter","Kunai"],"acts_visited":["Exordium","TheCity"],"potions_floor_usage":[11,13,14,18,23,23,23,24,25],"damage_taken":[{"damage":0.0,"enemies":"2 Louse","floor":1.0,"turns":2.0},{"damage":0.0,"enemies":"Small Slimes","floor":4.0,"turns":2.0},{"damage":0.0,"enemies":"Jaw Worm","floor":5.0,"turns":3.0},{"damage":0.0,"enemies":"3 Louse","floor":6.0,"turns":2.0},{"damage":21.0,"enemies":"Gremlin Nob","floor":7.0,"turns":4.0},{"damage":0.0,"enemies":"Large Slime","floor":8.0,"turns":4.0},{"damage":0.0,"enemies":"Lots of Slimes","floor":10.0,"turns":3.0},{"damage":0,"enemies":"Looter","floor":11,"turns":2},{"damage":0,"enemies":"Exordium Wildlife","floor":13,"turns":2},{"damage":0,"enemies":"Lots of Slimes","floor":14,"turns":1},{"damage":25,"enemies":"Hexaghost","floor":16,"turns":9},{"damage":18,"enemies":"3 Byrds","floor":18,"turns":3},{"damage":3,"enemies":"Spheric Guardian","floor":19,"turns":5},{"damage":7,"enemies":"Centurion and Healer","floor":20,"turns":6},{"damage":1,"enemies":"Snake Plant","floor":21,"turns":4},{"damage":41,"enemies":"Slavers","floor":23,"turns":5},{"damage":5,"enemies":"Shelled Parasite and Fungi","floor":24,"turns":4},{"damage":15,"enemies":"Centurion and Healer","floor":25,"turns":5}],"seed_played":"-7507313668393548373","potions_obtained":[{"floor":6.0,"key":"CultistPotion"},{"floor":7.0,"key":"PotionOfCapacity"},{"floor":10.0,"key":"Strength Potion"},{"floor":11,"key":"Explosive Potion"},{"floor":13,"key":"SmokeBomb"},{"floor":16,"key":"SteroidPotion"},{"floor":18,"key":"PotionOfCapacity"},{"floor":19,"key":"FearPotion"},{"floor":20,"key":"Energy Potion"},{"floor":21,"key":"ColorlessPotion"},{"floor":23,"key":"EssenceOfDarkness"},{"floor":24,"key":"BlessingOfTheForge"}],"is_trial":false,"path_per_floor":["M","?","$","M","M","M","E","M","T","M","M","R","M","M","R","B",null,"M","M","M","M","?","E","M","M"],"character_chosen":"DEFECT","items_purchased":["DataDisk","Steam"],"campfire_rested":0,"item_purchase_floors":[3,3],"current_hp_per_floor":[82,82,82,82,82,82,61,61,61,61,61,61,61,61,61,36,82,64,61,54,53,53,12,7,0,0],"gold":334,"neow_bonus":"TEN_PERCENT_HP_BONUS","is_daily":false,"chose_seed":false,"campfire_upgraded":1,"win_rate":0.0,"timestamp":1611097461,"path_taken":["M","?","$","M","M","M","E","M","T","M","M","R","M","M","R","BOSS","M","M","M","M","?","E","M","M"],"items_purchased_type":["Relic","Card"],"build_version":"2020-12-22","purchased_purges":1,"victory":false,"max_hp_per_floor":[82,82,82,82,82,82,82,82,82,82,82,82,82,82,82,82,82,82,82,82,82,82,82,82,82,82],"card_choices":[{"not_picked":["Barrage","FTL"],"picked":"Sweeping Beam","floor":1.0},{"not_picked":["Lockon","Double Energy"],"picked":"Coolheaded","floor":4.0},{"not_picked":["Steam Power","Core Surge"],"picked":"Redo","floor":5.0},{"not_picked":["Force Field","Rebound"],"picked":"Static Discharge","floor":6.0},{"not_picked":["Gash","Leap"],"picked":"White Noise","floor":7.0},{"not_picked":["Consume","Go for the Eyes"],"picked":"Conserve Battery","floor":8.0},{"not_picked":["Rebound","Coolheaded"],"picked":"Glacier","floor":10.0},{"not_picked":["Compile Driver","Coolheaded","Hello World"],"picked":"SKIP","floor":11},{"not_picked":["Skim","Go for the Eyes"],"picked":"Ball Lightning","floor":13},{"not_picked":["Hyperbeam","Meteor Strike"],"picked":"Biased Cognition","floor":16},{"not_picked":["Coolheaded+1","Reprogram"],"picked":"Fusion","floor":18},{"not_picked":["Beam Cell","Sweeping Beam"],"picked":"Streamline","floor":19},{"not_picked":["Coolheaded","Stack+1"],"picked":"Redo+1","floor":20},{"not_picked":["Hologram+1","Rebound"],"picked":"Compile Driver+1","floor":21},{"not_picked":["Steam","Barrage","Storm"],"picked":"SKIP","floor":23},{"not_picked":["White Noise","Streamline"],"picked":"Buffer","floor":24}],"player_experience":2738856,"relics_obtained":[{"floor":7.0,"key":"Dream Catcher"},{"floor":9.0,"key":"White Beast Statue"},{"floor":23,"key":"Kunai"}],"event_choices":[{"damage_healed":0.0,"max_hp_gain":0.0,"max_hp_loss":0.0,"gold_gain":175.0,"event_name":"Liars Game","player_choice":"AGREE","floor":2.0,"gold_loss":0.0,"damage_taken":0.0,"cards_obtained":["Doubt"]},{"damage_healed":0,"gold_gain":0,"player_choice":"Ignored","damage_taken":0,"max_hp_gain":0,"max_hp_loss":0,"event_name":"Vampires","floor":22,"gold_loss":0}],"is_beta":false,"boss_relics":[{"not_picked":["Runic Dome","Velvet Choker"],"picked":"Inserter"}],"items_purged_floors":[3],"is_endless":false,"potions_floor_spawned":[6,7,10,11,13,14,16,18,19,20,21,23,24],"killed_by":"Centurion and Healer","ascension_level":0}}