{"host":"lxpbhjtp8ycf0c4w","time":1611037765,"event":{"mods":["BaseMod","Minty Spire (QoL Compilation)","StSLib"],"gold_per_floor":[112,32,50,68,84,84,103,137,161,161,161,175,190,205,205,302,302,284,284,295,307,318,318,243,243,243,273,291,291,319,319,319,319,319],"floor_reached":33,"language":"ZHS","playtime":1378,"items_purged":[],"score":358,"play_id":"adcadf56-ab09-425c-aee1-0961c395ad6f","local_time":"20210119142925","is_ascension_mode":true,"campfire_choices":[{"data":"Footwork","floor":6.0,"key":"SMITH"},{"data":"Noxious Fumes","floor":10.0,"key":"SMITH"},{"data":"Neutralize","floor":15.0,"key":"SMITH"},{"data":"Bouncing Flask","floor":23.0,"key":"SMITH"},{"data":"Footwork","floor":25.0,"key":"SMITH"},{"floor":32.0,"key":"REST"}],"circlet_count":0,"master_deck":["Strike_G","Strike_G","Strike_G","Strike_G","Defend_G","Defend_G","Defend_G","Defend_G","Defend_G","Survivor","Neutralize+1","Poisoned Stab","Noxious Fumes+1","Footwork+1","Footwork+1","Dash","Bouncing Flask+1","Malaise","Catalyst","Writhe","PiercingWail+1","Leg Sweep+1","Dagger Spray","Backflip"],"relics":["Ring of the Snake","NeowsBlessing","Ornamental Fan","Snake Skull","CultistMask","Black Star","Toy Ornithopter","Anchor","TungstenRod","Ginger","Pen Nib"],"acts_visited":["Exordium","TheCity"],"potions_floor_usage":[33],"damage_taken":[{"damage":0.0,"enemies":"2 Louse","floor":1.0,"turns":1.0},{"damage":0.0,"enemies":"Cultist","floor":3.0,"turns":1.0},{"damage":0.0,"enemies":"Small Slimes","floor":4.0,"turns":1.0},{"damage":5.0,"enemies":"Blue Slaver","floor":5.0,"turns":4.0},{"damage":6.0,"enemies":"Large Slime","floor":7.0,"turns":7.0},{"damage":30.0,"enemies":"Lagavulin","floor":8.0,"turns":9.0},{"damage":0.0,"enemies":"3 Louse","floor":12.0,"turns":4.0},{"damage":0.0,"enemies":"Exordium Wildlife","floor":13.0,"turns":3.0},{"damage":2.0,"enemies":"Looter","floor":14.0,"turns":3.0},{"damage":0.0,"enemies":"The Guardian","floor":16.0,"turns":9.0},{"damage":12.0,"enemies":"2 Thieves","floor":18.0,"turns":4.0},{"damage":2.0,"enemies":"Spheric Guardian","floor":20.0,"turns":3.0},{"damage":2.0,"enemies":"Snake Plant","floor":21.0,"turns":7.0},{"damage":0.0,"enemies":"Snecko","floor":22.0,"turns":6.0},{"damage":31.0,"enemies":"Gremlin Leader","floor":27.0,"turns":8.0},{"damage":0.0,"enemies":"Centurion and Healer","floor":28.0,"turns":7.0},{"damage":30.0,"enemies":"Slavers","floor":30.0,"turns":9.0},{"damage":35,"enemies":"Automaton","floor":33,"turns":8}],"seed_played":"-7742139942567004446","potions_obtained":[{"floor":5.0,"key":"AttackPotion"},{"floor":7.0,"key":"CunningPotion"},{"floor":8.0,"key":"Weak Potion"},{"floor":14.0,"key":"ColorlessPotion"},{"floor":18.0,"key":"Fire Potion"},{"floor":20.0,"key":"Energy Potion"},{"floor":27.0,"key":"Block Potion"}],"is_trial":false,"path_per_floor":["M","$","M","M","M","R","M","E","T","R","?","M","M","M","R","B",null,"M","?","M","M","M","R","?","R","T","E","M","?","E","?","R","B"],"character_chosen":"THE_SILENT","items_purchased":["Noxious Fumes"],"campfire_rested":1,"item_purchase_floors":[2],"current_hp_per_floor":[70,70,70,70,65,65,59,29,29,29,29,29,29,27,27,27,70,58,58,56,54,54,54,54,54,54,33,33,33,8,8,29,0,0],"gold":319,"neow_bonus":"THREE_ENEMY_KILL","is_daily":false,"chose_seed":false,"campfire_upgraded":5,"win_rate":0.0,"timestamp":1611037765,"path_taken":["M","$","M","M","M","R","M","E","T","R","?","?","?","?","R","BOSS","M","?","M","M","M","R","?","R","T","E","M","?","E","?","R","BOSS"],"items_purchased_type":["Card"],"build_version":"2020-12-22","purchased_purges":0,"victory":false,"max_hp_per_floor":[70,70,70,70,70,70,70,70,70,70,70,70,70,70,70,70,70,70,70,70,70,70,70,70,70,70,70,70,70,70,70,70,70,70],"card_choices":[{"not_picked":["Caltrops","Underhanded Strike"],"picked":"Poisoned Stab","floor":1.0},{"not_picked":["Leg Sweep","Escape Plan"],"picked":"Footwork","floor":3.0},{"not_picked":["Quick Slash","Infinite Blades"],"picked":"Footwork","floor":4.0},{"not_picked":["Bane","Infinite Blades"],"picked":"Dash","floor":5.0},{"not_picked":["Eviscerate","Riddle With Holes","Outmaneuver"],"picked":"SKIP","floor":7.0},{"not_picked":["Prepared","Flying Knee","Tactician"],"picked":"SKIP","floor":8.0},{"not_picked":["Flying Knee","Cloak And Dagger","Deflect"],"picked":"SKIP","floor":12.0},{"not_picked":["Calculated Gamble","Unload"],"picked":"Bouncing Flask","floor":13.0},{"not_picked":["Prepared","Dash","Finisher"],"picked":"SKIP","floor":14.0},{"not_picked":["Venomology","Storm of Steel"],"picked":"Malaise","floor":16.0},{"not_picked":["Leg Sweep","Dagger Throw+1"],"picked":"Catalyst","floor":18.0},{"not_picked":["Dagger Throw","Dagger Spray"],"picked":"PiercingWail+1","floor":20.0},{"not_picked":["Prepared","Choke"],"picked":"Leg Sweep+1","floor":21.0},{"not_picked":["Prepared","Eviscerate","Deadly Poison+1"],"picked":"SKIP","floor":22.0},{"not_picked":["Quick Slash+1","Deadly Poison+1"],"picked":"Dagger Spray","floor":27.0},{"not_picked":["Reflex","Underhanded Strike","Bane"],"picked":"SKIP","floor":28.0},{"not_picked":["Envenom","Eviscerate+1","All Out Attack+1"],"picked":"SKIP","floor":30.0}],"player_experience":84527,"relics_obtained":[{"floor":8.0,"key":"Ornamental Fan"},{"floor":9.0,"key":"Snake Skull"},{"floor":27.0,"key":"Anchor"},{"floor":27.0,"key":"TungstenRod"},{"floor":30.0,"key":"Ginger"},{"floor":30.0,"key":"Pen Nib"}],"event_choices":[{"damage_healed":0.0,"max_hp_gain":0.0,"max_hp_loss":0.0,"gold_gain":0.0,"event_name":"FaceTrader","player_choice":"Trade","floor":11.0,"gold_loss":0.0,"damage_taken":0.0,"relics_obtained":["CultistMask"]},{"damage_healed":0.0,"max_hp_gain":0.0,"max_hp_loss":0.0,"gold_gain":0.0,"event_name":"The Mausoleum","player_choice":"Opened","floor":19.0,"gold_loss":0.0,"damage_taken":0.0,"relics_obtained":["Toy Ornithopter"],"cards_obtained":["Writhe"]},{"cards_removed":["Strike_G"],"damage_healed":0.0,"max_hp_gain":0.0,"max_hp_loss":0.0,"gold_gain":0.0,"event_name":"Beggar","player_choice":"Gave Gold","floor":24.0,"gold_loss":75.0,"damage_taken":0.0},{"damage_healed":0.0,"max_hp_gain":0.0,"max_hp_loss":0.0,"gold_gain":0.0,"event_name":"The Library","player_choice":"Read","floor":29.0,"gold_loss":0.0,"damage_taken":0.0,"cards_obtained":["Backflip"]},{"damage_healed":0.0,"max_hp_gain":0.0,"max_hp_loss":0.0,"gold_gain":0.0,"event_name":"Cursed Tome","player_choice":"Ignored","floor":31.0,"gold_loss":0.0,"damage_taken":0.0}],"is_beta":false,"boss_relics":[{"not_picked":["SacredBark","Runic Pyramid"],"picked":"Black Star"}],"items_purged_floors":[],"is_endless":false,"potions_floor_spawned":[5,7,8,13,14,18,20,27],"killed_by":"Automaton","ascension_level":1}}