{"host":"ledycoij8zqi3nor","time":1611079028,"event":{"mods":["Act Like it!","Aspiration","BaseMod","Bestiary","Better Altar","Better Match","Better Note","Better Skull","Better Third Choice","Better Vampires","BetterRewards","CapriCore","Conspire","Downfall","Gensokyo","Hallownest","Hubris","Infinite Spire","Koishi","Minty Spire (QoL Compilation)","Relic Stats","Remilia??????","Spicy Shops","Spikes Relics","StSLib","The Bug Knight","The Factory","The Immortal","The Jungle","The Servant 0.9.4","TheBandit","Trackpad","Waifu the Spire","vexMod"],"gold_per_floor":[99,115,215,231,251,268,268,268,281,291,128,128,160,170,186,282,282,282,297,315,315,315,315,315,52,52,109,109,122,179,249,347,450,450,350,400,480,480,480],"floor_reached":37,"language":"ENG","playtime":2253,"items_purged":[],"score":520,"play_id":"486bb8db-db0e-4e48-b956-a922876ca9ba","local_time":"20210119175708","is_ascension_mode":false,"campfire_choices":[{"data":"champ:Taunt","floor":1,"key":"SMITH"},{"floor":8,"key":"REST"},{"floor":12,"key":"REST"},{"data":"champ:UltimateStance","floor":18,"key":"SMITH"},{"data":"champ:PreemptiveStrike","floor":23,"key":"SMITH"},{"data":"champ:Lariat","floor":26,"key":"SMITH"},{"data":"champ:PerfectedStrike","floor":28,"key":"SMITH"},{"floor":35,"key":"RECALL"}],"circlet_count":0,"master_deck":["champ:Strike","champ:Strike","champ:Strike","champ:Strike","champ:Defend","champ:Defend","champ:Defend","champ:Defend","champ:Execute","champ:Taunt+1","champ:PerfectedStrike+1","champ:TornadoPunch","champ:FlashCut","champ:Parry","champ:Duel","champ:Lariat+1","champ:StrikeOfGenius","champ:DefensiveShout","champ:FocusedDefense","champ:UltimateStance+1","champ:FlashCut","champ:PreemptiveStrike+1","champ:ArenaPreparation","champ:MurderStrike"],"relics":["champ:ChampionCrown","Champion Belt","hubris:SphereOfDissonance","Chemical X","Happy Flower","vexMod:TanglingVine","downfall:KnowingSkull","infinitespire:Joker Card","Bronze Scales","Strawberry","StoneCalendar","vexMod:BigBerry","downfall:HeartBlessingGreen"],"acts_visited":["Exordium","TheCity","TheBeyond"],"potions_floor_usage":[6],"damage_taken":[{"damage":10,"enemies":"conspire:RoseBush","floor":2,"turns":3},{"damage":76,"enemies":"conspire:RoseBush","floor":3,"turns":6},{"damage":10,"enemies":"Small Slimes","floor":4,"turns":2},{"damage":4,"enemies":"infinitespire:Voidling","floor":5,"turns":3},{"damage":10,"enemies":"Gremlin Gang","floor":6,"turns":3},{"damage":1,"enemies":"conspire:2 RoseBushes","floor":9,"turns":4},{"damage":0,"enemies":"3 Louse","floor":10,"turns":2},{"damage":10,"enemies":"downfall:FleeingMerchant","floor":11,"turns":4},{"damage":10,"enemies":"Gremlin Nob","floor":13,"turns":4},{"damage":0,"enemies":"Exordium Wildlife","floor":14,"turns":2},{"damage":0,"enemies":"Large Slime","floor":15,"turns":2},{"damage":27,"enemies":"WA_ARCHETYPE_RETAIN","floor":16,"turns":5},{"damage":10,"enemies":"Chosen","floor":19,"turns":3},{"damage":13,"enemies":"Snake Plant","floor":20,"turns":2},{"damage":15,"enemies":"downfall:FleeingMerchant","floor":25,"turns":4},{"damage":13,"enemies":"Chosen and Byrds","floor":27,"turns":3},{"damage":26,"enemies":"Centurion and Healer","floor":29,"turns":4},{"damage":5,"enemies":"Cultist and Chosen","floor":30,"turns":5},{"damage":33,"enemies":"HollowMod:Nosk","floor":31,"turns":4},{"damage":6,"enemies":"Snake Plant","floor":32,"turns":2},{"damage":37,"enemies":"IC_MUSHROOM_ARCHETYPE","floor":33,"turns":3},{"damage":64,"enemies":"3 Shapes","floor":36,"turns":5},{"damage":17,"enemies":"infinitespire:Three Voidlings","floor":37,"turns":3},{"damage":143,"enemies":"Nightmare_Alpha","floor":37,"turns":7}],"seed_played":"-9025729667672755843","potions_obtained":[{"floor":2,"key":"Energy Potion"},{"floor":3,"key":"PowerPotion"},{"floor":6,"key":"champ:CounterPotion"},{"floor":10,"key":"champ:TechniquePotion"}],"is_trial":false,"path_per_floor":["R","M","?","M","M","M","T","R","M","M","$","R","E","M","M","B",null,"R","M","M","?","?","R","T","$","R","M","R","M","M","E","M","B",null,"R","M","?"],"character_chosen":"THE_CHAMP","items_purchased":["Chemical X","Bronze Scales","Strawberry"],"campfire_rested":2,"item_purchase_floors":[11,25,25],"current_hp_per_floor":[99,99,33,33,33,33,33,62,61,61,51,80,80,80,80,53,99,99,99,96,96,87,87,87,89,89,86,86,75,70,67,61,59,136,136,117,0,0,0],"gold":480,"neow_bonus":"TEN_PERCENT_HP_BONUS","is_daily":false,"chose_seed":false,"campfire_upgraded":5,"win_rate":0.0,"timestamp":1611079028,"path_taken":["R","M","?","M","M","M","T","R","M","M","$","R","E","M","M","BOSS","R","M","M","?","?","R","T","$","R","?","R","M","M","E","M","BOSS","R","M","?"],"items_purchased_type":["Relic","Relic","Relic"],"build_version":"2020-12-22","purchased_purges":0,"victory":false,"max_hp_per_floor":[99,99,99,99,99,99,99,99,99,99,99,99,99,99,99,99,99,99,99,99,99,99,99,99,106,106,106,106,106,106,106,106,106,136,136,136,136,136,136],"relic_stats":{"Happy Flower":[18],"counters":[24,85],"Bronze Scales":[125],"StoneCalendar":[12],"Champion Belt":[19],"Chemical X":[15],"obtain_stats":[{"Happy Flower":13,"hubris:SphereOfDissonance":7,"champ:ChampionCrown":0,"StoneCalendar":31,"downfall:HeartBlessingGreen":35,"infinitespire:Joker Card":24,"vexMod:TanglingVine":17,"Bronze Scales":25,"Strawberry":25,"downfall:KnowingSkull":22,"Champion Belt":3,"Chemical X":11,"vexMod:BigBerry":34},{"Happy Flower":9,"hubris:SphereOfDissonance":5,"champ:ChampionCrown":0,"StoneCalendar":19,"downfall:HeartBlessingGreen":21,"infinitespire:Joker Card":14,"vexMod:TanglingVine":12,"Bronze Scales":15,"Strawberry":15,"downfall:KnowingSkull":14,"Champion Belt":2,"Chemical X":8,"vexMod:BigBerry":21},{"Happy Flower":31,"hubris:SphereOfDissonance":17,"champ:ChampionCrown":0,"StoneCalendar":65,"downfall:HeartBlessingGreen":70,"infinitespire:Joker Card":45,"vexMod:TanglingVine":40,"Bronze Scales":49,"Strawberry":49,"downfall:KnowingSkull":45,"Champion Belt":9,"Chemical X":27,"vexMod:BigBerry":70}]},"card_choices":[{"not_picked":["champ:Backstep","champ:FaceSlap"],"picked":"champ:PerfectedStrike","floor":2},{"not_picked":["champ:Shatter","champ:CrownThrow"],"picked":"champ:TornadoPunch","floor":3},{"not_picked":["champ:TornadoPunch","champ:ArenaPreparation"],"picked":"champ:FlashCut","floor":4},{"not_picked":["champ:CrookedStrike","champ:Backstep"],"picked":"champ:Parry","floor":5},{"not_picked":["champ:Shatter","champ:TornadoPunch"],"picked":"champ:Duel","floor":6},{"not_picked":["champ:CrookedStrike","champ:HeartStrike"],"picked":"champ:Lariat","floor":9},{"not_picked":["champ:TornadoPunch","champ:Encircle"],"picked":"champ:StrikeOfGenius","floor":10},{"not_picked":["champ:Shatter","champ:BladeFlurry","champ:FaceSlap"],"picked":"SKIP","floor":11},{"not_picked":["champ:Parry","champ:Backstep","champ:FocusedBerserking"],"picked":"SKIP","floor":13},{"not_picked":["champ:SetATrap","champ:GutPunch"],"picked":"champ:DefensiveShout","floor":14},{"not_picked":["champ:AdrenalArmor","champ:FancyFootwork"],"picked":"champ:FocusedDefense","floor":15},{"not_picked":["champ:Devastate","champ:StrikeOfGenius"],"picked":"champ:UltimateStance","floor":16},{"not_picked":["champ:BerserkersShout","champ:StanceDance"],"picked":"champ:FlashCut","floor":19},{"not_picked":["champ:IronFortress+1","champ:BringItOn+1"],"picked":"champ:PreemptiveStrike","floor":20},{"not_picked":["champ:EnGarde","champ:StanceDance","champ:AdrenalArmor+1"],"picked":"SKIP","floor":25},{"not_picked":["champ:PreemptiveStrike","champ:FancyFootwork","champ:PreciseThrust+1"],"picked":"SKIP","floor":27},{"not_picked":["champ:FalseCounter","champ:HeartStrike","champ:EnragedBash"],"picked":"SKIP","floor":29},{"not_picked":["champ:FalseCounter","champ:StanceDance+1"],"picked":"champ:ArenaPreparation","floor":30},{"not_picked":["champ:SetATrap","champ:Encircle","champ:Backstep"],"picked":"SKIP","floor":31},{"not_picked":["champ:AdrenalArmor","champ:BerserkersShout","champ:DeathBlow"],"picked":"SKIP","floor":32},{"not_picked":["champ:LastStand","champ:Devastate"],"picked":"champ:MurderStrike","floor":33},{"not_picked":["champ:AdrenalArmor+1","champ:StanceDance","champ:DefensiveShout+1"],"picked":"SKIP","floor":36}],"player_experience":425248,"relics_obtained":[{"floor":3,"key":"Champion Belt"},{"floor":7,"key":"hubris:SphereOfDissonance"},{"floor":13,"key":"Happy Flower"},{"floor":24,"key":"infinitespire:Joker Card"},{"floor":31,"key":"StoneCalendar"}],"event_choices":[{"damage_healed":0,"gold_gain":0,"player_choice":"Ignored","damage_taken":0,"max_hp_gain":0,"max_hp_loss":0,"event_name":"betterNote:BetterNote","floor":21,"gold_loss":0,"cards_obtained":["Guardian:Strike_Guardian"]}],"is_beta":false,"boss_relics":[{"not_picked":["trackpad:Trackpad","vexMod:NewClearReactor"],"picked":"vexMod:TanglingVine"},{"not_picked":["conspire:RunicOctahedron","conspire:SeveredTorchhead"],"picked":"vexMod:BigBerry"}],"items_purged_floors":[],"is_endless":false,"potions_floor_spawned":[2,3,6,10,16,19,27,32,33,36,37],"killed_by":"Nightmare_Alpha","ascension_level":0}}