{"host":"onsldz53rrjogmmj","time":1611023744,"event":{"mods":["BaseMod","Colored Powertips","Downfall","Koishi","KomeijiMod","Minty Spire (QoL Compilation)","StSLib","Yakumo Yukari mod","Yuyuko","[IsaacMod]ÒÔÈö¼âËþ"],"gold_per_floor":[118,118,14,34,51,51,68,68,68,243,258,258,278,11,11,137,137,153,153,252,267,105,105,38,86,86,117,14,14,0,21,21,140,140,158,171,14,35,35,73,73,88,88,88,108,60,60,60,60,60],"floor_reached":51,"language":"ZHS","playtime":3263,"items_purged":[],"score":733,"play_id":"e9e21e69-79bc-4a1a-9a1a-a718a72792f8","local_time":"20210119103544","is_ascension_mode":false,"campfire_choices":[{"data":"Unborn Light","floor":6,"key":"SMITH"},{"floor":8,"key":"REST"},{"floor":15,"key":"REST"},{"data":"Showy Withering","floor":23,"key":"SMITH"},{"data":"Postpone Bloom","floor":29,"key":"SMITH"},{"data":"Open The Fan","floor":32,"key":"SMITH"},{"data":"Phantom Gift","floor":41,"key":"SMITH"},{"data":"Monster Cherry Tree","floor":49,"key":"SMITH"}],"circlet_count":0,"master_deck":["Fantasy Butterflies","Fantasy Butterflies","Fantasy Butterflies","Fantasy Butterflies","Fantasy Butterflies","Dreamy Sakura","Dreamy Sakura","Dreamy Sakura","Dreamy Sakura","Dreamy Sakura","Deathly Ground","Faramita\u0027s Temptation","Childlike","Thinking Ahead","Ghostdom Sakura","Unborn Light+1","Doubt","Mini Ghostdom","Song of Papilio","Phantom Gift+1","Dying Dream","Supernatural Nether","Gauzy Sakura+1","Monster Cherry Tree+1","Open The Fan+1","Showy Withering+1","Phantom Village","Bury in The Template","Butterflies Rainbow","Cerasus Subhirtella","Postpone Bloom+1","Bloom+1","Ticket to Heaven","Unknown Petal","Lunch","Unreal","Supernatural Nether","Linger over Flower","The Forgotten Winter+1","Nihility+1","Fondling of Papilio+1","Final of Final"],"relics":["Coronal","Yuyuko\u0027s fan","HushsDoor","PillsDrop","Golden Idol","MagicMushroom","Leech","Art of War","InkBottle","Pen Nib","bronze:MakeshiftBattery","HowToJump","Blue Candle","Nunchaku","AnarchistCookbook"],"acts_visited":["Exordium","TheCity","TheBeyond"],"potions_floor_usage":[4,13,13,16,16,40,50,50],"damage_taken":[{"damage":11,"enemies":"Small Slimes","floor":1,"turns":3},{"damage":14,"enemies":"2 Louse","floor":4,"turns":3},{"damage":22,"enemies":"Cultist","floor":5,"turns":5},{"damage":16,"enemies":"Lots of Slimes","floor":7,"turns":2},{"damage":48,"enemies":"Large Slime","floor":11,"turns":7},{"damage":18,"enemies":"Blue Slaver","floor":13,"turns":3},{"damage":91,"enemies":"Hexaghost","floor":16,"turns":11},{"damage":21,"enemies":"Chosen","floor":18,"turns":5},{"damage":31,"enemies":"2 Thieves","floor":21,"turns":3},{"damage":76,"enemies":"Book of Stabbing","floor":27,"turns":7},{"damage":14,"enemies":"Cultist and Chosen","floor":31,"turns":4},{"damage":96,"enemies":"Champ","floor":33,"turns":12},{"damage":39,"enemies":"3 Shapes","floor":35,"turns":4},{"damage":42,"enemies":"3 Darklings","floor":36,"turns":5},{"damage":27,"enemies":"Sphere and 2 Shapes","floor":38,"turns":5},{"damage":16,"enemies":"Reptomancer","floor":40,"turns":4},{"damage":41,"enemies":"Jaw Worm Horde","floor":42,"turns":4},{"damage":22,"enemies":"Transient","floor":45,"turns":5},{"damage":28,"enemies":"Donu and Deca","floor":50,"turns":6}],"seed_played":"6921158573581265877","potions_obtained":[{"floor":4,"key":"PowerPotion"},{"floor":5,"key":"Fire Potion"},{"floor":7,"key":"CalmPotion"},{"floor":13,"key":"Firefly"},{"floor":27,"key":"Regen Potion"},{"floor":33,"key":"CalmPotion"},{"floor":38,"key":"ExcitationPotion"},{"floor":40,"key":"SkillPotion"},{"floor":45,"key":"SkillPotion"}],"is_trial":false,"path_per_floor":["M","?","$","M","M","R","M","R","T","?","M","?","M","$","R","B",null,"M","?","?","M","$","R","$","T","T","E","$","R","?","M","R","B",null,"M","M","$","M","?","E","R","M","T","?","M","$","?","?","R","B",null],"character_chosen":"YUYOKO","items_purchased":["Fruit Juice","Phantom Gift","Dying Dream","champ:CounterPotion","Open The Fan","Showy Withering","Phantom Village","Bury in The Template","Cerasus Subhirtella","Postpone Bloom","HowToJump","Final of Final"],"campfire_rested":2,"item_purchase_floors":[3,14,14,14,22,22,22,24,28,28,37,46],"current_hp_per_floor":[41,41,41,44,44,44,28,42,42,42,40,28,12,12,26,21,59,57,57,57,56,56,56,56,56,56,55,55,55,55,53,53,44,57,45,52,52,52,52,53,53,34,34,34,52,52,52,52,52,51],"gold":60,"neow_bonus":"TEN_PERCENT_HP_BONUS","is_daily":false,"chose_seed":false,"campfire_upgraded":6,"win_rate":0.0,"timestamp":1611023744,"path_taken":["M","?","?","?","M","R","M","R","T","?","M","?","M","$","R","BOSS","M","?","?","M","?","R","$","?","T","E","$","R","?","M","R","BOSS","M","M","$","M","?","E","R","M","T","?","?","$","?","?","R","BOSS"],"items_purchased_type":["Potion","Card","Card","Potion","Card","Card","Card","Card","Card","Card","Relic","Card"],"build_version":"2020-12-22","purchased_purges":0,"victory":true,"max_hp_per_floor":[44,44,44,49,49,49,49,49,49,49,49,49,49,49,49,52,59,62,62,62,62,62,62,62,62,62,57,57,57,57,57,57,57,57,57,57,57,57,57,57,57,60,60,60,60,60,57,57,57,57],"card_choices":[{"not_picked":[],"picked":"EpicFetus","floor":0},{"not_picked":["Gauzy Sakura","Dark Wind"],"picked":"Childlike","floor":1},{"not_picked":["Sakura Ward","Sweet of Phantom"],"picked":"Ghostdom Sakura","floor":4},{"not_picked":["The Forgotten Winter","Nihility"],"picked":"Unborn Light","floor":5},{"not_picked":["All Wander","Dream of Spring","Phantom Gift"],"picked":"SKIP","floor":7},{"not_picked":["Sakura Ward","All Wander"],"picked":"Mini Ghostdom","floor":11},{"not_picked":["Final of Final","Unreal"],"picked":"Song of Papilio","floor":13},{"not_picked":["Infinite Reviving","Ghastly Dream"],"picked":"Supernatural Nether","floor":16},{"not_picked":["Become Phantom+1","Trap Lamp+1"],"picked":"Gauzy Sakura+1","floor":18},{"not_picked":["Triple Snow+1","Dark Wind"],"picked":"Monster Cherry Tree","floor":21},{"not_picked":["Stifle+1","Ghostdom Sakura+1"],"picked":"Butterflies Rainbow","floor":27},{"not_picked":["Lunch","Ghostdom Sakura+1"],"picked":"Bloom+1","floor":31},{"not_picked":["Float on Moon","Revive The Butterflies"],"picked":"Ticket to Heaven","floor":33},{"not_picked":["Open The Fan","Reverse The Screen+1"],"picked":"Unknown Petal","floor":35},{"not_picked":["Triple Snow","Unstable Ward+1"],"picked":"Unreal+1","floor":36},{"not_picked":["Final of Final","Triple Snow+1"],"picked":"Lunch","floor":38},{"not_picked":["Open The Fan","Nihility"],"picked":"Linger over Flower","floor":40},{"not_picked":["Showy Withering+1","Linger over Flower"],"picked":"The Forgotten Winter+1","floor":42},{"not_picked":["Final of Final","City of Death+1"],"picked":"Nihility+1","floor":44},{"not_picked":["Dancing Butterflies+1","Dying Dream"],"picked":"Fondling of Papilio+1","floor":45}],"player_experience":311255,"relics_obtained":[{"floor":9,"key":"PillsDrop"},{"floor":25,"key":"Art of War"},{"floor":26,"key":"InkBottle"},{"floor":27,"key":"Pen Nib"},{"floor":40,"key":"Blue Candle"},{"floor":43,"key":"Nunchaku"},{"floor":44,"key":"AnarchistCookbook"}],"event_choices":[{"damage_healed":0,"gold_gain":0,"cards_transformed":["EpicFetus"],"player_choice":"Change","damage_taken":0,"max_hp_gain":0,"max_hp_loss":0,"event_name":"Living Wall","floor":2,"gold_loss":0,"cards_obtained":["Thinking Ahead"]},{"damage_healed":0,"gold_gain":175,"player_choice":"AGREE","damage_taken":0,"max_hp_gain":0,"max_hp_loss":0,"event_name":"Liars Game","floor":10,"gold_loss":0,"cards_obtained":["Doubt"]},{"damage_healed":0,"gold_gain":0,"player_choice":"Take Damage","damage_taken":12,"relics_obtained":["Golden Idol"],"max_hp_gain":0,"max_hp_loss":0,"event_name":"Golden Idol","floor":12,"gold_loss":0},{"damage_healed":0,"gold_gain":0,"player_choice":"Simplicity","damage_taken":0,"max_hp_gain":0,"max_hp_loss":0,"event_name":"Back to Basics","floor":19,"gold_loss":0,"cards_upgraded":[]},{"damage_healed":0,"gold_gain":99,"player_choice":"Stole From Cult","damage_taken":0,"max_hp_gain":0,"max_hp_loss":0,"event_name":"Nest","floor":20,"gold_loss":0},{"damage_healed":0,"gold_gain":0,"player_choice":"Paid Fearfully","damage_taken":0,"max_hp_gain":0,"max_hp_loss":0,"event_name":"Masked Bandits","floor":30,"gold_loss":14},{"damage_healed":0,"gold_gain":0,"player_choice":"2 cards matched","damage_taken":0,"max_hp_gain":0,"max_hp_loss":0,"event_name":"Match and Keep!","floor":39,"gold_loss":0,"cards_obtained":["Unreal","Supernatural Nether"]},{"damage_healed":0,"gold_gain":0,"player_choice":"Max HP","damage_taken":0,"max_hp_gain":0,"max_hp_loss":3,"event_name":"Winding Halls","floor":47,"gold_loss":0}],"is_beta":false,"boss_relics":[{"not_picked":["Runic Dome","Calling Bell"],"picked":"MagicMushroom"},{"not_picked":[]},{"not_picked":["Tiny House","Astrolabe"],"picked":"bronze:MakeshiftBattery"},{"not_picked":[]}],"items_purged_floors":[],"is_endless":false,"potions_floor_spawned":[4,5,7,13,27,33,38,40,45],"ascension_level":0}}