{"host":"2pmmafybkq7zb6na","time":1611033736,"event":{"mods":["AchievementEnabler","BaseMod","Colored Map","Highlight Path","Keyboard Shortcuts","Minty Spire (QoL Compilation)","Quick Restart","StSLib","SuperFastMode"],"gold_per_floor":[119,134,146,163,179,213,62,62,89,118,43,43,43,118,118,221,221,232,251,251,265,49,81,81,113,149,161,23,23,54,74,74,170,170,184,202,215,152,172,198,198,211,211,91,91,17,47,61,61,61],"floor_reached":51,"language":"KOR","playtime":4215,"items_purged":["Strike_B","Strike_B","Hyperbeam","Parasite"],"score":788,"play_id":"80032035-75f1-437f-ac12-ec8617b2f7bb","local_time":"20210119142216","is_ascension_mode":true,"campfire_choices":[{"data":"Machine Learning","floor":8.0,"key":"SMITH"},{"data":"Aggregate","floor":13.0,"key":"SMITH"},{"floor":15.0,"key":"REST"},{"floor":24.0,"key":"REST"},{"data":"White Noise","floor":27.0,"key":"SMITH"},{"floor":32.0,"key":"REST"},{"data":"Hologram","floor":41.0,"key":"SMITH"},{"data":"Coolheaded","floor":45.0,"key":"SMITH"},{"data":"Skim","floor":49.0,"key":"SMITH"}],"circlet_count":0,"master_deck":["Zap","Dualcast","BootSequence","Beam Cell","Ball Lightning","Hologram+1","Ball Lightning","Machine Learning+1","Aggregate+1","Redo","Electrodynamics","Self Repair","Skim+1","Tempest","Cold Snap","Go for the Eyes+1","White Noise+1","Rebound","Aggregate+1","Biased Cognition","Chaos","Sweeping Beam","Capacitor","Static Discharge","Loop+1","Heatsinks","Hologram+1","Force Field+1","Double Energy","Coolheaded+1","Glacier","Cold Snap+1","Storm+1"],"relics":["Cracked Core","Art of War","HandDrill","Bag of Preparation","Philosopher\u0027s Stone","Membership Card","DataDisk","MawBank","Pen Nib","Emotion Chip","Incense Burner","Pandora\u0027s Box","MealTicket","Pear","Medical Kit","Peace Pipe"],"acts_visited":["Exordium","TheCity","TheBeyond"],"potions_floor_usage":[50,50],"damage_taken":[{"damage":1.0,"enemies":"Cultist","floor":1.0,"turns":3.0},{"damage":2.0,"enemies":"Small Slimes","floor":2.0,"turns":3.0},{"damage":3.0,"enemies":"2 Louse","floor":3.0,"turns":3.0},{"damage":9.0,"enemies":"2 Fungi Beasts","floor":4.0,"turns":3.0},{"damage":5.0,"enemies":"Gremlin Gang","floor":5.0,"turns":4.0},{"damage":8.0,"enemies":"Lagavulin","floor":6.0,"turns":6.0},{"damage":18.0,"enemies":"Gremlin Nob","floor":10.0,"turns":4.0},{"damage":20.0,"enemies":"The Guardian","floor":16.0,"turns":9.0},{"damage":1.0,"enemies":"Spheric Guardian","floor":18.0,"turns":3.0},{"damage":1.0,"enemies":"Chosen","floor":19.0,"turns":4.0},{"damage":56.0,"enemies":"Shelled Parasite and Fungi","floor":21.0,"turns":6.0},{"damage":26.0,"enemies":"Book of Stabbing","floor":23.0,"turns":6.0},{"damage":0.0,"enemies":"Gremlin Leader","floor":25.0,"turns":4.0},{"damage":16.0,"enemies":"Book of Stabbing","floor":30.0,"turns":4.0},{"damage":0.0,"enemies":"Snake Plant","floor":31.0,"turns":3.0},{"damage":46.0,"enemies":"Champ","floor":33.0,"turns":9.0},{"damage":3.0,"enemies":"Orb Walker","floor":35.0,"turns":2.0},{"damage":8.0,"enemies":"3 Shapes","floor":36.0,"turns":2.0},{"damage":10.0,"enemies":"3 Darklings","floor":37.0,"turns":3.0},{"damage":3.0,"enemies":"4 Shapes","floor":39.0,"turns":1.0},{"damage":52.0,"enemies":"Nemesis","floor":40.0,"turns":5.0},{"damage":14.0,"enemies":"Writhing Mass","floor":42.0,"turns":4.0},{"damage":26.0,"enemies":"Giant Head","floor":47.0,"turns":10.0},{"damage":4.0,"enemies":"Transient","floor":48.0,"turns":5.0},{"damage":76,"enemies":"Awakened One","floor":50,"turns":14}],"seed_played":"7748455959871833693","potions_obtained":[{"floor":1.0,"key":"BlessingOfTheForge"},{"floor":3.0,"key":"BlessingOfTheForge"},{"floor":6.0,"key":"DistilledChaos"},{"floor":16.0,"key":"ColorlessPotion"},{"floor":20.0,"key":"FocusPotion"},{"floor":20.0,"key":"FairyPotion"},{"floor":21.0,"key":"PotionOfCapacity"},{"floor":23.0,"key":"DuplicationPotion"},{"floor":25.0,"key":"Energy Potion"},{"floor":30.0,"key":"DistilledChaos"},{"floor":37.0,"key":"DistilledChaos"},{"floor":39.0,"key":"DuplicationPotion"},{"floor":48.0,"key":"DuplicationPotion"}],"is_trial":false,"path_per_floor":["M","M","M","M","M","E","$","R","T","E","$","?","R","?","R","B",null,"M","M","?","M","$","E","R","E","T","R","$","?","E","M","R","B",null,"M","M","M","$","M","E","R","M","T","$","R","$","E","M","R","B",null],"character_chosen":"DEFECT","items_purchased":["HandDrill","Membership Card","Cold Snap","Emotion Chip","Coolheaded","Glacier","Medical Kit"],"campfire_rested":3,"item_purchase_floors":[7,22,22,28,44,44,46],"current_hp_per_floor":[81,79,76,67,62,54,54,54,54,36,36,36,36,25,49,29,82,81,80,80,31,31,12,36,43,43,43,43,43,27,34,58,19,82,82,74,71,71,75,30,30,30,40,55,55,70,51,54,54,19],"gold":61,"neow_bonus":"TEN_PERCENT_HP_BONUS","is_daily":false,"chose_seed":false,"campfire_upgraded":6,"win_rate":0.0,"timestamp":1611033736,"path_taken":["M","M","M","M","M","E","?","R","T","E","$","?","R","?","R","BOSS","M","M","?","?","$","E","R","E","T","R","$","?","E","M","R","BOSS","M","M","M","$","M","E","R","M","T","$","R","$","E","M","R","BOSS"],"items_purchased_type":["Relic","Relic","Card","Relic","Card","Card","Relic"],"build_version":"2020-12-22","purchased_purges":4,"victory":true,"max_hp_per_floor":[82,82,82,82,82,82,82,82,82,82,82,82,82,82,82,82,82,82,82,82,82,82,82,82,82,82,82,82,82,82,82,82,82,82,82,82,82,82,82,82,82,82,92,89,89,89,89,89,89,89],"card_choices":[{"not_picked":["Skim","Rebound"],"picked":"BootSequence","floor":1.0},{"not_picked":["Stack","Go for the Eyes"],"picked":"Beam Cell","floor":2.0},{"not_picked":["Turbo","Rebound"],"picked":"Ball Lightning","floor":3.0},{"not_picked":["Compile Driver","Sunder"],"picked":"Hologram","floor":4.0},{"not_picked":["Go for the Eyes","Chaos"],"picked":"Ball Lightning","floor":5.0},{"not_picked":["Leap","Gash"],"picked":"Machine Learning","floor":6.0},{"not_picked":["Echo Form","Auto Shields"],"picked":"Aggregate","floor":10.0},{"not_picked":["Meteor Strike","Buffer"],"picked":"Electrodynamics","floor":16.0},{"not_picked":["Fusion","Steam"],"picked":"Self Repair","floor":18.0},{"not_picked":["Go for the Eyes","Steam Power"],"picked":"Skim","floor":19.0},{"not_picked":["Leap","Chill"],"picked":"Tempest","floor":21.0},{"not_picked":["Beam Cell","Skim+1"],"picked":"Go for the Eyes+1","floor":23.0},{"not_picked":["Barrage","Scrape"],"picked":"White Noise","floor":25.0},{"not_picked":["Compile Driver","Streamline"],"picked":"Rebound","floor":30.0},{"not_picked":["Sweeping Beam","Recycle"],"picked":"Aggregate+1","floor":31.0},{"not_picked":["Core Surge","Echo Form"],"picked":"Biased Cognition","floor":33.0},{"not_picked":["Sweeping Beam+1","Turbo"],"picked":"Loop+1","floor":35.0},{"not_picked":["Sweeping Beam+1","Genetic Algorithm+1"],"picked":"Heatsinks","floor":36.0},{"not_picked":["Sweeping Beam+1","Streamline","Stack"],"picked":"SKIP","floor":37.0},{"not_picked":["Leap","Static Discharge"],"picked":"Hologram+1","floor":39.0},{"not_picked":["Rebound","White Noise"],"picked":"Force Field+1","floor":40.0},{"not_picked":["Turbo","Ball Lightning"],"picked":"Double Energy","floor":42.0},{"not_picked":["Blizzard+1","Rainbow"],"picked":"Cold Snap+1","floor":47.0},{"not_picked":["Go for the Eyes","Leap"],"picked":"Storm+1","floor":48.0}],"player_experience":84732,"relics_obtained":[{"floor":6.0,"key":"Art of War"},{"floor":10.0,"key":"Bag of Preparation"},{"floor":23.0,"key":"DataDisk"},{"floor":25.0,"key":"MawBank"},{"floor":26.0,"key":"Pen Nib"},{"floor":30.0,"key":"Incense Burner"},{"floor":40.0,"key":"MealTicket"},{"floor":43.0,"key":"Pear"},{"floor":47.0,"key":"Peace Pipe"}],"event_choices":[{"damage_healed":0.0,"max_hp_gain":0.0,"max_hp_loss":0.0,"gold_gain":0.0,"cards_transformed":["Strike_B"],"event_name":"Living Wall","player_choice":"Change","floor":12.0,"gold_loss":0.0,"damage_taken":0.0,"cards_obtained":["Redo"]},{"damage_healed":0.0,"max_hp_gain":0.0,"max_hp_loss":0.0,"gold_gain":75.0,"event_name":"World of Goop","player_choice":"Gather Gold","floor":14.0,"gold_loss":0.0,"damage_taken":11.0},{"damage_healed":0.0,"max_hp_gain":0.0,"max_hp_loss":0.0,"gold_gain":0.0,"event_name":"Lab","player_choice":"Got Potions","floor":20.0,"gold_loss":0.0,"damage_taken":0.0},{"damage_healed":0.0,"max_hp_gain":0.0,"max_hp_loss":0.0,"gold_gain":0.0,"event_name":"Ghosts","player_choice":"Ignored","floor":29.0,"gold_loss":0.0,"damage_taken":0.0}],"is_beta":false,"boss_relics":[{"not_picked":["SlaversCollar","Runic Dome"],"picked":"Philosopher\u0027s Stone"},{"not_picked":["Black Star","FrozenCore"],"picked":"Pandora\u0027s Box"}],"items_purged_floors":[11,22,38,44],"is_endless":false,"potions_floor_spawned":[1,3,6,16,21,23,25,30,37,39,48],"ascension_level":1}}