{"host":"u9h06qdlnp3wgzsw","time":1611094739,"event":{"mods":["BaseMod","Downfall","Hermit","Minty Spire (QoL Compilation)","Quick Restart","Rare Cards Sparkle","Shop Mod","StSLib","The Hierophant","The Servant 0.9.4"],"gold_per_floor":[117,44,44,44,44,44,69,90,90,90,108,208,222,240,240,371,371,390,415,415,415],"floor_reached":20,"language":"ENG","playtime":849,"items_purged":[],"score":220,"play_id":"6eaa85ef-8f5a-493a-b6dd-5270f6d62179","local_time":"20210119171859","is_ascension_mode":true,"campfire_choices":[{"data":"WindmillStrike","floor":6,"key":"SMITH"},{"floor":10,"key":"REST"},{"floor":15,"key":"REST"}],"circlet_count":0,"master_deck":["Eruption","Vigilance","EmptyFist","WindmillStrike+1","MasterReality","CarveReality","ReachHeaven","DeceiveReality","Alpha","EmptyMind","WreathOfFlame","CrushJoints","Alpha","SandsOfTime","Omniscience","DevaForm"],"relics":["PureWater","Gremlin Horn","Golden Idol","Question Card","Pandora\u0027s Box"],"acts_visited":["Exordium","TheCity"],"potions_floor_usage":[16,18,19,19],"damage_taken":[{"damage":2,"enemies":"Jaw Worm","floor":1,"turns":4},{"damage":0,"enemies":"2 Louse","floor":7,"turns":1},{"damage":1,"enemies":"Cultist","floor":8,"turns":3},{"damage":3,"enemies":"Looter","floor":11,"turns":2},{"damage":6,"enemies":"Red Slaver","floor":13,"turns":2},{"damage":8,"enemies":"Blue Slaver","floor":14,"turns":3},{"damage":54,"enemies":"Hexaghost","floor":16,"turns":12},{"damage":22,"enemies":"Chosen","floor":18,"turns":5},{"damage":27,"enemies":"3 Byrds","floor":19,"turns":4},{"damage":31,"enemies":"Centurion and Healer","floor":20,"turns":2}],"seed_played":"6431682911152835849","potions_obtained":[{"floor":7,"key":"Fire Potion"},{"floor":11,"key":"champ:CounterPotion"},{"floor":13,"key":"Slimebound:ThreeZeroPotion"},{"floor":18,"key":"Block Potion"}],"is_trial":false,"path_per_floor":["M","$","?","?","?","R","M","M","T","R","M","?","M","M","R","B",null,"M","M","M"],"character_chosen":"WATCHER","items_purchased":["WindmillStrike"],"campfire_rested":2,"item_purchase_floors":[2],"current_hp_per_floor":[77,77,70,51,51,51,51,50,50,73,70,70,64,56,79,25,79,57,30,0,0],"gold":415,"neow_bonus":"TEN_PERCENT_HP_BONUS","is_daily":false,"chose_seed":false,"campfire_upgraded":1,"win_rate":0.0,"timestamp":1611094739,"path_taken":["M","$","?","?","?","R","M","?","T","R","M","?","?","M","R","BOSS","M","M","M"],"items_purchased_type":["Card"],"build_version":"2020-12-22","purchased_purges":0,"victory":false,"max_hp_per_floor":[79,79,79,79,79,79,79,79,79,79,79,79,79,79,79,79,79,79,79,79,79],"card_choices":[{"not_picked":["JustLucky","Protect"],"picked":"EmptyFist","floor":1},{"not_picked":["Collect","CutThroughFate"],"picked":"CarveReality","floor":7},{"not_picked":["FlyingSleeves","SashWhip","Fasting2"],"picked":"SKIP","floor":8},{"not_picked":["FlyingSleeves","Halt","ClearTheMind","ForeignInfluence"],"picked":"SKIP","floor":11},{"not_picked":["MasterReality","Weave","Consecrate"],"picked":"ReachHeaven","floor":13},{"not_picked":["BowlingBash","ClearTheMind","Collect"],"picked":"DeceiveReality","floor":14},{"not_picked":["Vault","Brilliance","Ragnarok"],"picked":"Alpha","floor":16},{"not_picked":["Prostrate","Weave","CutThroughFate","Pray"],"picked":"SKIP","floor":18},{"not_picked":["JustLucky","SashWhip","ClearTheMind","EmptyFist+1"],"picked":"SKIP","floor":19}],"player_experience":821111,"relics_obtained":[{"floor":9,"key":"Question Card"}],"event_choices":[{"damage_healed":0,"gold_gain":0,"player_choice":"Success","damage_taken":7,"relics_obtained":["Gremlin Horn"],"max_hp_gain":0,"max_hp_loss":0,"event_name":"Scrap Ooze","floor":3,"gold_loss":0},{"damage_healed":0,"gold_gain":0,"player_choice":"Take Damage","damage_taken":19,"relics_obtained":["Golden Idol"],"max_hp_gain":0,"max_hp_loss":0,"event_name":"Golden Idol","floor":4,"gold_loss":0},{"damage_healed":0,"gold_gain":0,"cards_transformed":["Strike_P"],"player_choice":"Transformed","damage_taken":0,"max_hp_gain":0,"max_hp_loss":0,"event_name":"Transmorgrifier","floor":5,"gold_loss":0,"cards_obtained":["MasterReality"]},{"damage_healed":0,"gold_gain":100,"player_choice":"Pray","damage_taken":0,"max_hp_gain":0,"max_hp_loss":0,"event_name":"Golden Shrine","floor":12,"gold_loss":0}],"is_beta":false,"boss_relics":[{"not_picked":["Philosopher\u0027s Stone","Busted Crown"],"picked":"Pandora\u0027s Box"}],"items_purged_floors":[],"is_endless":false,"potions_floor_spawned":[7,11,13,18],"killed_by":"Centurion and Healer","ascension_level":3}}