{"host":"ymw71f7rc9ndansy","time":1611023107,"event":{"mods":["ATMod(阿瑾Mod)","Act Like it!","Aspiration","BaseMod","DeckTracker","Downfall","Hubris","Library of Ruina","Library of Ruina Extra","Minty Spire (QoL Compilation)","MostiFishMod","Remove Card Discount Mod","StSLib","TestMod","【功能Mod】精心准备","【遗物卡牌】REMEMod"],"gold_per_floor":[199,214,214,227,239,259,259,285,302,102,118,568,468,468,480,577,577,577,589,600,616,616,651,701,104,99,99,44,65,65,65,80,187,187,187,201,223,323,340,361,429,16,18,41,41,60,60,60,78,87,87,87,126,126,126,141,152],"floor_reached":58,"language":"ZHS","playtime":2130,"items_purged":["hexamod:Strike","hexamod:Strike","hexamod:Defend","hexamod:Defend","downfall:Icky","downfall:Icky","downfall:Icky","hexamod:SixthSeal","hexamod:SpectersWail","hexamod:SpectersWail","hexamod:Float","hexamod:Strike","hexamod:Strike","hexamod:HeatShield","downfall:Malfunctioning","Decay","downfall:Bewildered","hexamod:TimeWarp","hubris:Disease","hubris:Gluttony","downfall:Aged","hubris:Compulsion","Parasite"],"score":1308,"play_id":"3e832368-a035-48ed-b7a0-c6f2f7c68079","local_time":"20210119102507","is_ascension_mode":false,"campfire_choices":[{"data":"MostiFishMod:SephirahHod","floor":1.0,"key":"SMITH"},{"floor":10.0,"key":"RECALL"},{"data":"hexamod:VolcanoVisage","floor":13.0,"key":"SMITH"},{"data":"AT_FamilyPortrait","floor":18.0,"key":"SMITH"},{"data":"hexamod:SearingWound","floor":27.0,"key":"SMITH"},{"data":"hexamod:TimeOfNeed","floor":35.0,"key":"SMITH"},{"data":"hexamod:ExtraCrispy","floor":55,"key":"SMITH"}],"circlet_count":0,"master_deck":["hexamod:Defend","hexamod:Defend","hexamod:Sear","AT_FamilyPortrait+1","expansioncontent:YouAreMine","MostiFishMod:SephirahHod+1","hexamod:HeatMetal","hexamod:HeatShield+1","hexamod:VolcanoVisage+1","hexamod:ExtraCrispy+1","expansioncontent:StudyTheSpire+1","hexamod:PhantomFireball","hexamod:TimeOfNeed+1","hexamod:SearingWound+1","hexamod:Incineration","hexamod:RainOfEmbers","hexamod:SoulSteal+1","hexamod:ExtraCrispy+1"],"relics":["hexamod:SpiritBrand","testmod-TestBox","DaveBox","REME_ComplimentaryCards","AT_ATBox","MostiFishMod:Hod","testmod-BlackFramedGlasses","AT_ArcaneBoots","downfall:HeartBlessingGreen","downfall:HeartBlessingBlue","downfall:HeartBlessingRed","AT_TrinityForce","hubris:BottledRain","testmod-Acrobat","Technique","AT_Kusabimaru","SlaversCollar","Cursed Key","Gremlin Horn","Chemical X","Sundial","hubris:Towel","AT_ImmortalShieldbow"],"acts_visited":["Exordium","TheCity","TheBeyond","TheEnding"],"potions_floor_usage":[56],"damage_taken":[{"damage":0.0,"enemies":"Jaw Worm","floor":2.0,"turns":3.0},{"damage":0.0,"enemies":"Small Slimes","floor":4.0,"turns":2.0},{"damage":0.0,"enemies":"Cultist","floor":5.0,"turns":3.0},{"damage":7.0,"enemies":"Exordium Thugs","floor":6.0,"turns":2.0},{"damage":13.0,"enemies":"Gremlin Nob","floor":8.0,"turns":3.0},{"damage":0.0,"enemies":"2 Fungi Beasts","floor":9.0,"turns":2.0},{"damage":0.0,"enemies":"Exordium Wildlife","floor":11.0,"turns":3.0},{"damage":10.0,"enemies":"Exordium Thugs","floor":15.0,"turns":2.0},{"damage":4.0,"enemies":"IC_STATUS_ARCHETYPE","floor":16.0,"turns":6.0},{"damage":0.0,"enemies":"3 Byrds","floor":19.0,"turns":2.0},{"damage":0.0,"enemies":"Shell Parasite","floor":20.0,"turns":1.0},{"damage":1.0,"enemies":"Cultist and Chosen","floor":21.0,"turns":3.0},{"damage":13.0,"enemies":"Gremlin Leader","floor":23.0,"turns":4.0},{"damage":0.0,"enemies":"downfall:FleeingMerchant","floor":25.0,"turns":1.0},{"damage":0.0,"enemies":"downfall:FleeingMerchant","floor":26.0,"turns":4.0},{"damage":0.0,"enemies":"downfall:FleeingMerchant","floor":28.0,"turns":3.0},{"damage":4.0,"enemies":"3 Cultists","floor":29.0,"turns":4.0},{"damage":0.0,"enemies":"Sentry and Sphere","floor":32.0,"turns":3.0},{"damage":20.0,"enemies":"SI_MIRROR_ARCHETYPE","floor":33.0,"turns":4.0},{"damage":0.0,"enemies":"3 Shapes","floor":36.0,"turns":2.0},{"damage":7.0,"enemies":"Orb Walker","floor":37.0,"turns":2.0},{"damage":16.0,"enemies":"Spire Growth","floor":39.0,"turns":3.0},{"damage":48.0,"enemies":"Jaw Worm Horde","floor":40.0,"turns":4.0},{"damage":0.0,"enemies":"Jaw Worm Horde","floor":43.0,"turns":2.0},{"damage":0,"enemies":"Maw","floor":44,"turns":3},{"damage":2,"enemies":"3 Darklings","floor":46,"turns":2},{"damage":0,"enemies":"Jaw Worm Horde","floor":49,"turns":1},{"damage":6,"enemies":"WA_ARCHETYPE_DIVINITY","floor":50,"turns":3},{"damage":0,"enemies":"downfall:CharBossMerchant","floor":53,"turns":2},{"damage":6,"enemies":"downfall:NeowBoss","floor":56,"turns":10},{"damage":22,"enemies":"downfall:NeowBossFinal","floor":57,"turns":6}],"seed_played":"5076575209293460876","potions_obtained":[{"floor":4.0,"key":"Energy Potion"},{"floor":6.0,"key":"LiquidMemories"},{"floor":8.0,"key":"AttackPotion"},{"floor":16.0,"key":"FearPotion"},{"floor":39.0,"key":"GamblersBrew"},{"floor":40.0,"key":"Swift Potion"}],"is_trial":false,"path_per_floor":["R","M","?","M","M","M","T","E","M","R","M","?","R","?","M","B",null,"R","M","M","M","?","E","T","$","$","R","$","M","$","?","M","B",null,"R","M","M","?","M","M","T","$","?","M","?","M","?","?","M","B",null,null,"E","$","R","B","B",null],"character_chosen":"THE_SPIRIT","items_purchased":["expansioncontent:StudyTheSpire","hexamod:PhantomFireball","hexamod:HeatShield","hexamod:TimeOfNeed","Technique","AT_Kusabimaru","hexamod:Incineration","Chemical X","Sundial"],"campfire_rested":0,"item_purchase_floors":[25,25,25,25,25,28,28,42,42],"current_hp_per_floor":[70,70,75,75,75,69,69,59,61,71,74,74,74,74,66,68,85,85,85,85,85,85,75,75,76,80,80,83,82,82,82,85,69,85,85,85,79,84,71,27,27,27,29,32,32,32,32,32,33,30,30,87,87,87,87,87,69],"gold":152,"neow_bonus":"HUNDRED_GOLD","is_daily":false,"chose_seed":false,"campfire_upgraded":6,"win_rate":0.0,"timestamp":1611023107,"path_taken":["R","M","?","M","M","M","T","E","M","R","M","?","R","?","M","BOSS","R","M","M","M","?","E","T","?","$","R","$","M","$","?","M","BOSS","R","M","M","?","M","M","T","$","?","?","?","M","?","?","M","BOSS","E","$","R","BOSS","BOSS"],"items_purchased_type":["Card","Card","Card","Card","Relic","Relic","Card","Relic","Relic"],"build_version":"2020-12-22","purchased_purges":23,"victory":true,"max_hp_per_floor":[70,70,75,75,75,75,75,75,75,85,85,85,85,85,85,85,85,85,85,85,85,85,85,85,85,85,85,85,85,85,85,85,85,85,85,85,85,90,90,90,90,87,87,87,87,87,87,87,87,87,87,87,87,87,87,87,87],"card_choices":[{"not_picked":["hexamod:ShieldOfDarkness","hexamod:GhostLash"],"picked":"hexamod:SpectersWail","floor":2.0},{"not_picked":["hexamod:GhostLash","hexamod:NightmareStrike","hexamod:PhantomCloak"],"picked":"SKIP","floor":4.0},{"not_picked":["hexamod:SpectralAdrenaline","hexamod:EmpoweredFlame"],"picked":"hexamod:HeatMetal","floor":5.0},{"not_picked":["hexamod:SwordOfDarkness","hexamod:FastForward"],"picked":"hexamod:SpectersWail","floor":6.0},{"not_picked":["hexamod:RadiantFlame","hexamod:SwordOfDarkness"],"picked":"hexamod:HeatShield","floor":8.0},{"not_picked":["hexamod:AdvancingGuard","hexamod:Firestarter","hexamod:FlameSwitch"],"picked":"SKIP","floor":9.0},{"not_picked":["hexamod:BacktrackSmack","hexamod:GhostOfSpirePast","hexamod:ShieldOfDarkness"],"picked":"SKIP","floor":11.0},{"not_picked":["hexamod:FastForward","hexamod:ThermalTransfer","hexamod:NightmareGuise"],"picked":"SKIP","floor":15.0},{"not_picked":["hexamod:FifthSeal","hexamod:FlameSwitch"],"picked":"hexamod:SixthSeal","floor":16.0},{"not_picked":["hexamod:Hexaguard","hexamod:HeatMetal","hexamod:BacktrackSmack"],"picked":"SKIP","floor":19.0},{"not_picked":["hexamod:SpectralAdrenaline","hexamod:ChargedBarrage+1","hexamod:GhostShield"],"picked":"SKIP","floor":20.0},{"not_picked":["hexamod:GhostOfSpireFuture+1","hexamod:ShieldOfDarkness","hexamod:EmpoweredFlame"],"picked":"SKIP","floor":21.0},{"not_picked":["hexamod:Hexaguard","hexamod:GhostOfSpireFuture","hexamod:GhostLash+1"],"picked":"SKIP","floor":23.0},{"not_picked":["hexamod:AdvancingGuard","hexamod:ShieldOfDarkness"],"picked":"hexamod:ExtraCrispy","floor":25.0},{"not_picked":["hexamod:SpectersWail","hexamod:InspiringFlames"],"picked":"hexamod:SearingWound","floor":26.0},{"not_picked":["hexamod:BacktrackSmack","hexamod:ShieldOfDarkness+1","hexamod:FastForward"],"picked":"SKIP","floor":29.0},{"not_picked":["hexamod:PhantomFireball","hexamod:BurningTouch"],"picked":"hexamod:RainOfEmbers","floor":32.0},{"not_picked":["hexamod:InspiringFlames","hexamod:AdvancingGuard+1","hexamod:GhostOfSpireFuture"],"picked":"SKIP","floor":36.0},{"not_picked":["hexamod:SpectralAdrenaline","hexamod:HeatMetal","hexamod:SwordOfDarkness+1"],"picked":"SKIP","floor":37.0},{"not_picked":["hexamod:FastForward","hexamod:SpectersWail+1","hexamod:HeatMetal"],"picked":"SKIP","floor":39.0},{"not_picked":["hexamod:EmpoweredFlame+1","hexamod:Again+1","hexamod:GhostLash+1"],"picked":"SKIP","floor":40.0},{"not_picked":["hexamod:InspiringFlames+1","hexamod:Again+1","hexamod:BacktrackSmack"],"picked":"SKIP","floor":44},{"not_picked":["hexamod:Again+1","hexamod:SpectersWail+1"],"picked":"hexamod:SoulSteal+1","floor":46},{"not_picked":["hexamod:Firestarter","hexamod:NightmareGuise","hexamod:ShieldOfDarkness+1"],"picked":"SKIP","floor":49},{"not_picked":["hexamod:SwordOfDarkness","hexamod:RadiantFlame+1","hexamod:FirstSeal"],"picked":"SKIP","floor":53}],"player_experience":1095101,"relics_obtained":[{"floor":8.0,"key":"AT_SpeedBoots"},{"floor":23.0,"key":"hubris:BottledRain"},{"floor":24.0,"key":"testmod-Acrobat"},{"floor":41.0,"key":"Gremlin Horn"},{"floor":53,"key":"AT_ImmortalShieldbow"}],"event_choices":[{"damage_healed":0.0,"max_hp_gain":5.0,"max_hp_loss":0.0,"gold_gain":0.0,"event_name":"Big Fish","player_choice":"Donut","floor":3.0,"gold_loss":0.0,"damage_taken":0.0}],"is_beta":false,"boss_relics":[{"not_picked":["aspiration:RunicSpoon","JellyFishMachine"],"picked":"AT_TrinityForce"},{"not_picked":["AT_MortalBlade","aspiration:PoetsPen_weak"],"picked":"SlaversCollar"}],"items_purged_floors":[25,25,25,25,25,25,25,25,25,25,25,25,28,28,42,42,42,42,42,42,42,42,42],"is_endless":false,"potions_floor_spawned":[4,6,8,16,21,32,39,40,46,49,53],"ascension_level":0}}