{"host":"swphzoo6hmc78epl","time":1611034964,"event":{"mods":["BaseMod","Highlight Path","Minty Spire (QoL Compilation)","Quick Restart"],"gold_per_floor":[110,125,24,324,324,324,349,349,349,349,9,24,41,51,51,156,156,167,187,36,54,54,54,89,99,170,269,269,269,47,61,61,61,61],"floor_reached":33,"language":"ENG","playtime":1464,"items_purged":["Strike_B","Strike_B","Shame"],"score":305,"play_id":"c08d9f19-2b68-4686-9672-e355110edd25","local_time":"20210119004244","is_ascension_mode":true,"campfire_choices":[{"data":"Streamline","floor":6,"key":"SMITH"},{"data":"Zap","floor":10,"key":"SMITH"},{"data":"Streamline","floor":15,"key":"SMITH"},{"data":"Creative AI","floor":23,"key":"SMITH"},{"floor":29,"key":"RECALL"},{"data":"Beam Cell","floor":32,"key":"SMITH"}],"circlet_count":0,"master_deck":["Defend_B","Defend_B","Defend_B","Zap+1","Dualcast","Defragment","Melter","Gash","Gash","Hello World","Sweeping Beam","Cold Snap","Streamline+1","Creative AI+1","Amplify+1","Meteor Strike+1","Gash+1","Hologram+1","Beam Cell+1","Compile Driver+1","Chill","Swift Strike","Double Energy+1"],"relics":["Cracked Core","NeowsBlessing","Old Coin","Nunchaku","Centennial Puzzle","Bronze Scales","Astrolabe","Vajra","Eternal Feather","Pantograph","Shuriken"],"acts_visited":["Exordium","TheCity"],"potions_floor_usage":[16,24,24,27],"damage_taken":[{"damage":0,"enemies":"Jaw Worm","floor":1,"turns":1},{"damage":0,"enemies":"2 Louse","floor":2,"turns":1},{"damage":0,"enemies":"3 Sentries","floor":7,"turns":2},{"damage":0,"enemies":"Small Slimes","floor":12,"turns":3},{"damage":10,"enemies":"Looter","floor":13,"turns":3},{"damage":0,"enemies":"Blue Slaver","floor":14,"turns":3},{"damage":28,"enemies":"Hexaghost","floor":16,"turns":7},{"damage":8,"enemies":"3 Byrds","floor":18,"turns":3},{"damage":0,"enemies":"Spheric Guardian","floor":19,"turns":2},{"damage":26,"enemies":"Shelled Parasite and Fungi","floor":21,"turns":3},{"damage":20,"enemies":"Slavers","floor":24,"turns":2},{"damage":19,"enemies":"Centurion and Healer","floor":25,"turns":6},{"damage":15,"enemies":"Snecko","floor":31,"turns":3},{"damage":51,"enemies":"Automaton","floor":33,"turns":6}],"seed_played":"1773148944567113917","potions_obtained":[{"floor":1,"key":"FocusPotion"},{"floor":7,"key":"CultistPotion"},{"floor":13,"key":"Swift Potion"},{"floor":16,"key":"SpeedPotion"},{"floor":18,"key":"Block Potion"},{"floor":21,"key":"PowerPotion"},{"floor":25,"key":"Fruit Juice"},{"floor":31,"key":"Ancient Potion"}],"is_trial":false,"path_per_floor":["M","M","$","?","?","R","E","?","T","R","$","M","M","M","R","B",null,"M","M","$","M","?","R","E","M","T","?","?","R","$","M","R","B"],"character_chosen":"DEFECT","items_purchased":["Streamline","Gash","Bronze Scales","Hello World","Vajra","Swift Strike"],"campfire_rested":0,"item_purchase_floors":[3,11,11,11,20,30],"current_hp_per_floor":[75,75,75,75,75,75,75,75,75,75,75,75,65,65,65,37,75,67,67,67,41,41,53,33,14,14,19,11,23,23,8,20,0,0],"gold":61,"neow_bonus":"THREE_ENEMY_KILL","is_daily":false,"chose_seed":false,"campfire_upgraded":5,"win_rate":0.0,"timestamp":1611034964,"path_taken":["M","M","$","?","?","R","E","?","T","R","$","M","?","M","R","BOSS","M","?","$","M","?","R","E","M","T","?","?","R","$","M","R","BOSS"],"items_purchased_type":["Card","Card","Relic","Card","Relic","Card"],"build_version":"2020-12-22","purchased_purges":3,"victory":false,"max_hp_per_floor":[75,75,75,75,75,75,75,75,75,75,75,75,75,75,75,75,75,75,75,75,75,75,75,75,75,75,80,80,80,80,80,80,80,80],"card_choices":[{"not_picked":["Coolheaded","Leap"],"picked":"Defragment","floor":1},{"not_picked":["Heatsinks","Go for the Eyes"],"picked":"Melter","floor":2},{"not_picked":["Hologram","Thunder Strike"],"picked":"Gash","floor":7},{"not_picked":["Cold Snap","Beam Cell"],"picked":"Sweeping Beam","floor":12},{"not_picked":["Leap","Sweeping Beam"],"picked":"Cold Snap","floor":13},{"not_picked":["Turbo","Fusion"],"picked":"Streamline","floor":14},{"not_picked":["Machine Learning","Multi-Cast"],"picked":"Creative AI","floor":16},{"not_picked":["Conserve Battery","Fusion","Barrage"],"picked":"SKIP","floor":18},{"not_picked":["Beam Cell","Streamline"],"picked":"Hologram+1","floor":19},{"not_picked":["Auto Shields+1","Skim"],"picked":"Beam Cell","floor":21},{"not_picked":["Auto Shields","Recycle"],"picked":"Compile Driver+1","floor":24},{"not_picked":["Steam Power+1","Cold Snap"],"picked":"Chill","floor":25},{"not_picked":["Genetic Algorithm","Chaos"],"picked":"Double Energy+1","floor":31}],"player_experience":774284,"relics_obtained":[{"floor":7,"key":"Nunchaku"},{"floor":9,"key":"Centennial Puzzle"},{"floor":24,"key":"Pantograph"},{"floor":26,"key":"Shuriken"}],"event_choices":[{"damage_healed":0,"gold_gain":0,"player_choice":"Box","damage_taken":0,"relics_obtained":["Old Coin"],"max_hp_gain":0,"max_hp_loss":0,"event_name":"Big Fish","floor":4,"gold_loss":0,"cards_obtained":["Regret"]},{"cards_removed":["Regret"],"damage_healed":0,"gold_gain":0,"player_choice":"Forget","damage_taken":0,"max_hp_gain":0,"max_hp_loss":0,"event_name":"Living Wall","floor":5,"gold_loss":0},{"cards_removed":["Streamline"],"damage_healed":5,"gold_gain":0,"player_choice":"Offered Common","damage_taken":0,"max_hp_gain":0,"max_hp_loss":0,"event_name":"Bonfire Elementals","floor":8,"gold_loss":0},{"cards_removed":["Streamline"],"damage_healed":5,"gold_gain":0,"player_choice":"Offered Special","damage_taken":0,"max_hp_gain":0,"max_hp_loss":0,"event_name":"Bonfire Elementals","floor":8,"gold_loss":0},{"damage_healed":0,"gold_gain":0,"player_choice":"Stole Relic","damage_taken":0,"relics_obtained":["Eternal Feather"],"max_hp_gain":0,"max_hp_loss":0,"event_name":"Addict","floor":22,"gold_loss":0,"cards_obtained":["Shame"]},{"damage_healed":0,"gold_gain":99,"player_choice":"Stole From Cult","damage_taken":0,"max_hp_gain":0,"max_hp_loss":0,"event_name":"Nest","floor":27,"gold_loss":0},{"damage_healed":0,"gold_gain":0,"player_choice":"Damaged","damage_taken":8,"max_hp_gain":0,"max_hp_loss":0,"event_name":"Wheel of Change","floor":28,"gold_loss":0}],"is_beta":false,"boss_relics":[{"not_picked":["Cursed Key","Ectoplasm"],"picked":"Astrolabe"}],"items_purged_floors":[3,11,30],"is_endless":false,"potions_floor_spawned":[1,7,13,16,18,21,25,31],"killed_by":"Automaton","ascension_level":1}}