{"host":"2t0ddmgeopc3yqug","time":1611026965,"event":{"mods":["AchievementEnabler","BaseMod","BetterRewards","Colored Map","Colored Powertips","Hermit","Marisa£¨Ùöéë¡¡Øª×âÞÞ£©","Minty Spire (QoL Compilation)","Rare Cards Sparkle","Shop Mod","StSLib","SuperFastMode","The Cursed","The Poker Player","everything is the same but u backflip on backflip"],"gold_per_floor":[114,114,125,89,108,108,136,155,155,155,155,18,51,70,70,168,168,184,201,122,122,221,248,248,248,275,26,26,60,60,60,60,161,161,180,197,215,46,64,64,96,96,146,146,146,161,161,161],"floor_reached":47,"language":"KOR","playtime":2804,"items_purged":["hermit:Defend_Hermit","hermit:Defend_Hermit"],"score":524,"play_id":"10166f96-65e0-4417-9758-924ce47b668b","local_time":"20210119122925","is_ascension_mode":true,"campfire_choices":[{"floor":6.0,"key":"REST"},{"floor":11.0,"key":"REST"},{"floor":15.0,"key":"REST"},{"floor":25.0,"key":"REST"},{"floor":28.0,"key":"REST"},{"floor":30.0,"key":"REST"},{"data":"hermit:BigShot","floor":32.0,"key":"SMITH"},{"floor":40.0,"key":"REST"},{"floor":42.0,"key":"REST"},{"data":"hermit:OverwhelmingPower","floor":44.0,"key":"SMITH"}],"circlet_count":0,"master_deck":["hermit:Strike_Hermit+1","hermit:Strike_Hermit","hermit:Strike_Hermit","hermit:Defend_Hermit+1","hermit:Snapshot","hermit:Covet","hermit:Brawl","hermit:Feint+1","hermit:GoldenBullet","hermit:TakeAim","hermit:Spite+1","hermit:Headshot","Regret","hermit:BigShot+1","hermit:Grudge","hermit:Reprieve","hermit:Headshot","hermit:Headshot+1","hermit:TakeAim","hermit:FinalCanter","hermit:Combo+1","hermit:EyeOfTheStorm+1","hermit:Deadeye+1","hermit:Gestalt","hermit:FatalDesire","hermit:TrackingShot+1","hermit:Quickdraw","Mayhem","Parasite","hermit:OverwhelmingPower+1","hermit:Snipe","Wraith"],"relics":["hermit:Momento","TungstenRod","Torii","Oddly Smooth Stone","Whetstone","InkBottle","Vajra","Velvet Choker","Shuriken","Dream Catcher","Eternal Feather","War Paint","Busted Crown","Gambling Chip","Bag of Marbles"],"acts_visited":["Exordium","TheCity","TheBeyond"],"potions_floor_usage":[46,47],"damage_taken":[{"damage":0.0,"enemies":"Jaw Worm","floor":1.0,"turns":3.0},{"damage":0.0,"enemies":"Small Slimes","floor":3.0,"turns":3.0},{"damage":0.0,"enemies":"2 Louse","floor":5.0,"turns":2.0},{"damage":9.0,"enemies":"Gremlin Nob","floor":7.0,"turns":4.0},{"damage":5.0,"enemies":"Blue Slaver","floor":8.0,"turns":2.0},{"damage":12.0,"enemies":"Lagavulin","floor":13.0,"turns":4.0},{"damage":6.0,"enemies":"Red Slaver","floor":14.0,"turns":2.0},{"damage":46.0,"enemies":"Hexaghost","floor":16.0,"turns":8.0},{"damage":0.0,"enemies":"Chosen","floor":18.0,"turns":2.0},{"damage":18.0,"enemies":"2 Thieves","floor":19.0,"turns":3.0},{"damage":24.0,"enemies":"Gremlin Leader","floor":23.0,"turns":7.0},{"damage":50.0,"enemies":"Book of Stabbing","floor":29.0,"turns":5.0},{"damage":53.0,"enemies":"Collector","floor":33.0,"turns":9.0},{"damage":0.0,"enemies":"Orb Walker","floor":35.0,"turns":3.0},{"damage":24.0,"enemies":"3 Shapes","floor":36.0,"turns":4.0},{"damage":14.0,"enemies":"Jaw Worm Horde","floor":37.0,"turns":4.0},{"damage":6.0,"enemies":"Writhing Mass","floor":39.0,"turns":5.0},{"damage":45.0,"enemies":"Reptomancer","floor":41.0,"turns":6.0},{"damage":41,"enemies":"Maw","floor":46,"turns":6},{"damage":44,"enemies":"Nemesis","floor":47,"turns":2}],"seed_played":"7833901306840661709","potions_obtained":[{"floor":1.0,"key":"Weak Potion"},{"floor":5.0,"key":"Weak Potion"},{"floor":14.0,"key":"Swift Potion"},{"floor":16.0,"key":"Fire Potion"},{"floor":18.0,"key":"DistilledChaos"},{"floor":23.0,"key":"AttackPotion"},{"floor":29.0,"key":"SpeedPotion"},{"floor":36.0,"key":"hermit:BlackBile"},{"floor":37.0,"key":"Block Potion"},{"floor":46,"key":"SneckoOil"}],"is_trial":false,"path_per_floor":["M","?","M","?","M","R","E","M","T","?","R","$","E","M","R","B",null,"M","M","$","?","?","E","?","R","T","$","R","E","R","?","R","B",null,"M","M","M","$","M","R","E","R","T","R","?","M","E"],"character_chosen":"HERMIT","items_purchased":["Torii","hermit:Brawl","hermit:Feint","hermit:GoldenBullet","hermit:BigShot","hermit:TakeAim","Eternal Feather","Mayhem"],"campfire_rested":8,"item_purchase_floors":[0,0,0,0,12,20,27,38],"current_hp_per_floor":[51,45,45,45,45,67,58,53,53,53,75,75,63,57,75,29,75,75,57,57,57,57,33,33,55,55,55,75,25,59,59,71,18,75,75,51,41,41,35,72,27,67,67,75,75,34,0,0],"gold":161,"neow_bonus":"","is_daily":false,"chose_seed":false,"campfire_upgraded":2,"win_rate":0.0,"timestamp":1611026965,"path_taken":["M","?","M","?","M","R","E","M","T","?","R","?","E","M","R","BOSS","M","M","$","?","?","E","?","R","T","?","R","E","R","?","R","BOSS","M","M","M","$","?","R","E","R","T","R","?","M","E"],"items_purchased_type":["Relic","Card","Card","Card","Card","Card","Relic","Card"],"build_version":"2020-12-22","purchased_purges":2,"victory":false,"max_hp_per_floor":[75,75,75,75,75,75,75,75,75,75,75,75,75,75,75,75,75,75,75,75,75,75,75,75,75,75,75,75,75,75,75,75,75,75,75,75,75,75,75,75,75,75,75,75,75,75,75,75],"card_choices":[{"not_picked":["hermit:ItchyTrigger","hermit:Ricochet"],"picked":"hermit:TakeAim","floor":1.0},{"not_picked":["hermit:HoleUp","hermit:Desperado","hermit:Roulette"],"picked":"SKIP","floor":3.0},{"not_picked":["hermit:FullyLoaded","hermit:HighCaliber"],"picked":"hermit:Spite","floor":5.0},{"not_picked":["hermit:Glare","hermit:Misfire","hermit:Manifest"],"picked":"SKIP","floor":7.0},{"not_picked":["hermit:LuckOfTheDraw","hermit:HoleUp"],"picked":"hermit:Headshot","floor":8.0},{"not_picked":["hermit:Ricochet","hermit:NoHoldsBarred","hermit:RoundhouseKick"],"picked":"SKIP","floor":13.0},{"not_picked":["hermit:CalledShot","hermit:Coalescence"],"picked":"hermit:Grudge","floor":14.0},{"not_picked":["hermit:OverwhelmingPower","hermit:RoundhouseKick"],"picked":"hermit:Reprieve","floor":16.0},{"not_picked":["hermit:LoneWolf+1","hermit:Maintenance+1"],"picked":"hermit:Headshot","floor":18.0},{"not_picked":["hermit:Glare+1","hermit:BodyArmor"],"picked":"hermit:Headshot+1","floor":19.0},{"not_picked":["hermit:CursedWeapon","hermit:FlashPowder+1"],"picked":"hermit:FinalCanter","floor":23.0},{"not_picked":["hermit:TakeAim","hermit:HighCaliber"],"picked":"hermit:Combo+1","floor":28.0},{"not_picked":["hermit:WideOpen+1","hermit:Roulette"],"picked":"hermit:EyeOfTheStorm+1","floor":29.0},{"not_picked":["hermit:TakeAim","hermit:Headshot"],"picked":"hermit:Deadeye+1","floor":30.0},{"not_picked":["hermit:OverwhelmingPower","hermit:BlackWind"],"picked":"hermit:FatalDesire","floor":33.0},{"not_picked":["hermit:ItchyTrigger"],"picked":"SKIP","floor":35.0},{"not_picked":[],"picked":"hermit:TrackingShot+1","floor":36.0},{"not_picked":[],"picked":"hermit:Quickdraw","floor":37.0},{"not_picked":["hermit:WideOpen+1"],"picked":"SKIP","floor":39.0},{"not_picked":[],"picked":"hermit:OverwhelmingPower","floor":41.0},{"not_picked":[],"picked":"hermit:Snipe","floor":42.0},{"not_picked":["hermit:BigShot"],"picked":"SKIP","floor":46}],"player_experience":93196,"relics_obtained":[{"floor":7.0,"key":"Oddly Smooth Stone"},{"floor":9.0,"key":"Whetstone"},{"floor":13.0,"key":"Vajra"},{"floor":23.0,"key":"Shuriken"},{"floor":26.0,"key":"Dream Catcher"},{"floor":29.0,"key":"War Paint"},{"floor":41.0,"key":"Gambling Chip"},{"floor":43.0,"key":"Bag of Marbles"}],"event_choices":[{"cards_removed":["hermit:Defend_Hermit"],"damage_healed":0.0,"max_hp_gain":0.0,"max_hp_loss":0.0,"gold_gain":0.0,"event_name":"Golden Wing","player_choice":"Card Removal","floor":2.0,"gold_loss":0.0,"damage_taken":7.0},{"damage_healed":0.0,"max_hp_gain":0.0,"max_hp_loss":0.0,"gold_gain":0.0,"event_name":"World of Goop","player_choice":"Left Gold","floor":4.0,"gold_loss":36.0,"damage_taken":0.0},{"damage_healed":0.0,"max_hp_gain":0.0,"max_hp_loss":0.0,"gold_gain":0.0,"event_name":"Big Fish","player_choice":"Box","floor":10.0,"gold_loss":0.0,"damage_taken":0.0,"relics_obtained":["InkBottle"],"cards_obtained":["Regret"]},{"damage_healed":0.0,"max_hp_gain":0.0,"max_hp_loss":0.0,"gold_gain":0.0,"event_name":"Vampires","player_choice":"Ignored","floor":21.0,"gold_loss":0.0,"damage_taken":0.0},{"damage_healed":0.0,"max_hp_gain":0.0,"max_hp_loss":0.0,"gold_gain":99.0,"event_name":"Nest","player_choice":"Stole From Cult","floor":22.0,"gold_loss":0.0,"damage_taken":0.0},{"damage_healed":0.0,"max_hp_gain":0.0,"max_hp_loss":0.0,"gold_gain":0.0,"event_name":"Ghosts","player_choice":"Ignored","floor":24.0,"gold_loss":0.0,"damage_taken":0.0},{"damage_healed":0.0,"max_hp_gain":0.0,"max_hp_loss":0.0,"gold_gain":0.0,"cards_transformed":["hermit:Strike_Hermit"],"event_name":"Transmorgrifier","player_choice":"Transformed","floor":31.0,"gold_loss":0.0,"damage_taken":0.0,"cards_obtained":["hermit:Gestalt"]},{"damage_healed":0.0,"max_hp_gain":0.0,"max_hp_loss":0.0,"gold_gain":0.0,"event_name":"OrinTheCat","player_choice":"Ignored","floor":45.0,"gold_loss":0.0,"damage_taken":0.0}],"is_beta":false,"boss_relics":[{"not_picked":["Astrolabe","Sozu"],"picked":"Velvet Choker"},{"not_picked":["Empty Cage","hermit:BartenderGlass"],"picked":"Busted Crown"}],"items_purged_floors":[0,12],"is_endless":false,"potions_floor_spawned":[1,5,14,16,18,23,29,36,37,46],"killed_by":"Nemesis","ascension_level":1}}