{"host":"r6jigiblrojhp6xe","time":1611095169,"event":{"mods":["AchievementEnabler","BaseMod","DeckTracker","Hermit","Minty Spire (QoL Compilation)","Quick Restart","Rare Cards Sparkle","Relic Stats","StSLib","SuperFastMode","The Cursed","The Hierophant","everything is the same but u backflip on backflip"],"gold_per_floor":[117,137,151,76,76,108,119,145,168,179,207,220,251,251,251,346,346,358,377,71,84,84,115,115,214,263,65,65,82,107,119,131,143,143],"floor_reached":33,"language":"KOR","playtime":1148,"items_purged":["hermit:Strike_Hermit","hermit:Strike_Hermit"],"score":380,"play_id":"7abae414-1bc3-4f77-990c-013fc4a06ce9","local_time":"20210120072609","is_ascension_mode":false,"campfire_choices":[{"data":"hermit:Snipe","floor":15.0,"key":"SMITH"},{"data":"hermit:BlackWind","floor":24.0,"key":"SMITH"},{"data":"hermit:Headshot","floor":28.0,"key":"SMITH"},{"data":"hermit:PistolWhip","floor":32,"key":"SMITH"}],"circlet_count":0,"master_deck":["hermit:Defend_Hermit","hermit:Defend_Hermit","hermit:Defend_Hermit+1","hermit:Snapshot","hermit:Covet+1","hermit:Deadeye","hermit:Headshot+1","hermit:Grudge","hermit:SprayPray","hermit:Deadeye","hermit:BlackWind+1","hermit:Snipe+1","hermit:Magnum","hermit:LowProfile","TheCursedMod:Dregs","hermit:PistolWhip+1","hermit:Determination"],"relics":["Black Star","Dream Catcher","Art of War","PreservedInsect","War Paint","Bag of Preparation","Odd Mushroom","Regal Pillow","Pen Nib","Cursed Key","Incense Burner","Akabeko","Blue Candle","Pocketwatch","Boot","Membership Card","Shovel","MawBank"],"acts_visited":["Exordium","TheCity"],"potions_floor_usage":[30],"damage_taken":[{"damage":10.0,"enemies":"Small Slimes","floor":1.0,"turns":5.0},{"damage":1.0,"enemies":"Cultist","floor":2.0,"turns":3.0},{"damage":0.0,"enemies":"2 Louse","floor":3.0,"turns":2.0},{"damage":16.0,"enemies":"3 Sentries","floor":6.0,"turns":7.0},{"damage":7.0,"enemies":"Blue Slaver","floor":7.0,"turns":2.0},{"damage":8.0,"enemies":"Lagavulin","floor":8.0,"turns":5.0},{"damage":5.0,"enemies":"Looter","floor":10.0,"turns":2.0},{"damage":13.0,"enemies":"The Mushroom Lair","floor":11.0,"turns":3.0},{"damage":5.0,"enemies":"Lots of Slimes","floor":12.0,"turns":3.0},{"damage":10.0,"enemies":"3 Sentries","floor":13.0,"turns":5.0},{"damage":0.0,"enemies":"Hexaghost","floor":16.0,"turns":4.0},{"damage":0.0,"enemies":"Spheric Guardian","floor":18.0,"turns":1.0},{"damage":2.0,"enemies":"Chosen","floor":19.0,"turns":4.0},{"damage":17.0,"enemies":"Snake Plant","floor":21.0,"turns":3.0},{"damage":17.0,"enemies":"Book of Stabbing","floor":23.0,"turns":3.0},{"damage":6.0,"enemies":"Shelled Parasite and Fungi","floor":29.0,"turns":2.0},{"damage":0,"enemies":"Gremlin Leader","floor":30,"turns":1},{"damage":64,"enemies":"Automaton","floor":33,"turns":6}],"seed_played":"-1876673688215490886","potions_obtained":[{"floor":1.0,"key":"Fruit Juice"},{"floor":2.0,"key":"Ancient Potion"},{"floor":7.0,"key":"SteroidPotion"},{"floor":10.0,"key":"SteroidPotion"},{"floor":11.0,"key":"hermit:BlackBile"},{"floor":16.0,"key":"DistilledChaos"},{"floor":29.0,"key":"Swift Potion"}],"is_trial":false,"path_per_floor":["M","M","M","$","?","E","M","E","T","M","?","M","E","?","R","B",null,"M","M","$","M","?","E","R","?","T","$","R","M","E","?","R","B"],"character_chosen":"HERMIT","items_purchased":["Incense Burner","Membership Card"],"campfire_rested":0,"item_purchase_floors":[20,27],"current_hp_per_floor":[65,64,64,64,64,48,46,38,38,33,20,15,5,5,5,5,80,80,78,78,61,61,44,44,44,44,44,44,38,38,38,38,0,0],"gold":143,"neow_bonus":"BOSS_RELIC","is_daily":false,"chose_seed":false,"campfire_upgraded":4,"win_rate":0.0,"timestamp":1611095169,"path_taken":["M","M","M","$","?","E","M","E","T","M","?","M","E","?","R","BOSS","M","M","?","?","?","E","R","?","T","$","R","M","E","?","R","BOSS"],"items_purchased_type":["Relic","Relic"],"build_version":"2020-12-22","purchased_purges":2,"victory":false,"max_hp_per_floor":[75,75,75,75,75,75,80,80,80,80,80,80,80,80,80,80,80,80,80,80,80,80,80,80,80,80,80,80,80,80,80,80,80,80],"relic_stats":{"Regal Pillow":0,"counters":[18,61],"Blue Candle":[0],"PreservedInsect":124,"Pen Nib":[5],"Bag of Preparation":[24],"War Paint":["hermit:Covet","hermit:Defend_Hermit"],"Cursed Key":1,"Boot":[5],"MawBank":36,"Dream Catcher":0,"Shovel":0,"Black Star":5,"Art of War":[1],"obtain_stats":[{"Regal Pillow":13,"Blue Candle":23,"PreservedInsect":8,"Pen Nib":13,"Bag of Preparation":9,"Incense Burner":20,"War Paint":8,"Odd Mushroom":11,"Cursed Key":17,"Boot":26,"MawBank":30,"Akabeko":22,"Dream Catcher":6,"Shovel":30,"Black Star":0,"Art of War":6,"Membership Card":27,"hermit:Momento":0,"Pocketwatch":23},{"Regal Pillow":10,"Blue Candle":15,"PreservedInsect":6,"Pen Nib":10,"Bag of Preparation":6,"Incense Burner":13,"War Paint":6,"Odd Mushroom":8,"Cursed Key":11,"Boot":15,"MawBank":17,"Akabeko":14,"Dream Catcher":4,"Shovel":17,"Black Star":0,"Art of War":4,"Membership Card":15,"hermit:Momento":0,"Pocketwatch":15},{"Regal Pillow":37,"Blue Candle":52,"PreservedInsect":24,"Pen Nib":37,"Bag of Preparation":24,"Incense Burner":46,"War Paint":24,"Odd Mushroom":29,"Cursed Key":41,"Boot":52,"MawBank":55,"Akabeko":49,"Dream Catcher":17,"Shovel":55,"Black Star":0,"Art of War":17,"Membership Card":52,"hermit:Momento":0,"Pocketwatch":52}],"Pocketwatch":[9]},"card_choices":[{"not_picked":["hermit:Ricochet","hermit:NoHoldsBarred"],"picked":"hermit:Deadeye","floor":1.0},{"not_picked":["hermit:Cheat","hermit:Showdown"],"picked":"hermit:Headshot","floor":2.0},{"not_picked":["hermit:Scavenge","hermit:Brawl","hermit:Horror"],"picked":"SKIP","floor":3.0},{"not_picked":["hermit:Dive","hermit:TrackingShot"],"picked":"hermit:SprayPray","floor":6.0},{"not_picked":["hermit:Roulette","hermit:SprayPray","hermit:FlashPowder"],"picked":"SKIP","floor":7.0},{"not_picked":["hermit:EternalForm","hermit:HighCaliber"],"picked":"hermit:Deadeye","floor":8.0},{"not_picked":["hermit:Headshot","hermit:Manifest","hermit:Dive"],"picked":"SKIP","floor":10.0},{"not_picked":["hermit:CursedWeapon","hermit:Horror"],"picked":"hermit:BlackWind","floor":11.0},{"not_picked":["hermit:Dive","hermit:HighCaliber","hermit:Gestalt"],"picked":"SKIP","floor":12.0},{"not_picked":["hermit:ShadowCloak","hermit:WideOpen"],"picked":"hermit:Snipe","floor":13.0},{"not_picked":["hermit:Purgatory","hermit:EternalForm"],"picked":"hermit:Magnum","floor":16.0},{"not_picked":["hermit:Headshot","hermit:LowProfile","hermit:TakeCover"],"picked":"SKIP","floor":18.0},{"not_picked":["hermit:Headshot","hermit:TakeCover"],"picked":"hermit:LowProfile","floor":18.0},{"not_picked":["hermit:Dive+1","hermit:LowProfile","hermit:TrackingShot"],"picked":"SKIP","floor":19.0},{"not_picked":["hermit:Desperado","hermit:Glare","hermit:GoldenBullet"],"picked":"SKIP","floor":21.0},{"not_picked":["hermit:BlackWind","hermit:FatalDesire","hermit:Brawl"],"picked":"SKIP","floor":23.0},{"not_picked":["hermit:ItchyTrigger","hermit:Roulette","hermit:Coalescence"],"picked":"SKIP","floor":29.0},{"not_picked":["hermit:ItchyTrigger","hermit:HighCaliber"],"picked":"hermit:PistolWhip","floor":30}],"player_experience":587351,"relics_obtained":[{"floor":6.0,"key":"Dream Catcher"},{"floor":6.0,"key":"Art of War"},{"floor":8.0,"key":"PreservedInsect"},{"floor":8.0,"key":"War Paint"},{"floor":9.0,"key":"Bag of Preparation"},{"floor":11.0,"key":"Odd Mushroom"},{"floor":13.0,"key":"Regal Pillow"},{"floor":13.0,"key":"Pen Nib"},{"floor":23.0,"key":"Blue Candle"},{"floor":23.0,"key":"Pocketwatch"},{"floor":26.0,"key":"Boot"},{"floor":30,"key":"Shovel"},{"floor":30,"key":"MawBank"}],"event_choices":[{"damage_healed":0.0,"max_hp_gain":0.0,"max_hp_loss":0.0,"gold_gain":0.0,"cards_transformed":["hermit:Defend_Hermit"],"event_name":"Living Wall","player_choice":"Change","floor":5.0,"gold_loss":0.0,"damage_taken":0.0,"cards_obtained":["hermit:Grudge"]},{"damage_healed":0.0,"max_hp_gain":0.0,"max_hp_loss":0.0,"gold_gain":0.0,"event_name":"Mushrooms","player_choice":"Fought Mushrooms","floor":11.0,"gold_loss":0.0,"damage_taken":0.0},{"cards_removed":["hermit:Strike_Hermit"],"damage_healed":0.0,"max_hp_gain":0.0,"max_hp_loss":0.0,"gold_gain":0.0,"event_name":"Purifier","player_choice":"Purged","floor":14.0,"gold_loss":0.0,"damage_taken":0.0},{"damage_healed":0.0,"max_hp_gain":0.0,"max_hp_loss":0.0,"gold_gain":0.0,"event_name":"The Mausoleum","player_choice":"Opened","floor":22.0,"gold_loss":0.0,"damage_taken":0.0,"relics_obtained":["Akabeko"]},{"damage_healed":0.0,"max_hp_gain":0.0,"max_hp_loss":0.0,"gold_gain":99.0,"event_name":"Nest","player_choice":"Stole From Cult","floor":25.0,"gold_loss":0.0,"damage_taken":0.0},{"damage_healed":0,"gold_gain":0,"cards_transformed":["hermit:Strike_Hermit"],"player_choice":"Transformed","damage_taken":0,"max_hp_gain":0,"max_hp_loss":0,"event_name":"Transmorgrifier","floor":31,"gold_loss":0,"cards_obtained":["hermit:Determination"]}],"is_beta":false,"boss_relics":[{"not_picked":["Coffee Dripper","Ectoplasm"],"picked":"Cursed Key"}],"items_purged_floors":[4,27],"is_endless":false,"potions_floor_spawned":[1,2,7,10,11,16,29],"killed_by":"Automaton","ascension_level":0}}