{"host":"vyjryxuuuxkt43k4","time":1611047689,"event":{"mods":["AchievementEnabler","BaseMod","Colored Map","DeckTracker","Keyboard Shortcuts","Minty Spire (QoL Compilation)","Permanent Neow","Quick Restart","Rare Cards Sparkle","StSLib","SuperFastMode","everything is the same but u backflip on backflip"],"gold_per_floor":[113,113,125,50,60,87,87,99,124,154,154,154,186,186,186,264,264,277,177,102,102],"floor_reached":20,"language":"KOR","playtime":715,"items_purged":["Doubt","Strike_R"],"score":306,"play_id":"1450e236-a900-4d7a-87fe-4e2ba7a7e996","local_time":"20210119181449","is_ascension_mode":true,"campfire_choices":[{"data":"Body Slam","floor":7.0,"key":"SMITH"},{"floor":12.0,"key":"REST"},{"floor":15.0,"key":"REST"}],"circlet_count":0,"master_deck":["AscendersBane","Strike_R","Strike_R","Strike_R","Defend_R","Defend_R","Defend_R","Defend_R","Bash","Pommel Strike","Wild Strike+1","Offering","Cleave","Body Slam+1","Barricade+1","Second Wind","Double Tap","Exhume"],"relics":["Burning Blood","Prayer Wheel","Akabeko","Lantern","Nunchaku","Mummified Hand","Cursed Key"],"acts_visited":["Exordium","TheCity"],"potions_floor_usage":[],"damage_taken":[{"damage":15.0,"enemies":"2 Louse","floor":1.0,"turns":3.0},{"damage":6.0,"enemies":"Cultist","floor":3.0,"turns":3.0},{"damage":7.0,"enemies":"Small Slimes","floor":5.0,"turns":3.0},{"damage":38.0,"enemies":"Gremlin Nob","floor":6.0,"turns":4.0},{"damage":13.0,"enemies":"Blue Slaver","floor":8.0,"turns":3.0},{"damage":28.0,"enemies":"Lagavulin","floor":13.0,"turns":8.0},{"damage":10.0,"enemies":"Slime Boss","floor":16.0,"turns":10.0},{"damage":23.0,"enemies":"Spheric Guardian","floor":18.0,"turns":4.0},{"damage":48,"enemies":"2 Thieves","floor":20,"turns":3}],"seed_played":"3239186714088937723","potions_obtained":[{"floor":1.0,"key":"SkillPotion"},{"floor":6.0,"key":"PowerPotion"},{"floor":13.0,"key":"SpeedPotion"}],"is_trial":false,"path_per_floor":["M","?","M","$","M","E","R","M","T","?","?","R","E","?","R","B",null,"M","$","M"],"character_chosen":"IRONCLAD","items_purchased":[],"campfire_rested":2,"item_purchase_floors":[],"current_hp_per_floor":[59,59,59,59,58,26,26,19,19,19,12,34,12,12,34,30,64,47,47,0,0],"gold":102,"neow_bonus":"ONE_RARE_RELIC","is_daily":false,"chose_seed":false,"campfire_upgraded":1,"win_rate":0.0,"timestamp":1611047689,"path_taken":["M","?","M","$","M","E","R","?","T","?","?","R","E","?","R","BOSS","M","?","M"],"items_purchased_type":[],"build_version":"2020-12-22","purchased_purges":2,"victory":false,"max_hp_per_floor":[75,75,75,75,75,75,75,75,75,75,75,75,75,75,75,75,75,75,75,75,75],"card_choices":[{"not_picked":["Headbutt","Armaments"],"picked":"Pommel Strike","floor":1.0},{"not_picked":["Havoc","Rage"],"picked":"Wild Strike","floor":1.0},{"not_picked":["Bloodletting","Warcry"],"picked":"Offering","floor":3.0},{"not_picked":["Body Slam","Metallicize"],"picked":"Cleave","floor":3.0},{"not_picked":["Rage","Searing Blow"],"picked":"Body Slam","floor":5.0},{"not_picked":["Heavy Blade","Headbutt","Anger"],"picked":"SKIP","floor":5.0},{"not_picked":["Carnage","Anger"],"picked":"Barricade","floor":6.0},{"not_picked":["Body Slam","Wild Strike"],"picked":"Second Wind","floor":8.0},{"not_picked":["Sword Boomerang","Flex","Intimidate"],"picked":"SKIP","floor":8.0},{"not_picked":["Cleave","Pommel Strike"],"picked":"Double Tap","floor":13.0},{"not_picked":["Limit Break","Reaper"],"picked":"Exhume","floor":16.0},{"not_picked":["Hemokinesis","Armaments","Wild Strike"],"picked":"SKIP","floor":18.0},{"not_picked":["Cleave","Clash+1","Carnage"],"picked":"SKIP","floor":18.0}],"player_experience":145667,"relics_obtained":[{"floor":6.0,"key":"Akabeko"},{"floor":9.0,"key":"Lantern"},{"floor":13.0,"key":"Mummified Hand"}],"event_choices":[{"damage_healed":0.0,"max_hp_gain":0.0,"max_hp_loss":0.0,"gold_gain":0.0,"event_name":"Upgrade Shrine","player_choice":"Upgraded","floor":2.0,"gold_loss":0.0,"damage_taken":0.0,"cards_upgraded":["Wild Strike"]},{"damage_healed":0.0,"max_hp_gain":0.0,"max_hp_loss":0.0,"gold_gain":30.0,"event_name":"Dead Adventurer","player_choice":"Searched \u00272\u0027 times","floor":10.0,"gold_loss":0.0,"damage_taken":0.0,"relics_obtained":["Nunchaku"]},{"cards_removed":["Strike_R"],"damage_healed":0.0,"max_hp_gain":0.0,"max_hp_loss":0.0,"gold_gain":0.0,"event_name":"Golden Wing","player_choice":"Card Removal","floor":11.0,"gold_loss":0.0,"damage_taken":7.0},{"damage_healed":0.0,"max_hp_gain":0.0,"max_hp_loss":0.0,"gold_gain":0.0,"event_name":"Accursed Blacksmith","player_choice":"Forge","floor":14.0,"gold_loss":0.0,"damage_taken":0.0,"cards_upgraded":["Barricade"]}],"is_beta":false,"boss_relics":[{"not_picked":["Tiny House","Sozu"],"picked":"Cursed Key"}],"items_purged_floors":[4,19],"is_endless":false,"potions_floor_spawned":[1,6,13],"killed_by":"2 Thieves","ascension_level":14}}