{"host":"ewslc4o3o167ipk9","time":1611033927,"event":{"mods":["BaseMod","Colored Powertips","GifTheSpireLib","HexUI Lib","Minty Spire (QoL Compilation)","Quick Restart","Shop Mod","StSLib","The Bug Knight","The Trickster"],"gold_per_floor":[119,119,138,150,24,24,35,63,63,63,63,63,81,95,95,193,193,212,232,332,348,361,361,129,129,129,129,145,165,196,214,214,214,214],"floor_reached":33,"language":"ENG","playtime":4102,"items_purged":["Defend_G"],"score":296,"play_id":"6f587a9e-9c60-408d-8d49-b8a90bec236c","local_time":"20210119002527","is_ascension_mode":false,"campfire_choices":[{"data":"Infinite Blades","floor":6,"key":"SMITH"},{"floor":15,"key":"REST"},{"floor":23,"key":"REST"},{"floor":25,"key":"REST"},{"data":"Tools of the Trade","floor":27,"key":"SMITH"},{"floor":32,"key":"REST"}],"circlet_count":0,"master_deck":["Strike_G","Strike_G","Defend_G","Defend_G","Defend_G","Defend_G","Survivor","Neutralize","Infinite Blades+1","Flying Knee","Blur","Flying Knee","Deflect","Burst","Leg Sweep","Footwork","Tools of the Trade+1","Deadly Poison+1","Sucker Punch","Heel Hook","Quick Slash","Heel Hook","Reflex","Poisoned Stab","After Image","Underhanded Strike","Predator"],"relics":["Ring of the Snake","Anchor","MerchantsRug","Happy Flower","Nunchaku","HoveringKite","Ginger","Gremlin Horn"],"acts_visited":["Exordium","TheCity"],"potions_floor_usage":[16,16,21,30,33],"damage_taken":[{"damage":0,"enemies":"Small Slimes","floor":1,"turns":4},{"damage":0,"enemies":"Cultist","floor":3,"turns":4},{"damage":0,"enemies":"Jaw Worm","floor":4,"turns":4},{"damage":12,"enemies":"Large Slime","floor":7,"turns":9},{"damage":14,"enemies":"3 Sentries","floor":8,"turns":10},{"damage":7,"enemies":"Exordium Thugs","floor":13,"turns":8},{"damage":3,"enemies":"Exordium Wildlife","floor":14,"turns":5},{"damage":24,"enemies":"Slime Boss","floor":16,"turns":27},{"damage":0,"enemies":"Shell Parasite","floor":18,"turns":11},{"damage":0,"enemies":"Spheric Guardian","floor":19,"turns":7},{"damage":23,"enemies":"Snake Plant","floor":21,"turns":6},{"damage":34,"enemies":"Chosen and Byrds","floor":22,"turns":10},{"damage":15,"enemies":"Centurion and Healer","floor":28,"turns":11},{"damage":11,"enemies":"Snecko","floor":29,"turns":6},{"damage":0,"enemies":"Gremlin Leader","floor":30,"turns":6},{"damage":17,"enemies":"Shelled Parasite and Fungi","floor":31,"turns":6},{"damage":46,"enemies":"Champ","floor":33,"turns":12}],"seed_played":"8640218015678311336","potions_obtained":[{"floor":1,"key":"PowerPotion"},{"floor":13,"key":"BlessingOfTheForge"},{"floor":14,"key":"LiquidMemories"},{"floor":19,"key":"LiquidMemories"},{"floor":28,"key":"Energy Potion"},{"floor":29,"key":"SkillPotion"}],"is_trial":false,"path_per_floor":["M","?","M","M","$","R","M","E","T","?","$","?","M","M","R","B",null,"M","M","?","M","M","R","$","R","T","R","M","M","E","M","R","B"],"character_chosen":"THE_SILENT","items_purchased":["MerchantsRug","Heel Hook","Reflex"],"campfire_rested":4,"item_purchase_floors":[5,24,24],"current_hp_per_floor":[70,70,70,70,70,70,58,44,44,37,37,37,30,27,48,24,70,70,70,70,47,13,34,34,55,55,55,40,29,29,12,33,0,0],"gold":214,"neow_bonus":"RANDOM_COMMON_RELIC","is_daily":false,"chose_seed":false,"campfire_upgraded":2,"win_rate":0.0,"timestamp":1611033927,"path_taken":["M","?","M","?","?","R","M","E","T","?","$","?","M","M","R","BOSS","M","?","?","M","M","R","$","R","T","R","M","M","E","M","R","BOSS"],"items_purchased_type":["Relic","Card","Card"],"build_version":"2020-12-22","purchased_purges":1,"victory":false,"max_hp_per_floor":[70,70,70,70,70,70,70,70,70,70,70,70,70,70,70,70,70,70,70,70,70,70,70,70,70,70,70,70,70,70,70,70,70,70],"card_choices":[{"not_picked":["Prepared","Acrobatics"],"picked":"Infinite Blades","floor":1},{"not_picked":["Outmaneuver","Poisoned Stab"],"picked":"Flying Knee","floor":3},{"not_picked":["Dagger Throw","Crippling Poison"],"picked":"Blur","floor":4},{"not_picked":["Quick Slash","Sucker Punch"],"picked":"Flying Knee","floor":7},{"not_picked":["Tactician","Eviscerate"],"picked":"Deflect","floor":8},{"not_picked":["Sucker Punch","Caltrops"],"picked":"Leg Sweep","floor":13},{"not_picked":["Dodge and Roll","Dagger Spray"],"picked":"Footwork","floor":14},{"not_picked":["Burst","Phantasmal Killer"],"picked":"Tools of the Trade","floor":16},{"not_picked":["Caltrops","Eviscerate"],"picked":"Deadly Poison+1","floor":18},{"not_picked":["Dodge and Roll","Acrobatics"],"picked":"Sucker Punch","floor":19},{"not_picked":["Expertise","Flechettes"],"picked":"Heel Hook","floor":21},{"not_picked":["Sucker Punch+1","Flying Knee"],"picked":"Quick Slash","floor":22},{"not_picked":["Footwork","Crippling Poison"],"picked":"Poisoned Stab","floor":28},{"not_picked":["Flying Knee+1","PiercingWail"],"picked":"After Image","floor":29},{"not_picked":["Footwork","All Out Attack+1"],"picked":"Underhanded Strike","floor":30},{"not_picked":["Deflect","Poisoned Stab"],"picked":"Predator","floor":31}],"player_experience":11967,"relics_obtained":[{"floor":8,"key":"Happy Flower"},{"floor":9,"key":"Nunchaku"},{"floor":26,"key":"Ginger"},{"floor":30,"key":"Gremlin Horn"}],"event_choices":[{"cards_removed":["Strike_G"],"damage_healed":0,"gold_gain":0,"player_choice":"Offered Basic","damage_taken":0,"max_hp_gain":0,"max_hp_loss":0,"event_name":"Bonfire Elementals","floor":2,"gold_loss":0},{"cards_removed":["Strike_G"],"damage_healed":0,"gold_gain":0,"player_choice":"Card Removal","damage_taken":7,"max_hp_gain":0,"max_hp_loss":0,"event_name":"Golden Wing","floor":10,"gold_loss":0},{"damage_healed":0,"gold_gain":0,"cards_transformed":["Strike_G"],"player_choice":"Transformed","damage_taken":0,"max_hp_gain":0,"max_hp_loss":0,"event_name":"Transmorgrifier","floor":12,"gold_loss":0,"cards_obtained":["Burst"]},{"damage_healed":0,"gold_gain":100,"player_choice":"Pray","damage_taken":0,"max_hp_gain":0,"max_hp_loss":0,"event_name":"Golden Shrine","floor":20,"gold_loss":0}],"is_beta":false,"boss_relics":[{"not_picked":["SacredBark","Black Star"],"picked":"HoveringKite"}],"items_purged_floors":[24],"is_endless":false,"potions_floor_spawned":[1,13,14,19,28,29],"killed_by":"Champ","ascension_level":0}}