{"host":"Teixeira","time":1611091798,"event":{"mods":["2.2 Compatiblity","AchievementEnabler","Aspiration","BaseMod","Better Match","Better Note","Better Sensory Stone","Better Skull","Better Third Choice","Colored Map","Colored Powertips","Downfall","Hermit","Hubris","Infinite Spire","Minty Spire (QoL Compilation)","Permanent Neow","Quick Restart","Rare Cards Sparkle","Relic Filter","Spicy Shops","StS++","StSLib","SuperFastMode"],"gold_per_floor":[99,118,118,136,136,156,183,199,199,199,212,246,14,14,31,128,128,28,46,46,56,56,76,76,76,96,109,124,157,142,154,169,169,169,169],"floor_reached":33,"language":"ENG","playtime":2849,"items_purged":[],"score":273,"play_id":"c6b8d435-e6c8-425a-9392-c0278989f4ef","local_time":"20210119182958","is_ascension_mode":false,"campfire_choices":[{"data":"bronze:Replicate","floor":1.0,"key":"SMITH"},{"data":"bronze:OilSpill","floor":10.0,"key":"SMITH"},{"data":"bronze:SpaghettiCode","floor":18.0,"key":"SMITH"},{"data":"bronze:Mutator","floor":25.0,"key":"SMITH"}],"circlet_count":0,"master_deck":["bronze:Strike","bronze:Strike","bronze:Strike","bronze:Strike","bronze:Defend","bronze:Defend","bronze:Defend","bronze:Defend","bronze:Replicate+1","bronze:Goto","hexamod:WildfireWeapon","bronze:Turbo","bronze:OilSpill+1","bronze:WildBeam","bronze:Branch","bronze:DelayedSlice","bronze:Mutator+1","bronze:DarkDash","bronze:SpaghettiCode+1","bronze:ChildClass","bronze:OilSpill","bronze:Replicate+1","bronze:Optimize","bronze:Shield+1","bronze:Allocate"],"relics":["bronze:BronzeCore","bronze:BottledCode","hubris:CrystalStatue","Oddly Smooth Stone","Coffee Dripper","downfall:HeartBlessingBlue","aspiration:ChemicalBlood","hubris:MysteriousPyramids"],"acts_visited":["Exordium","TheCity"],"potions_floor_usage":[],"damage_taken":[{"damage":3.0,"enemies":"Jaw Worm","floor":2.0,"turns":4.0},{"damage":1.0,"enemies":"Cultist","floor":4.0,"turns":3.0},{"damage":5.0,"enemies":"Small Slimes","floor":6.0,"turns":4.0},{"damage":11.0,"enemies":"2 Fungi Beasts","floor":8.0,"turns":3.0},{"damage":0.0,"enemies":"3 Louse","floor":11.0,"turns":3.0},{"damage":10.0,"enemies":"Lagavulin","floor":12.0,"turns":4.0},{"damage":5.0,"enemies":"downfall:FleeingMerchant","floor":13.0,"turns":4.0},{"damage":6.0,"enemies":"Lots of Slimes","floor":15.0,"turns":3.0},{"damage":33.0,"enemies":"WA_ARCHETYPE_RETAIN","floor":16.0,"turns":5.0},{"damage":0.0,"enemies":"Shell Parasite","floor":19.0,"turns":3.0},{"damage":0.0,"enemies":"Chosen","floor":20.0,"turns":1.0},{"damage":9.0,"enemies":"Centurion and Healer","floor":21.0,"turns":6.0},{"damage":0.0,"enemies":"Chosen and Byrds","floor":23.0,"turns":4.0},{"damage":14.0,"enemies":"Shelled Parasite and Fungi","floor":26.0,"turns":3.0},{"damage":17.0,"enemies":"Snake Plant","floor":27.0,"turns":3.0},{"damage":10.0,"enemies":"Centurion and Healer","floor":28.0,"turns":4.0},{"damage":19.0,"enemies":"Gremlin Leader","floor":29.0,"turns":5.0},{"damage":0.0,"enemies":"downfall:FleeingMerchant","floor":30.0,"turns":4.0},{"damage":4.0,"enemies":"Chosen and Byrds","floor":31.0,"turns":6.0},{"damage":4.0,"enemies":"Cultist and Chosen","floor":32.0,"turns":4.0},{"damage":8,"enemies":"DF_ARCHETYPE_CLAW","floor":33,"turns":2}],"seed_played":"1835408413464486489","potions_obtained":[{"floor":6.0,"key":"PowerPotion"},{"floor":8.0,"key":"Energy Potion"},{"floor":15.0,"key":"FearPotion"},{"floor":16.0,"key":"Guardian:BlockOnCardUsePotion"},{"floor":19.0,"key":"FearPotion"},{"floor":21.0,"key":"Guardian:BlockOnCardUsePotion"},{"floor":26.0,"key":"bronze:BurnAndBuffPotion"},{"floor":29.0,"key":"Explosive Potion"}],"is_trial":false,"path_per_floor":["R","M","?","M","?","M","T","M","?","R","M","E","$","?","M","B",null,"R","M","M","M","?","M","T","R","M","M","M","E","$","M","M","B"],"character_chosen":"THE_AUTOMATON","items_purchased":["Oddly Smooth Stone","bronze:DarkDash"],"campfire_rested":0,"item_purchase_floors":[13,13],"current_hp_per_floor":[77,74,74,73,78,73,73,62,62,62,62,52,47,47,41,8,72,82,82,82,73,73,73,73,73,59,42,32,13,13,9,5,0,0,0],"gold":169,"neow_bonus":"TEN_PERCENT_HP_BONUS","is_daily":false,"chose_seed":false,"campfire_upgraded":4,"win_rate":0.0,"timestamp":1611091798,"path_taken":["R","M","?","?","?","M","T","M","?","R","M","E","$","?","M","BOSS","R","M","M","M","?","?","T","R","?","M","M","E","$","M","M","BOSS"],"items_purchased_type":["Relic","Card"],"build_version":"2020-11-17","purchased_purges":0,"victory":false,"max_hp_per_floor":[77,77,77,77,82,82,82,82,72,72,72,72,72,72,72,72,72,82,82,82,82,82,82,82,82,82,82,82,82,82,82,82,82,82,82],"card_choices":[{"not_picked":["bronze:ItsAFeature","bronze:BugBarrage","bronze:Deprecate"],"picked":"SKIP","floor":2.0},{"not_picked":["bronze:Frontload","bronze:Philosophize"],"picked":"bronze:Turbo","floor":4.0},{"not_picked":["bronze:DelayedGuard","bronze:Frontload"],"picked":"bronze:OilSpill","floor":6.0},{"not_picked":["bronze:Return","bronze:HardenedForm"],"picked":"bronze:WildBeam","floor":8.0},{"not_picked":["bronze:Backtrace","bronze:Iterate"],"picked":"bronze:Branch","floor":11.0},{"not_picked":["bronze:Safeguard","bronze:Philosophize"],"picked":"bronze:DelayedSlice","floor":12.0},{"not_picked":["bronze:GetLatest","bronze:Turbo"],"picked":"bronze:Mutator","floor":13.0},{"not_picked":["bronze:WildBeam","bronze:Overheat","bronze:Philosophize"],"picked":"SKIP","floor":15.0},{"not_picked":["bronze:Break","bronze:Virus"],"picked":"bronze:SpaghettiCode","floor":16.0},{"not_picked":["bronze:MaxOutput","bronze:Invalidate"],"picked":"bronze:ChildClass","floor":19.0},{"not_picked":["bronze:Fortify","bronze:DelayedGuard","bronze:BitShift"],"picked":"SKIP","floor":20.0},{"not_picked":["bronze:Iterate","bronze:CutThrough"],"picked":"bronze:OilSpill","floor":21.0},{"not_picked":["bronze:FineTuning","bronze:Invalidate+1","bronze:Shield+1"],"picked":"SKIP","floor":23.0},{"not_picked":["bronze:FineTuning","bronze:OilSpill","bronze:BugBarrage"],"picked":"SKIP","floor":26.0},{"not_picked":["bronze:Overload","bronze:Deprecate"],"picked":"bronze:Optimize","floor":27.0},{"not_picked":["bronze:Mutator","bronze:Optimize","bronze:Iterate+1"],"picked":"SKIP","floor":28.0},{"not_picked":["bronze:ThunderWave","bronze:Optimize"],"picked":"bronze:Shield+1","floor":29.0},{"not_picked":["bronze:Branch","bronze:WildBeam+1","bronze:Repulsor"],"picked":"SKIP","floor":30.0},{"not_picked":["bronze:DelayedSlice","bronze:ForceShield","bronze:BitShift+1"],"picked":"SKIP","floor":31.0},{"not_picked":["bronze:Backtrace+1","bronze:Invalidate+1"],"picked":"bronze:Allocate","floor":32.0}],"player_experience":134999,"relics_obtained":[{"floor":12.0,"key":"hubris:CrystalStatue"},{"floor":24.0,"key":"aspiration:ChemicalBlood"},{"floor":29.0,"key":"hubris:MysteriousPyramids"}],"event_choices":[{"cards_removed":["bronze:Replicate"],"damage_healed":0.0,"max_hp_gain":0.0,"max_hp_loss":0.0,"gold_gain":0.0,"event_name":"betterNote:BetterNote","player_choice":"Take \u0026 Give","floor":3.0,"gold_loss":0.0,"damage_taken":0.0,"cards_obtained":["hexamod:WildfireWeapon"]},{"damage_healed":0.0,"max_hp_gain":5.0,"max_hp_loss":0.0,"gold_gain":0.0,"event_name":"Big Fish","player_choice":"Donut","floor":5.0,"gold_loss":0.0,"damage_taken":0.0}],"is_beta":true,"boss_relics":[{"not_picked":["Snecko Eye","hubris:GrandSneckoEye"],"picked":"Coffee Dripper"}],"items_purged_floors":[],"is_endless":false,"potions_floor_spawned":[6,8,15,16,19,21,26,29,31],"killed_by":"DF_ARCHETYPE_CLAW","ascension_level":0}}