{"host":"pdsyh71gl8fwuuoe","time":1611044174,"event":{"mods":["AchievementEnabler","Act Like it!","BaseMod","Colored Powertips","Custom Start","Downfall","Highlight Path","Minty Spire (QoL Compilation)","Quick Restart","Relic Stats","StSLib"],"gold_per_floor":[99,119,119,132,150,161,161,161,177,177,197,197,229,244,259,358,358,358,358,358],"floor_reached":19,"language":"ENG","playtime":2293,"items_purged":[],"score":171,"play_id":"b2a68722-72c8-4601-a7d2-2be660d21622","local_time":"20210119031614","is_ascension_mode":false,"campfire_choices":[{"data":"bronze:Replicate","floor":1,"key":"SMITH"},{"data":"bronze:Frontload","floor":10,"key":"SMITH"},{"data":"bronze:Mutator","floor":18,"key":"SMITH"}],"circlet_count":0,"master_deck":["bronze:Strike","bronze:Strike","bronze:Strike","bronze:Defend","bronze:Defend","bronze:Defend","bronze:Defend","bronze:Replicate+1","bronze:Goto","bronze:Frontload+1","bronze:Branch","bronze:CutThrough","bronze:ItsAFeature","bronze:Deprecate","bronze:AlphaBuild","bronze:Repair","bronze:Branch","bronze:Mutator+1"],"relics":["bronze:BronzeCore","bronze:CableSpool","downfall:BrokenWingStatue","Dead Branch","Snecko Eye"],"acts_visited":["Exordium","TheCity"],"potions_floor_usage":[],"damage_taken":[{"damage":3,"enemies":"Jaw Worm","floor":2,"turns":4},{"damage":0,"enemies":"Cultist","floor":4,"turns":5},{"damage":0,"enemies":"Small Slimes","floor":5,"turns":4},{"damage":7,"enemies":"Exordium Wildlife","floor":6,"turns":7},{"damage":0,"enemies":"2 Fungi Beasts","floor":9,"turns":3},{"damage":0,"enemies":"Exordium Thugs","floor":11,"turns":7},{"damage":19,"enemies":"Gremlin Nob","floor":13,"turns":5},{"damage":10,"enemies":"2 Fungi Beasts","floor":14,"turns":5},{"damage":2,"enemies":"Red Slaver","floor":15,"turns":5},{"damage":39,"enemies":"DF_ARCHETYPE_STREAMLINE","floor":16,"turns":14},{"damage":6,"enemies":"3 Byrds","floor":19,"turns":3}],"seed_played":"-7549071704900485573","potions_obtained":[{"floor":3,"key":"EssenceOfSteel"},{"floor":3,"key":"Regen Potion"},{"floor":3,"key":"PowerPotion"},{"floor":5,"key":"bronze:BuildAFunctionPotion"}],"is_trial":false,"path_per_floor":["R","M","?","M","M","M","T","?","M","R","M","?","E","M","M","B",null,"R","M"],"character_chosen":"THE_AUTOMATON","items_purchased":[],"campfire_rested":0,"item_purchase_floors":[],"current_hp_per_floor":[77,74,74,74,74,67,67,67,67,67,67,67,48,38,50,18,77,77,71,71],"gold":358,"neow_bonus":"TEN_PERCENT_HP_BONUS","is_daily":false,"chose_seed":false,"campfire_upgraded":3,"win_rate":0.0,"timestamp":1611044174,"path_taken":["R","M","?","?","M","M","T","?","M","R","M","?","E","M","M","BOSS","R","M"],"items_purchased_type":[],"build_version":"2020-12-22","purchased_purges":0,"victory":false,"max_hp_per_floor":[77,77,77,77,77,77,77,77,77,77,77,77,77,77,77,77,77,77,77,77],"relic_stats":{"counters":[11,62],"Dead Branch":[20],"Snecko Eye":[4,1,9,8],"obtain_stats":[{"bronze:BronzeCore":0,"downfall:BrokenWingStatue":8,"Dead Branch":13,"Snecko Eye":17,"bronze:CableSpool":7},{"bronze:BronzeCore":0,"downfall:BrokenWingStatue":4,"Dead Branch":7,"Snecko Eye":10,"bronze:CableSpool":4},{"bronze:BronzeCore":0,"downfall:BrokenWingStatue":20,"Dead Branch":35,"Snecko Eye":59,"bronze:CableSpool":20}]},"card_choices":[{"not_picked":["bronze:BitShift","bronze:Shield"],"picked":"bronze:Frontload","floor":2},{"not_picked":["bronze:BronzeArmor","bronze:WhirlingStrike"],"picked":"bronze:Branch","floor":4},{"not_picked":["bronze:Overheat","bronze:Return"],"picked":"bronze:CutThrough","floor":5},{"not_picked":["bronze:DarkDash","bronze:WildBeam"],"picked":"bronze:ItsAFeature","floor":6},{"not_picked":["bronze:Deprecate","bronze:Overheat","bronze:Shield"],"picked":"SKIP","floor":9},{"not_picked":["bronze:Invalidate","bronze:HyperBeam"],"picked":"bronze:Deprecate","floor":11},{"not_picked":["bronze:WhirlingStrike","bronze:OilSpill"],"picked":"bronze:AlphaBuild","floor":13},{"not_picked":["bronze:Philosophize","bronze:BuggyMess"],"picked":"bronze:Repair","floor":14},{"not_picked":["bronze:Safeguard","bronze:BugBarrage"],"picked":"bronze:Branch","floor":15},{"not_picked":["bronze:RecursiveStrike","bronze:Break"],"picked":"bronze:Mutator","floor":16}],"player_experience":676338,"relics_obtained":[{"floor":7,"key":"bronze:CableSpool"},{"floor":13,"key":"Dead Branch"}],"event_choices":[{"damage_healed":0,"gold_gain":0,"player_choice":"Got Potions","damage_taken":0,"max_hp_gain":0,"max_hp_loss":0,"event_name":"Lab","floor":3,"gold_loss":0}],"is_beta":false,"boss_relics":[{"not_picked":["Busted Crown","Cursed Key"],"picked":"Snecko Eye"}],"items_purged_floors":[],"is_endless":false,"potions_floor_spawned":[4,5,11,14],"killed_by":"3 Byrds","ascension_level":0}}