{"host":"axuns55dzq466eei","time":1611063035,"event":{"mods":["BaseMod","Colored Map","Keyboard Shortcuts","Minty Spire (QoL Compilation)","StSLib","SuperFastMode"],"gold_per_floor":[119,44,44,57,207,207,242,242,294,294,219,219,230,242,242,319,319,334,334,348,71,91,91,91,91],"floor_reached":24,"language":"KOR","playtime":421,"items_purged":["Defend_B","Strike_B"],"score":438,"play_id":"4e53edee-c2f1-4a88-a98c-39577b1efb67","local_time":"20210119223035","is_ascension_mode":true,"campfire_choices":[{"data":"Zap","floor":6.0,"key":"SMITH"},{"data":"Creative AI","floor":8.0,"key":"SMITH"},{"data":"Auto Shields","floor":15.0,"key":"SMITH"},{"floor":23,"key":"REST"}],"circlet_count":0,"master_deck":["AscendersBane","Strike_B","Strike_B","Strike_B","Defend_B","Defend_B","Defend_B","Zap+1","Dualcast","Auto Shields+1","Creative AI+1","Storm","Conserve Battery","Electrodynamics","Storm","Flash of Steel"],"relics":["Cracked Core","NeowsBlessing","Potion Belt","Pen Nib","WingedGreaves","Fusion Hammer"],"acts_visited":["Exordium","TheCity"],"potions_floor_usage":[16,16,20,20,20,20,22],"damage_taken":[{"damage":0.0,"enemies":"Cultist","floor":1.0,"turns":1.0},{"damage":0.0,"enemies":"Small Slimes","floor":4.0,"turns":1.0},{"damage":0.0,"enemies":"3 Sentries","floor":7.0,"turns":1.0},{"damage":7.0,"enemies":"Jaw Worm","floor":13.0,"turns":4.0},{"damage":7.0,"enemies":"2 Fungi Beasts","floor":14.0,"turns":4.0},{"damage":31,"enemies":"The Guardian","floor":16,"turns":9},{"damage":23,"enemies":"Spheric Guardian","floor":18,"turns":7},{"damage":6,"enemies":"2 Thieves","floor":20,"turns":3},{"damage":0,"enemies":"3 Cultists","floor":22,"turns":3},{"damage":30,"enemies":"Cultist and Chosen","floor":24,"turns":3}],"seed_played":"6083330989856355175","potions_obtained":[{"floor":1.0,"key":"LiquidMemories"},{"floor":3.0,"key":"Energy Potion"},{"floor":14.0,"key":"SkillPotion"},{"floor":16,"key":"EssenceOfDarkness"},{"floor":20,"key":"LiquidBronze"},{"floor":22,"key":"Dexterity Potion"}],"is_trial":false,"path_per_floor":["M","$","?","M","?","R","E","R","T","?","?","$","M","M","R","B",null,"M","?","M","$","M","R","M"],"character_chosen":"DEFECT","items_purchased":["Flash of Steel","LiquidMemories"],"campfire_rested":1,"item_purchase_floors":[21,21],"current_hp_per_floor":[64,64,64,64,64,64,64,64,64,59,59,59,52,45,45,14,57,34,15,9,9,9,30,0,0],"gold":91,"neow_bonus":"THREE_ENEMY_KILL","is_daily":false,"chose_seed":false,"campfire_upgraded":3,"win_rate":0.0,"timestamp":1611063035,"path_taken":["M","?","?","?","?","R","E","R","T","?","?","$","M","M","R","BOSS","M","?","M","$","M","R","M"],"items_purchased_type":["Card","Potion"],"build_version":"2020-12-22","purchased_purges":2,"victory":false,"max_hp_per_floor":[71,71,71,71,71,71,71,71,71,71,71,71,71,71,71,71,71,71,71,71,71,71,71,71,71],"card_choices":[{"not_picked":["Rebound","White Noise"],"picked":"Auto Shields","floor":1.0},{"not_picked":["Conserve Battery","Leap","Blizzard"],"picked":"SKIP","floor":4.0},{"not_picked":["Barrage","White Noise"],"picked":"Creative AI","floor":7.0},{"not_picked":["Auto Shields","Gash"],"picked":"Storm","floor":13.0},{"not_picked":["Loop","Rip and Tear"],"picked":"Conserve Battery","floor":14.0},{"not_picked":["Amplify","Core Surge"],"picked":"Electrodynamics","floor":16},{"not_picked":["Melter","Streamline","Ball Lightning"],"picked":"SKIP","floor":18},{"not_picked":["Ball Lightning","Go for the Eyes+1"],"picked":"Storm","floor":20},{"not_picked":["Barrage","Aggregate","Gash"],"picked":"SKIP","floor":22}],"player_experience":1085507,"relics_obtained":[{"floor":7.0,"key":"Potion Belt"},{"floor":9.0,"key":"Pen Nib"}],"event_choices":[{"damage_healed":0.0,"max_hp_gain":0.0,"max_hp_loss":0.0,"gold_gain":0.0,"event_name":"Lab","player_choice":"Got Potions","floor":3.0,"gold_loss":0.0,"damage_taken":0.0},{"damage_healed":0.0,"max_hp_gain":0.0,"max_hp_loss":0.0,"gold_gain":150.0,"event_name":"Liars Game","player_choice":"AGREE","floor":5.0,"gold_loss":0.0,"damage_taken":0.0,"cards_obtained":["Doubt"]},{"damage_healed":0.0,"max_hp_gain":0.0,"max_hp_loss":0.0,"gold_gain":0.0,"event_name":"Scrap Ooze","player_choice":"Success","floor":10.0,"gold_loss":0.0,"damage_taken":5.0,"relics_obtained":["WingedGreaves"]},{"cards_removed":["Doubt"],"damage_healed":0.0,"max_hp_gain":0.0,"max_hp_loss":0.0,"gold_gain":0.0,"event_name":"The Cleric","player_choice":"Card Removal","floor":11.0,"gold_loss":75.0,"damage_taken":0.0},{"damage_healed":0,"gold_gain":0,"player_choice":"POTION POTION ","damage_taken":19,"max_hp_gain":0,"max_hp_loss":0,"event_name":"Knowing Skull","floor":19,"potions_obtained":["PowerPotion","EssenceOfDarkness"],"gold_loss":0,"cards_obtained":[]}],"is_beta":false,"boss_relics":[{"not_picked":["Philosopher\u0027s Stone","Tiny House"],"picked":"Fusion Hammer"}],"items_purged_floors":[2,21],"is_endless":false,"potions_floor_spawned":[1,14,16,20,22],"killed_by":"Cultist and Chosen","ascension_level":20}}