{"host":"xgwtdz99zg48cmix","time":1611023815,"event":{"mods":["ATMod(°¢èªMod)","Arknights The Spire","Aspiration","BaseMod","Dota2Spire","Downfall","Marisa£¨ìFÓê¡¡Ä§ÀíÉ³£©","Minty Spire (QoL Compilation)","Quick Restart","StSLib","WarShipGirlsR/Õ½½¢ÉÙÅ®R mod","[GremlinLeader]The Maniac","[IsaacMod]ÒÔÈö¼âËþ","¡¾ÒÅÎï¿¨ÅÆ¡¿REMEMod","óô»ðÖ¸ÄÏ"],"gold_per_floor":[99,99,99,99,99,99,99,99,9,42,61,141,141,141],"floor_reached":12,"language":"ZHS","playtime":364,"items_purged":["Slimebound:Strike_Slimebound"],"score":72,"play_id":"dbfcfa48-8b54-49a8-b134-fb1dbcea98be","local_time":"20210119103655","is_ascension_mode":false,"campfire_choices":[{"data":"AT_FamilyPortrait","floor":1,"key":"SMITH"},{"data":"REME_Fury","floor":6,"key":"SMITH"},{"data":"Slimebound:LeechingTouch","floor":8,"key":"SMITH"}],"circlet_count":0,"master_deck":["Slimebound:Strike_Slimebound","Slimebound:Strike_Slimebound","Slimebound:Tackle","Slimebound:Defend_Slimebound","Slimebound:Defend_Slimebound","Slimebound:Defend_Slimebound","Slimebound:Split","Slimebound:CorrosiveSpit","AT_FamilyPortrait+1","REME_Fury+1","Slimebound:TongueLash","Slimebound:LeechingTouch+1","Slimebound:SlimeSlap","Slimebound:ItLooksTasty"],"relics":["Slimebound:AbsorbEndCombat","HushsDoor","REME_ComplimentaryCards","AT_ATBox","SteamSale","downfall:HeartsMalice","Singing Bowl","Damocles","Dota2Spire:OrchidMalevolence"],"acts_visited":["Exordium"],"potions_floor_usage":[12],"damage_taken":[{"damage":0,"enemies":"2 Louse","floor":2,"turns":1},{"damage":0,"enemies":"Jaw Worm","floor":3,"turns":1},{"damage":0,"enemies":"Cultist","floor":5,"turns":1},{"damage":0,"enemies":"downfall:FleeingMerchant","floor":9,"turns":4},{"damage":3,"enemies":"Gremlin Nob","floor":10,"turns":3},{"damage":0,"enemies":"2 Fungi Beasts","floor":11,"turns":1},{"damage":37,"enemies":"3 Sentries","floor":12,"turns":4}],"seed_played":"-3550846074879863186","potions_obtained":[{"floor":10,"key":"ColorlessPotion"},{"floor":11,"key":"LiquidBronze"}],"is_trial":false,"path_per_floor":["R","M","M","?","M","R","T","R","$","E","M","E"],"character_chosen":"SLIMEBOUND","items_purchased":[],"campfire_rested":0,"item_purchase_floors":[],"current_hp_per_floor":[65,65,65,65,65,65,65,65,65,62,64,0,0,0],"gold":141,"neow_bonus":"THREE_ENEMY_KILL","is_daily":false,"chose_seed":false,"campfire_upgraded":3,"win_rate":0.0,"timestamp":1611023815,"path_taken":["R","M","M","?","M","R","T","R","$","E","?","E"],"items_purchased_type":[],"build_version":"2020-12-22","purchased_purges":1,"victory":false,"max_hp_per_floor":[65,65,65,65,65,65,65,65,65,65,67,67,67,67],"card_choices":[{"not_picked":[],"picked":"ChaosCard","floor":0},{"not_picked":["Slimebound:ItLooksTasty","Slimebound:MegaLick"],"picked":"Slimebound:TongueLash","floor":2},{"not_picked":["Slimebound:SplitAcid","Slimebound:LivingWall","Slimebound:Gluttony"],"picked":"SKIP","floor":3},{"not_picked":["Slimebound:DisruptingSlam","Slimebound:FinishingTackle"],"picked":"Slimebound:LeechingTouch","floor":5},{"not_picked":["Slimebound:GrowthPunch","Slimebound:FlameTackle"],"picked":"Slimebound:SlimeSlap","floor":9},{"not_picked":["Slimebound:SplitLeeching","Slimebound:FlameTackle"],"picked":"Slimebound:ItLooksTasty","floor":10},{"not_picked":["Slimebound:FinishingTackle","Slimebound:GoopTackle","Slimebound:LivingWall"],"picked":"Singing Bowl","floor":11}],"player_experience":424643,"relics_obtained":[{"floor":7,"key":"Singing Bowl"},{"floor":10,"key":"Damocles"},{"floor":11,"key":"Dota2Spire:OrchidMalevolence"}],"event_choices":[{"cards_removed":["Slimebound:Defend_Slimebound"],"damage_healed":0,"gold_gain":0,"player_choice":"Card Removal","damage_taken":0,"max_hp_gain":0,"max_hp_loss":0,"event_name":"The Cleric","floor":4,"gold_loss":0}],"is_beta":false,"boss_relics":[],"items_purged_floors":[9],"is_endless":false,"potions_floor_spawned":[10,11],"killed_by":"3 Sentries","ascension_level":0}}