{"host":"dcj2yvrgcvh5dl2s","time":1611037529,"event":{"mods":["BaseMod","Bestiary","Better Note","Block Reminder","Colored Powertips","Curses Come First","DeckTracker","Minty Spire (QoL Compilation)","Quick Restart","Rare Cards Sparkle","Relic Stats","StSLib"],"gold_per_floor":[113,133,14,24,199,234,234,269,269,304,264,264,283,297,297,414,414,429,429,504,515,515,515],"floor_reached":22,"language":"ENG","playtime":821,"items_purged":[],"score":290,"play_id":"09010af5-0b98-4596-b5e6-8624fae16ad4","local_time":"20210119162529","is_ascension_mode":true,"campfire_choices":[{"floor":7,"key":"REST"},{"floor":12,"key":"REST"},{"floor":15,"key":"REST"}],"circlet_count":0,"master_deck":["Strike_G","Strike_G","Strike_G","Defend_G","Defend_G","Defend_G","Defend_G","Defend_G","Survivor","Neutralize","Riddle With Holes","Blade Dance","Slice","Blade Dance","Dagger Spray","Deflect","Doubt","Slice","Backflip","Blade Dance","Slice","Crippling Poison","Slice","Cloak And Dagger","Glass Knife","Footwork+1","Backflip+1","Necronomicurse","Well Laid Plans+1","Distraction+1"],"relics":["Empty Cage","Frozen Egg 2","CaptainsWheel","Prayer Wheel","Potion Belt","Philosopher\u0027s Stone","Necronomicon"],"acts_visited":["Exordium","TheCity"],"potions_floor_usage":[6,10,13,14,16,16,16,16,16,21,21,22,22],"damage_taken":[{"damage":3,"enemies":"Cultist","floor":1,"turns":5},{"damage":4,"enemies":"2 Louse","floor":2,"turns":2},{"damage":0,"enemies":"Small Slimes","floor":4,"turns":2},{"damage":26,"enemies":"Lagavulin","floor":6,"turns":6},{"damage":25,"enemies":"3 Sentries","floor":8,"turns":6},{"damage":19,"enemies":"Gremlin Nob","floor":10,"turns":5},{"damage":0,"enemies":"Red Slaver","floor":13,"turns":4},{"damage":0,"enemies":"2 Fungi Beasts","floor":14,"turns":2},{"damage":27,"enemies":"The Guardian","floor":16,"turns":10},{"damage":19,"enemies":"2 Thieves","floor":18,"turns":4},{"damage":14,"enemies":"3 Byrds","floor":21,"turns":5},{"damage":19,"enemies":"3 Cultists","floor":22,"turns":5}],"seed_played":"-9066312079037702040","potions_obtained":[{"floor":1,"key":"FearPotion"},{"floor":6,"key":"Block Potion"},{"floor":10,"key":"EssenceOfSteel"},{"floor":11,"key":"LiquidMemories"},{"floor":11,"key":"Energy Potion"},{"floor":11,"key":"EntropicBrew"},{"floor":13,"key":"Ancient Potion"},{"floor":14,"key":"CunningPotion"},{"floor":21,"key":"SpeedPotion"}],"is_trial":false,"path_per_floor":["M","M","$","M","?","E","R","E","T","E","?","R","M","M","R","B",null,"M","?","?","M","M"],"character_chosen":"THE_SILENT","items_purchased":["Slice","Blade Dance","Dagger Spray"],"campfire_rested":3,"item_purchase_floors":[3,3,3],"current_hp_per_floor":[60,56,56,56,56,30,51,26,26,7,7,28,28,28,49,22,58,39,23,16,2,0,0],"gold":515,"neow_bonus":"BOSS_RELIC","is_daily":false,"chose_seed":false,"campfire_upgraded":0,"win_rate":0.0,"timestamp":1611037529,"path_taken":["M","?","$","M","?","E","R","E","T","E","?","R","M","M","R","BOSS","M","?","?","M","?"],"items_purchased_type":["Card","Card","Card"],"build_version":"2020-12-22","purchased_purges":0,"victory":false,"max_hp_per_floor":[70,70,70,70,70,70,70,70,70,70,70,70,70,70,70,70,70,70,70,70,70,70,70],"relic_stats":{"counters":[12,56],"Prayer Wheel":4,"Necronomicon":[1],"obtain_stats":[{"Potion Belt":10,"CaptainsWheel":8,"Prayer Wheel":9,"Philosopher\u0027s Stone":17,"Necronomicon":19,"Frozen Egg 2":6,"Empty Cage":0,"Ring of the Snake":0},{"Potion Belt":6,"CaptainsWheel":5,"Prayer Wheel":5,"Philosopher\u0027s Stone":9,"Necronomicon":10,"Frozen Egg 2":4,"Empty Cage":0,"Ring of the Snake":0},{"Potion Belt":26,"CaptainsWheel":21,"Prayer Wheel":21,"Philosopher\u0027s Stone":42,"Necronomicon":46,"Frozen Egg 2":15,"Empty Cage":0,"Ring of the Snake":0}]},"card_choices":[{"not_picked":["Cloak And Dagger","Noxious Fumes"],"picked":"Riddle With Holes","floor":1},{"not_picked":["Acrobatics","Calculated Gamble"],"picked":"Blade Dance","floor":2},{"not_picked":["Flying Knee","All Out Attack"],"picked":"Deflect","floor":4},{"not_picked":["Outmaneuver","Acrobatics"],"picked":"Slice","floor":6},{"not_picked":["Outmaneuver","Die Die Die"],"picked":"Backflip","floor":8},{"not_picked":["Sucker Punch","Dodge and Roll"],"picked":"Blade Dance","floor":10},{"not_picked":["Predator","Eviscerate"],"picked":"Slice","floor":13},{"not_picked":["Catalyst","Backflip"],"picked":"Crippling Poison","floor":13},{"not_picked":["Dodge and Roll","Cloak And Dagger"],"picked":"Slice","floor":14},{"not_picked":["A Thousand Cuts+1","Outmaneuver"],"picked":"Cloak And Dagger","floor":14},{"not_picked":["Bullet Time","Tools of the Trade+1"],"picked":"Glass Knife","floor":16},{"not_picked":["Flying Knee","Backflip"],"picked":"Footwork+1","floor":18},{"not_picked":["Slice+1","Dagger Spray"],"picked":"Backflip+1","floor":18},{"not_picked":["Flying Knee","PiercingWail"],"picked":"Well Laid Plans+1","floor":21},{"not_picked":["Quick Slash","PiercingWail"],"picked":"Distraction+1","floor":21}],"player_experience":2256756,"relics_obtained":[{"floor":6,"key":"Frozen Egg 2"},{"floor":8,"key":"CaptainsWheel"},{"floor":9,"key":"Prayer Wheel"},{"floor":10,"key":"Potion Belt"},{"floor":19,"key":"Necronomicon"}],"event_choices":[{"damage_healed":0,"gold_gain":175,"player_choice":"AGREE","damage_taken":0,"max_hp_gain":0,"max_hp_loss":0,"event_name":"Liars Game","floor":5,"gold_loss":0,"cards_obtained":["Doubt"]},{"damage_healed":0,"gold_gain":0,"player_choice":"Bought 3 Potions","damage_taken":0,"max_hp_gain":0,"max_hp_loss":0,"event_name":"The Woman in Blue","floor":11,"gold_loss":0},{"damage_healed":0,"gold_gain":0,"player_choice":"Obtained Book","damage_taken":16,"max_hp_gain":0,"max_hp_loss":0,"event_name":"Cursed Tome","floor":19,"gold_loss":0},{"damage_healed":0,"gold_gain":75,"player_choice":"Touch","damage_taken":7,"max_hp_gain":0,"max_hp_loss":0,"event_name":"FaceTrader","floor":20,"gold_loss":0}],"is_beta":false,"boss_relics":[{"not_picked":["Astrolabe","Runic Dome"],"picked":"Philosopher\u0027s Stone"}],"items_purged_floors":[],"is_endless":false,"potions_floor_spawned":[1,6,10,13,14,21],"killed_by":"3 Cultists","ascension_level":6}}