{"host":"nbmmy2ys5j9alw05","time":1611046680,"event":{"mods":["AchievementEnabler","BaseMod","Bestiary","Better Vampires","Colored Map","Colored Powertips","Googly Eyes","Minty Spire (QoL Compilation)","Quick Restart","StSLib","The Hierophant","The IronCluck","everything is the same but u backflip on backflip"],"gold_per_floor":[112,129,147,147,147,147,163,163,163,195,195,72,92,127,127,224,224,240,240,259,259,81,81,95,105,151,151,181,280,280,297,297,393,393,405,405,405,405,458,458,458,473,473,473,523,523,523,557,557,557,557],"floor_reached":50,"language":"ENG","playtime":1832,"items_purged":["Strike_R","Strike_R"],"score":814,"play_id":"b0eea28f-e64e-462a-8283-f0a1ea6d5403","local_time":"20210119005800","is_ascension_mode":true,"campfire_choices":[{"data":"Flex","floor":6,"key":"SMITH"},{"data":"Heavy Blade","floor":8,"key":"SMITH"},{"data":"Shockwave","floor":15,"key":"SMITH"},{"data":"Bludgeon","floor":23,"key":"SMITH"},{"data":"Inflame","floor":27,"key":"SMITH"},{"floor":32,"key":"REST"},{"data":"Double Tap","floor":40,"key":"SMITH"},{"floor":44,"key":"REST"},{"data":"Clothesline","floor":46,"key":"SMITH"},{"data":"Carnage","floor":47,"key":"SMITH"},{"data":"Bash","floor":49,"key":"SMITH"}],"circlet_count":0,"master_deck":["Defend_R+1","Defend_R","Defend_R","Bash+1","Havoc","Heavy Blade+1","Flex+1","Warcry","Clothesline+1","Shockwave+1","Bludgeon+1","Carnage+1","Inflame+1","Heavy Blade+1","Necronomicurse","Double Tap+1"],"relics":["Burning Blood","Self Forming Clay","Bag of Preparation","WingedGreaves","Bronze Scales","Snecko Eye","Bag of Marbles","Letter Opener","Necronomicon","Empty Cage","Torii","Gremlin Horn","TungstenRod","Prayer Wheel"],"acts_visited":["Exordium","TheCity","TheBeyond"],"potions_floor_usage":[10,14,16,16,28,33,39,42,50],"damage_taken":[{"damage":16,"enemies":"Jaw Worm","floor":1,"turns":5},{"damage":6,"enemies":"2 Louse","floor":2,"turns":3},{"damage":6,"enemies":"Cultist","floor":3,"turns":4},{"damage":0,"enemies":"2 Fungi Beasts","floor":7,"turns":2},{"damage":32,"enemies":"3 Sentries","floor":10,"turns":7},{"damage":21,"enemies":"Lots of Slimes","floor":13,"turns":5},{"damage":0,"enemies":"Gremlin Nob","floor":14,"turns":2},{"damage":22,"enemies":"Slime Boss","floor":16,"turns":11},{"damage":8,"enemies":"2 Thieves","floor":18,"turns":3},{"damage":0,"enemies":"3 Byrds","floor":20,"turns":3},{"damage":3,"enemies":"Cultist and Chosen","floor":24,"turns":3},{"damage":0,"enemies":"Sentry and Sphere","floor":25,"turns":3},{"damage":20,"enemies":"Gremlin Leader","floor":28,"turns":4},{"damage":3,"enemies":"3 Cultists","floor":31,"turns":4},{"damage":20,"enemies":"Champ","floor":33,"turns":4},{"damage":21,"enemies":"3 Shapes","floor":35,"turns":2},{"damage":7,"enemies":"2 Orb Walkers","floor":39,"turns":3},{"damage":8,"enemies":"3 Darklings","floor":42,"turns":5},{"damage":0,"enemies":"Mind Bloom Boss Battle","floor":45,"turns":3},{"damage":0,"enemies":"Reptomancer","floor":48,"turns":2},{"damage":92,"enemies":"Awakened One","floor":50,"turns":5}],"seed_played":"-4764406206688842368","potions_obtained":[{"floor":2,"key":"LiquidBronze"},{"floor":10,"key":"FearPotion"},{"floor":14,"key":"Dexterity Potion"},{"floor":18,"key":"Weak Potion"},{"floor":28,"key":"ColorlessPotion"},{"floor":35,"key":"Block Potion"},{"floor":39,"key":"ColorlessPotion"},{"floor":45,"key":"SpeedPotion"}],"is_trial":false,"path_per_floor":["M","M","M","?","?","R","M","R","T","E","?","$","M","E","R","B",null,"M","?","M","?","$","R","M","M","T","R","E","?","?","M","R","B",null,"M","?","?","?","?","R","?","M","T","R","?","R","R","E","R","B"],"character_chosen":"IRONCLAD","items_purchased":["SteroidPotion","Inflame"],"campfire_rested":2,"item_purchase_floors":[12,22],"current_hp_per_floor":[57,57,57,54,35,35,41,41,41,15,47,47,32,38,38,22,78,76,76,82,82,82,82,85,91,91,91,77,77,61,64,92,78,92,77,77,77,77,76,76,76,74,74,91,91,91,91,91,91,0,0],"gold":557,"neow_bonus":"TWENTY_PERCENT_HP_BONUS","is_daily":false,"chose_seed":false,"campfire_upgraded":9,"win_rate":0.0,"timestamp":1611046680,"path_taken":["M","M","M","?","?","R","M","R","T","E","?","?","?","E","R","BOSS","M","?","M","?","$","R","M","?","T","R","E","?","?","M","R","BOSS","M","?","?","?","?","R","?","?","T","R","?","R","R","E","R","BOSS"],"items_purchased_type":["Potion","Card"],"build_version":"2020-12-22","purchased_purges":2,"victory":false,"max_hp_per_floor":[96,96,96,96,96,96,96,96,96,96,96,96,96,96,96,96,96,96,96,96,96,96,96,96,96,96,96,96,96,96,96,96,96,96,96,91,91,91,91,91,91,91,91,91,91,91,91,91,91,91,91],"card_choices":[{"not_picked":["Anger","True Grit"],"picked":"Havoc","floor":1},{"not_picked":["Twin Strike","Body Slam"],"picked":"Heavy Blade","floor":2},{"not_picked":["Dark Embrace","Combust"],"picked":"Flex","floor":3},{"not_picked":["Rage","Pommel Strike"],"picked":"Warcry","floor":7},{"not_picked":["Power Through","Heavy Blade"],"picked":"Clothesline","floor":10},{"not_picked":["Clash","Fire Breathing"],"picked":"Shockwave","floor":13},{"not_picked":["Blood for Blood","Thunderclap","Dark Embrace"],"picked":"SKIP","floor":14},{"not_picked":["Berserk","Brutality"],"picked":"Bludgeon","floor":16},{"not_picked":["True Grit","Body Slam","Shrug It Off"],"picked":"SKIP","floor":18},{"not_picked":["Anger","Shockwave","Iron Wave"],"picked":"SKIP","floor":20},{"not_picked":["Warcry","Armaments","Sentinel"],"picked":"SKIP","floor":24},{"not_picked":["Shrug It Off","Pommel Strike+1","Body Slam"],"picked":"SKIP","floor":25},{"not_picked":["Headbutt","Whirlwind+1"],"picked":"Heavy Blade+1","floor":28},{"not_picked":["Infernal Blade","Evolve","Perfected Strike"],"picked":"SKIP","floor":31},{"not_picked":["Feed","Fiend Fire"],"picked":"Double Tap","floor":33},{"not_picked":["Sentinel","Pommel Strike","True Grit+1"],"picked":"SKIP","floor":35},{"not_picked":["Headbutt","Intimidate","Pommel Strike+1"],"picked":"SKIP","floor":42},{"not_picked":["Intimidate","Perfected Strike","Thunderclap+1"],"picked":"SKIP","floor":48}],"player_experience":464439,"relics_obtained":[{"floor":9,"key":"Bag of Preparation"},{"floor":10,"key":"WingedGreaves"},{"floor":14,"key":"Bronze Scales"},{"floor":26,"key":"Bag of Marbles"},{"floor":28,"key":"Letter Opener"},{"floor":30,"key":"Necronomicon"},{"floor":39,"key":"Torii"},{"floor":43,"key":"Gremlin Horn"},{"floor":45,"key":"TungstenRod"},{"floor":48,"key":"Prayer Wheel"}],"event_choices":[{"damage_healed":0,"gold_gain":0,"player_choice":"Success","damage_taken":3,"relics_obtained":["Self Forming Clay"],"max_hp_gain":0,"max_hp_loss":0,"event_name":"Scrap Ooze","floor":4,"gold_loss":0},{"damage_healed":0,"gold_gain":0,"player_choice":"Entered Light","damage_taken":19,"max_hp_gain":0,"max_hp_loss":0,"event_name":"Shining Light","floor":5,"gold_loss":0,"cards_upgraded":["Defend_R","Strike_R"]},{"damage_healed":32,"gold_gain":0,"player_choice":"Banana","damage_taken":0,"max_hp_gain":0,"max_hp_loss":0,"event_name":"Big Fish","floor":11,"gold_loss":0},{"damage_healed":0,"gold_gain":0,"player_choice":"Read","damage_taken":0,"max_hp_gain":0,"max_hp_loss":0,"event_name":"The Library","floor":19,"gold_loss":0,"cards_obtained":["Carnage"]},{"cards_removed":["Strike_R"],"damage_healed":0,"gold_gain":0,"player_choice":"Offered Basic","damage_taken":0,"max_hp_gain":0,"max_hp_loss":0,"event_name":"Bonfire Elementals","floor":21,"gold_loss":0},{"damage_healed":0,"gold_gain":99,"player_choice":"Stole From Cult","damage_taken":0,"max_hp_gain":0,"max_hp_loss":0,"event_name":"Nest","floor":29,"gold_loss":0},{"damage_healed":0,"gold_gain":0,"player_choice":"Obtained Book","damage_taken":16,"max_hp_gain":0,"max_hp_loss":0,"event_name":"Cursed Tome","floor":30,"gold_loss":0},{"damage_healed":0,"gold_gain":0,"player_choice":"Max HP","damage_taken":0,"max_hp_gain":0,"max_hp_loss":5,"event_name":"Winding Halls","floor":36,"gold_loss":0},{"damage_healed":0,"gold_gain":0,"player_choice":"Memory 1","damage_taken":0,"max_hp_gain":0,"max_hp_loss":0,"event_name":"SensoryStone","floor":37,"gold_loss":0},{"cards_removed":["Defend_R"],"damage_healed":0,"gold_gain":0,"player_choice":"Removed Skill","damage_taken":0,"max_hp_gain":0,"max_hp_loss":0,"event_name":"Falling","floor":38,"gold_loss":0},{"damage_healed":0,"gold_gain":0,"player_choice":"Fight","damage_taken":0,"max_hp_gain":0,"max_hp_loss":0,"event_name":"Mysterious Sphere","floor":39,"gold_loss":0},{"damage_healed":0,"gold_gain":0,"player_choice":"Ignored","damage_taken":0,"max_hp_gain":0,"max_hp_loss":0,"event_name":"Transmorgrifier","floor":41,"gold_loss":0},{"damage_healed":0,"gold_gain":0,"player_choice":"Fight","damage_taken":0,"max_hp_gain":0,"max_hp_loss":0,"event_name":"MindBloom","floor":45,"gold_loss":0}],"is_beta":false,"boss_relics":[{"not_picked":["Mark of Pain","Calling Bell"],"picked":"Snecko Eye"},{"not_picked":["Runic Dome","Coffee Dripper"],"picked":"Empty Cage"}],"items_purged_floors":[12,22],"is_endless":false,"potions_floor_spawned":[2,10,14,18,28,35,39,45],"killed_by":"Awakened One","ascension_level":9}}