{"host":"Kdaddybrian","time":1611080007,"event":{"mods":["AchievementEnabler","BaseMod","Bestiary","Colored Powertips","Minty Spire (QoL Compilation)","Potion Indicator Mod","Quick Restart","Rare Cards Sparkle","Relic Stats","StSLib","Uncapped"],"gold_per_floor":[117,131,149,215,215,215,240,255,255,255,275,309,309,309,309,433,433,456,499,4,4,20,20,20],"floor_reached":23,"language":"ENG","playtime":1152,"items_purged":["Pain"],"score":299,"play_id":"c6f5c145-58ac-4031-a9a3-aaabc8e4483b","local_time":"20210119131327","is_ascension_mode":true,"campfire_choices":[{"data":"Demon Form","floor":6.0,"key":"SMITH"},{"data":"Reaper","floor":10.0,"key":"SMITH"},{"floor":13.0,"key":"REST"},{"data":"Armaments","floor":15.0,"key":"SMITH"}],"circlet_count":0,"master_deck":["AscendersBane","Strike_R","Strike_R","Strike_R","Strike_R","Strike_R","Defend_R","Defend_R","Defend_R","Defend_R","Bash","Reaper+1","Wild Strike","Perfected Strike","Demon Form+1","Armaments+1","Anger","Armaments","Ghostly Armor","Offering","Entrench+1","Rage","Battle Trance","Bandage Up"],"relics":["Burning Blood","Pear","Gremlin Horn","Omamori","Golden Idol","Sozu","Red Mask","Singing Bowl"],"acts_visited":["Exordium","TheCity"],"potions_floor_usage":[19,19],"damage_taken":[{"damage":21.0,"enemies":"2 Louse","floor":1.0,"turns":5.0},{"damage":16.0,"enemies":"Small Slimes","floor":2.0,"turns":5.0},{"damage":7.0,"enemies":"Cultist","floor":3.0,"turns":4.0},{"damage":34.0,"enemies":"Gremlin Nob","floor":7.0,"turns":4.0},{"damage":50.0,"enemies":"Gremlin Gang","floor":8.0,"turns":6.0},{"damage":19.0,"enemies":"Lots of Slimes","floor":11.0,"turns":2.0},{"damage":38.0,"enemies":"Lagavulin","floor":12.0,"turns":5.0},{"damage":35.0,"enemies":"Slime Boss","floor":16.0,"turns":11.0},{"damage":38.0,"enemies":"Spheric Guardian","floor":18.0,"turns":5.0},{"damage":49,"enemies":"Masked Bandits","floor":19,"turns":5},{"damage":19,"enemies":"Shell Parasite","floor":22,"turns":5},{"damage":55,"enemies":"Slavers","floor":23,"turns":5}],"seed_played":"8535874867573129645","potions_obtained":[{"floor":3.0,"key":"Energy Potion"},{"floor":8.0,"key":"Swift Potion"},{"floor":11.0,"key":"Fire Potion"},{"floor":16.0,"key":"AttackPotion"}],"is_trial":false,"path_per_floor":["M","M","M","?","?","R","E","M","T","R","M","E","R","?","R","B",null,"M","?","$","?","M","E"],"character_chosen":"IRONCLAD","items_purchased":["Battle Trance","Singing Bowl","Bandage Up"],"campfire_rested":1,"item_purchase_floors":[20,20,20],"current_hp_per_floor":[63,57,60,60,65,65,54,30,30,30,47,15,43,43,43,88,88,56,28,28,28,32,0,0],"gold":20,"neow_bonus":"THREE_RARE_CARDS","is_daily":false,"chose_seed":false,"campfire_upgraded":3,"win_rate":0.0,"timestamp":1611080007,"path_taken":["M","M","M","?","?","R","E","M","T","R","M","E","R","?","R","BOSS","M","?","$","?","?","E"],"items_purchased_type":["Card","Relic","Card"],"build_version":"2020-12-18","purchased_purges":1,"victory":false,"max_hp_per_floor":[80,80,80,80,85,85,95,95,95,95,95,95,95,88,88,88,88,88,88,88,88,90,90,90],"relic_stats":{"Sozu":2,"Gremlin Horn":[10,10],"Singing Bowl":2,"counters":[12,62],"Golden Idol":42,"obtain_stats":[{"Sozu":17,"Pear":7,"Gremlin Horn":9,"Singing Bowl":20,"Golden Idol":14,"Omamori":12,"Red Mask":19,"Burning Blood":0},{"Sozu":8,"Pear":4,"Gremlin Horn":5,"Singing Bowl":10,"Golden Idol":7,"Omamori":7,"Red Mask":10,"Burning Blood":0},{"Sozu":42,"Pear":18,"Gremlin Horn":24,"Singing Bowl":52,"Golden Idol":31,"Omamori":31,"Red Mask":52,"Burning Blood":0}],"Burning Blood":60},"card_choices":[{"not_picked":["Brutality","Corruption"],"picked":"Reaper","floor":0.0},{"not_picked":["True Grit","Clash"],"picked":"Wild Strike","floor":1.0},{"not_picked":["Seeing Red","Rampage"],"picked":"Perfected Strike","floor":2.0},{"not_picked":["Reckless Charge","Flex"],"picked":"Demon Form","floor":3.0},{"not_picked":["Combust","Iron Wave"],"picked":"Armaments","floor":7.0},{"not_picked":["Twin Strike","Heavy Blade"],"picked":"Anger","floor":8.0},{"not_picked":["Thunderclap","Wild Strike"],"picked":"Armaments","floor":11.0},{"not_picked":["Havoc","Searing Blow"],"picked":"Ghostly Armor","floor":12.0},{"not_picked":["Feed","Juggernaut"],"picked":"Offering","floor":16.0},{"not_picked":["Thunderclap+1","Whirlwind"],"picked":"Entrench+1","floor":18.0},{"not_picked":["Perfected Strike","Spot Weakness"],"picked":"Rage","floor":19},{"not_picked":["Havoc","Spot Weakness+1","Heavy Blade"],"picked":"Singing Bowl","floor":22}],"player_experience":2969849,"relics_obtained":[{"floor":7.0,"key":"Pear"},{"floor":9.0,"key":"Gremlin Horn"},{"floor":12.0,"key":"Omamori"},{"floor":19,"key":"Red Mask"}],"event_choices":[{"damage_healed":0.0,"max_hp_gain":0.0,"max_hp_loss":0.0,"gold_gain":66.0,"event_name":"Golden Wing","player_choice":"Gained Gold","floor":4.0,"gold_loss":0.0,"damage_taken":0.0},{"damage_healed":0.0,"max_hp_gain":5.0,"max_hp_loss":0.0,"gold_gain":0.0,"event_name":"Big Fish","player_choice":"Donut","floor":5.0,"gold_loss":0.0,"damage_taken":0.0},{"damage_healed":0.0,"max_hp_gain":0.0,"max_hp_loss":7.0,"gold_gain":0.0,"event_name":"Golden Idol","player_choice":"Lose Max HP","floor":14.0,"gold_loss":0.0,"damage_taken":0.0,"relics_obtained":["Golden Idol"]},{"damage_healed":0,"gold_gain":0,"player_choice":"Fought Bandits","damage_taken":0,"max_hp_gain":0,"max_hp_loss":0,"event_name":"Masked Bandits","floor":19,"gold_loss":0},{"damage_healed":0,"gold_gain":0,"player_choice":"Ignored","damage_taken":0,"max_hp_gain":0,"max_hp_loss":0,"event_name":"NoteForYourself","floor":21,"gold_loss":0}],"is_beta":true,"boss_relics":[{"not_picked":["SacredBark","Black Blood"],"picked":"Sozu"}],"items_purged_floors":[20],"is_endless":false,"potions_floor_spawned":[3,8,11,16,18,19],"killed_by":"Slavers","ascension_level":10}}