{"host":"jlz4is0nf6zo9oab","time":1611100312,"event":{"mods":["AchievementEnabler","BaseMod","Colored Map","Colored Powertips","Highlight Path","Minty Spire (QoL Compilation)","StSLib"],"gold_per_floor":[114,114,114,114,126,126,140,173,173,173,173,188,220,232,232,331,331,345,361,361,379,398,398,426,426,426,426,426,426,437,461,461,565,565,585,99,116,133,152,152,186,204,204,204,219,229,249,268,268,268],"floor_reached":51,"language":"SPA","playtime":2239,"items_purged":[],"score":1216,"play_id":"54e1966e-6c36-4093-b932-fe99c54f35f8","local_time":"20210120005152","is_ascension_mode":true,"campfire_choices":[{"data":"Neutralize","floor":6,"key":"SMITH"},{"floor":10,"key":"REST"},{"floor":15,"key":"REST"},{"data":"Venomology","floor":23,"key":"SMITH"},{"floor":28,"key":"REST"},{"floor":32,"key":"REST"},{"floor":40,"key":"REST"},{"data":"Cloak And Dagger","floor":44,"key":"SMITH"},{"data":"Storm of Steel","floor":49,"key":"SMITH"}],"circlet_count":0,"master_deck":["AscendersBane","Strike_G","Strike_G","Strike_G","Strike_G","Defend_G","Defend_G","Defend_G","Defend_G","Defend_G","Survivor","Neutralize+1","Blade Dance+1","Blur","Venomology+1","Backstab+1","Cloak And Dagger+1","Cloak And Dagger","Storm of Steel+1","Cloak And Dagger","Footwork+1","Blade Dance"],"relics":["Ring of the Snake","Matryoshka","Dead Branch","Nunchaku","White Beast Statue","Ninja Scroll","WristBlade","Bag of Preparation","Eternal Feather","Letter Opener","Tingsha","Dream Catcher","PreservedInsect","HornCleat","Meat on the Bone","Question Card","Kunai"],"acts_visited":["Exordium","TheCity","TheBeyond"],"potions_floor_usage":[16,19,21,22,24,24,24,24,33,33,38,39,41,42,45,45,46,46,47,48,50,50,50],"damage_taken":[{"damage":1,"enemies":"2 Louse","floor":1,"turns":4},{"damage":2,"enemies":"Jaw Worm","floor":5,"turns":4},{"damage":0,"enemies":"Cultist","floor":7,"turns":4},{"damage":34,"enemies":"Gremlin Nob","floor":8,"turns":5},{"damage":8,"enemies":"Exordium Wildlife","floor":12,"turns":3},{"damage":19,"enemies":"3 Sentries","floor":13,"turns":6},{"damage":0,"enemies":"Blue Slaver","floor":14,"turns":2},{"damage":6,"enemies":"Hexaghost","floor":16,"turns":6},{"damage":2,"enemies":"3 Byrds","floor":18,"turns":6},{"damage":1,"enemies":"2 Thieves","floor":19,"turns":2},{"damage":12,"enemies":"Chosen and Byrds","floor":21,"turns":3},{"damage":0,"enemies":"3 Cultists","floor":22,"turns":3},{"damage":31,"enemies":"Gremlin Leader","floor":24,"turns":8},{"damage":27,"enemies":"Snake Plant","floor":30,"turns":3},{"damage":5,"enemies":"Automaton","floor":33,"turns":4},{"damage":0,"enemies":"3 Darklings","floor":35,"turns":2},{"damage":0,"enemies":"3 Shapes","floor":37,"turns":2},{"damage":45,"enemies":"Transient","floor":38,"turns":5},{"damage":0,"enemies":"4 Shapes","floor":39,"turns":2},{"damage":0,"enemies":"Reptomancer","floor":41,"turns":1},{"damage":6,"enemies":"Maw","floor":42,"turns":4},{"damage":5,"enemies":"Writhing Mass","floor":45,"turns":7},{"damage":0,"enemies":"Transient","floor":46,"turns":5},{"damage":4,"enemies":"Sphere and 2 Shapes","floor":47,"turns":2},{"damage":0,"enemies":"Writhing Mass","floor":48,"turns":4},{"damage":34,"enemies":"Donu and Deca","floor":50,"turns":7}],"seed_played":"-6379560537105263001","potions_obtained":[{"floor":12,"key":"CultistPotion"},{"floor":13,"key":"LiquidMemories"},{"floor":18,"key":"Fire Potion"},{"floor":19,"key":"Regen Potion"},{"floor":21,"key":"LiquidBronze"},{"floor":22,"key":"DistilledChaos"},{"floor":24,"key":"Fruit Juice"},{"floor":30,"key":"SteroidPotion"},{"floor":33,"key":"Dexterity Potion"},{"floor":35,"key":"PowerPotion"},{"floor":38,"key":"SkillPotion"},{"floor":39,"key":"Strength Potion"},{"floor":45,"key":"Energy Potion"},{"floor":46,"key":"SkillPotion"},{"floor":48,"key":"CultistPotion"}],"is_trial":false,"path_per_floor":["M","?","?","T","M","R","M","E","T","R","?","M","E","M","R","B",null,"M","M","T","M","M","R","E","?","T","T","R","?","M","T","R","B",null,"M","$","M","M","M","R","E","M","T","R","M","M","M","M","R","B",null],"character_chosen":"THE_SILENT","items_purchased":["HornCleat","Meat on the Bone"],"campfire_rested":5,"item_purchase_floors":[36,36],"current_hp_per_floor":[69,69,69,69,67,67,67,33,33,56,56,48,29,29,52,46,69,67,66,66,63,63,72,46,46,46,46,79,63,36,36,71,66,82,82,82,82,49,49,87,87,81,81,87,82,82,78,78,87,53],"gold":268,"neow_bonus":"TEN_PERCENT_HP_BONUS","is_daily":false,"chose_seed":false,"campfire_upgraded":4,"win_rate":0.0,"timestamp":1611100312,"path_taken":["M","?","?","?","M","R","M","E","T","R","?","M","E","M","R","BOSS","M","M","?","M","M","R","E","?","T","?","R","?","?","?","R","BOSS","M","$","M","M","M","R","E","M","T","R","M","?","M","M","R","BOSS"],"items_purchased_type":["Relic","Relic"],"build_version":"2020-12-22","purchased_purges":0,"victory":true,"max_hp_per_floor":[77,77,77,77,77,77,77,77,77,77,77,77,77,77,77,77,77,77,77,77,77,77,77,82,82,82,82,82,87,87,87,87,87,87,87,87,87,87,87,87,87,87,87,87,87,87,87,87,87,87],"card_choices":[{"not_picked":["Slice","Dodge and Roll"],"picked":"Blade Dance","floor":1},{"not_picked":["Sucker Punch","Deadly Poison","Distraction"],"picked":"SKIP","floor":5},{"not_picked":["Bane","Quick Slash","Dagger Spray"],"picked":"SKIP","floor":7},{"not_picked":["Poisoned Stab","Acrobatics","Bouncing Flask"],"picked":"SKIP","floor":8},{"not_picked":["Backflip","Bane","Sucker Punch"],"picked":"SKIP","floor":12},{"not_picked":["Leg Sweep","Adrenaline","Slice"],"picked":"SKIP","floor":13},{"not_picked":["Bouncing Flask","Slice"],"picked":"Blur","floor":14},{"not_picked":["Wraith Form v2","Adrenaline"],"picked":"Venomology","floor":16},{"not_picked":["Outmaneuver","Heel Hook"],"picked":"Backstab+1","floor":18},{"not_picked":["Noxious Fumes","Heel Hook","Deadly Poison"],"picked":"SKIP","floor":19},{"not_picked":["Backflip","Flying Knee","Catalyst"],"picked":"SKIP","floor":21},{"not_picked":["Tactician","Flying Knee","Concentrate"],"picked":"SKIP","floor":22},{"not_picked":["Underhanded Strike","Night Terror"],"picked":"Cloak And Dagger","floor":24},{"not_picked":["Heel Hook","Dagger Throw","Calculated Gamble+1"],"picked":"SKIP","floor":30},{"not_picked":["Poisoned Stab","Prepared"],"picked":"Cloak And Dagger","floor":32},{"not_picked":["Phantasmal Killer","Corpse Explosion"],"picked":"Storm of Steel","floor":33},{"not_picked":["Quick Slash+1","Flechettes+1","Heel Hook"],"picked":"SKIP","floor":35},{"not_picked":["Dodge and Roll","Calculated Gamble","Bouncing Flask"],"picked":"SKIP","floor":37},{"not_picked":["Eviscerate","Prepared"],"picked":"Cloak And Dagger","floor":38},{"not_picked":["Prepared","Flying Knee","Blur"],"picked":"SKIP","floor":39},{"not_picked":["Reflex","Slice","Quick Slash"],"picked":"SKIP","floor":41},{"not_picked":["Well Laid Plans+1","Sucker Punch+1","Endless Agony"],"picked":"Footwork+1","floor":42},{"not_picked":["Phantasmal Killer","Flechettes","Deadly Poison+1"],"picked":"Blade Dance","floor":45},{"not_picked":["Catalyst+1","Masterful Stab","Prepared","Flying Knee+1"],"picked":"SKIP","floor":46},{"not_picked":["Poisoned Stab","Underhanded Strike+1","Acrobatics","Prepared"],"picked":"SKIP","floor":47},{"not_picked":["Flechettes","Terror","Glass Knife","PiercingWail+1"],"picked":"SKIP","floor":48}],"player_experience":954597,"relics_obtained":[{"floor":4,"key":"Matryoshka"},{"floor":8,"key":"Dead Branch"},{"floor":9,"key":"Nunchaku"},{"floor":9,"key":"White Beast Statue"},{"floor":13,"key":"Ninja Scroll"},{"floor":20,"key":"Bag of Preparation"},{"floor":20,"key":"Eternal Feather"},{"floor":24,"key":"Letter Opener"},{"floor":26,"key":"Tingsha"},{"floor":27,"key":"Dream Catcher"},{"floor":31,"key":"PreservedInsect"},{"floor":41,"key":"Question Card"},{"floor":43,"key":"Kunai"}],"event_choices":[{"damage_healed":0,"gold_gain":0,"player_choice":"Ignored","damage_taken":0,"max_hp_gain":0,"max_hp_loss":0,"event_name":"Liars Game","floor":2,"gold_loss":0},{"damage_healed":0,"gold_gain":0,"player_choice":"Grow","damage_taken":0,"max_hp_gain":0,"max_hp_loss":0,"event_name":"Living Wall","floor":3,"gold_loss":0,"cards_upgraded":["Blade Dance"]},{"cards_removed":["Strike_G"],"damage_healed":0,"gold_gain":0,"player_choice":"Offered Basic","damage_taken":0,"max_hp_gain":0,"max_hp_loss":0,"event_name":"Bonfire Elementals","floor":11,"gold_loss":0},{"damage_healed":0,"gold_gain":0,"player_choice":"Ignored","damage_taken":0,"max_hp_gain":0,"max_hp_loss":0,"event_name":"Vampires","floor":25,"gold_loss":0},{"damage_healed":0,"gold_gain":0,"player_choice":"Shed Blood","damage_taken":21,"max_hp_gain":5,"max_hp_loss":0,"event_name":"Forgotten Altar","floor":29,"gold_loss":0}],"is_beta":false,"boss_relics":[{"not_picked":["SacredBark","Cursed Key"],"picked":"WristBlade"},{"not_picked":["Velvet Choker","Pandora\u0027s Box","Astrolabe"]}],"items_purged_floors":[],"is_endless":false,"potions_floor_spawned":[12,13,14,16,18,19,21,22,24,30,33,35,37,38,39,41,42,45,46,47,48],"ascension_level":12}}