{"host":"r53pw7z744tg3fxg","time":1611091279,"event":{"mods":["AchievementEnabler","BaseMod","Colored Map","Colored Powertips","Highlight Path","Minty Spire (QoL Compilation)","Quick Restart","Transform Curses"],"gold_per_floor":[116,133,133,156,170,170,208,221,221,221,221,255,270,285,285,379,379,397,417,440,474,474,474,84,84,110,154,170,188,24,149,149,149,149],"floor_reached":33,"language":"ENG","playtime":1795,"items_purged":["Injury"],"score":592,"play_id":"4129d122-367b-468e-b853-0861723e087f","local_time":"20210119142119","is_ascension_mode":true,"campfire_choices":[{"floor":6.0,"key":"REST"},{"floor":10.0,"key":"REST"},{"data":"Prostrate","floor":15.0,"key":"SMITH"},{"floor":23.0,"key":"REST"},{"floor":25.0,"key":"REST"},{"floor":32.0,"key":"REST"}],"circlet_count":0,"master_deck":["AscendersBane","Strike_P","Strike_P+1","Strike_P","Strike_P","Defend_P","Defend_P","Defend_P","Defend_P","Eruption+1","Vigilance","SashWhip+1","Swivel","CarveReality","EmptyBody","FlyingSleeves","Conclude","Sanctity","Prostrate+1","JustLucky+1","Ragnarok+1","CurseOfTheBell","Tantrum+1","FollowUp+1","SpiritShield","Brilliance+1","ForeignInfluence","CrushJoints+1","ClearTheMind"],"relics":["PureWater","Golden Idol","Whetstone","Molten Egg 2","Boot","Calling Bell","Smiling Mask","TeardropLocket","Pocketwatch","Red Mask","Mummified Hand","ClockworkSouvenir","Bag of Preparation","PreservedInsect","Dead Branch","Tiny Chest","FossilizedHelix","White Beast Statue"],"acts_visited":["Exordium","TheCity"],"potions_floor_usage":[33],"damage_taken":[{"damage":0.0,"enemies":"Cultist","floor":1.0,"turns":2.0},{"damage":0.0,"enemies":"2 Louse","floor":2.0,"turns":2.0},{"damage":8.0,"enemies":"Small Slimes","floor":4.0,"turns":3.0},{"damage":6.0,"enemies":"Exordium Wildlife","floor":5.0,"turns":3.0},{"damage":14.0,"enemies":"3 Sentries","floor":7.0,"turns":11.0},{"damage":11.0,"enemies":"Lots of Slimes","floor":8.0,"turns":4.0},{"damage":6.0,"enemies":"Gremlin Nob","floor":12.0,"turns":3.0},{"damage":1.0,"enemies":"Red Slaver","floor":13.0,"turns":3.0},{"damage":3.0,"enemies":"Exordium Wildlife","floor":14.0,"turns":5.0},{"damage":0.0,"enemies":"Slime Boss","floor":16.0,"turns":6.0},{"damage":9.0,"enemies":"Shell Parasite","floor":18.0,"turns":4.0},{"damage":9.0,"enemies":"2 Thieves","floor":19.0,"turns":3.0},{"damage":30.0,"enemies":"Centurion and Healer","floor":20.0,"turns":6.0},{"damage":0.0,"enemies":"Masked Bandits","floor":21.0,"turns":2.0},{"damage":24.0,"enemies":"Book of Stabbing","floor":27.0,"turns":5.0},{"damage":0.0,"enemies":"3 Cultists","floor":28.0,"turns":2.0},{"damage":15.0,"enemies":"Chosen and Byrds","floor":29.0,"turns":2.0},{"damage":0.0,"enemies":"Colosseum Slavers","floor":31.0,"turns":2.0},{"damage":0.0,"enemies":"Colosseum Nobs","floor":31.0,"turns":2.0},{"damage":68,"enemies":"Collector","floor":33,"turns":5}],"seed_played":"-5282327238231897535","potions_obtained":[{"floor":2.0,"key":"LiquidBronze"},{"floor":4.0,"key":"DuplicationPotion"},{"floor":8.0,"key":"Energy Potion"},{"floor":13.0,"key":"BlessingOfTheForge"},{"floor":14.0,"key":"Ancient Potion"},{"floor":18.0,"key":"Explosive Potion"},{"floor":20.0,"key":"Energy Potion"},{"floor":27.0,"key":"LiquidMemories"},{"floor":31.0,"key":"Dexterity Potion"}],"is_trial":false,"path_per_floor":["M","M","?","M","M","R","E","M","T","R","?","E","M","M","R","B",null,"M","M","M","?","T","R","$","R","T","E","M","M","$","?","R","B"],"character_chosen":"WATCHER","items_purchased":["ClockworkSouvenir","Bag of Preparation","Tiny Chest"],"campfire_rested":5,"item_purchase_floors":[24,24,30],"current_hp_per_floor":[61,61,61,53,47,67,53,42,42,62,62,56,55,52,52,52,64,55,46,16,16,16,36,36,56,56,32,32,17,17,17,37,0,0],"gold":149,"neow_bonus":"UPGRADE_CARD","is_daily":false,"chose_seed":false,"campfire_upgraded":1,"win_rate":0.0,"timestamp":1611091279,"path_taken":["M","M","?","M","M","R","E","M","T","R","?","E","M","M","R","BOSS","M","M","M","?","?","R","$","R","T","E","M","?","?","?","R","BOSS"],"items_purchased_type":["Relic","Relic","Relic"],"build_version":"2020-12-22","purchased_purges":1,"victory":false,"max_hp_per_floor":[68,68,68,68,68,68,68,68,68,68,68,68,68,68,68,68,68,68,68,68,68,68,68,68,68,68,68,68,68,68,68,68,68,68],"card_choices":[{"not_picked":["JustLucky","Protect"],"picked":"SashWhip","floor":1.0},{"not_picked":["SandsOfTime","EmptyMind"],"picked":"Swivel","floor":2.0},{"not_picked":["Evaluate","PathToVictory"],"picked":"CarveReality","floor":4.0},{"not_picked":["Crescendo","FlurryOfBlows"],"picked":"EmptyBody","floor":5.0},{"not_picked":["Crescendo","EmptyBody"],"picked":"FlyingSleeves","floor":7.0},{"not_picked":["Protect","Swivel"],"picked":"Conclude","floor":8.0},{"not_picked":["Omniscience","WreathOfFlame"],"picked":"Sanctity","floor":12.0},{"not_picked":["Halt","EmptyFist+1"],"picked":"Prostrate","floor":13.0},{"not_picked":["Meditate","Fasting2"],"picked":"JustLucky+1","floor":14.0},{"not_picked":["LessonLearned+1","Alpha"],"picked":"Ragnarok+1","floor":16.0},{"not_picked":["SashWhip+1","ClearTheMind"],"picked":"Tantrum+1","floor":18.0},{"not_picked":["CrushJoints+1","Collect","SashWhip+1"],"picked":"SKIP","floor":19.0},{"not_picked":["Sanctity","JustLucky+1"],"picked":"FollowUp+1","floor":20.0},{"not_picked":["FollowUp+1","Halt"],"picked":"SpiritShield","floor":21.0},{"not_picked":["JustLucky+1","Fasting2"],"picked":"Brilliance+1","floor":27.0},{"not_picked":["Weave+1","ThirdEye"],"picked":"ForeignInfluence","floor":28.0},{"not_picked":["EmptyFist+1","ForeignInfluence"],"picked":"CrushJoints+1","floor":29.0},{"not_picked":["JustLucky+1","Adaptation"],"picked":"ClearTheMind","floor":31.0}],"player_experience":1313973,"relics_obtained":[{"floor":7.0,"key":"Whetstone"},{"floor":9.0,"key":"Molten Egg 2"},{"floor":12.0,"key":"Boot"},{"floor":17.0,"key":"Smiling Mask"},{"floor":17.0,"key":"TeardropLocket"},{"floor":17.0,"key":"Pocketwatch"},{"floor":21.0,"key":"Red Mask"},{"floor":22.0,"key":"Mummified Hand"},{"floor":26.0,"key":"PreservedInsect"},{"floor":27.0,"key":"Dead Branch"},{"floor":31.0,"key":"FossilizedHelix"},{"floor":31.0,"key":"White Beast Statue"}],"event_choices":[{"damage_healed":0.0,"max_hp_gain":0.0,"max_hp_loss":0.0,"gold_gain":0.0,"event_name":"Golden Idol","player_choice":"Take Wound","floor":3.0,"gold_loss":0.0,"damage_taken":0.0,"relics_obtained":["Golden Idol"],"cards_obtained":["Injury"]},{"damage_healed":0.0,"max_hp_gain":0.0,"max_hp_loss":0.0,"gold_gain":0.0,"event_name":"Liars Game","player_choice":"Ignored","floor":11.0,"gold_loss":0.0,"damage_taken":0.0},{"damage_healed":0.0,"max_hp_gain":0.0,"max_hp_loss":0.0,"gold_gain":0.0,"event_name":"Masked Bandits","player_choice":"Fought Bandits","floor":21.0,"gold_loss":0.0,"damage_taken":0.0},{"damage_healed":0.0,"max_hp_gain":0.0,"max_hp_loss":0.0,"gold_gain":0.0,"event_name":"Colosseum","player_choice":"Fight","floor":31.0,"gold_loss":0.0,"damage_taken":0.0},{"damage_healed":0.0,"max_hp_gain":0.0,"max_hp_loss":0.0,"gold_gain":0.0,"event_name":"Colosseum","player_choice":"Fought Nobs","floor":31.0,"gold_loss":0.0,"damage_taken":0.0}],"is_beta":false,"boss_relics":[{"not_picked":["Ectoplasm","Tiny House"],"picked":"Calling Bell"}],"items_purged_floors":[24],"is_endless":false,"potions_floor_spawned":[2,4,8,13,14,18,20,27,31,31],"killed_by":"Collector","ascension_level":16}}