{"host":"79xc9gyszz0y96gi","time":1611073576,"event":{"mods":["BaseMod","Better Altar","Better Match","Better Sensory Stone","Better Skull","Better Third Choice","Better Vampires","BetterRewards","Block Reminder","Colored Powertips","Displayed Cursed Tome","Dota2Spire","Downfall","Energized Spire","GifTheSpireLib","Googly Eyes","Infinite Spire","Minty Spire (QoL Compilation)","Quick Restart","Rare Cards Sparkle","Retaliation","Shop Mod","StSLib","Stuff the Spire"],"gold_per_floor":[118,138,158,208,228,261,261,295,364,384,18,34,34,53,53,151,151,162,174,186,186,199,230,46,46,46,64,81,81,100,113,113,218,218,229,32,32,50,69,69,169,169,193,193,206,206,0,19,19,19],"floor_reached":51,"language":"ENG","playtime":1774,"items_purged":[],"score":885,"play_id":"e8e8d243-1707-4a67-bed1-608a3d6e7dd8","local_time":"20210119112616","is_ascension_mode":false,"campfire_choices":[{"data":"Disarm","floor":7.0,"key":"SMITH"},{"data":"Perfected Strike","floor":15.0,"key":"SMITH"},{"data":"Bludgeon","floor":29.0,"key":"SMITH"},{"data":"Armaments","floor":32.0,"key":"SMITH"},{"data":"Immolate","floor":40,"key":"SMITH"},{"data":"Armaments","floor":42,"key":"SMITH"},{"data":"Shockwave","floor":44,"key":"SMITH"},{"data":"Inflame","floor":49,"key":"SMITH"}],"circlet_count":0,"master_deck":["Strike_R","Strike_R","Strike_R","Strike_R","Strike_R","Defend_R","Defend_R","Defend_R","Defend_R","Metallicize","Inflame+1","Heavy Blade","Perfected Strike+1","Disarm+1","Offering","Disarm","Spot Weakness","Bludgeon+1","Shrug It Off","Infernal Blade","Twin Strike","Flex+1","Shockwave+1","Armaments+1","Bash","Immolate+1","Armaments+1","Spot Weakness+1","Cleave+1","Disarm"],"relics":["Burning Blood","infinitespire:Joker Card","Dota2Spire:OrchidMalevolence","Dota2Spire:ArcaneBoots","Mango","Ornamental Fan","StuffTheSpire:Mouthbags","StuffTheSpire:Experiment12","StuffTheSpire:Gunfinga","energizedSpire:MagnifyingGlass","Dota2Spire:MagicBottle","Bronze Scales","Art of War","Dota2Spire:BattleFury","Mark of Pain","Boot","StuffTheSpire:HeavyRock","Potion Belt","Red Mask"],"acts_visited":["Exordium","TheCity","TheBeyond"],"potions_floor_usage":[33,50],"damage_taken":[{"damage":5.0,"enemies":"2 Louse","floor":1.0,"turns":3.0},{"damage":3.0,"enemies":"Cultist","floor":2.0,"turns":3.0},{"damage":6.0,"enemies":"Jaw Worm","floor":3.0,"turns":3.0},{"damage":20.0,"enemies":"Exordium Thugs","floor":5.0,"turns":5.0},{"damage":11.0,"enemies":"Lagavulin","floor":6.0,"turns":7.0},{"damage":7.0,"enemies":"Gremlin Nob","floor":8.0,"turns":4.0},{"damage":14.0,"enemies":"Lots of Slimes","floor":10.0,"turns":5.0},{"damage":6.0,"enemies":"Large Slime","floor":12.0,"turns":6.0},{"damage":9.0,"enemies":"Blue Slaver","floor":14.0,"turns":2.0},{"damage":10.0,"enemies":"Hexaghost","floor":16.0,"turns":6.0},{"damage":6.0,"enemies":"Spheric Guardian","floor":18.0,"turns":3.0},{"damage":0.0,"enemies":"3 Byrds","floor":19.0,"turns":5.0},{"damage":18.0,"enemies":"3 Cultists","floor":20.0,"turns":5.0},{"damage":5.0,"enemies":"Snecko","floor":22.0,"turns":3.0},{"damage":14.0,"enemies":"Gremlin Leader","floor":23.0,"turns":8.0},{"damage":0.0,"enemies":"Sentry and Sphere","floor":27.0,"turns":3.0},{"damage":7.0,"enemies":"Snake Plant","floor":28.0,"turns":4.0},{"damage":4.0,"enemies":"Cultist and Chosen","floor":30.0,"turns":3.0},{"damage":6.0,"enemies":"Sentry and Sphere","floor":31.0,"turns":2.0},{"damage":9,"enemies":"Automaton","floor":33,"turns":5},{"damage":0,"enemies":"3 Shapes","floor":35,"turns":2},{"damage":4,"enemies":"3 Darklings","floor":38,"turns":2},{"damage":0,"enemies":"4 Shapes","floor":39,"turns":1},{"damage":9,"enemies":"Jaw Worm Horde","floor":45,"turns":3},{"damage":7,"enemies":"3 Darklings","floor":48,"turns":3},{"damage":37,"enemies":"infinitespire:MassOfShapes","floor":50,"turns":9}],"seed_played":"-1143317093803332729","potions_obtained":[{"floor":8.0,"key":"DDmod:CleansePotion"},{"floor":10.0,"key":"Block Potion"},{"floor":12.0,"key":"DuplicationPotion"},{"floor":14.0,"key":"HeartOfIron"},{"floor":22.0,"key":"DuplicationPotion"},{"floor":38,"key":"Energy Potion"},{"floor":48,"key":"PowerPotion"}],"is_trial":false,"path_per_floor":["M","M","M","?","M","E","R","E","T","M","$","M","?","M","R","B",null,"M","M","M","?","M","E","$","AVR","T","M","M","R","M","M","R","B",null,"M","$","?","M","M","R","?","R","T","R","M","AVR","?","M","R","B",null],"character_chosen":"IRONCLAD","items_purchased":["Dota2Spire:OrchidMalevolence","Metallicize","Spot Weakness","StuffTheSpire:Mouthbags","StuffTheSpire:Experiment12","Shockwave","Bronze Scales","Armaments","Boot"],"campfire_rested":0,"item_purchase_floors":[0,0,11,11,11,24,24,36,36],"current_hp_per_floor":[52,55,55,55,41,36,36,49,49,41,41,41,41,38,38,34,94,94,94,82,82,83,75,75,75,75,81,80,80,82,82,82,79,94,94,94,94,94,94,94,94,94,94,94,91,91,91,90,90,59],"gold":19,"neow_bonus":"","is_daily":false,"chose_seed":false,"campfire_upgraded":8,"win_rate":0.0,"timestamp":1611073576,"path_taken":["M","M","M","?","M","E","R","E","T","M","$","M","?","M","R","BOSS","M","M","?","?","M","E","?","AVR","T","M","?","R","M","M","R","BOSS","M","$","?","M","M","R","?","R","T","R","?","AVR","?","M","R","BOSS"],"items_purchased_type":["Relic","Card","Card","Relic","Relic","Card","Relic","Card","Relic"],"build_version":"2020-12-22","purchased_purges":0,"victory":true,"max_hp_per_floor":[80,80,80,80,80,80,80,94,94,94,94,94,94,94,94,94,94,94,94,94,94,94,94,94,94,94,94,94,94,94,94,94,94,94,94,94,94,94,94,94,94,94,94,94,94,94,94,94,94,94],"card_choices":[{"not_picked":["Warcry","Bloodletting"],"picked":"Inflame","floor":1.0},{"not_picked":["DDmod:SpikeMailSkill","Feel No Pain"],"picked":"Heavy Blade","floor":2.0},{"not_picked":["Heavy Blade","Warcry"],"picked":"Perfected Strike","floor":3.0},{"not_picked":["Sever Soul","Havoc"],"picked":"Disarm","floor":5.0},{"not_picked":["Body Slam","Armaments"],"picked":"Offering","floor":6.0},{"not_picked":["Perfected Strike","Brutality","Havoc"],"picked":"SKIP","floor":8.0},{"not_picked":["Perfected Strike","Brutality","Havoc"],"picked":"SKIP","floor":8.0},{"not_picked":["Searing Blow","Pommel Strike"],"picked":"Disarm","floor":10.0},{"not_picked":["Headbutt","Burning Pact","Thunderclap"],"picked":"SKIP","floor":12.0},{"not_picked":["StuffTheSpire:RagingBull","StuffTheSpire:Resist","StuffTheSpire:Slingshot"],"picked":"SKIP","floor":14.0},{"not_picked":["Impervious","Reaper"],"picked":"Bludgeon","floor":16.0},{"not_picked":["True Grit","Wild Strike"],"picked":"Shrug It Off","floor":18.0},{"not_picked":["DDmod:EasePowerCard","Entrench+1"],"picked":"Infernal Blade","floor":19.0},{"not_picked":["StuffTheSpire:Incineration+1","DDmod:CallousedSkill+1","infinitespire:OneForAll"],"picked":"SKIP","floor":20.0},{"not_picked":["Intimidate","Second Wind"],"picked":"Twin Strike","floor":22.0},{"not_picked":["Corruption","DDmod:RechargeSkill"],"picked":"Flex+1","floor":23.0},{"not_picked":["Sentinel","infinitespire:OneForAll","Blood for Blood"],"picked":"SKIP","floor":27.0},{"not_picked":["Thunderclap","StuffTheSpire:Slingshot","Twin Strike+1"],"picked":"SKIP","floor":28.0},{"not_picked":["DDmod:CallousedSkill","DDmod:UnstoppableAttack"],"picked":"Armaments","floor":30.0},{"not_picked":["StuffTheSpire:BloodClot+1","Hemokinesis+1","Iron Wave"],"picked":"SKIP","floor":31.0},{"not_picked":["DDmod:RechargeSkill","Corruption"],"picked":"Immolate","floor":33},{"not_picked":["DDmod:PokeAttack+1","DDmod:EasePowerCard+1","DDmod:SpikeMailSkill"],"picked":"SKIP","floor":35},{"not_picked":["StuffTheSpire:RockThrow+1","Pummel+1"],"picked":"Spot Weakness+1","floor":38},{"not_picked":["Havoc","StuffTheSpire:BloodClot"],"picked":"Cleave+1","floor":39},{"not_picked":["StuffTheSpire:Slingshot","Iron Wave","Warcry"],"picked":"SKIP","floor":45},{"not_picked":["Battle Trance+1","Rage+1"],"picked":"Disarm","floor":48}],"player_experience":533178,"relics_obtained":[{"floor":6.0,"key":"Dota2Spire:ArcaneBoots"},{"floor":8.0,"key":"Mango"},{"floor":9.0,"key":"Ornamental Fan"},{"floor":23.0,"key":"Dota2Spire:MagicBottle"},{"floor":26.0,"key":"Dota2Spire:BattleFury"},{"floor":43,"key":"StuffTheSpire:HeavyRock"}],"event_choices":[{"damage_healed":0.0,"max_hp_gain":0.0,"max_hp_loss":0.0,"gold_gain":50.0,"event_name":"Golden Wing","player_choice":"Gained Gold","floor":4.0,"gold_loss":0.0,"damage_taken":0.0},{"damage_healed":0.0,"max_hp_gain":0.0,"max_hp_loss":0.0,"gold_gain":0.0,"event_name":"WeMeetAgain","player_choice":"Gave Potion","floor":13.0,"gold_loss":0.0,"damage_taken":0.0,"relics_obtained":["StuffTheSpire:Gunfinga"]},{"damage_healed":0,"gold_gain":100,"player_choice":"Pray","damage_taken":0,"max_hp_gain":0,"max_hp_loss":0,"event_name":"Golden Shrine","floor":41,"gold_loss":0},{"damage_healed":0,"gold_gain":0,"player_choice":"Paid","damage_taken":0,"relics_obtained":["Red Mask"],"max_hp_gain":0,"max_hp_loss":0,"event_name":"Tomb of Lord Red Mask","floor":47,"gold_loss":206}],"is_beta":false,"boss_relics":[{"not_picked":["Snecko Eye","SacredBark"],"picked":"energizedSpire:MagnifyingGlass"},{"not_picked":["Velvet Choker","Philosopher\u0027s Stone"],"picked":"Mark of Pain"}],"items_purged_floors":[],"is_endless":false,"potions_floor_spawned":[8,10,12,14,16,19,20,22,23,28,38,39,48],"ascension_level":0}}