{"host":"ln76an1o32p2wxtf","time":1611069618,"event":{"mods":["AchievementEnabler","Act Like it!","BaseMod","BetterRewards","Colored Powertips","Energized Spire","GifTheSpireLib","Infinite Spire","Minty Spire (QoL Compilation)","Shop Mod","StSLib"],"gold_per_floor":[110,120,137,137,148,180,195,227,227,227,255,272,306,3,3,105,105,116,134,151,151,151,183,198,198,198],"floor_reached":25,"language":"ENG","playtime":1164,"items_purged":["Strike_R"],"score":347,"play_id":"a64743fd-e463-40bc-8d82-da03790e0f71","local_time":"20210119232018","is_ascension_mode":true,"campfire_choices":[{"data":"Armaments","floor":10,"key":"SMITH"},{"floor":15,"key":"RECALL"}],"circlet_count":0,"master_deck":["Strike_R","Strike_R","Strike_R","Strike_R","Defend_R","Defend_R","Defend_R","Defend_R","Bash+1","Bludgeon+1","Armaments+1","Inflame","Pummel","Flex","Metallicize","Offering","Flex+1","Ghostly Armor+1","Dual Wield","Berserk","infinitespire:OneForAll+1","Inflame"],"relics":["Coffee Dripper","Oddly Smooth Stone","Whetstone","Red Skull","Shuriken","Potion Belt","Bronze Scales","energizedSpire:DeadBattery","InkBottle"],"acts_visited":["Exordium","TheCity"],"potions_floor_usage":[25],"damage_taken":[{"damage":1,"enemies":"Cultist","floor":1,"turns":3},{"damage":0,"enemies":"Small Slimes","floor":2,"turns":3},{"damage":0,"enemies":"2 Louse","floor":3,"turns":3},{"damage":0,"enemies":"Looter","floor":5,"turns":2},{"damage":10,"enemies":"Gremlin Nob","floor":6,"turns":3},{"damage":1,"enemies":"Blue Slaver","floor":7,"turns":3},{"damage":12,"enemies":"Lagavulin","floor":8,"turns":4},{"damage":0,"enemies":"Gremlin Nob","floor":11,"turns":2},{"damage":7,"enemies":"Exordium Thugs","floor":12,"turns":4},{"damage":3,"enemies":"Lagavulin","floor":13,"turns":3},{"damage":0,"enemies":"The Guardian","floor":16,"turns":6},{"damage":16,"enemies":"2 Thieves","floor":18,"turns":3},{"damage":6,"enemies":"Shell Parasite","floor":19,"turns":2},{"damage":6,"enemies":"Centurion and Healer","floor":20,"turns":3},{"damage":35,"enemies":"Slavers","floor":23,"turns":6},{"damage":5,"enemies":"Snecko","floor":24,"turns":3},{"damage":14,"enemies":"Book of Stabbing","floor":25,"turns":3}],"seed_played":"-173642875322862967","potions_obtained":[{"floor":1,"key":"CultistPotion"},{"floor":2,"key":"ElixirPotion"},{"floor":11,"key":"Ancient Potion"},{"floor":12,"key":"AttackPotion"},{"floor":16,"key":"GamblersBrew"},{"floor":19,"key":"Ancient Potion"},{"floor":20,"key":"Dexterity Potion"}],"is_trial":false,"path_per_floor":["M","M","M","?","M","E","M","E","T","R","E","M","E","$","R","B",null,"M","M","M","?","?","E","M","E"],"character_chosen":"IRONCLAD","items_purchased":["Metallicize","Bronze Scales"],"campfire_rested":0,"item_purchase_floors":[14,14],"current_hp_per_floor":[79,79,79,79,79,69,68,56,56,56,56,49,46,46,46,46,80,64,58,52,52,52,17,12,0,0],"gold":198,"neow_bonus":"BOSS_RELIC","is_daily":false,"chose_seed":false,"campfire_upgraded":1,"win_rate":0.0,"timestamp":1611069618,"path_taken":["M","?","M","?","M","E","M","E","T","R","E","?","E","$","R","BOSS","M","M","M","?","?","E","M","E"],"items_purchased_type":["Card","Relic"],"build_version":"2020-12-22","purchased_purges":1,"victory":false,"max_hp_per_floor":[80,80,80,80,80,80,80,80,80,80,80,80,80,80,80,80,80,80,80,80,80,80,80,80,80,80],"card_choices":[{"not_picked":["Blood for Blood","Warcry","True Grit"],"picked":"SKIP","floor":1},{"not_picked":["Anger","True Grit"],"picked":"Bludgeon","floor":2},{"not_picked":["Shrug It Off","Sword Boomerang"],"picked":"Armaments","floor":3},{"not_picked":["Sentinel","Wild Strike"],"picked":"Inflame","floor":5},{"not_picked":["Clothesline","Rupture","Heavy Blade"],"picked":"SKIP","floor":6},{"not_picked":["Clash","Pommel Strike","Thunderclap"],"picked":"SKIP","floor":7},{"not_picked":["Sword Boomerang","Thunderclap","Heavy Blade"],"picked":"SKIP","floor":8},{"not_picked":["Thunderclap","Power Through"],"picked":"Pummel","floor":11},{"not_picked":["Flex","Clash","Armaments"],"picked":"SKIP","floor":12},{"not_picked":["Flame Barrier","Burning Pact"],"picked":"Flex","floor":13},{"not_picked":["Exhume","Corruption"],"picked":"Offering","floor":16},{"not_picked":["Warcry","Sever Soul"],"picked":"Flex+1","floor":18},{"not_picked":["Wild Strike","True Grit"],"picked":"Ghostly Armor+1","floor":19},{"not_picked":["Flex","Perfected Strike"],"picked":"Dual Wield","floor":20},{"not_picked":["Searing Blow","Brutality"],"picked":"infinitespire:OneForAll+1","floor":23},{"not_picked":["Wild Strike","Sword Boomerang"],"picked":"Inflame","floor":24}],"player_experience":743906,"relics_obtained":[{"floor":6,"key":"Whetstone"},{"floor":8,"key":"Red Skull"},{"floor":11,"key":"Shuriken"},{"floor":13,"key":"Potion Belt"},{"floor":23,"key":"InkBottle"}],"event_choices":[{"damage_healed":0,"gold_gain":0,"player_choice":"Gave Potion","damage_taken":0,"relics_obtained":["Oddly Smooth Stone"],"max_hp_gain":0,"max_hp_loss":0,"event_name":"WeMeetAgain","floor":4,"gold_loss":0},{"damage_healed":0,"gold_gain":0,"player_choice":"Read","damage_taken":0,"max_hp_gain":0,"max_hp_loss":0,"event_name":"The Library","floor":21,"gold_loss":0,"cards_obtained":["Berserk"]},{"damage_healed":0,"gold_gain":0,"player_choice":"Ignored","damage_taken":0,"max_hp_gain":0,"max_hp_loss":0,"event_name":"Cursed Tome","floor":22,"gold_loss":0}],"is_beta":false,"boss_relics":[{"not_picked":["infinitespire:Burning Sword","Astrolabe"],"picked":"energizedSpire:DeadBattery"}],"items_purged_floors":[14],"is_endless":false,"potions_floor_spawned":[1,2,11,12,16,19,20],"killed_by":"Book of Stabbing","ascension_level":1}}