{"host":"61ejhfsushs0xmcl","time":1611056943,"event":{"mods":["ATMod(°¢èªMod)","Act Like it!","BaseMod","Colored Map","Downfall","Gold Saver","Minty Spire (QoL Compilation)","MostiFishMod","Spicy Shops","StSLib","TestMod","¡¾ÒÅÎï¿¨ÅÆ¡¿REMEMod","óô»ðÖ¸ÄÏ"],"gold_per_floor":[2175,2191,2191,2191,2203,1890,1965,1765,1799,1813,1193,1193,1193,1227,1248,1357,1357,1357,1372,1388,875,884,884,884,884,909,919,941,955,789,804,822,926,935,935,964,964,981,981,981,981,981,660,673,705,724,724,767,777,777,777,805,40,40,148,163],"floor_reached":57,"language":"ZHS","playtime":3149,"items_purged":["bronze:Strike","bronze:Defend","bronze:Strike","Doubt","bronze:Replicate","AT_WindFlip+1","bronze:AlphaBuild+1"],"score":2192,"play_id":"94f37a93-d50b-489a-8cd1-980f538e2044","local_time":"20210119194903","is_ascension_mode":false,"campfire_choices":[{"floor":1.0,"key":"RECALL"},{"data":"AT_WindFlip","floor":8.0,"key":"SMITH"},{"data":"bronze:RecursiveStrike","floor":18.0,"key":"SMITH"},{"data":"bronze:FineTuning","floor":23.0,"key":"SMITH"},{"data":"bronze:HardenedForm","floor":25.0,"key":"SMITH"},{"data":"bronze:FineTuning","floor":35,"key":"SMITH"},{"data":"bronze:Boost","floor":40,"key":"SMITH"},{"data":"bronze:Goto","floor":42,"key":"SMITH"},{"data":"bronze:AlphaBuild","floor":47,"key":"SMITH"},{"data":"bronze:Verify","floor":54,"key":"SMITH"}],"circlet_count":0,"master_deck":["bronze:Goto+1","bronze:Repair+1","bronze:ChosenStrike+1","bronze:Return+1","bronze:HardenedForm+1","bronze:FineTuning+1","bronze:RecursiveStrike+1","bronze:FineTuning+1","bronze:Boost+1","bronze:Verify+1","CurseOfTheBell","bronze:Iterate+1","bronze:RecursiveStrike+1"],"relics":["bronze:BronzeCore","testmod-TestBox","DaveBox","AT_ATBox","REME_ComplimentaryCards","testmod-Justice","Dodecahedron","CeramicFish","ClockworkSouvenir","downfall:HeartBlessingRed","downfall:HeartBlessingBlue","Tiny Chest","downfall:HeartBlessingGreen","Orichalcum","Juzu Bracelet","Smiling Mask","ChiXiaoBlade","AT_ChloranthyRing","DollysMirror","Happy Flower","Calipers","AT_RedTearstoneRing","Whetstone","AT_BellDemon","Blue Candle","Singing Bowl","War Paint","Calling Bell","Pear","testmod-Alchemist","testmod-AssaultLearning","BionicSphere","AT_ForceNature","Meat on the Bone","Bag of Marbles","Bag of Preparation","Guardian:PocketSentry","testmod-OneHitWonder","testmod-Hope","HornCleat","Molten Egg 2","testmod-ArcanaOfDestiny","REME_ArchaeologicalTools","Nunchaku","Civilization","AT_SpeedBoots","InkBottle","Anchor"],"acts_visited":["Exordium","TheCity","TheBeyond","TheEnding"],"potions_floor_usage":[31,38,49,56,56,56,56,56],"damage_taken":[{"damage":0.0,"enemies":"Cultist","floor":2.0,"turns":3.0},{"damage":0.0,"enemies":"Small Slimes","floor":5.0,"turns":2.0},{"damage":0.0,"enemies":"downfall:FleeingMerchant","floor":6.0,"turns":4.0},{"damage":22.0,"enemies":"Lagavulin","floor":9.0,"turns":6.0},{"damage":1.0,"enemies":"Jaw Worm","floor":10.0,"turns":2.0},{"damage":0.0,"enemies":"Gremlin Nob","floor":14.0,"turns":3.0},{"damage":0.0,"enemies":"Lots of Slimes","floor":15.0,"turns":1.0},{"damage":20.0,"enemies":"DF_ARCHETYPE_STREAMLINE","floor":16.0,"turns":8.0},{"damage":0.0,"enemies":"Spheric Guardian","floor":19.0,"turns":2.0},{"damage":19.0,"enemies":"Cultist and Chosen","floor":20.0,"turns":5.0},{"damage":9.0,"enemies":"downfall:FleeingMerchant","floor":21.0,"turns":4.0},{"damage":5.0,"enemies":"REME_1_Revenger","floor":26.0,"turns":3.0},{"damage":0.0,"enemies":"Snecko","floor":27.0,"turns":2.0},{"damage":5.0,"enemies":"Chosen and Byrds","floor":28.0,"turns":3.0},{"damage":4.0,"enemies":"Cultist and Chosen","floor":29.0,"turns":3.0},{"damage":0.0,"enemies":"downfall:FleeingMerchant","floor":30.0,"turns":3.0},{"damage":0,"enemies":"Centurion and Healer","floor":31,"turns":2},{"damage":0,"enemies":"Snake Plant","floor":32,"turns":2},{"damage":40,"enemies":"IC_MUSHROOM_ARCHETYPE","floor":33,"turns":4},{"damage":31,"enemies":"Orb Walker","floor":36,"turns":3},{"damage":19,"enemies":"3 Shapes","floor":38,"turns":3},{"damage":0,"enemies":"Jaw Worm Horde","floor":44,"turns":2},{"damage":0,"enemies":"Nemesis","floor":45,"turns":1},{"damage":19,"enemies":"Transient","floor":46,"turns":5},{"damage":0,"enemies":"Giant Head","floor":48,"turns":4},{"damage":3,"enemies":"4 Shapes","floor":49,"turns":5},{"damage":0,"enemies":"WA_ARCHETYPE_DIVINITY","floor":50,"turns":3},{"damage":0,"enemies":"downfall:CharBossMerchant","floor":52,"turns":3},{"damage":0,"enemies":"downfall:NeowBoss","floor":55,"turns":4},{"damage":28,"enemies":"downfall:NeowBossFinal","floor":56,"turns":3}],"seed_played":"9157803422894882024","potions_obtained":[{"floor":9.0,"key":"champ:CounterPotion"},{"floor":12.0,"key":"Swift Potion"},{"floor":12.0,"key":"Slimebound:ThreeZeroPotion"},{"floor":14.0,"key":"PowerPotion"},{"floor":16.0,"key":"testmod-TestPotion"},{"floor":32,"key":"SpeedPotion"},{"floor":46,"key":"Fire Potion"},{"floor":48,"key":"bronze:BurnAndBuffPotion"},{"floor":49,"key":"champ:CounterPotion"}],"is_trial":false,"path_per_floor":["R","M","?","?","M","$","T","R","E","M","R","?","?","E","M","B",null,"R","M","M","$","?","R","T","R","E","M","M","M","$","M","M","B",null,"R","M","T","M","?","R","T","R","$","M","E","M","R","E","M","B",null,"E","$","R","B","B",null],"character_chosen":"THE_AUTOMATON","items_purchased":["CeramicFish","ClockworkSouvenir","testmod-SpacePotion","Orichalcum","Juzu Bracelet","PowerPotion","AT_ChloranthyRing","DollysMirror","Happy Flower","Whetstone","AT_BellDemon","PowerPotion","Meat on the Bone","Bag of Marbles","Civilization","AT_SpeedBoots","InkBottle","Anchor"],"campfire_rested":0,"item_purchase_floors":[6,6,11,11,11,11,21,21,21,30,30,30,43,43,53,53,53,53],"current_hp_per_floor":[77,77,77,77,77,77,77,87,72,71,71,71,71,78,78,65,87,87,87,72,71,71,71,71,71,75,84,87,87,87,87,89,56,99,99,78,78,73,73,73,73,73,73,86,88,79,79,89,98,107,107,109,109,109,109,82],"gold":163,"neow_bonus":"TEN_PERCENT_HP_BONUS","is_daily":false,"chose_seed":false,"campfire_upgraded":9,"win_rate":0.0,"timestamp":1611056943,"path_taken":["R","M","?","?","M","$","T","R","E","M","R","?","?","E","M","BOSS","R","M","M","$","?","R","T","R","E","M","M","M","$","M","M","BOSS","R","M","?","M","?","R","T","R","$","M","E","M","R","E","M","BOSS","E","$","R","BOSS","BOSS"],"items_purchased_type":["Relic","Relic","Potion","Relic","Relic","Potion","Relic","Relic","Relic","Relic","Relic","Potion","Relic","Relic","Relic","Relic","Relic","Relic"],"build_version":"2020-12-22","purchased_purges":7,"victory":true,"max_hp_per_floor":[77,77,77,77,77,77,77,87,87,87,87,87,87,87,87,87,87,87,87,87,87,87,87,87,87,87,87,87,87,87,87,89,89,99,99,99,99,101,101,101,101,101,101,103,105,105,105,105,107,107,107,109,109,109,109,110],"card_choices":[{"not_picked":["bronze:CutThrough","bronze:WildBeam"],"picked":"bronze:Repair","floor":2.0},{"not_picked":["bronze:Frontload","bronze:BugBarrage","bronze:ForceShield"],"picked":"SKIP","floor":5.0},{"not_picked":["bronze:Return","bronze:Safeguard"],"picked":"bronze:ChosenStrike","floor":6.0},{"not_picked":["bronze:DelayedSlice","bronze:GetLatest"],"picked":"bronze:Return","floor":9.0},{"not_picked":["bronze:DelayedSlice","bronze:FollowUp","bronze:BitShift"],"picked":"SKIP","floor":10.0},{"not_picked":["bronze:Philosophize","bronze:CutThrough"],"picked":"bronze:HardenedForm","floor":14.0},{"not_picked":["bronze:DelayedGuard","bronze:Overheat"],"picked":"bronze:FineTuning","floor":15.0},{"not_picked":["bronze:HardenedForm","bronze:Assembly"],"picked":"bronze:RecursiveStrike","floor":16.0},{"not_picked":["bronze:Invalidate","bronze:OilSpill+1","bronze:Turbo"],"picked":"SKIP","floor":19.0},{"not_picked":["bronze:WhirlingStrike","bronze:Turbo+1","bronze:ChildClass"],"picked":"SKIP","floor":20.0},{"not_picked":["bronze:Allocate+1","bronze:BitShift","bronze:HardenedForm"],"picked":"SKIP","floor":21.0},{"not_picked":["bronze:GetLatest","bronze:Safeguard","bronze:Repulsor"],"picked":"SKIP","floor":26.0},{"not_picked":["bronze:Backtrace","bronze:MaxOutput","bronze:ItsAFeature"],"picked":"SKIP","floor":27.0},{"not_picked":["bronze:BugBarrage+1","bronze:Flail"],"picked":"bronze:Boost","floor":28.0},{"not_picked":["bronze:Branch","bronze:Philosophize","bronze:BuggyMess"],"picked":"SKIP","floor":29.0},{"not_picked":["bronze:BitShift","bronze:Turbo","bronze:Branch+1"],"picked":"SKIP","floor":31},{"not_picked":["bronze:WildBeam","bronze:DelayedSlice","bronze:Frontload"],"picked":"Singing Bowl","floor":32},{"not_picked":["bronze:RecursiveStrike","bronze:Assembly"],"picked":"bronze:Verify","floor":33},{"not_picked":["bronze:Overheat+1","bronze:ClassDefault"],"picked":"bronze:Iterate+1","floor":36},{"not_picked":["bronze:Repulsor+1","bronze:CutThrough+1","bronze:Philosophize+1"],"picked":"Singing Bowl","floor":38},{"not_picked":["bronze:Backtrace","bronze:Repair+1","bronze:Optimize"],"picked":"Singing Bowl","floor":44},{"not_picked":["bronze:ForceShield+1","bronze:BronzeArmor+1","bronze:DigitalCarnage+1"],"picked":"Singing Bowl","floor":45},{"not_picked":["bronze:Backtrace","bronze:FollowUp+1"],"picked":"bronze:AlphaBuild","floor":46},{"not_picked":["bronze:CloningBeam+1","bronze:BugBarrage+1"],"picked":"bronze:RecursiveStrike+1","floor":48},{"not_picked":["bronze:DelayedGuard","bronze:Deprecate+1","bronze:Shell"],"picked":"Singing Bowl","floor":49},{"not_picked":["bronze:Iterate+1","bronze:DigitalCarnage+1","bronze:ChosenStrike+1"],"picked":"Singing Bowl","floor":52}],"player_experience":841465,"relics_obtained":[{"floor":9.0,"key":"Tiny Chest"},{"floor":14.0,"key":"Smiling Mask"},{"floor":24.0,"key":"Calipers"},{"floor":26.0,"key":"AT_RedTearstoneRing"},{"floor":31,"key":"Blue Candle"},{"floor":32,"key":"Singing Bowl"},{"floor":33,"key":"War Paint"},{"floor":34,"key":"Pear"},{"floor":34,"key":"testmod-Alchemist"},{"floor":34,"key":"testmod-AssaultLearning"},{"floor":37,"key":"BionicSphere"},{"floor":38,"key":"AT_ForceNature"},{"floor":44,"key":"Bag of Preparation"},{"floor":45,"key":"Guardian:PocketSentry"},{"floor":45,"key":"testmod-OneHitWonder"},{"floor":46,"key":"testmod-Hope"},{"floor":48,"key":"HornCleat"},{"floor":48,"key":"Molten Egg 2"},{"floor":49,"key":"testmod-ArcanaOfDestiny"},{"floor":52,"key":"REME_ArchaeologicalTools"},{"floor":52,"key":"Nunchaku"}],"event_choices":[{"damage_healed":0.0,"max_hp_gain":0.0,"max_hp_loss":0.0,"gold_gain":0.0,"event_name":"Lab","player_choice":"Got Potions","floor":12.0,"gold_loss":0.0,"damage_taken":0.0},{"cards_removed":["bronze:WhirlingStrike"],"damage_healed":0,"gold_gain":0,"player_choice":"Removed Attack","damage_taken":0,"max_hp_gain":0,"max_hp_loss":0,"event_name":"Falling","floor":39,"gold_loss":0}],"is_beta":false,"boss_relics":[{"not_picked":["Empty Cage","BloodWine"],"picked":"ChiXiaoBlade"},{"not_picked":["PatriotShield","ShadowXiaoBlade"],"picked":"Calling Bell"}],"items_purged_floors":[6,11,21,30,30,43,53],"is_endless":false,"potions_floor_spawned":[9,14,16,19,26,27,29,32,46,48,49],"ascension_level":0}}