{"host":"xh4jtn7krw5slv5y","time":1611094747,"event":{"mods":["BaseMod","Bestiary","Block Reminder","Colored Map","Downfall","Minty Spire (QoL Compilation)","Quick Restart","Relic Sorter","Relic Stats","StSLib"],"gold_per_floor":[99,116,7,27,27,27,50,50,150,160,160,195,195,212,229,334,334,334,350,362,362,372,389,389,389,389,407,426,426,441,541,551,551,551,551],"floor_reached":33,"language":"ENG","playtime":5307,"items_purged":[],"score":276,"play_id":"a99052f8-c584-42e3-adb8-6b72a31d9579","local_time":"20210119181907","is_ascension_mode":false,"campfire_choices":[{"data":"champ:Taunt","floor":1,"key":"SMITH"},{"data":"champ:SetATrap","floor":8,"key":"SMITH"},{"floor":13,"key":"REST"},{"data":"champ:TripleStrike","floor":18,"key":"SMITH"},{"data":"champ:Backstep","floor":29,"key":"SMITH"}],"circlet_count":0,"master_deck":["champ:Strike","champ:Strike","champ:Strike","champ:Defend","champ:Defend","champ:Defend","champ:Execute","champ:Taunt+1","champ:StanceDance","champ:BerserkersShout","champ:SetATrap+1","champ:FlashCut","champ:FlashCut","champ:VampiricStrike","champ:BringItOn","champ:ShieldWall","champ:TripleStrike+1","champ:IronFortress","champ:AdrenalArmor+1","champ:Endure","champ:Backstep+1","champ:CalledShot","champ:AdrenalArmor+1","champ:HoldFirm","champ:Backstep","champ:FancyFootwork","champ:Circumvent"],"relics":["champ:ChampionCrownUpgraded","Anchor","Vajra","Potion Belt","Pocketwatch","Bottled Lightning","champ:BlackKnightHelmet","Eternal Feather"],"acts_visited":["Exordium","TheCity"],"potions_floor_usage":[12,12,20,33,33,33,33],"damage_taken":[{"damage":10,"enemies":"Cultist","floor":2,"turns":3},{"damage":10,"enemies":"downfall:FleeingMerchant","floor":3,"turns":4},{"damage":15,"enemies":"2 Louse","floor":4,"turns":2},{"damage":91,"enemies":"downfall:LadyInBlue","floor":9,"turns":9},{"damage":10,"enemies":"Jaw Worm","floor":10,"turns":2},{"damage":15,"enemies":"Lagavulin","floor":12,"turns":5},{"damage":10,"enemies":"Large Slime","floor":14,"turns":4},{"damage":0,"enemies":"Red Slaver","floor":15,"turns":2},{"damage":49,"enemies":"DF_ARCHETYPE_STREAMLINE","floor":16,"turns":9},{"damage":25,"enemies":"Chosen","floor":19,"turns":3},{"damage":30,"enemies":"Snake Plant","floor":20,"turns":2},{"damage":58,"enemies":"Centurion and Healer","floor":22,"turns":7},{"damage":30,"enemies":"Cultist and Chosen","floor":23,"turns":5},{"damage":40,"enemies":"Chosen and Byrds","floor":27,"turns":4},{"damage":47,"enemies":"Centurion and Healer","floor":28,"turns":5},{"damage":34,"enemies":"Snecko","floor":30,"turns":3},{"damage":119,"enemies":"Snecko","floor":31,"turns":9},{"damage":20,"enemies":"Chosen and Byrds","floor":32,"turns":5},{"damage":62,"enemies":"SI_MIRROR_ARCHETYPE","floor":33,"turns":12}],"seed_played":"-3575288871633513993","potions_obtained":[{"floor":9,"key":"Dexterity Potion"},{"floor":9,"key":"ColorlessPotion"},{"floor":9,"key":"DistilledChaos"},{"floor":9,"key":"Dexterity Potion"},{"floor":10,"key":"PowerPotion"},{"floor":12,"key":"Fire Potion"},{"floor":14,"key":"champ:OpenerPotion"},{"floor":20,"key":"champ:CounterPotion"},{"floor":21,"key":"CultistPotion"},{"floor":22,"key":"Energy Potion"}],"is_trial":false,"path_per_floor":["R","M","$","M","?","?","T","R","?","M","?","E","R","M","M","B",null,"R","M","M","?","M","M","T","?","?","M","M","R","M","?","M","B"],"character_chosen":"THE_CHAMP","items_purchased":["champ:SetATrap","champ:FlashCut"],"campfire_rested":1,"item_purchase_floors":[3,3],"current_hp_per_floor":[99,99,99,94,61,61,61,61,25,25,25,25,54,54,54,15,99,99,99,99,99,86,86,86,86,86,86,74,74,65,31,31,0,0,0],"gold":551,"neow_bonus":"TEN_PERCENT_HP_BONUS","is_daily":false,"chose_seed":false,"campfire_upgraded":4,"win_rate":0.0,"timestamp":1611094747,"path_taken":["R","M","$","?","?","?","T","R","?","?","?","E","R","M","M","BOSS","R","M","?","?","M","M","T","?","?","M","M","R","?","?","M","BOSS"],"items_purchased_type":["Card","Card"],"build_version":"2020-12-22","purchased_purges":0,"victory":false,"max_hp_per_floor":[99,99,99,99,99,99,99,99,99,99,99,99,99,99,99,99,99,99,99,99,99,99,99,99,99,99,99,99,99,99,99,99,99,99,99],"relic_stats":{"counters":[19,95],"Eternal Feather":0,"obtain_stats":[{"Potion Belt":9,"Anchor":5,"champ:BlackKnightHelmet":31,"Vajra":7,"champ:ChampionCrown":0,"Eternal Feather":31,"champ:ChampionCrownUpgraded":17,"Bottled Lightning":24,"Pocketwatch":12},{"Potion Belt":4,"Anchor":3,"champ:BlackKnightHelmet":17,"Vajra":3,"champ:ChampionCrown":0,"Eternal Feather":17,"champ:ChampionCrownUpgraded":9,"Bottled Lightning":13,"Pocketwatch":6},{"Potion Belt":18,"Anchor":9,"champ:BlackKnightHelmet":78,"Vajra":9,"champ:ChampionCrown":0,"Eternal Feather":78,"champ:ChampionCrownUpgraded":40,"Bottled Lightning":57,"Pocketwatch":25}],"Pocketwatch":[84]},"card_choices":[{"not_picked":["champ:TornadoPunch","champ:GladiatorStyle"],"picked":"champ:StanceDance","floor":2},{"not_picked":["champ:StanceDance","champ:BladeFlurry"],"picked":"champ:BerserkersShout","floor":3},{"not_picked":["champ:AdrenalArmor","champ:FanOfKnives"],"picked":"champ:FlashCut","floor":4},{"not_picked":["champ:BladeFlurry","champ:PerfectedStrike"],"picked":"champ:VampiricStrike","floor":9},{"not_picked":["champ:GladiatorStyle","champ:EnGarde"],"picked":"champ:BringItOn","floor":10},{"not_picked":["champ:FocusedDefense","champ:RecklessLeap","champ:BerserkersShout"],"picked":"SKIP","floor":12},{"not_picked":["champ:DeathBlow","champ:BladeFlurry","champ:Haymaker"],"picked":"SKIP","floor":14},{"not_picked":["champ:AdrenalArmor","champ:StanceDance"],"picked":"champ:ShieldWall","floor":15},{"not_picked":["champ:SteelEdge","champ:GladiatorForm"],"picked":"champ:TripleStrike","floor":16},{"not_picked":["champ:FanOfKnives","champ:Haymaker+1"],"picked":"champ:IronFortress","floor":19},{"not_picked":["champ:PreciseThrust","champ:TornadoPunch"],"picked":"champ:AdrenalArmor+1","floor":20},{"not_picked":["champ:SetATrap+1","champ:DefensiveShout","champ:StanceDance"],"picked":"SKIP","floor":22},{"not_picked":["champ:FlashCut","champ:EnGarde"],"picked":"champ:Endure","floor":23},{"not_picked":["champ:CrownThrow","champ:BerserkersShout"],"picked":"champ:HoldFirm","floor":27},{"not_picked":["champ:FocusedBerserking+1","champ:FanOfKnives"],"picked":"champ:Backstep","floor":28},{"not_picked":["champ:PreciseThrust","champ:BerserkersShout"],"picked":"champ:FancyFootwork","floor":30},{"not_picked":["champ:TornadoPunch","champ:PerfectedStrike"],"picked":"champ:Circumvent","floor":32}],"player_experience":300422,"relics_obtained":[{"floor":7,"key":"Vajra"},{"floor":9,"key":"Potion Belt"},{"floor":12,"key":"Pocketwatch"},{"floor":24,"key":"Bottled Lightning"},{"floor":31,"key":"champ:BlackKnightHelmet"},{"floor":31,"key":"Eternal Feather"}],"event_choices":[{"damage_healed":0,"gold_gain":0,"player_choice":"Success","damage_taken":33,"relics_obtained":["Anchor"],"max_hp_gain":0,"max_hp_loss":0,"event_name":"Scrap Ooze","floor":5,"gold_loss":0},{"damage_healed":0,"gold_gain":0,"player_choice":"Ignored","damage_taken":0,"max_hp_gain":0,"max_hp_loss":0,"event_name":"NoteForYourself","floor":11,"gold_loss":0},{"damage_healed":0,"gold_gain":0,"cards_transformed":["champ:Strike","champ:Defend"],"player_choice":"Became Test Subject","damage_taken":0,"max_hp_gain":0,"max_hp_loss":0,"event_name":"Drug Dealer","floor":25,"gold_loss":0,"cards_obtained":["champ:Backstep","champ:CalledShot"]}],"is_beta":false,"boss_relics":[{"not_picked":["Velvet Choker","Runic Pyramid"],"picked":"champ:ChampionCrownUpgraded"}],"items_purged_floors":[],"is_endless":false,"potions_floor_spawned":[9,10,12,14,20,22,31,32],"killed_by":"SI_MIRROR_ARCHETYPE","ascension_level":0}}