{"host":"yttw759xqm3gosmj","time":1611076795,"event":{"mods":["AchievementEnabler","Aspiration","Bartender","BaseMod","Bestiary","Better Note","Better Third Choice","BetterRewards","Clockwork Mod","Colored Map","Colorless Booster Pack","Conspire","Custom Start","Dark Map","Dio Mod","Energized Spire","Fiend Mod","GifTheSpireLib","Glutton Mod","Googly Eyes","Hermit","Hubris","Infinite Spire","Ironclad Rager","Mimic Mod","Minty Spire (QoL Compilation)","MostiFishMod","Rare Cards Sparkle","RatMod","Replay The Spire","Retaliation","Shade Mod","Shop Mod","Somnambulant","Spicy Shops","Spikes Relics","Spire Birthday Party","StSLib","Stuff the Spire","The Alterego","The Animator","The Bladedancer","The Cursed","The Edgeheg","The Forsaken","The Hierophant","The Judge","The Jungle","The Marked","The Necromancer","The Poker Player","The Servant 0.9.4","The Trickster","TheSwordswoman","TheVacant","Trackpad","Unceasing Turn Reminder","Useless Jewels Mod","Waifu the Spire","WarShipGirlsR/????R mod","egg","slay the spire mod where everything is the same but ironclad has a cowboy hat","thorton","vexMod","??????REMEMod"],"gold_per_floor":[132,160,260,302,414,414,414,414,464,501,543,23,23,143,143,266,266,296,73,156,156,200,200,317,359,435,435,470,500,533,627,627,850,850,936,1002,1002],"floor_reached":36,"language":"ENG","playtime":2872,"items_purged":["Decay"],"score":1013,"play_id":"a54c7b9f-b80d-4fd5-8ca8-03ef2bea7002","local_time":"20210119121955","is_ascension_mode":false,"campfire_choices":[{"floor":6.0,"key":"REST"},{"floor":8.0,"key":"REST"},{"floor":15.0,"key":"REST"},{"floor":23.0,"key":"RECALL"},{"floor":27.0,"key":"REST"}],"circlet_count":0,"master_deck":["Strike_Bartender","Strike_Bartender","Strike_Bartender","Strike_Bartender","Defend_Bartender+1","Defend_Bartender+1","Defend_Bartender","Defend_Bartender","Somersault","animator:Emilia","Dragonkick","Insight_B","Snap_Punch","Notoriety","ReplayTheSpireMod:Splinters","Well_Drinks","Beat_Rush","OpoOpo_Form","Overencumbered","Fight_Dirty","Waterkick","Beat_Rush","Spirits_Within","WordoMod:Petrified","Patience","Delirium","Form_Shift","CommonCold","alterego_mod:BrynhildrsRune","Breathe_Deep","Dramatic Entrance","infinitespire:UltimateForm","Rising_Crane+1","Rope_A_Dope","hubris:Gluttony","Combo_Master","ReplayTheSpireMod:IOU","Moonsault_Kick","OpoOpo_Form+1","Dragonkick+1","Normality","Storage","conspire:Blindness","Overencumbered","ReplayTheSpireMod:Doomed","Foot_Thrust+1","Dragonkick+1","WordoMod:Petrified","Free_Pour","Amnesia","Liquid_Armor","TheCursedMod:Dregs","JustLucky"],"relics":["Sneakers","REME_ComplimentaryCards","DaveBox","ChiXiaoBlade","MerchantsRug","Lantern","StuffTheSpire:PointBlank","Replay:Bandana","trackpad:PocketGalaxy","Sling","War Paint","SynthV:TestCard","ReplayTheSpireMod:Ring of Addiction","Ring of Greed","Chameleon Ring","SacredBark","infinitespire:Midas Blood","hubris:MobiusCoin","trackpad:CultistFigurine","ReplayTheSpireMod:Lightbulb","Iron Hammer","GremlinMask","Cleaning_Rag","ReplayTheSpireMod:SealedPack","Pen Nib","trackpad:Compendium","SentryEyes","infinitespire:EvilPickle","aspiration:WatcherSkillbook"],"acts_visited":["Exordium","TheCity","TheBeyond"],"potions_floor_usage":[32,33,36,36],"damage_taken":[{"damage":0.0,"enemies":"2 Louse","floor":1.0,"turns":2.0},{"damage":0.0,"enemies":"Small Slimes","floor":2.0,"turns":2.0},{"damage":2.0,"enemies":"Cultist","floor":5.0,"turns":2.0},{"damage":7.0,"enemies":"Looter","floor":10.0,"turns":2.0},{"damage":4.0,"enemies":"Lots of Slimes","floor":11.0,"turns":3.0},{"damage":11.0,"enemies":"Replay:BlueRogue","floor":14.0,"turns":3.0},{"damage":0.0,"enemies":"Slime Boss","floor":16.0,"turns":3.0},{"damage":0.0,"enemies":"3 Byrds","floor":18.0,"turns":2.0},{"damage":0.0,"enemies":"Spheric Guardian","floor":20.0,"turns":3.0},{"damage":4.0,"enemies":"Snake Plant","floor":22.0,"turns":5.0},{"damage":22.0,"enemies":"Gremlin Leader","floor":24.0,"turns":4.0},{"damage":12.0,"enemies":"Shelled Parasite and Fungi","floor":25.0,"turns":3.0},{"damage":15.0,"enemies":"Cultist and Chosen","floor":26.0,"turns":6.0},{"damage":10.0,"enemies":"Cultist and Chosen","floor":28.0,"turns":3.0},{"damage":0.0,"enemies":"Chosen and Byrds","floor":29.0,"turns":3.0},{"damage":0,"enemies":"Snecko","floor":30,"turns":3},{"damage":5,"enemies":"Centurion and Healer","floor":31,"turns":3},{"damage":12,"enemies":"Pondfish","floor":33,"turns":5},{"damage":0,"enemies":"3 Shapes","floor":35,"turns":2},{"damage":14,"enemies":"infinitespire:Three Voidlings","floor":36,"turns":3},{"damage":54,"enemies":"Nightmare_Alpha","floor":36,"turns":3}],"seed_played":"-5238526663099701327","potions_obtained":[{"floor":2.0,"key":"Venom Potion"},{"floor":3.0,"key":"REME_GoldPotion"},{"floor":3.0,"key":"Energy Potion"},{"floor":3.0,"key":"Fire Potion"},{"floor":4.0,"key":"Doom Potion"},{"floor":10.0,"key":"Swift Potion"},{"floor":14.0,"key":"Fire Potion"},{"floor":16.0,"key":"LiquidBronze"},{"floor":18.0,"key":"Elixir"},{"floor":20.0,"key":"Languid Potion"},{"floor":30,"key":"Block Potion"},{"floor":32,"key":"DuplicationPotion"},{"floor":32,"key":"REME_GoldPotion"},{"floor":33,"key":"LiquidMemories"},{"floor":35,"key":"DDmod:CleansePotion"}],"is_trial":false,"path_per_floor":["M","M","?","?","M","R","?","R","T","M","M","$","?","E","R","B",null,"M","$","M","T","M","R","E","M","MIM","R","M","M","M","M","R","B",null,"M","?"],"character_chosen":"BARTENDER","items_purchased":["MerchantsRug","Lantern","StuffTheSpire:PointBlank","Replay:Bandana","trackpad:PocketGalaxy","Sling","War Paint","Iron Hammer","Beat_Rush","Spirits_Within","SkillPotion","Pen Nib"],"campfire_rested":4,"item_purchase_floors":[0,0,0,0,0,0,0,12,12,12,12,19],"current_hp_per_floor":[38,38,38,38,36,57,57,70,68,61,57,57,57,46,66,66,68,68,68,68,68,66,66,51,39,31,50,40,47,47,56,56,64,64,64,0,0],"gold":1002,"neow_bonus":"","is_daily":false,"chose_seed":false,"campfire_upgraded":0,"win_rate":0.0,"timestamp":1611076795,"path_taken":["M","M","?","?","M","R","?","R","T","M","?","$","?","E","R","BOSS","M","?","M","?","M","R","E","M","MIM","R","M","M","?","M","R","BOSS","M","?"],"items_purchased_type":["Relic","Relic","Relic","Relic","Relic","Relic","Relic","Relic","Card","Card","Potion","Relic"],"build_version":"2020-12-22","purchased_purges":1,"victory":false,"max_hp_per_floor":[70,70,70,70,70,70,70,70,68,68,68,68,68,68,68,68,68,68,68,68,68,66,66,66,66,66,66,66,64,64,64,64,64,64,64,64,64],"card_choices":[{"not_picked":["With_A_Twist","Center_Self"],"picked":"Insight_B","floor":1.0},{"not_picked":["Alacrity","Waterkick","Pony_Shot","Sucker_Punch"],"picked":"Snap_Punch","floor":2.0},{"not_picked":["Free_Pour","Dragonkick","Scoop","Perfect_Balance"],"picked":"Well_Drinks","floor":4.0},{"not_picked":["Alacrity","Training_Dummy","Stick_and_Move","Vortex"],"picked":"Beat_Rush","floor":4.0},{"not_picked":["Step_Of_The_Wind","Greased_Lightning","Training_Dummy","With_A_Twist"],"picked":"OpoOpo_Form","floor":5.0},{"not_picked":["Free_Pour","Bitters","Momentum","Press_Forward"],"picked":"Fight_Dirty","floor":10.0},{"not_picked":["ThreeSidedStar","Snap_Punch","Scowl","Meteodrive"],"picked":"Waterkick","floor":11.0},{"not_picked":["Greased_Lightning","Snap_Punch","Power_Up_Punch","Stick_and_Move"],"picked":"Patience","floor":14.0},{"not_picked":["Top_Shelf","Beat_Rush","Spirits_Within","Storage"],"picked":"Form_Shift","floor":16.0},{"not_picked":["somnambulantmod: QuickNap","hubris:MerchantsHand","Fiend:FiendDemonSlash","hierophant:Punish"],"picked":"alterego_mod:BrynhildrsRune","floor":17.0},{"not_picked":["Liquid_Armor","Cold_Blooded","Storage","Form_Shift"],"picked":"Breathe_Deep","floor":17.0},{"not_picked":["Replay:Parry","Replay:Bootleg Shield Generator","CBP: BitesTheDust","Degenerate"],"picked":"Dramatic Entrance","floor":17.0},{"not_picked":["infinitespire:Fortify","hubris:Rewind","infinitespire:Collect","ReplayTheSpireMod:Chaos Vortex"],"picked":"infinitespire:UltimateForm","floor":17.0},{"not_picked":["Bitters","On_The_Rocks","Well_Drinks+1","Greased_Lightning"],"picked":"Rising_Crane+1","floor":18.0},{"not_picked":["Snap_Punch","On_The_House","Training_Dummy","Raptor_Form"],"picked":"Rope_A_Dope","floor":20.0},{"not_picked":["Step_Of_The_Wind+1","Greased_Lightning","Center_Self","Ball_Of_Ice+1"],"picked":"Combo_Master","floor":22.0},{"not_picked":["Foot_Thrust","Ripple+1","Surge","Rising_Crane"],"picked":"Moonsault_Kick","floor":24.0},{"not_picked":["Foot_Thrust","Stick_and_Move+1","Perfect_Balance","Bitters+1"],"picked":"OpoOpo_Form+1","floor":25.0},{"not_picked":["Phantom_Blow+1","Dart","Pony_Shot","Ripple"],"picked":"Dragonkick+1","floor":26.0},{"not_picked":["Free_Pour","Axe_Heel_Kick","Stick_and_Move","Rope_A_Dope"],"picked":"Storage","floor":28.0},{"not_picked":["Fading_Blow","Cross","Snap_Punch","Power_Up_Punch"],"picked":"Foot_Thrust+1","floor":29},{"not_picked":["Meteodrive","Dart","Step_Of_The_Wind","Glare+1"],"picked":"Dragonkick+1","floor":30},{"not_picked":["Bitters","Elbow_Slash","Dart","Dragonkick"],"picked":"Free_Pour","floor":31},{"not_picked":["Moonsault_Kick","Breathe_Deep","Dolphin_Blow","Storage"],"picked":"Liquid_Armor","floor":33},{"not_picked":["On_The_Rocks","Bitters+1","Crescendo","Dragonkick","Fading_Blow"],"picked":"JustLucky","floor":35}],"player_experience":119073,"relics_obtained":[{"floor":1.0,"key":"SynthV:TestCard"},{"floor":3.0,"key":"ReplayTheSpireMod:Ring of Addiction"},{"floor":3.0,"key":"Ring of Greed"},{"floor":3.0,"key":"Chameleon Ring"},{"floor":3.0,"key":"SacredBark"},{"floor":3.0,"key":"infinitespire:Midas Blood"},{"floor":3.0,"key":"hubris:MobiusCoin"},{"floor":4.0,"key":"trackpad:CultistFigurine"},{"floor":9.0,"key":"ReplayTheSpireMod:Lightbulb"},{"floor":14.0,"key":"Cleaning_Rag"},{"floor":24.0,"key":"trackpad:Compendium"},{"floor":26.0,"key":"SentryEyes"}],"event_choices":[{"cards_removed":["ReplayTheSpireMod:Restless Dread"],"damage_healed":0.0,"max_hp_gain":0.0,"max_hp_loss":0.0,"gold_gain":0.0,"event_name":"Wheel of Change","player_choice":"Card Removal","floor":7.0,"gold_loss":0.0,"damage_taken":0.0},{"damage_healed":0.0,"max_hp_gain":0.0,"max_hp_loss":0.0,"gold_gain":0.0,"event_name":"FaceTrader","player_choice":"Trade","floor":13.0,"gold_loss":0.0,"damage_taken":0.0,"relics_obtained":["GremlinMask"]}],"is_beta":false,"boss_relics":[{"not_picked":["Replay:Drink Me","infinitespire:Cupcake"],"picked":"ReplayTheSpireMod:SealedPack"},{"not_picked":["Sozu","hubris:VirtuousBlindfold"],"picked":"aspiration:WatcherSkillbook"}],"items_purged_floors":[19],"is_endless":false,"potions_floor_spawned":[2,10,14,16,18,20,30,33,35],"killed_by":"Nightmare_Alpha","ascension_level":0}}