{"host":"2ica2wc1gg7guzbw","time":1611093572,"event":{"mods":["BaseMod","Colored Map","Minty Spire (QoL Compilation)","Replay The Spire","Shop Mod","StSLib"],"gold_per_floor":[110,110,126,138,238,238,264,0,25,25,25,25],"floor_reached":11,"language":"RUS","playtime":308,"items_purged":[],"score":142,"play_id":"a13818d2-4951-49e9-8cb1-462da70861c0","local_time":"20210120015932","is_ascension_mode":true,"campfire_choices":[{"data":"Loop","floor":6,"key":"SMITH"}],"circlet_count":0,"master_deck":["AscendersBane","Strike_B","Strike_B","Strike_B","Defend_B","Defend_B","Defend_B","Defend_B","Zap","Dualcast","Loop+1","Barrage","FIFO Queue","ReplayTheSpireMod:Splinters"],"relics":["Cracked Core","Pondfish Scales","Boot","Replay:WaspNest","ReplayTheSpireMod:Ring of Collecting"],"acts_visited":["Exordium"],"potions_floor_usage":[],"damage_taken":[{"damage":13,"enemies":"Small Slimes","floor":1,"turns":4},{"damage":1,"enemies":"Cultist","floor":3,"turns":4},{"damage":15,"enemies":"2 Louse","floor":4,"turns":2},{"damage":25,"enemies":"Replay:BlueRogue","floor":7,"turns":10},{"damage":14,"enemies":"Lagavulin","floor":11,"turns":4}],"seed_played":"-4961842814285709629","potions_obtained":[{"floor":3,"key":"PowerPotion"},{"floor":4,"key":"Explosive Potion"}],"is_trial":false,"path_per_floor":["M","?","M","M","?","R","E","$","T","?","E"],"character_chosen":"DEFECT","items_purchased":["Replay:WaspNest"],"campfire_rested":0,"item_purchase_floors":[8],"current_hp_per_floor":[51,51,50,35,35,35,10,10,10,10,0,0],"gold":25,"neow_bonus":"ONE_RARE_RELIC","is_daily":false,"chose_seed":false,"campfire_upgraded":1,"win_rate":0.0,"timestamp":1611093572,"path_taken":["M","?","?","M","?","R","E","?","T","?","E"],"items_purchased_type":["Relic"],"build_version":"2020-12-22","purchased_purges":0,"victory":false,"max_hp_per_floor":[64,64,64,64,64,64,64,64,64,64,64,64],"card_choices":[{"not_picked":["Hologram","ReplaySolidLightProjector"],"picked":"Loop","floor":1},{"not_picked":["Hologram","Turbo"],"picked":"Barrage","floor":3},{"not_picked":["Tempest","Gash"],"picked":"FIFO Queue","floor":4},{"not_picked":["Steam","ReplaySort","Barrage"],"picked":"SKIP","floor":7}],"player_experience":927591,"relics_obtained":[{"floor":7,"key":"Boot"},{"floor":10,"key":"ReplayTheSpireMod:Ring of Collecting"}],"event_choices":[{"cards_removed":["Strike_B"],"damage_healed":0,"gold_gain":0,"player_choice":"Purged","damage_taken":0,"max_hp_gain":0,"max_hp_loss":0,"event_name":"Purifier","floor":2,"gold_loss":0},{"damage_healed":0,"gold_gain":100,"player_choice":"Gold","damage_taken":0,"max_hp_gain":0,"max_hp_loss":0,"event_name":"Wheel of Change","floor":5,"gold_loss":0}],"is_beta":false,"boss_relics":[],"items_purged_floors":[],"is_endless":false,"potions_floor_spawned":[3,4],"killed_by":"Lagavulin","ascension_level":20}}