{"host":"1rf9pknejqhzkc4o","time":1611058705,"event":{"mods":["BaseMod","Better Altar","Better Match","Better Note","Better Sensory Stone","Better Skull","Better Third Choice","Colored Map","Colored Powertips","Communication Mod","Minty Spire (QoL Compilation)","Quick Restart","RNG Fix","Rare Cards Sparkle","Relic Stats","StSLib"],"gold_per_floor":[109,129,143,155,155,181,181,208,231,249,249,249,273,273,273,398,398,412,412,18,18,18,42,42,42,67,67,87,110,110,131,131,252,252,277,277,277,291,291,291],"floor_reached":39,"language":"ENG","playtime":1197,"items_purged":[],"score":391,"play_id":"07746a90-1441-4fa6-9c7d-4c48b2f33b81","local_time":"20210119151825","is_ascension_mode":false,"campfire_choices":[{"floor":7.0,"key":"REST"},{"floor":15.0,"key":"REST"},{"data":"Loop","floor":25.0,"key":"SMITH"},{"data":"Redo","floor":27.0,"key":"SMITH"},{"data":"Self Repair","floor":30.0,"key":"SMITH"},{"data":"Self Repair","floor":32.0,"key":"SMITH"}],"circlet_count":0,"master_deck":["Strike_B","Strike_B","Strike_B","Strike_B","Defend_B","Defend_B","Defend_B","Defend_B","Zap+1","Dualcast","White Noise","Loop+1","Defragment","Redo+1","Self Repair+1","White Noise","Amplify","CurseOfTheBell","Ball Lightning+1","Mayhem+1","Self Repair+1","Ball Lightning+1","Barrage+1","Echo Form","BootSequence+1"],"relics":["Cracked Core","Lizard Tail","Bronze Scales","Akabeko","Golden Idol","Calling Bell","Molten Egg 2","CaptainsWheel","Juzu Bracelet","DollysMirror","Symbiotic Virus","Lantern","MutagenicStrength","Black Star","Turnip"],"acts_visited":["Exordium","TheCity","TheBeyond"],"potions_floor_usage":[],"damage_taken":[{"damage":6.0,"enemies":"Cultist","floor":1.0,"turns":4.0},{"damage":0.0,"enemies":"Small Slimes","floor":2.0,"turns":2.0},{"damage":1.0,"enemies":"2 Louse","floor":3.0,"turns":2.0},{"damage":8.0,"enemies":"Red Slaver","floor":4.0,"turns":3.0},{"damage":22.0,"enemies":"3 Sentries","floor":6.0,"turns":4.0},{"damage":21.0,"enemies":"Lagavulin","floor":8.0,"turns":5.0},{"damage":18.0,"enemies":"2 Fungi Beasts","floor":10.0,"turns":3.0},{"damage":6.0,"enemies":"3 Louse","floor":13.0,"turns":3.0},{"damage":28.0,"enemies":"Hexaghost","floor":16.0,"turns":7.0},{"damage":19.0,"enemies":"Chosen","floor":18.0,"turns":5.0},{"damage":6.0,"enemies":"Spheric Guardian","floor":23.0,"turns":4.0},{"damage":9.0,"enemies":"Chosen and Byrds","floor":28.0,"turns":4.0},{"damage":8.0,"enemies":"Snecko","floor":29.0,"turns":3.0},{"damage":20.0,"enemies":"Shelled Parasite and Fungi","floor":31.0,"turns":4.0},{"damage":69.0,"enemies":"Collector","floor":33.0,"turns":8.0},{"damage":41,"enemies":"3 Darklings","floor":35,"turns":5},{"damage":13,"enemies":"Orb Walker","floor":38,"turns":3},{"damage":48,"enemies":"Spire Growth","floor":39,"turns":4}],"seed_played":"8924593164428876971","potions_obtained":[{"floor":2.0,"key":"PowerPotion"},{"floor":8.0,"key":"SpeedPotion"},{"floor":10.0,"key":"Dexterity Potion"},{"floor":11.0,"key":"SmokeBomb"},{"floor":11.0,"key":"Explosive Potion"},{"floor":11.0,"key":"Explosive Potion"},{"floor":13.0,"key":"Strength Potion"},{"floor":18.0,"key":"SneckoOil"},{"floor":31.0,"key":"AttackPotion"},{"floor":33.0,"key":"BlessingOfTheForge"}],"is_trial":false,"path_per_floor":["M","M","M","M","?","E","R","E","T","M","?","?","M","?","R","B",null,"M","?","$","?","?","M","?","R","T","R","M","M","R","M","R","B",null,"M","?","?","M","M"],"character_chosen":"DEFECT","items_purchased":["DollysMirror","Symbiotic Virus"],"campfire_rested":2,"item_purchase_floors":[20,20],"current_hp_per_floor":[69,69,68,60,60,38,60,39,39,28,28,28,29,29,49,28,69,57,57,57,57,57,65,65,65,65,65,69,69,69,69,69,54,69,48,48,48,45,0,0],"gold":291,"neow_bonus":"UPGRADE_CARD","is_daily":false,"chose_seed":false,"campfire_upgraded":4,"win_rate":0.0,"timestamp":1611058705,"path_taken":["M","?","M","M","?","E","R","E","T","M","?","?","?","?","R","BOSS","M","?","$","?","?","M","?","R","T","R","M","M","R","M","R","BOSS","M","?","?","M","M"],"items_purchased_type":["Relic","Relic"],"build_version":"2020-12-22","purchased_purges":0,"victory":false,"max_hp_per_floor":[75,75,75,75,75,75,75,75,75,75,75,69,69,69,69,69,69,69,69,69,69,69,69,69,69,69,69,69,69,69,69,69,69,69,69,69,69,69,69,69],"relic_stats":{"Lizard Tail":34,"counters":[18,71],"Golden Idol":83,"Bronze Scales":[158],"Turnip":[0],"Juzu Bracelet":1,"Black Star":0,"obtain_stats":[{"Lantern":22,"Golden Idol":12,"Juzu Bracelet":17,"Akabeko":9,"Calling Bell":17,"Lizard Tail":6,"CaptainsWheel":17,"DollysMirror":20,"Bronze Scales":8,"MutagenicStrength":24,"Molten Egg 2":17,"Turnip":37,"Black Star":34,"Cracked Core":0,"Symbiotic Virus":20},{"Lantern":10,"Golden Idol":7,"Juzu Bracelet":9,"Akabeko":6,"Calling Bell":9,"Lizard Tail":5,"CaptainsWheel":9,"DollysMirror":10,"Bronze Scales":6,"MutagenicStrength":11,"Molten Egg 2":9,"Turnip":16,"Black Star":15,"Cracked Core":0,"Symbiotic Virus":10},{"Lantern":36,"Golden Idol":23,"Juzu Bracelet":32,"Akabeko":20,"Calling Bell":32,"Lizard Tail":15,"CaptainsWheel":32,"DollysMirror":36,"Bronze Scales":20,"MutagenicStrength":40,"Molten Egg 2":32,"Turnip":64,"Black Star":59,"Cracked Core":0,"Symbiotic Virus":36}]},"card_choices":[{"not_picked":["Leap","Stack"],"picked":"White Noise","floor":1.0},{"not_picked":["Beam Cell","Undo"],"picked":"Loop","floor":2.0},{"not_picked":["Melter","Coolheaded"],"picked":"Defragment","floor":3.0},{"not_picked":["Scrape","Cold Snap"],"picked":"Redo","floor":4.0},{"not_picked":["Aggregate","Gash","Stack"],"picked":"SKIP","floor":6.0},{"not_picked":["Beam Cell","Machine Learning"],"picked":"Self Repair","floor":8.0},{"not_picked":["Streamline","Go for the Eyes"],"picked":"White Noise","floor":10.0},{"not_picked":["Gash","Aggregate","Hologram"],"picked":"SKIP","floor":13.0},{"not_picked":["Buffer","Core Surge"],"picked":"Amplify","floor":16.0},{"not_picked":["Hologram","Turbo"],"picked":"Ball Lightning+1","floor":18.0},{"not_picked":["Reprogram","White Noise+1"],"picked":"Ball Lightning+1","floor":23.0},{"not_picked":["Hologram+1","Cold Snap+1","Gash+1"],"picked":"SKIP","floor":28.0},{"not_picked":["Auto Shields+1","Rebound+1"],"picked":"Barrage+1","floor":29.0},{"not_picked":["Steam Power","Recycle","Sweeping Beam+1"],"picked":"SKIP","floor":31.0},{"not_picked":["Reboot","Rainbow"],"picked":"Echo Form","floor":33.0},{"not_picked":["Streamline+1","Rebound+1","Leap"],"picked":"SKIP","floor":35},{"not_picked":["Stack+1","Leap"],"picked":"BootSequence+1","floor":38}],"player_experience":179323,"relics_obtained":[{"floor":6.0,"key":"Lizard Tail"},{"floor":8.0,"key":"Bronze Scales"},{"floor":9.0,"key":"Akabeko"},{"floor":17.0,"key":"Molten Egg 2"},{"floor":17.0,"key":"CaptainsWheel"},{"floor":17.0,"key":"Juzu Bracelet"}],"event_choices":[{"damage_healed":0.0,"max_hp_gain":0.0,"max_hp_loss":0.0,"gold_gain":0.0,"event_name":"betterThird:BetterSerpent","player_choice":"Ignored","floor":5.0,"gold_loss":0.0,"damage_taken":155.0},{"damage_healed":0.0,"max_hp_gain":0.0,"max_hp_loss":0.0,"gold_gain":0.0,"event_name":"Lab","player_choice":"Got Potions","floor":11.0,"gold_loss":0.0,"damage_taken":0.0},{"damage_healed":0.0,"max_hp_gain":0.0,"max_hp_loss":6.0,"gold_gain":0.0,"event_name":"Golden Idol","player_choice":"Lose Max HP","floor":12.0,"gold_loss":0.0,"damage_taken":0.0,"relics_obtained":["Golden Idol"]},{"damage_healed":0.0,"max_hp_gain":0.0,"max_hp_loss":0.0,"gold_gain":0.0,"event_name":"betterThird:BetterScrap","player_choice":"LEAVE","floor":14.0,"gold_loss":0.0,"damage_taken":0.0,"cards_obtained":["Carnage"]},{"cards_removed":["Mayhem"],"damage_healed":0.0,"max_hp_gain":0.0,"max_hp_loss":0.0,"gold_gain":0.0,"event_name":"betterNote:BetterNote","player_choice":"Take \u0026 Give","floor":19.0,"gold_loss":0.0,"damage_taken":0.0,"cards_obtained":["Mayhem"]},{"damage_healed":0.0,"max_hp_gain":0.0,"max_hp_loss":0.0,"gold_gain":0.0,"event_name":"betterThird:BetterWriting","player_choice":"Adaptability","floor":21.0,"gold_loss":0.0,"damage_taken":0.0},{"damage_healed":0.0,"max_hp_gain":0.0,"max_hp_loss":0.0,"gold_gain":0.0,"event_name":"The Mausoleum","player_choice":"Opened","floor":22.0,"gold_loss":0.0,"damage_taken":0.0,"relics_obtained":["Lantern"]},{"damage_healed":0.0,"max_hp_gain":0.0,"max_hp_loss":0.0,"gold_gain":0.0,"event_name":"Drug Dealer","player_choice":"Inject Mutagens","floor":24.0,"gold_loss":0.0,"damage_taken":0.0,"relics_obtained":["MutagenicStrength"]},{"damage_healed":0,"gold_gain":0,"player_choice":"Ignored","damage_taken":0,"max_hp_gain":0,"max_hp_loss":0,"event_name":"Mysterious Sphere","floor":36,"gold_loss":0},{"damage_healed":0,"gold_gain":0,"player_choice":"Gave Potion","damage_taken":0,"relics_obtained":["Turnip"],"max_hp_gain":0,"max_hp_loss":0,"event_name":"WeMeetAgain","floor":37,"gold_loss":0}],"is_beta":false,"boss_relics":[{"not_picked":["Ectoplasm","Velvet Choker"],"picked":"Calling Bell"},{"not_picked":["Sozu","Runic Dome"],"picked":"Black Star"}],"items_purged_floors":[],"is_endless":false,"potions_floor_spawned":[2,8,10,13,18,31,33],"killed_by":"Spire Growth","ascension_level":0}}