{"host":"sqxkzcqunxfsyaf0","time":1611092677,"event":{"mods":["BaseMod","Colored Map","Curses Come First","Downfall","Hermit","Hubris","Minty Spire (QoL Compilation)","StSLib","The Cursed","The Disciple","The Marked"],"gold_per_floor":[14,27,27,43,43,77,101,115,142,142,219,65,79,145,145,264,264,279,133,133,147,166,166,210,210,210,210,239,267,305,325,325,325,325],"floor_reached":33,"language":"ENG","playtime":3106,"items_purged":[],"score":314,"play_id":"e6645628-d4ef-4d71-9cdc-c58be9a139eb","local_time":"20210119214437","is_ascension_mode":false,"campfire_choices":[{"data":"hermit:CalledShot","floor":10,"key":"SMITH"},{"floor":15,"key":"REST"},{"floor":23,"key":"REST"},{"floor":25,"key":"REST"},{"floor":32,"key":"REST"}],"circlet_count":0,"master_deck":["hermit:Virtue+1","hermit:Strike_Hermit","hermit:Strike_Hermit","hermit:Strike_Hermit","hermit:Strike_Hermit","hermit:Defend_Hermit","hermit:Defend_Hermit","hermit:Defend_Hermit","hermit:Defend_Hermit","hermit:Snapshot","hermit:Covet","hermit:HighCaliber","hermit:HighCaliber","hermit:Quickdraw","hermit:Enervate","hermit:Misfire","hermit:Feint","hermit:Dive","hermit:Malice","hermit:GoldenBullet+1","hermit:CalledShot+1","hermit:Vantage+1","hermit:Misfire","hermit:Horror","hermit:Reprieve+1","hermit:Showdown+1","hermit:Cheat+1","hermit:Brawl+1","hermit:ItchyTrigger","hermit:ItchyTrigger+1","hermit:Scavenge","hermit:Coalescence+1","hermit:EyeOfTheStorm+1","hermit:CursedWeapon","hermit:Feint+1","hermit:FlashPowder","hermit:BigShot+1","hermit:TakeAim+1","hermit:Headshot"],"relics":["hermit:Momento","Prayer Wheel","Toy Ornithopter","Golden Idol","PreservedInsect","Happy Flower","Regal Pillow","Pear","hubris:Backtick","War Paint","hubris:SlimyHat","Calipers","Bottled Tornado","Bronze Scales"],"acts_visited":["Exordium","TheCity"],"potions_floor_usage":[4,6,16,16,21,29,33],"damage_taken":[{"damage":1,"enemies":"Jaw Worm","floor":1,"turns":3},{"damage":2,"enemies":"2 Louse","floor":2,"turns":2},{"damage":0,"enemies":"Cultist","floor":4,"turns":2},{"damage":2,"enemies":"Gremlin Nob","floor":6,"turns":3},{"damage":4,"enemies":"2 Fungi Beasts","floor":7,"turns":3},{"damage":0,"enemies":"3 Louse","floor":8,"turns":3},{"damage":7,"enemies":"Exordium Wildlife","floor":13,"turns":3},{"damage":9,"enemies":"Gremlin Nob","floor":14,"turns":3},{"damage":62,"enemies":"The Guardian","floor":16,"turns":13},{"damage":0,"enemies":"Chosen","floor":18,"turns":6},{"damage":27,"enemies":"2 Thieves","floor":21,"turns":5},{"damage":30,"enemies":"Snecko","floor":22,"turns":6},{"damage":40,"enemies":"Slavers","floor":24,"turns":6},{"damage":21,"enemies":"Centurion and Healer","floor":28,"turns":6},{"damage":27,"enemies":"Chosen and Byrds","floor":29,"turns":5},{"damage":4,"enemies":"Book of Stabbing","floor":30,"turns":4},{"damage":18,"enemies":"Shelled Parasite and Fungi","floor":31,"turns":4},{"damage":85,"enemies":"Automaton","floor":33,"turns":6}],"seed_played":"3962674881690706708","potions_obtained":[{"floor":1,"key":"PowerPotion"},{"floor":2,"key":"Guardian:BlockOnCardUsePotion"},{"floor":6,"key":"LiquidMemories"},{"floor":14,"key":"sneckomod:MuddlingPotion"},{"floor":18,"key":"Regen Potion"},{"floor":24,"key":"Fire Potion"},{"floor":29,"key":"BlessingOfTheForge"},{"floor":30,"key":"SpeedPotion"}],"is_trial":false,"path_per_floor":["M","M","?","M","?","E","M","M","T","R","?","$","M","?","R","B",null,"M","$","?","M","M","R","E","R","T","?","M","M","E","M","R","B"],"character_chosen":"HERMIT","items_purchased":["Regal Pillow","hubris:SlimyHat"],"campfire_rested":4,"item_purchase_floors":[12,19],"current_hp_per_floor":[74,72,65,70,70,73,69,69,69,69,69,69,62,63,85,30,85,85,85,85,79,49,85,53,85,85,85,64,46,50,36,76,0,0],"gold":325,"neow_bonus":"ONE_RARE_RELIC","is_daily":false,"chose_seed":false,"campfire_upgraded":1,"win_rate":0.0,"timestamp":1611092677,"path_taken":["M","M","?","M","?","E","M","M","T","R","?","?","M","?","R","BOSS","M","$","?","?","M","R","E","R","T","?","M","M","E","M","R","BOSS"],"items_purchased_type":["Relic","Relic"],"build_version":"2020-12-22","purchased_purges":0,"victory":false,"max_hp_per_floor":[75,75,75,75,75,75,75,75,75,75,75,75,75,85,85,85,85,85,85,85,85,85,85,85,85,85,85,85,85,85,85,85,85,85],"card_choices":[{"not_picked":["hermit:NoHoldsBarred","hermit:Malice"],"picked":"hermit:HighCaliber","floor":1},{"not_picked":["hermit:Roulette","hermit:HoleUp"],"picked":"hermit:HighCaliber","floor":1},{"not_picked":["hermit:LuckOfTheDraw","hermit:Horror"],"picked":"hermit:Quickdraw","floor":2},{"not_picked":["hermit:BodyArmor","hermit:PistolWhip","hermit:Magnum"],"picked":"SKIP","floor":2},{"not_picked":["hermit:Headshot","hermit:WideOpen"],"picked":"hermit:Enervate","floor":4},{"not_picked":["hermit:DeadMansHand","hermit:Deadeye"],"picked":"hermit:Misfire","floor":4},{"not_picked":["hermit:Roulette","hermit:Quickdraw"],"picked":"hermit:Feint","floor":6},{"not_picked":["hermit:Misfire","hermit:Coalescence"],"picked":"hermit:Dive","floor":7},{"not_picked":["hermit:BodyArmor","hermit:Coalescence"],"picked":"hermit:Malice","floor":7},{"not_picked":["hermit:Roulette","hermit:Headshot"],"picked":"hermit:GoldenBullet","floor":8},{"not_picked":["hermit:FromBeyond","hermit:FlashPowder"],"picked":"hermit:CalledShot","floor":8},{"not_picked":["hermit:TrackingShot","hermit:LowProfile"],"picked":"hermit:Vantage","floor":13},{"not_picked":["hermit:Manifest","hermit:TakeAim"],"picked":"hermit:Misfire","floor":13},{"not_picked":["hermit:Midnight","hermit:Roulette"],"picked":"hermit:Horror","floor":14},{"not_picked":["hermit:RoundhouseKick","hermit:DeadOrAlive"],"picked":"hermit:Reprieve","floor":16},{"not_picked":["hermit:HighCaliber+1","hermit:Cheat"],"picked":"hermit:Showdown+1","floor":18},{"not_picked":["hermit:Roulette","hermit:HoleUp"],"picked":"hermit:Cheat+1","floor":18},{"not_picked":["hermit:Roulette+1","hermit:Enervate"],"picked":"hermit:Brawl+1","floor":21},{"not_picked":["hermit:FlashPowder","hermit:TakeCover"],"picked":"hermit:ItchyTrigger","floor":21},{"not_picked":["hermit:Purgatory","hermit:HighCaliber"],"picked":"hermit:ItchyTrigger+1","floor":22},{"not_picked":["hermit:PistolWhip","hermit:HighCaliber+1"],"picked":"hermit:Scavenge","floor":22},{"not_picked":["hermit:DeadMansHand+1","hermit:Malice"],"picked":"hermit:Coalescence+1","floor":24},{"not_picked":["hermit:Horror","hermit:Glare"],"picked":"hermit:EyeOfTheStorm+1","floor":28},{"not_picked":["hermit:Maintenance","hermit:Ricochet"],"picked":"hermit:CursedWeapon","floor":28},{"not_picked":["hermit:FromBeyond","hermit:Gestalt"],"picked":"hermit:Feint+1","floor":29},{"not_picked":["hermit:ItchyTrigger","hermit:Manifest"],"picked":"hermit:FlashPowder","floor":29},{"not_picked":["hermit:HighNoon","hermit:HoleUp"],"picked":"hermit:BigShot+1","floor":30},{"not_picked":["hermit:CalledShot","hermit:Virtue+1"],"picked":"hermit:TakeAim+1","floor":31},{"not_picked":["hermit:Desperado","hermit:Virtue"],"picked":"hermit:Headshot","floor":31}],"player_experience":133972,"relics_obtained":[{"floor":6,"key":"PreservedInsect"},{"floor":9,"key":"Happy Flower"},{"floor":14,"key":"Pear"},{"floor":24,"key":"Calipers"},{"floor":26,"key":"Bottled Tornado"},{"floor":30,"key":"Bronze Scales"}],"event_choices":[{"damage_healed":0,"gold_gain":0,"player_choice":"Success","damage_taken":7,"relics_obtained":["Toy Ornithopter"],"max_hp_gain":0,"max_hp_loss":0,"event_name":"Scrap Ooze","floor":3,"gold_loss":0},{"damage_healed":0,"gold_gain":0,"player_choice":"Take Wound","damage_taken":0,"relics_obtained":["Golden Idol"],"max_hp_gain":0,"max_hp_loss":0,"event_name":"Golden Idol","floor":5,"gold_loss":0,"cards_obtained":["Injury"]},{"damage_healed":0,"gold_gain":77,"player_choice":"Gained Gold","damage_taken":0,"max_hp_gain":0,"max_hp_loss":0,"event_name":"Golden Wing","floor":11,"gold_loss":0},{"damage_healed":0,"gold_gain":30,"player_choice":"Searched \u00272\u0027 times","damage_taken":0,"max_hp_gain":0,"max_hp_loss":0,"event_name":"Dead Adventurer","floor":14,"gold_loss":0},{"cards_removed":["Injury"],"damage_healed":0,"gold_gain":0,"player_choice":"Removed Curses","damage_taken":0,"max_hp_gain":0,"max_hp_loss":0,"event_name":"Fountain of Cleansing","floor":20,"gold_loss":0}],"is_beta":false,"boss_relics":[{"not_picked":["SlaversCollar","Busted Crown"],"picked":"hubris:Backtick"}],"items_purged_floors":[],"is_endless":false,"potions_floor_spawned":[1,2,6,14,18,24,29,30],"killed_by":"Automaton","ascension_level":0}}