{"host":"hbel9g7s7ibv8po6","time":1611031573,"event":{"mods":["Act Like it!","BaseMod","Duelist Mod","Minty Spire (QoL Compilation)","StSLib"],"gold_per_floor":[136,27,27,46,60,87,103,103,150,183,15,15,32,49,49,149,149,165,178,53,72,72,99,44,44,69,85,116,116,128,140,140,236,236,251,21,32,49,49,79,97,123,123,123,154,154,154,171,171,171,171,171,29,56,56],"floor_reached":56,"language":"ENG","playtime":3533,"items_purged":["theDuelist:Sparks","Pain","theDuelist:CastleWalls","theDuelist:Sparks"],"score":1442,"play_id":"84027d05-fb55-42b8-9db3-d04e77c978e2","local_time":"20210119124613","is_ascension_mode":true,"campfire_choices":[{"data":"theDuelist:MonsterEggSpecial","floor":8.0,"key":"SMITH"},{"data":"theDuelist:Reinforcements","floor":12.0,"key":"SMITH"},{"data":"theDuelist:KamionTimelord","floor":15.0,"key":"SMITH"},{"data":"theDuelist:LightLaser","floor":25.0,"key":"SMITH"},{"data":"theDuelist:Blockman","floor":32.0,"key":"SMITH"},{"data":"Madness","floor":46.0,"key":"SMITH"},{"floor":49.0,"key":"RECALL"},{"data":"theDuelist:MiraculousDescent","floor":52.0,"key":"SMITH"}],"circlet_count":0,"master_deck":["theDuelist:BeaverWarrior","theDuelist:RainbowOverdragon","theDuelist:Reinforcements+1","theDuelist:SparkBlaster","theDuelist:PsychicShockwave","theDuelist:ScrapFactory","theDuelist:FinalFlame","theDuelist:GiantSoldier","theDuelist:MonsterEggSpecial+1","theDuelist:BattleFootballer","theDuelist:GiantSoldier","theDuelist:BeaverWarrior","theDuelist:MeteorDestruction","theDuelist:KamionTimelord+1","theDuelist:LightLaser+1","theDuelist:EgoBoost","theDuelist:Tuningware","theDuelist:ForbiddenLance","theDuelist:UnderworldCannon","theDuelist:Blockman+1","theDuelist:YellowBelliedOni+1","theDuelist:KamionTimelord","CurseOfTheBell","theDuelist:LabyrinthWall","theDuelist:MiraculousDescent+1","theDuelist:Wiretap+1","theDuelist:ImperialOrder+1","Madness+1","theDuelist:SangaEarth+1","theDuelist:Sangan+1","theDuelist:YamiForm"],"relics":["theDuelist:MillenniumPuzzle","theDuelist:CardPoolRelic","theDuelist:CardPoolBasicRelic","theDuelist:BoosterPackPoolRelic","theDuelist:CardPoolAddRelic","theDuelist:CardPoolMinusRelic","theDuelist:CardPoolSaveRelic","theDuelist:CardPoolOptionsRelic","NeowsBlessing","WarpedTongs","Anchor","Toy Ornithopter","theDuelist:MillenniumKey","theDuelist:DuelistOrichalcum","theDuelist:BoosterPackTrapEgg","Paper Frog","Akabeko","Calling Bell","Omamori","Mummified Hand","theDuelist:ResummonBranch","theDuelist:MetronomeRelicB","Juzu Bracelet","Red Skull","StoneCalendar","theDuelist:ElectricBurst"],"acts_visited":["Exordium","TheCity","TheBeyond","TheEnding"],"potions_floor_usage":[55,55,55],"damage_taken":[{"damage":0.0,"enemies":"Small Slimes","floor":1.0,"turns":1.0},{"damage":0.0,"enemies":"Cultist","floor":4.0,"turns":1.0},{"damage":0.0,"enemies":"Jaw Worm","floor":5.0,"turns":1.0},{"damage":9.0,"enemies":"3 Sentries","floor":6.0,"turns":4.0},{"damage":0.0,"enemies":"Exordium Wildlife","floor":7.0,"turns":3.0},{"damage":14.0,"enemies":"Lagavulin","floor":10.0,"turns":4.0},{"damage":0.0,"enemies":"Exordium Thugs","floor":13.0,"turns":3.0},{"damage":0.0,"enemies":"2 Fungi Beasts","floor":14.0,"turns":2.0},{"damage":17.0,"enemies":"The Guardian","floor":16.0,"turns":6.0},{"damage":0.0,"enemies":"Chosen","floor":18.0,"turns":2.0},{"damage":0.0,"enemies":"Spheric Guardian","floor":19.0,"turns":2.0},{"damage":13.0,"enemies":"Snecko","floor":21.0,"turns":7.0},{"damage":0.0,"enemies":"Book of Stabbing","floor":23.0,"turns":2.0},{"damage":0.0,"enemies":"Shelled Parasite and Fungi","floor":27.0,"turns":2.0},{"damage":9.0,"enemies":"theDuelist:KaibaA2","floor":28.0,"turns":2.0},{"damage":0.0,"enemies":"3 Cultists","floor":30.0,"turns":3.0},{"damage":0.0,"enemies":"Cultist and Chosen","floor":31.0,"turns":2.0},{"damage":32.0,"enemies":"Automaton","floor":33.0,"turns":7.0},{"damage":0.0,"enemies":"3 Darklings","floor":35.0,"turns":2.0},{"damage":6.0,"enemies":"3 Shapes","floor":37.0,"turns":3.0},{"damage":0.0,"enemies":"Transient","floor":38.0,"turns":5.0},{"damage":0.0,"enemies":"Nemesis","floor":40.0,"turns":5.0},{"damage":0.0,"enemies":"Spire Growth","floor":41.0,"turns":2.0},{"damage":0.0,"enemies":"Giant Head","floor":42.0,"turns":5.0},{"damage":25.0,"enemies":"Reptomancer","floor":45.0,"turns":5.0},{"damage":0.0,"enemies":"Sphere and 2 Shapes","floor":48.0,"turns":2.0},{"damage":23.0,"enemies":"Time Eater","floor":50.0,"turns":8.0},{"damage":10,"enemies":"Shield and Spear","floor":54,"turns":4},{"damage":48,"enemies":"The Heart","floor":55,"turns":8}],"seed_played":"-3631006981498374404","potions_obtained":[{"floor":4.0,"key":"theDuelist:CoolBottle"},{"floor":5.0,"key":"GamblersBrew"},{"floor":6.0,"key":"theDuelist:WaterBottle"},{"floor":7.0,"key":"Strength Potion"},{"floor":19.0,"key":"DistilledChaos"},{"floor":23.0,"key":"theDuelist:MillenniumElixir"},{"floor":35.0,"key":"theDuelist:MegaupgradePotion"}],"is_trial":false,"path_per_floor":["M","$","?","M","M","E","M","R","T","E","$","R","M","M","R","B",null,"M","M","$","M","?","E","?","R","T","M","E","?","M","M","R","B",null,"M","$","M","M","?","E","M","E","T","$","E","R","?","M","R","B",null,"R","$","E","B",null],"character_chosen":"THE_DUELIST","items_purchased":["theDuelist:BattleFootballer","theDuelist:Reinforcements","theDuelist:MiraculousDescent","theDuelist:YamiForm"],"campfire_rested":0,"item_purchase_floors":[2,11,36,53],"current_hp_per_floor":[80,80,80,80,80,71,71,71,71,57,57,57,57,57,57,40,80,80,80,80,67,61,61,61,61,61,61,52,52,52,52,52,20,80,80,80,74,80,80,80,80,80,80,80,55,55,55,55,55,32,80,80,80,70,57],"gold":56,"neow_bonus":"THREE_ENEMY_KILL","is_daily":false,"chose_seed":false,"campfire_upgraded":7,"win_rate":0.0,"timestamp":1611031573,"path_taken":["M","$","?","?","M","E","M","R","T","E","?","R","?","?","R","BOSS","M","M","$","M","?","E","?","R","T","?","E","?","M","?","R","BOSS","M","?","M","M","?","E","M","E","T","$","E","R","?","M","R","BOSS","R","$","E","BOSS"],"items_purchased_type":["Card","Card","Card","Card"],"build_version":"2020-12-22","purchased_purges":4,"victory":true,"max_hp_per_floor":[80,80,80,80,80,80,80,80,80,80,80,80,80,80,80,80,80,80,80,80,80,80,80,80,80,80,80,80,80,80,80,80,80,80,80,80,80,80,80,80,80,80,80,80,80,80,80,80,80,80,80,80,80,80,80],"card_choices":[{"not_picked":["theDuelist:SpellShatteringArrow","theDuelist:Downbeat","theDuelist:DarkBurningAttack","theDuelist:FluteKuriboh"],"picked":"theDuelist:MeteorDestruction","floor":1.0},{"not_picked":["theDuelist:CoreBlaster","theDuelist:Tuningware","theDuelist:Eva","theDuelist:MeteorDestruction"],"picked":"theDuelist:PsychicShockwave","floor":4.0},{"not_picked":["theDuelist:SpellShatteringArrow","theDuelist:PowerWall","theDuelist:WhiteMagicalHat","theDuelist:Downbeat","theDuelist:MeteorDestruction"],"picked":"SKIP","floor":5.0},{"not_picked":["theDuelist:SpellShatteringArrow","theDuelist:Hinotama","theDuelist:DoubleTool","theDuelist:CoreBlaster"],"picked":"theDuelist:SparkBlaster","floor":6.0},{"not_picked":["theDuelist:BattleFootballer"],"picked":"theDuelist:MonsterEggSpecial","floor":7.0},{"not_picked":["theDuelist:MeteorDestruction","theDuelist:CoreBlaster","theDuelist:BigFire","theDuelist:RainbowNeos","theDuelist:FuryFire"],"picked":"SKIP","floor":10.0},{"not_picked":["theDuelist:Hinotama","theDuelist:FutureFusion","theDuelist:StrayLambs","theDuelist:DropOff"],"picked":"theDuelist:RainbowOverdragon","floor":13.0},{"not_picked":["theDuelist:YamiForm","theDuelist:SwordsRevealing"],"picked":"theDuelist:KamionTimelord","floor":14.0},{"not_picked":["theDuelist:SwordsRevealing","theDuelist:LightningBlade","theDuelist:FeatherShot","theDuelist:Mathematician"],"picked":"theDuelist:LightLaser","floor":16.0},{"not_picked":["theDuelist:Hinotama+1","theDuelist:CombinationAttack","theDuelist:MagnumShield","theDuelist:SwordDeepSeated"],"picked":"theDuelist:EgoBoost","floor":18.0},{"not_picked":["theDuelist:CrystalRaigeki","theDuelist:DarkBurningAttack","theDuelist:CharcoalInpachi","theDuelist:Electrowhip"],"picked":"theDuelist:Tuningware","floor":19.0},{"not_picked":["theDuelist:BigFire","theDuelist:BattleFootballer","theDuelist:WormApocalypse","theDuelist:Sangan","theDuelist:BigKoala"],"picked":"SKIP","floor":21.0},{"not_picked":["theDuelist:SpiralSpearStrike","theDuelist:CrossAttack+1"],"picked":"theDuelist:ForbiddenLance","floor":23.0},{"not_picked":["theDuelist:SangaEarth","theDuelist:LegendarySword"],"picked":"theDuelist:UnderworldCannon","floor":27.0},{"not_picked":["theDuelist:Hinotama+1","theDuelist:RainbowNeos+1","theDuelist:UnderworldCannon","theDuelist:SilentDoom","theDuelist:MythicalBeast"],"picked":"SKIP","floor":28.0},{"not_picked":["theDuelist:RainbowNeos+1","theDuelist:KamionTimelord","theDuelist:HappyLover","theDuelist:Eva+1"],"picked":"theDuelist:Blockman","floor":30.0},{"not_picked":["theDuelist:RainbowNeos","theDuelist:KamionTimelord","theDuelist:HappyLover","theDuelist:Eva"],"picked":"theDuelist:YellowBelliedOni+1","floor":31.0},{"not_picked":["theDuelist:HappyLover+1","theDuelist:Eva","theDuelist:RainbowKuriboh+1","theDuelist:RainbowOverdragon"],"picked":"theDuelist:KamionTimelord","floor":33.0},{"not_picked":["theDuelist:DestroyerGolem+1","theDuelist:DokiDoki","theDuelist:GiantSoldierSteel+1","theDuelist:GolemSentry"],"picked":"theDuelist:LabyrinthWall","floor":35.0},{"not_picked":["theDuelist:VenomShot+1","theDuelist:MeteorDestruction+1","theDuelist:InfernoFireBlast+2","theDuelist:CombinationAttack+1"],"picked":"theDuelist:Wiretap+1","floor":37.0},{"not_picked":["theDuelist:WhiteHowling+1","theDuelist:GravityAxe+1","theDuelist:MiraculousDescent+1"],"picked":"theDuelist:ImperialOrder+1","floor":38.0},{"not_picked":["theDuelist:Hinotama","theDuelist:CoreBlaster+1","theDuelist:VendreadCharge+1","theDuelist:CrossAttack+1","theDuelist:AssaultArmor"],"picked":"SKIP","floor":40.0},{"not_picked":["theDuelist:Hinotama+1","theDuelist:EgoBoost","theDuelist:RainbowNeos+1","theDuelist:Eva+1","theDuelist:BreakDraw+1"],"picked":"SKIP","floor":41.0},{"not_picked":["theDuelist:RainbowNeos","theDuelist:FluteKuriboh+1","theDuelist:SpiritHarp+1","theDuelist:AfterTheStorm","theDuelist:PowerKaishin+1"],"picked":"SKIP","floor":42.0},{"not_picked":["theDuelist:MeteorDestruction","theDuelist:BigFire+1","theDuelist:RainbowNeos+1","theDuelist:CrystalRaigeki+1"],"picked":"theDuelist:SangaEarth+1","floor":45.0},{"not_picked":["theDuelist:AttackTheMoon","theDuelist:BattleguardKing","theDuelist:MillenniumGolem+1","theDuelist:GauntletWarrior+1"],"picked":"theDuelist:Sangan+1","floor":48.0},{"not_picked":["theDuelist:DestroyerGolem+1","theDuelist:BigEye+1","theDuelist:MillenniumGolem+1","theDuelist:DummyGolem+1"],"picked":"theDuelist:DianKeto+7","floor":54}],"player_experience":113003,"relics_obtained":[{"floor":6.0,"key":"theDuelist:MonsterEggRelic"},{"floor":9.0,"key":"Anchor"},{"floor":10.0,"key":"Toy Ornithopter"},{"floor":23.0,"key":"theDuelist:BoosterPackTrapEgg"},{"floor":28.0,"key":"Akabeko"},{"floor":34.0,"key":"Omamori"},{"floor":34.0,"key":"Mummified Hand"},{"floor":34.0,"key":"theDuelist:ResummonBranch"},{"floor":40.0,"key":"theDuelist:MetronomeRelicB"},{"floor":42.0,"key":"Juzu Bracelet"},{"floor":43.0,"key":"Red Skull"},{"floor":45.0,"key":"StoneCalendar"},{"floor":54,"key":"theDuelist:ElectricBurst"}],"event_choices":[{"damage_healed":0.0,"max_hp_gain":0.0,"max_hp_loss":0.0,"gold_gain":0.0,"event_name":"Accursed Blacksmith","player_choice":"Rummage","floor":3.0,"gold_loss":0.0,"damage_taken":0.0,"relics_obtained":["WarpedTongs"],"cards_obtained":["Pain"]},{"damage_healed":0.0,"max_hp_gain":0.0,"max_hp_loss":0.0,"gold_gain":0.0,"event_name":"Aknamkanon\u0027s Tomb","player_choice":"Dig - random Duelist relic","duelist":true,"floor":22.0,"gold_loss":0.0,"damage_taken":0.0},{"damage_healed":0.0,"max_hp_gain":0.0,"max_hp_loss":0.0,"gold_gain":0.0,"event_name":"WeMeetAgain","player_choice":"Paid Gold","floor":24.0,"gold_loss":55.0,"damage_taken":0.0,"relics_obtained":["Paper Frog"]},{"cards_removed":["theDuelist:CastleWalls"],"damage_healed":0.0,"max_hp_gain":0.0,"max_hp_loss":0.0,"gold_gain":0.0,"event_name":"Purifier","player_choice":"Purged","floor":29.0,"gold_loss":0.0,"damage_taken":0.0},{"damage_healed":0.0,"max_hp_gain":0.0,"max_hp_loss":0.0,"gold_gain":0.0,"event_name":"Tomb of the Nameless","player_choice":"Offering - offered Monster Egg Relic","duelist":true,"floor":39.0,"gold_loss":0.0,"damage_taken":0.0},{"total_magic_score":84.0,"gold_gain":0.0,"duelist":true,"damage_taken":0.0,"relics_obtained":[],"points":5.0,"max_hp_gain":0.0,"max_hp_loss":0.0,"spent_points":{"magic":0.0,"greed":0.0,"war":0.0,"power":0.0,"hunger":0.0},"event_name":"Nameless Tomb","floor":47.0,"gold_loss":0.0,"cards_obtained":[]}],"is_beta":false,"boss_relics":[{"not_picked":["Pandora\u0027s Box","Philosopher\u0027s Stone"],"picked":"theDuelist:MillenniumKey"},{"not_picked":["Sozu","theDuelist:ElectricKey"],"picked":"Calling Bell"}],"items_purged_floors":[2,11,20,36],"is_endless":false,"potions_floor_spawned":[4,5,6,7,16,19,23,30,31,35,37,42],"ascension_level":1}}