{"host":"fhl0aha90wvfvsew","time":1611041476,"event":{"mods":["BaseMod","Colored Powertips","Marisa£®ÏF”Í°°ƒß¿Ì…≥£©","Minty Spire (QoL Compilation)","Remilia£®¿Ÿ√◊¿Ú—«£©","Replay The Spire","StSLib","Youmu£®ªÍ∆«—˝√Œ£©","Yuyuko"],"gold_per_floor":[109,129,229,48,58,58,84,97,120,155,169,227,227,252,252,355,355,392,410,444,474,109,109,140,140,140,171,182,217,230,249,249,345,345,357,411,411,427,68,68,97,97,174,209,4,4,39,52,52,52,52,52,2,30,30],"floor_reached":56,"language":"ZHS","playtime":3984,"items_purged":["Strike_RM","ReplayTheSpireMod:Uncanny Aura+1","Defend_RM","Defend_RM+1"],"score":1634,"play_id":"f4c373c1-d8f2-4734-a8fd-98c2294664e7","local_time":"20210119153116","is_ascension_mode":true,"campfire_choices":[{"data":"Apotheosis","floor":6.0,"key":"SMITH"},{"floor":13.0,"key":"RECALL"},{"floor":15.0,"key":"REST"},{"data":"ChaoticDestiny","floor":23.0,"key":"SMITH"},{"data":"ScarletImprint","floor":25.0,"key":"SMITH"},{"floor":32.0,"key":"REST"},{"floor":40.0,"key":"REST"},{"data":"TransientEternity","floor":49.0,"key":"SMITH"},{"data":"BloodAndWine","floor":49.0,"key":"SMITH"},{"data":"Pot Of Greed","floor":52.0,"key":"SMITH"},{"data":"TricksterDevil","floor":52.0,"key":"SMITH"}],"circlet_count":0,"master_deck":["Defend_RM+1","Defend_RM+1","ScarletShoot+1","ScarletCoffin+1","BloodAndWine+1","Apotheosis+1","LeisurelyOfLord+1","Pot Of Greed+1","Pot Of Greed+1","ScarletImprint+1","ChaoticDestiny+1","TricksterDevil+1","ScarletImprint+1","FitfulNightmare","BloodAndWine+1","TransientEternity+1","NightLord+1","ScarletDevilSign+1","Pot Of Greed+1"],"relics":["ScarletHat","Replay:Mystery Machine","Oddly Smooth Stone","Grinning Jar","ReplayTheSpireMod:TigerMarble","Smiling Mask","Pocketwatch","Replay:Wax Seal","Replay:Kaleidoscope","Blue Candle","Lantern","Happy Flower","Toxic Egg 2","ChewingGum","Turnip","Art of War","Vajra","Bottled Flame","Sundial","Quantum Egg","Singing Bowl","Replay:Drink Me","CatCart","Counterbalance","Whetstone","AntiCross","FossilizedHelix","Toolbox","Darkstone Periapt","Replay:Arrowhead","Centennial Puzzle","Garlic"],"acts_visited":["Exordium","TheCity","TheBeyond","TheEnding"],"potions_floor_usage":[55],"damage_taken":[{"damage":0.0,"enemies":"Cultist","floor":1.0,"turns":4.0},{"damage":1.0,"enemies":"Jaw Worm","floor":2.0,"turns":9.0},{"damage":0.0,"enemies":"Small Slimes","floor":5.0,"turns":4.0},{"damage":3.0,"enemies":"Lagavulin","floor":7.0,"turns":6.0},{"damage":0.0,"enemies":"Blue Slaver","floor":8.0,"turns":4.0},{"damage":5.0,"enemies":"3 Sentries","floor":10.0,"turns":10.0},{"damage":43.0,"enemies":"Looter","floor":11.0,"turns":4.0},{"damage":7.0,"enemies":"Lagavulin Event","floor":12.0,"turns":5.0},{"damage":5.0,"enemies":"Lagavulin","floor":14.0,"turns":8.0},{"damage":43.0,"enemies":"Slime Boss","floor":16.0,"turns":15.0},{"damage":0.0,"enemies":"Spheric Guardian","floor":18.0,"turns":3.0},{"damage":6.0,"enemies":"Shell Parasite","floor":19.0,"turns":6.0},{"damage":8.0,"enemies":"Snake Plant","floor":20.0,"turns":4.0},{"damage":2.0,"enemies":"Cultist and Chosen","floor":21.0,"turns":4.0},{"damage":9.0,"enemies":"Book of Stabbing","floor":24.0,"turns":5.0},{"damage":0.0,"enemies":"Replay:Snechameleon","floor":27.0,"turns":6.0},{"damage":13.0,"enemies":"Centurion and Healer","floor":28.0,"turns":7.0},{"damage":37.0,"enemies":"Gremlin Leader","floor":29.0,"turns":9.0},{"damage":20.0,"enemies":"Sentry and Sphere","floor":30.0,"turns":7.0},{"damage":0.0,"enemies":"Snake Plant","floor":31.0,"turns":3.0},{"damage":13.0,"enemies":"Automaton","floor":33.0,"turns":9.0},{"damage":0.0,"enemies":"Orb Walker","floor":35.0,"turns":3.0},{"damage":51.0,"enemies":"Orin","floor":36.0,"turns":9.0},{"damage":4.0,"enemies":"3 Shapes","floor":38.0,"turns":2.0},{"damage":10.0,"enemies":"Reptomancer","floor":41.0,"turns":5.0},{"damage":2.0,"enemies":"R_Hoarder","floor":44.0,"turns":5.0},{"damage":16.0,"enemies":"Giant Head","floor":47.0,"turns":1.0},{"damage":25.0,"enemies":"Jaw Worm Horde","floor":48.0,"turns":2.0},{"damage":6.0,"enemies":"Time Eater","floor":50.0,"turns":3.0},{"damage":0.0,"enemies":"Shield and Spear","floor":54.0,"turns":1.0},{"damage":21,"enemies":"The Heart","floor":55,"turns":4}],"seed_played":"8253306394062765750","potions_obtained":[{"floor":1.0,"key":"SkillPotion"},{"floor":1.0,"key":"Elixir"},{"floor":2.0,"key":"Block Potion"},{"floor":10.0,"key":"Fruit Juice"},{"floor":10.0,"key":"Dexterity Potion"},{"floor":11.0,"key":"DestinyDice"},{"floor":20.0,"key":"Strength Potion"},{"floor":21.0,"key":"Ancient Potion"},{"floor":28.0,"key":"Toxic Potion"},{"floor":29.0,"key":"Dexterity Potion"},{"floor":38.0,"key":"Milkshake"},{"floor":38.0,"key":"Swift Potion"},{"floor":41.0,"key":"ColorlessPotion"},{"floor":48.0,"key":"Explosive Potion"}],"is_trial":false,"path_per_floor":["M","M","?","$","M","R","E","M","T","E","M","?","R","E","R","B",null,"M","M","M","M","$","R","E","R","T","E","M","E","M","M","R","B",null,"M","?","?","M","$","R","E","T","T","E","$","?","E","M","R","B",null,"R","$","E","B",null],"character_chosen":"REMILIA","items_purchased":["Apotheosis","Art of War","FitfulNightmare","ReplayTheSpireMod:Uncanny Aura+1","Counterbalance","Toolbox"],"campfire_rested":3,"item_purchase_floors":[4,22,22,22,39,45],"current_hp_per_floor":[75,74,74,74,75,75,75,75,75,80,41,43,43,38,62,28,80,80,75,67,72,72,72,70,70,70,80,72,45,32,40,65,56,63,63,35,35,39,39,59,54,54,54,69,69,69,71,50,50,58,73,73,73,75,75],"gold":30,"neow_bonus":"ONE_RANDOM_RARE_CARD","is_daily":false,"chose_seed":false,"campfire_upgraded":7,"win_rate":0.0,"timestamp":1611041476,"path_taken":["M","M","?","$","?","R","E","M","T","E","M","?","R","E","R","BOSS","M","M","M","M","$","R","E","R","T","E","M","E","M","M","R","BOSS","M","?","?","M","$","R","E","?","T","E","$","?","E","?","R","BOSS","R","$","E","BOSS"],"items_purchased_type":["Card","Relic","Card","Card","Relic","Relic"],"build_version":"2020-12-22","purchased_purges":4,"victory":true,"max_hp_per_floor":[75,75,75,75,75,75,75,75,75,80,80,80,80,80,80,80,80,80,80,80,80,80,80,80,80,80,80,80,80,82,84,84,84,63,63,65,65,67,67,67,67,67,67,69,69,69,71,73,73,73,73,73,73,75,75],"card_choices":[{"not_picked":["VampireClaw","GlobalNightmare","ForbiddenFruit"],"picked":"SKIP","floor":1.0},{"not_picked":["BloodHunter","Ultimatum"],"picked":"BloodAndWine","floor":2.0},{"not_picked":["RedNightlessCastle","Ultimatum"],"picked":"LeisurelyOfLord","floor":5.0},{"not_picked":["AfternoonTea","Septette","UnderTheZenith"],"picked":"SKIP","floor":7.0},{"not_picked":["DiffusionOfMisfortune","EmergencyRegeneration","ScarletSymphony"],"picked":"SKIP","floor":8.0},{"not_picked":["UltimateOffering","VampireFantasy","RedMagic"],"picked":"SKIP","floor":10.0},{"not_picked":["MastersStateliness","VampireClaw"],"picked":"ScarletImprint","floor":11.0},{"not_picked":["Stigmanizer","BombardNight"],"picked":"ChaoticDestiny","floor":14.0},{"not_picked":["CurseOfVladTepes","HeartBreak"],"picked":"TricksterDevil","floor":16.0},{"not_picked":["GlobalNightmare+1","Stigmanizer+1","SuperhumanBloodyKnife"],"picked":"SKIP","floor":18.0},{"not_picked":["Stigmanizer","NightDance"],"picked":"ScarletImprint","floor":19.0},{"not_picked":["ScarletSymphony+1","BadLadyScramble+1","TwelveNightmare"],"picked":"SKIP","floor":20.0},{"not_picked":["BloodHunter+1","BloodyTrap+1","EmergencyRegeneration+1"],"picked":"SKIP","floor":21.0},{"not_picked":["ScarletImprint","BombardNight","HellCatastrophe"],"picked":"SKIP","floor":24.0},{"not_picked":["ScarletImprint","ScarletDream+1","BloodHunter+1"],"picked":"SKIP","floor":27.0},{"not_picked":["StarOfDavid","ScarletSymphony+1","ChainGang"],"picked":"SKIP","floor":28.0},{"not_picked":["StarOfDavid","Septette+1"],"picked":"BloodAndWine+1","floor":29.0},{"not_picked":["Ultimatum","StarOfDavid+1","BloodHunter+1"],"picked":"Singing Bowl","floor":30.0},{"not_picked":["CharismaGuard","BloodyTrap+1","VampireKiss"],"picked":"Singing Bowl","floor":31.0},{"not_picked":["DemonKingCradle","CeilingFear+1"],"picked":"TransientEternity","floor":33.0},{"not_picked":["RedRainbow","MastersStateliness"],"picked":"NightLord","floor":35.0},{"not_picked":["BloodyTrap+1","MillenniumVampire+1","BloodAndWine+1"],"picked":"Singing Bowl","floor":36.0},{"not_picked":["BloodyMagicSquare+1","MillenniumVampire+1","FitfulNightmare+1"],"picked":"Singing Bowl","floor":38.0},{"not_picked":["UnderTheZenith+1","VampireClaw"],"picked":"ScarletDevilSign+1","floor":41.0},{"not_picked":["StarOfDavid","LeisurelyOfLord+1","ScarletDevil"],"picked":"Singing Bowl","floor":44.0},{"not_picked":["GlobalNightmare+1","Stigmanizer+1","UnstableMagic+1"],"picked":"Singing Bowl","floor":47.0},{"not_picked":["FavorOfDestiny+1","TwelveNightmare+1","VampireSweep"],"picked":"Singing Bowl","floor":48.0},{"not_picked":["MastersStateliness+1","Maim+1","BloodHunter+1"],"picked":"Singing Bowl","floor":54.0}],"player_experience":269336,"relics_obtained":[{"floor":5.0,"key":"Replay:Mystery Machine"},{"floor":7.0,"key":"Oddly Smooth Stone"},{"floor":7.0,"key":"Grinning Jar"},{"floor":9.0,"key":"ReplayTheSpireMod:TigerMarble"},{"floor":10.0,"key":"Smiling Mask"},{"floor":10.0,"key":"Pocketwatch"},{"floor":12.0,"key":"Replay:Kaleidoscope"},{"floor":14.0,"key":"Blue Candle"},{"floor":16.0,"key":"Lantern"},{"floor":16.0,"key":"Happy Flower"},{"floor":16.0,"key":"Toxic Egg 2"},{"floor":19.0,"key":"Turnip"},{"floor":24.0,"key":"Vajra"},{"floor":26.0,"key":"Bottled Flame"},{"floor":27.0,"key":"Sundial"},{"floor":28.0,"key":"Quantum Egg"},{"floor":29.0,"key":"Singing Bowl"},{"floor":36.0,"key":"CatCart"},{"floor":41.0,"key":"Whetstone"},{"floor":42.0,"key":"AntiCross"},{"floor":44.0,"key":"FossilizedHelix"},{"floor":47.0,"key":"Replay:Arrowhead"},{"floor":47.0,"key":"Centennial Puzzle"},{"floor":54.0,"key":"Garlic"}],"event_choices":[{"damage_healed":0.0,"max_hp_gain":0.0,"max_hp_loss":0.0,"gold_gain":100.0,"event_name":"Wheel of Change","player_choice":"Gold","floor":3.0,"gold_loss":0.0,"damage_taken":0.0},{"damage_healed":0.0,"max_hp_gain":0.0,"max_hp_loss":0.0,"gold_gain":0.0,"event_name":"Dead Adventurer","player_choice":"Searched \u00273\u0027 times","floor":12.0,"gold_loss":0.0,"damage_taken":0.0,"relics_obtained":["Replay:Wax Seal"]},{"damage_healed":0.0,"max_hp_gain":0.0,"max_hp_loss":0.0,"gold_gain":0.0,"event_name":"OrinTheCat","player_choice":"Fight","floor":36.0,"gold_loss":0.0,"damage_taken":0.0},{"cards_removed":["RedMoon"],"damage_healed":0.0,"max_hp_gain":0.0,"max_hp_loss":0.0,"gold_gain":0.0,"event_name":"Falling","player_choice":"Removed Skill","floor":37.0,"gold_loss":0.0,"damage_taken":0.0},{"damage_healed":0.0,"max_hp_gain":0.0,"max_hp_loss":0.0,"gold_gain":0.0,"event_name":"WeMeetAgain","player_choice":"Gave Potion","floor":46.0,"gold_loss":0.0,"damage_taken":0.0,"relics_obtained":["Darkstone Periapt"]}],"is_beta":false,"boss_relics":[{"not_picked":["Ectoplasm","Calling Bell"],"picked":"ChewingGum"},{"not_picked":["Tiny House","Replay:Ancient Bell"],"picked":"Replay:Drink Me"}],"items_purged_floors":[22,39,45,53],"is_endless":false,"potions_floor_spawned":[1,2,5,8,14,20,21,24,27,29,38,41,48],"ascension_level":2}}