{"host":"dazi714svy9she3p","time":1611047621,"event":{"mods":["AchievementEnabler","Act Like it!","BaseMod","Better Skull","CapriCore","CatGirl Mod","Colored Map","Friendly Minions","GifTheSpireLib","Highlight Path","Hubris","Infinite Spire","Jorbs\u0027s Wanderer Trilogy","Koishi","Lobotomy","LobotomyExtend","Mad Scientist","Minty Spire (QoL Compilation)","Random Character Button","Rare Cards Sparkle","Relic Sorter","RemiliaÅiÂQïƒ‰ª?Åj","Replay The Spire","StSLib","The Animator","The Blackbeard","The Bladedancer","The Construct","The Cursed","The Druid","The Forsaken","The Gatherer","The Immortal","The Juggle","The Marked","The Mystic","The Wild Card"],"gold_per_floor":[109,109,79,95,95,120,120,134,134,149,149,163,163,182,182,245,245,245,245,245,263,282,282,282,282,331,348,362,339,339,356,356,308,308,321,334,13,13,29,29,29,29,43,43,43,43,54,72,72,72,72,22],"floor_reached":53,"language":"ENG","playtime":16034,"items_purged":["RedShoes"],"score":636,"play_id":"9158ab8b-57b5-422b-b74b-230dc0b8a20e","local_time":"20210119011341","is_ascension_mode":false,"campfire_choices":[{"floor":7.0,"key":"REST"},{"data":"mysticmod:Momentum","floor":11.0,"key":"SMITH"},{"data":"mysticmod:CureLightWounds","floor":13.0,"key":"SMITH"},{"data":"Iron Wave","floor":15.0,"key":"SMITH"},{"data":"mysticmod:Natural20","floor":23.0,"key":"SMITH"},{"floor":25.0,"key":"REST"},{"data":"mysticmod:Probe","floor":30.0,"key":"SMITH"},{"data":"mysticmod:ComponentsPouch","floor":32.0,"key":"SMITH"},{"floor":40,"key":"REST"},{"floor":44,"key":"REST"},{"data":"mysticmod:Momentum","floor":49,"key":"SMITH"},{"data":"mysticmod:Shield","floor":51,"key":"SMITH"}],"circlet_count":0,"master_deck":["BigBird","Funeral","Funeral","BodiesMountain","Woodsman","QueenOfHatred","mysticmod:Strike_Mystic+1","mysticmod:Strike_Mystic","mysticmod:Strike_Mystic","mysticmod:Strike_Mystic","mysticmod:Defend_Mystic","mysticmod:Defend_Mystic","mysticmod:ArcaneDodge","mysticmod:ShockingGrasp","mysticmod:AllIn+1","Bloodbath","Iron Wave+1","OldLady","mysticmod:Alacrity+1","Wellcheers","mysticmod:Momentum+1","Freischutz","OSAHOGD","mysticmod:CureLightWounds+1","MHz","mysticmod:IllusionOfCalm","BeautyBeast","mysticmod:Natural20+1","mysticmod:Shield+1","QueenBee","mysticmod:Probe+1","mysticmod:Flurry+1","Laetitia","mysticmod:CureLightWounds+1","UniverseFragment","mysticmod:PureInstinct","mysticmod:Riposte","mysticmod:Probe+1","mysticmod:ComponentsPouch+1","Rudolta","mysticmod:Momentum+1","mysticmod:LightningBolt+1","SingingMachine","DreamingCurrent","Murderer"],"relics":["mysticmod:BlessedBook","CogitoBucket","LetterFromLob","Replay:Towering Pillar of Hats","Counterbalance","TreeSap","construct:WeddingRing","DollysMirror","Lizard Tail","theCatGirl:DriedFish","ChangeAnything","InTheNameOfLoveAndHate_r","AtMidnight","SkinProphecy","Logging_r","TheSmile_r","Replay:Bottled Steam","infinitespire:WardingShard","SolemnVow_r","Lamp_r"],"acts_visited":["Exordium","TheCity","TheBeyond"],"potions_floor_usage":[36],"damage_taken":[{"damage":0.0,"enemies":"Small Slimes","floor":1.0,"turns":3.0},{"damage":1.0,"enemies":"Jaw Worm","floor":4.0,"turns":3.0},{"damage":21.0,"enemies":"Lagavulin","floor":6.0,"turns":6.0},{"damage":0.0,"enemies":"Cultist","floor":8.0,"turns":3.0},{"damage":3.0,"enemies":"2 Fungi Beasts","floor":10.0,"turns":4.0},{"damage":13.0,"enemies":"Gremlin Gang","floor":12.0,"turns":5.0},{"damage":2.0,"enemies":"Blue Slaver","floor":14.0,"turns":4.0},{"damage":48.0,"enemies":"Slime Boss","floor":16.0,"turns":16.0},{"damage":8.0,"enemies":"Chosen","floor":21.0,"turns":8.0},{"damage":24.0,"enemies":"Shell Parasite","floor":22.0,"turns":8.0},{"damage":65.0,"enemies":"Snake Plant","floor":27.0,"turns":11.0},{"damage":27.0,"enemies":"Snecko","floor":28.0,"turns":7.0},{"damage":8.0,"enemies":"Centurion and Healer","floor":29.0,"turns":5.0},{"damage":21.0,"enemies":"Cultist and Chosen","floor":31.0,"turns":6.0},{"damage":128.0,"enemies":"hubris:MusketHawk","floor":33.0,"turns":11.0},{"damage":88,"enemies":"3 Darklings","floor":35,"turns":5},{"damage":45,"enemies":"3 Shapes","floor":36,"turns":5},{"damage":46,"enemies":"Spire Growth","floor":39,"turns":4},{"damage":24,"enemies":"Jaw Worm Horde","floor":43,"turns":3},{"damage":62,"enemies":"4 Shapes","floor":47,"turns":4},{"damage":15,"enemies":"3 Darklings","floor":48,"turns":3},{"damage":153,"enemies":"Awakened One","floor":52,"turns":6}],"seed_played":"6763790556190321457","potions_obtained":[{"floor":1.0,"key":"AttackPotion"},{"floor":3.0,"key":"LiquidBronze"},{"floor":3.0,"key":"Doom Potion"},{"floor":10.0,"key":"Weak Potion"},{"floor":12.0,"key":"Energy Potion"},{"floor":16.0,"key":"BlessingOfTheForge"},{"floor":21.0,"key":"Elixir"},{"floor":28.0,"key":"AttackPotion"},{"floor":35,"key":"BlessingOfTheForge"},{"floor":48,"key":"Languid Potion"}],"is_trial":false,"path_per_floor":["M","?","?","M","?","E","R","M","T","M","R","M","R","M","R_BF","B",null,"M","AVR","?","M","M","R","$","R","T","M","M","M","R","M","R","B",null,"M","M","$","?","M","R","PTL","PTL","M","R","T","$","M","M","R","AVR","R","B",null],"character_chosen":"MYSTIC_CLASS","items_purchased":["DollysMirror","Lizard Tail","Replay:Bottled Steam"],"campfire_rested":4,"item_purchase_floors":[24,24,37],"current_hp_per_floor":[77,62,62,62,62,46,69,70,70,68,68,59,59,67,67,43,77,77,77,77,77,70,70,40,63,63,38,26,59,59,71,71,30,77,38,31,31,31,16,40,40,40,55,79,79,79,84,87,87,87,87,45],"gold":22,"neow_bonus":"","is_daily":false,"chose_seed":false,"campfire_upgraded":8,"win_rate":0.0,"timestamp":1611047621,"path_taken":["M","?","?","?","?","E","R","?","T","M","R","M","R","M","R_BF","BOSS","M","AVR","?","M","?","R","?","R","T","M","M","M","R","M","R","BOSS","M","M","$","?","M","R","PTL","PTL","M","R","T","$","M","M","R","AVR","R","BOSS"],"items_purchased_type":["Relic","Relic","Relic"],"build_version":"2020-12-22","purchased_purges":1,"victory":true,"max_hp_per_floor":[77,77,77,77,77,77,77,77,77,77,77,77,77,77,77,77,77,77,77,77,77,77,77,77,77,77,77,77,77,77,77,77,77,77,77,79,79,79,81,81,81,81,83,83,83,83,85,87,87,87,87,89],"card_choices":[{"not_picked":["OSAHOGD","Wellcheers"],"picked":"Funeral","floor":1.0},{"not_picked":["mysticmod:IllusionOfCalm","mysticmod:HunkerDown"],"picked":"mysticmod:AllIn","floor":1.0},{"not_picked":["BeautyBeast","WallGazer"],"picked":"Bloodbath","floor":4.0},{"not_picked":["mysticmod:AllIn","mysticmod:DiviningBlow"],"picked":"mysticmod:PowerSlash","floor":4.0},{"not_picked":["Funeral","SpiderBud"],"picked":"OldLady","floor":6.0},{"not_picked":["mysticmod:Dedication","mysticmod:PowerSlash"],"picked":"mysticmod:Alacrity","floor":6.0},{"not_picked":["SpiderBud","CrumblingArmor"],"picked":"Wellcheers","floor":8.0},{"not_picked":["mysticmod:MirrorStrike","mysticmod:ArcaneAccuracy"],"picked":"mysticmod:Momentum","floor":8.0},{"not_picked":["WallGazer","MHz"],"picked":"Freischutz","floor":10.0},{"not_picked":["mysticmod:HunkerDown","mysticmod:Sideswipe"],"picked":"mysticmod:SuddenClarity","floor":10.0},{"not_picked":["BeautyBeast","FairyFestival"],"picked":"OSAHOGD","floor":12.0},{"not_picked":["mysticmod:MightyMagic","mysticmod:Haste"],"picked":"mysticmod:CureLightWounds","floor":12.0},{"not_picked":["UniverseFragment","BeautyBeast"],"picked":"MHz","floor":14.0},{"not_picked":["mysticmod:EnergizedRift","mysticmod:Dedication"],"picked":"mysticmod:IllusionOfCalm","floor":14.0},{"not_picked":["SingingMachine","BigBadWolf"],"picked":"BeautyBeast","floor":16.0},{"not_picked":["mysticmod:MysticalShield","mysticmod:MirrorEntity"],"picked":"mysticmod:Natural20","floor":16.0},{"not_picked":["CherryBlossoms","CrumblingArmor"],"picked":"QueenBee","floor":21.0},{"not_picked":["mysticmod:SuddenClarity","mysticmod:Alacrity"],"picked":"mysticmod:Probe+1","floor":21.0},{"not_picked":["mysticmod:Daze","mysticmod:ArcaneAccuracy"],"picked":"mysticmod:Flurry+1","floor":22.0},{"not_picked":["LittleHelper","RedShoes"],"picked":"Laetitia","floor":22.0},{"not_picked":["SingingMachine","CherryBlossoms"],"picked":"UniverseFragment","floor":27.0},{"not_picked":["mysticmod:SummonFamiliar","mysticmod:HunkerDown"],"picked":"mysticmod:PureInstinct","floor":27.0},{"not_picked":["PunishingBird","MeatLantern"],"picked":"QueenOfHatred","floor":28.0},{"not_picked":["mysticmod:EnergizedRift","mysticmod:DiviningBlow"],"picked":"mysticmod:Riposte","floor":28.0},{"not_picked":["VoidDream","SpiderBud"],"picked":"BodiesMountain","floor":29.0},{"not_picked":["mysticmod:Dedication+1","mysticmod:RapidCaster"],"picked":"mysticmod:Probe","floor":29.0},{"not_picked":["Yin","Mercenary"],"picked":"Woodsman","floor":31.0},{"not_picked":["mysticmod:TomeOfSpells","mysticmod:Grease"],"picked":"mysticmod:ComponentsPouch","floor":31.0},{"not_picked":["SpiderBud","LittlePrince"],"picked":"Rudolta","floor":33.0},{"not_picked":["mysticmod:ClosingBarrage","mysticmod:ObscuringMist"],"picked":"mysticmod:Momentum","floor":33.0},{"not_picked":["BigBird","BlueStar"],"picked":"RedShoes","floor":35},{"not_picked":["mysticmod:MagicWeapon","mysticmod:Fly"],"picked":"mysticmod:LightningBolt+1","floor":35},{"not_picked":["MeatLantern","BigBird"],"picked":"SingingMachine","floor":36},{"not_picked":["mysticmod:GreaterInvisibility","mysticmod:PowerAttack","mysticmod:CorrosiveTouch"],"picked":"SKIP","floor":36},{"not_picked":["HappyTeddy","LittlePrince"],"picked":"Funeral","floor":39},{"not_picked":["mysticmod:Probe","mysticmod:SuddenClarity+1","mysticmod:ComponentsPouch+1"],"picked":"SKIP","floor":39},{"not_picked":["LongBird","LittlePrince"],"picked":"DreamingCurrent","floor":43},{"not_picked":["mysticmod:MirrorStrike+1","mysticmod:PunishingArmor","mysticmod:HunkerDown+1"],"picked":"SKIP","floor":43},{"not_picked":["SilentOrchestra","HappyTeddy"],"picked":"Murderer","floor":47},{"not_picked":["mysticmod:EnergizedRift+1","mysticmod:ComponentsPouch"],"picked":"mysticmod:Shield+1","floor":47},{"not_picked":["MeltingLove","LaLuna"],"picked":"BigBird","floor":48},{"not_picked":["mysticmod:ClosingBarrage","mysticmod:IllusionOfCalm","mysticmod:SuddenClarity"],"picked":"SKIP","floor":48},{"not_picked":["mysticmod:ClosingBarrage","mysticmod:IllusionOfCalm","mysticmod:SuddenClarity"],"picked":"SKIP","floor":48}],"player_experience":25536,"relics_obtained":[{"floor":1.0,"key":"LetterFromLob"},{"floor":6.0,"key":"Replay:Towering Pillar of Hats"},{"floor":9.0,"key":"Counterbalance"},{"floor":26.0,"key":"theCatGirl:DriedFish"},{"floor":35,"key":"AtMidnight"},{"floor":45,"key":"infinitespire:WardingShard"}],"event_choices":[{"damage_healed":0.0,"max_hp_gain":0.0,"max_hp_loss":0.0,"gold_gain":0.0,"event_name":"Shining Light","player_choice":"Entered Light","floor":2.0,"gold_loss":0.0,"damage_taken":15.0,"cards_upgraded":["mysticmod:Strike_Mystic","mysticmod:AllIn"]},{"damage_healed":0.0,"max_hp_gain":0.0,"max_hp_loss":0.0,"gold_gain":0.0,"event_name":"The Woman in Blue","player_choice":"Bought 2 Potions","floor":3.0,"gold_loss":0.0,"damage_taken":0.0},{"cards_removed":["mysticmod:Defend_Mystic"],"damage_healed":0.0,"max_hp_gain":0.0,"max_hp_loss":0.0,"gold_gain":0.0,"event_name":"NoteForYourself","player_choice":"Took Card","floor":5.0,"gold_loss":0.0,"damage_taken":0.0,"cards_obtained":["Iron Wave"]},{"damage_healed":0.0,"max_hp_gain":0.0,"max_hp_loss":0.0,"gold_gain":0.0,"cards_transformed":["mysticmod:Defend_Mystic"],"event_name":"Transmorgrifier","player_choice":"Transformed","floor":20.0,"gold_loss":0.0,"damage_taken":0.0,"cards_obtained":["mysticmod:Shield"]}],"is_beta":false,"boss_relics":[{"not_picked":["Black Star","Snecko Eye"],"picked":"construct:WeddingRing"},{"not_picked":["construct:ClawGrip","hubris:VirtuousBlindfold"],"picked":"mysticmod:BlessedBook"}],"items_purged_floors":[37],"is_endless":false,"potions_floor_spawned":[1,4,10,12,14,16,21,27,28,35,48],"ascension_level":0}}