{"host":"n605f8gctjc87d7h","time":1611074647,"event":{"mods":["Aspiration","Bard","BaseMod","Better Match","Better Note","Better Skull","Better Third Choice","Conspire","Halation","Infinite Spire","Minty Spire (QoL Compilation)","Replay The Spire","Retaliation","Shade Mod","Spicy Shops","StSLib","The IronCluck"],"gold_per_floor":[115,115,126,139,139,139,167,67,92,92,92,118,118,157,157,190,190],"floor_reached":16,"language":"ENG","playtime":1144,"items_purged":[],"score":162,"play_id":"0edc4838-d357-4491-aadd-42d570a1727b","local_time":"20210119084407","is_ascension_mode":true,"campfire_choices":[{"data":"ReplayTheSpireMod:From All Sides","floor":6,"key":"SMITH"},{"data":"Flying Knee","floor":11,"key":"SMITH"},{"floor":15,"key":"REST"}],"circlet_count":0,"master_deck":["AscendersBane","Strike_G","Strike_G","Strike_G","Strike_G","Defend_G","Defend_G","Defend_G","Defend_G","Survivor","Neutralize","ReplayTheSpireMod:From All Sides+1","Flying Knee+1","Prepared","conspire:SpireCoStock","conspire:SpireCoStock","Well Laid Plans","Calculated Gamble"],"relics":["Ring of the Snake","infinitespire:PuzzleCube","aspiration:FrozenJewel","Replay:Wax Seal","Replay:Bottled Snecko"],"acts_visited":["Exordium"],"potions_floor_usage":[],"damage_taken":[{"damage":0,"enemies":"Cultist","floor":1,"turns":4},{"damage":2,"enemies":"Small Slimes","floor":3,"turns":4},{"damage":0,"enemies":"2 Louse","floor":4,"turns":2},{"damage":9,"enemies":"Replay:BlueRogue","floor":7,"turns":12},{"damage":10,"enemies":"Gremlin Nob","floor":12,"turns":4},{"damage":11,"enemies":"Large Slime","floor":14,"turns":6},{"damage":45,"enemies":"Hexaghost","floor":16,"turns":15}],"seed_played":"3379122654795152160","potions_obtained":[{"floor":1,"key":"LiquidMemories"},{"floor":14,"key":"Reflective Coating"}],"is_trial":false,"path_per_floor":["M","?","M","M","$","R","E","?","T","?","R","E","?","M","R","B"],"character_chosen":"THE_SILENT","items_purchased":[],"campfire_rested":1,"item_purchase_floors":[],"current_hp_per_floor":[63,63,61,61,61,61,52,52,52,52,52,42,35,24,45,0,0],"gold":190,"neow_bonus":"ONE_RANDOM_RARE_CARD","is_daily":false,"chose_seed":false,"campfire_upgraded":2,"win_rate":0.0,"timestamp":1611074647,"path_taken":["M","?","M","?","$","R","E","?","T","?","R","E","?","M","R","BOSS"],"items_purchased_type":[],"build_version":"2020-12-22","purchased_purges":0,"victory":false,"max_hp_per_floor":[70,70,70,70,70,70,70,70,70,70,70,70,70,70,70,70,70],"card_choices":[{"not_picked":["Dagger Spray","Backflip","Blade Dance"],"picked":"SKIP","floor":1},{"not_picked":["Blade Dance","Quick Slash"],"picked":"Flying Knee","floor":3},{"not_picked":["aspiration:Lunge","Quick Slash","Underhanded Strike"],"picked":"SKIP","floor":4},{"not_picked":["conspire:DoublingDagger","Deadly Poison"],"picked":"Prepared","floor":7},{"not_picked":["Burst","Skewer"],"picked":"Well Laid Plans","floor":12},{"not_picked":["Prepared","Expertise"],"picked":"Calculated Gamble","floor":14}],"player_experience":593704,"relics_obtained":[{"floor":7,"key":"aspiration:FrozenJewel"},{"floor":9,"key":"Replay:Wax Seal"},{"floor":12,"key":"Replay:Bottled Snecko"}],"event_choices":[{"damage_healed":0,"gold_gain":0,"player_choice":"Gave Potion","damage_taken":0,"relics_obtained":["infinitespire:PuzzleCube"],"max_hp_gain":0,"max_hp_loss":0,"event_name":"WeMeetAgain","floor":2,"gold_loss":0},{"damage_healed":0,"gold_gain":0,"player_choice":"Invest 2","damage_taken":0,"max_hp_gain":0,"max_hp_loss":0,"event_name":"conspire:Investor","floor":8,"gold_loss":0},{"cards_removed":["Strike_G"],"damage_healed":0,"gold_gain":0,"player_choice":"Forget","damage_taken":0,"max_hp_gain":0,"max_hp_loss":0,"event_name":"Living Wall","floor":10,"gold_loss":0},{"cards_removed":["Defend_G"],"damage_healed":0,"gold_gain":0,"player_choice":"Card Removal","damage_taken":7,"max_hp_gain":0,"max_hp_loss":0,"event_name":"Golden Wing","floor":13,"gold_loss":0}],"is_beta":false,"boss_relics":[],"items_purged_floors":[],"is_endless":false,"potions_floor_spawned":[1,14],"killed_by":"Hexaghost","ascension_level":10}}