{"host":"mal0jdk4f6ubgyb8","time":1611076566,"event":{"mods":["100% Spire Juice","Act Like it!","Arknights The Spire","Aspiration","BaseMod","Gensokyo","Hallownest","Koishi","Luminous","Marisa£®ÏF”Í°°ƒß¿Ì…≥£©","Minty Spire (QoL Compilation)","Quick Restart","Reimu£®≤©¿ˆ¡È√Œ£©","Relic Stats","Remilia£®¿Ÿ√◊¿Ú—«£©","StSLib","The Bug Knight","WarShipGirlsR/’ΩΩ¢…Ÿ≈ÆR mod","Yakumo Yukari mod","Youmu£®ªÍ∆«—˝√Œ£©","Yuri Mod","Yuyuko"],"gold_per_floor":[117,117,117,137,153,183,200,200,249,279,279,279,279],"floor_reached":12,"language":"ZHS","playtime":489,"items_purged":[],"score":118,"play_id":"3aa2c82f-a955-4a9d-92b3-cdc6947fac17","local_time":"20210120011606","is_ascension_mode":true,"campfire_choices":[{"data":"Moonworks:EvilSpyWorkPreparation","floor":8.0,"key":"SMITH"}],"circlet_count":0,"master_deck":["Moonworks:Strike","Moonworks:Strike","Moonworks:Strike","Moonworks:Ambush","Moonworks:LongDistanceShot","Moonworks:JonathanRush","Hallownest:skillSlugHide","Hallownest:skillSlugHide","Hallownest:skillSlugHide","Calculated Gamble","Survivor","Grand Finale","Moonworks:EvilSpyWorkPreparation+1","Moonworks:SakisCookie","Moonworks:LulusLuckyEgg","Moonworks:SakisCookie","Moonworks:GoAway"],"relics":["Moonworks:BrokenBomb","Moonworks:Homemark","NeowsBlessing","Toy Ornithopter","HollowMod:StagPassRelic"],"acts_visited":["Exordium"],"potions_floor_usage":[],"damage_taken":[{"damage":0.0,"enemies":"Hallownest:monsterHuskWarrior","floor":1.0,"turns":1.0},{"damage":0.0,"enemies":"Hallownest:monsterHuskGuard","floor":4.0,"turns":1.0},{"damage":0.0,"enemies":"2_ Uuma","floor":5.0,"turns":1.0},{"damage":6.0,"enemies":"Hallownest:eliteVengeflyKing","floor":6.0,"turns":7.0},{"damage":0.0,"enemies":"Hallownest:monsterMossCharger","floor":7.0,"turns":6.0},{"damage":0.0,"enemies":"Hallownest:eliteMossKnight","floor":10.0,"turns":5.0},{"damage":4,"enemies":"Hallownest:BossHornet","floor":12,"turns":1}],"seed_played":"-2882052301639756196","potions_obtained":[{"floor":1.0,"key":"SkillPotion"},{"floor":6.0,"key":"Weak Potion"},{"floor":7.0,"key":"Strength Potion"}],"is_trial":false,"path_per_floor":["M","?","?","M","M","E","M","R","T","E","?","B"],"character_chosen":"THE_STARBREAKER","items_purchased":[],"campfire_rested":0,"item_purchase_floors":[],"current_hp_per_floor":[60,60,60,60,60,54,54,54,54,54,54,52,52],"gold":279,"neow_bonus":"THREE_ENEMY_KILL","is_daily":false,"chose_seed":false,"campfire_upgraded":1,"win_rate":0.0,"timestamp":1611076566,"path_taken":["M","?","?","M","M","E","?","R","T","E","?","BOSS"],"items_purchased_type":[],"build_version":"2020-12-22","purchased_purges":0,"victory":false,"max_hp_per_floor":[60,60,60,60,60,60,60,60,60,60,60,60,60],"relic_stats":{"counters":[7,22],"obtain_stats":[{"NeowsBlessing":0,"Moonworks:Homemark":0,"HollowMod:StagPassRelic":10,"Toy Ornithopter":6,"Moonworks:BrokenBomb":0},{"NeowsBlessing":0,"Moonworks:Homemark":0,"HollowMod:StagPassRelic":6,"Toy Ornithopter":4,"Moonworks:BrokenBomb":0},{"NeowsBlessing":0,"Moonworks:Homemark":0,"HollowMod:StagPassRelic":21,"Toy Ornithopter":10,"Moonworks:BrokenBomb":0}],"Toy Ornithopter":0},"card_choices":[{"not_picked":["Moonworks:SakisCookie","Moonworks:CloudOfSeagulls"],"picked":"Moonworks:JonathanRush","floor":1.0},{"not_picked":["Moonworks:IntelligenceOfficer","Moonworks:ImOnFire"],"picked":"Moonworks:EvilSpyWorkPreparation","floor":4.0},{"not_picked":["Moonworks:SelfDestruct","Moonworks:IndiscriminateFireSupport"],"picked":"Moonworks:SakisCookie","floor":5.0},{"not_picked":["Moonworks:Dash","Moonworks:TacticalRetreat"],"picked":"Moonworks:LulusLuckyEgg","floor":6.0},{"not_picked":["Moonworks:LuckyCharm","Moonworks:JonathanRush"],"picked":"Moonworks:SakisCookie","floor":7.0},{"not_picked":["Moonworks:CloudOfSeagulls","Moonworks:RedAndBlue"],"picked":"Moonworks:GoAway","floor":10.0}],"player_experience":335802,"relics_obtained":[{"floor":6.0,"key":"Toy Ornithopter"},{"floor":10.0,"key":"HollowMod:StagPassRelic"}],"event_choices":[],"is_beta":false,"boss_relics":[],"items_purged_floors":[],"is_endless":false,"potions_floor_spawned":[1,6,7],"killed_by":"Hallownest:BossHornet","ascension_level":1}}