{"host":"4ek4eq5z32z3zgvw","time":1611038307,"event":{"mods":["2.2 Compatiblity","AchievementEnabler","Act Like it!","AlwaysNeverKeys","Aspiration","BaseMod","Better Altar","Better Match","Better Note","Better Sensory Stone","Better Skull","Better Third Choice","BetterRewards","Block Reminder","Challenge The Spire","Colored Map","Colored Powertips","Curses Come First","Dark Map","DeckTracker","Defuse TimeMaze Blight","Energized Spire","Evolution","Gensokyo","GifTheSpireLib","Halation","Hallownest","Highlight Path","Hubris","Infinite Spire","Minty Spire (QoL Compilation)","Permanent Neow","Quick Restart","RRrroohrrRGHHhhh!!","Rare Cards Sparkle","RatMod","Relic Filter","Relic Sorter","Relic Stats","Replay The Spire","Reworked Bosses","Shop Mod","Spicy Shops","Spikes Relics","StSLib","Stuff the Spire","SuperFastMode","The Blue Laboratory","Uncapped","Unceasing Turn Reminder","Unknown Chances","UnlockEverythingMod","Waifu the Spire","egg","vexMod","????"],"gold_per_floor":[115,133,133,133,47,159,34,34,59,59,59],"floor_reached":10,"language":"ENG","playtime":304,"items_purged":[],"score":218,"play_id":"3a943274-0110-40f0-a83b-c82095a070d4","local_time":"20210119003827","is_ascension_mode":true,"campfire_choices":[{"data":"Apotheosis","floor":8,"key":"SMITH"}],"circlet_count":0,"master_deck":["AscendersBane","Poisoned Stab","Poisoned Stab","Poisoned Stab","Poisoned Stab","Cloak And Dagger","Cloak And Dagger","Cloak And Dagger","Cloak And Dagger","Cloak And Dagger","Survivor","Neutralize","Backstab","Apotheosis+1","Well Laid Plans","PiercingWail","Calculated Gamble"],"relics":["Ring of the Snake","EVO:Axolotl","Chameleon Ring","Snake Skull","StuffTheSpire:TintedRock","hubris:Towel","hubris:MobiusCoin","ReplayFunnel"],"acts_visited":["Gensokyo:Gensokyo"],"potions_floor_usage":[10],"damage_taken":[{"damage":0,"enemies":"Gensokyo:Gryphon","floor":1,"turns":3},{"damage":2,"enemies":"Gensokyo:2_Kodama","floor":2,"turns":3},{"damage":0,"enemies":"Gensokyo:Mamizou","floor":6,"turns":6},{"damage":22,"enemies":"Gensokyo:Cirno","floor":10,"turns":5}],"seed_played":"1201252689163527966","potions_obtained":[{"floor":2,"key":"SneckoOil"}],"is_trial":false,"path_per_floor":["M","M","?","?","$","E","?","R","T","E"],"character_chosen":"THE_SILENT","items_purchased":["Backstab","Apotheosis","Chameleon Ring","Snake Skull","StuffTheSpire:TintedRock","Well Laid Plans","PiercingWail","LiquidMemories"],"campfire_rested":0,"item_purchase_floors":[0,0,0,0,0,0,0,5],"current_hp_per_floor":[68,66,66,66,66,66,66,66,66,44,44],"gold":59,"neow_bonus":"","is_daily":false,"chose_seed":false,"campfire_upgraded":1,"win_rate":0.0,"timestamp":1611038307,"path_taken":["M","M","?","?","$","E","?","R","T","E"],"items_purchased_type":["Card","Card","Relic","Relic","Relic","Card","Card","Potion"],"build_version":"2020-12-22","purchased_purges":0,"victory":false,"max_hp_per_floor":[75,75,75,75,75,75,75,75,75,75,75],"relic_stats":{"counters":[91,368],"Snake Skull":[46],"obtain_stats":[{"TwistedFunnel":11,"Golden Egg":0,"StuffTheSpire:Barrel":36,"vexMod:MemoryStick":40,"Whetstone":0,"Bottled Tornado":0,"Sling":0,"Boot":42,"vexMod:InvisibilityCloak":9,"infinitespire:ShieldingShard":0,"rorgmod:The Boot":46,"aspiration:PoetsPen":34,"halation:PromiseList":7,"Replay:Wax Seal":9,"hubris:MobiusCoin":0,"MerchantsRug":11,"GiantMaggot":44,"Blue Candle":29,"Eternal Feather":43,"Pen Nib":10,"infinitespire:Magic Flask":3,"aspiration:FrozenJewel":0,"Bird Faced Urn":8,"Kintsugi":17,"infinitespire:PuzzleCube":6,"Lantern":0,"Torii":0,"Singing Bowl":0,"Bag of Preparation":46,"HeavenlyBonsai":0,"Burning Blood":29,"Replay:Rubber Ducky":0,"StuffTheSpire:OccultApparatus":3,"Matryoshka":0,"Ring of Peace":4,"hubris:ScarierMask":17,"hubris:CuriousFeather":47,"hubris:FunFungus":37,"Chemical X":0,"Ring of Panic":25,"Replay:Bottled Eggs":49,"InkBottle":14,"Ring of the Snake":0,"StuffTheSpire:TintedRock":0,"Potion Belt":0,"Lee\u0027s Waffle":0,"StuffTheSpire:Saxophone":0,"PreservedInsect":0,"Omamori":0,"infinitespire:Lucky Rock":26,"hubris:Towel":2,"Frozen Egg 2":0,"halation:NonexistentMirror":0,"StuffTheSpire:Mouthbags":25,"Ornamental Fan":0,"rat:KircheisShard":23,"Ring of Misfortune":25,"Orrery":0,"Garlic":0,"SpikesRelics:DaevaFist":0,"Art of War":29,"Bottled Lightning":11,"halation:LostSnail":0,"halation:PinkSoulGem":42,"halation:PeacePiece":0,"Ice Cream":13,"CeramicFish":0,"EVO:Axolotl":0,"Centennial Puzzle":49,"DollysMirror":0,"halation:PrussianBluePaint":0,"halation:VictoryRuler":17,"Philosopher\u0027s Stone":34,"Toxic Egg 2":0,"LugNut":6,"Happy Flower":11,"hubris:DuctTape":0,"ReplayTheSpireMod:CursedCoin":0,"aspiration:Nostalgia":29,"Astrolabe":34,"Oddly Smooth Stone":0,"infinitespire:Beetle Shell":0,"vexMod:PaidLearning":0,"BlackRope":0,"War Paint":0,"Question Card":0,"Du-Vu Doll":0,"rat:RedSneckoSkull":46,"ReplayTheSpireMod:Shallot":0,"Bronze Scales":0,"StuffTheSpire:DarkSteelAnvil":0,"Onion Ring":29,"ReplayTheSpireMod:TigerMarble":0,"infinitespire:EmpoweringShard":14,"Pocketwatch":9,"Darkstone Periapt":0,"ReplayFunnel":0,"SnailShell":0,"aspiration:TomeofQuesting":0,"Snake Skull":0,"halation:WeightlessCrab":0,"Juzu Bracelet":0,"hubris:SlimyHat":0,"Replay:Mystery Machine":26,"vexMod:Spyglass":0,"ClockworkSouvenir":0,"StuffTheSpire:Experiment12":7,"Tough Bandages":0,"Dream Catcher":4,"hubris:Icosahedron":3,"Chameleon Ring":0,"Mummified Hand":0,"StuffTheSpire:HeavyRock":0,"MiniBlackHole":12,"RollingBoulder":0,"Tiny Chest":0,"energizedSpire:RedRose":52,"BargainBundle":0,"Replay:Towering Pillar of Hats":0,"infinitespire:CursedDice":27,"Guide Book":0,"Quantum Egg":44,"halation:IllGainedPizza":43,"hubris:MedicalManual":0,"Orichalcum":0,"Medical Kit":0,"Peace Pipe":29,"Calling Bell":17,"Strange Spoon":0,"Anchor":46,"vexMod:BarristanHead":26,"vexMod:HeadHunter":0,"halation:EternalFortune":47,"rat:QuicksilverSash":0,"Membership Card":0,"hubris:OldNail":0,"hubris:Potato":0,"ReplayTheSpireMod:ShopPack":0,"hubris:NiceRug":29},{"TwistedFunnel":13,"Golden Egg":2,"StuffTheSpire:Barrel":26,"vexMod:MemoryStick":29,"Whetstone":9,"Bottled Tornado":9,"Sling":9,"Boot":65,"vexMod:InvisibilityCloak":12,"infinitespire:ShieldingShard":9,"rorgmod:The Boot":31,"aspiration:PoetsPen":60,"halation:PromiseList":5,"Replay:Wax Seal":6,"hubris:MobiusCoin":9,"MerchantsRug":13,"GiantMaggot":66,"Blue Candle":21,"Eternal Feather":65,"Pen Nib":13,"infinitespire:Magic Flask":40,"aspiration:FrozenJewel":2,"Bird Faced Urn":49,"Kintsugi":16,"infinitespire:PuzzleCube":47,"Lantern":9,"Torii":2,"Singing Bowl":9,"Bag of Preparation":31,"HeavenlyBonsai":38,"Burning Blood":22,"Replay:Rubber Ducky":9,"StuffTheSpire:OccultApparatus":1,"Matryoshka":68,"Ring of Peace":11,"hubris:ScarierMask":75,"hubris:CuriousFeather":31,"hubris:FunFungus":86,"Chemical X":9,"Ring of Panic":56,"Replay:Bottled Eggs":66,"InkBottle":15,"Ring of the Snake":0,"StuffTheSpire:TintedRock":9,"Potion Belt":9,"Lee\u0027s Waffle":9,"StuffTheSpire:Saxophone":2,"PreservedInsect":9,"Omamori":9,"infinitespire:Lucky Rock":56,"hubris:Towel":1,"Frozen Egg 2":9,"halation:NonexistentMirror":2,"StuffTheSpire:Mouthbags":20,"Ornamental Fan":9,"rat:KircheisShard":19,"Ring of Misfortune":56,"Orrery":9,"Garlic":9,"SpikesRelics:DaevaFist":9,"Art of War":22,"Bottled Lightning":13,"halation:LostSnail":9,"halation:PinkSoulGem":29,"halation:PeacePiece":68,"Ice Cream":14,"CeramicFish":9,"EVO:Axolotl":0,"Centennial Puzzle":66,"DollysMirror":9,"halation:PrussianBluePaint":9,"halation:VictoryRuler":51,"Philosopher\u0027s Stone":25,"Toxic Egg 2":38,"LugNut":70,"Happy Flower":7,"hubris:DuctTape":9,"ReplayTheSpireMod:CursedCoin":9,"aspiration:Nostalgia":22,"Astrolabe":84,"Oddly Smooth Stone":9,"infinitespire:Beetle Shell":9,"vexMod:PaidLearning":9,"BlackRope":9,"War Paint":9,"Question Card":9,"Du-Vu Doll":9,"rat:RedSneckoSkull":31,"ReplayTheSpireMod:Shallot":9,"Bronze Scales":9,"StuffTheSpire:DarkSteelAnvil":9,"Onion Ring":22,"ReplayTheSpireMod:TigerMarble":9,"infinitespire:EmpoweringShard":74,"Pocketwatch":49,"Darkstone Periapt":9,"ReplayFunnel":9,"SnailShell":9,"aspiration:TomeofQuesting":9,"Snake Skull":9,"halation:WeightlessCrab":9,"Juzu Bracelet":9,"hubris:SlimyHat":9,"Replay:Mystery Machine":80,"vexMod:Spyglass":9,"ClockworkSouvenir":9,"StuffTheSpire:Experiment12":12,"Tough Bandages":9,"Dream Catcher":45,"hubris:Icosahedron":3,"Chameleon Ring":87,"Mummified Hand":9,"StuffTheSpire:HeavyRock":68,"MiniBlackHole":14,"RollingBoulder":9,"Tiny Chest":9,"energizedSpire:RedRose":35,"BargainBundle":9,"Replay:Towering Pillar of Hats":2,"infinitespire:CursedDice":21,"Guide Book":9,"Quantum Egg":30,"halation:IllGainedPizza":29,"hubris:MedicalManual":9,"Orichalcum":38,"Medical Kit":9,"Peace Pipe":22,"Calling Bell":51,"Strange Spoon":9,"Anchor":31,"vexMod:BarristanHead":20,"vexMod:HeadHunter":9,"halation:EternalFortune":66,"rat:QuicksilverSash":9,"Membership Card":9,"hubris:OldNail":9,"hubris:Potato":9,"ReplayTheSpireMod:ShopPack":2,"hubris:NiceRug":22},{"TwistedFunnel":30,"Golden Egg":6,"StuffTheSpire:Barrel":69,"vexMod:MemoryStick":78,"Whetstone":22,"Bottled Tornado":22,"Sling":22,"Boot":211,"vexMod:InvisibilityCloak":27,"infinitespire:ShieldingShard":22,"rorgmod:The Boot":82,"aspiration:PoetsPen":193,"halation:PromiseList":14,"Replay:Wax Seal":15,"hubris:MobiusCoin":22,"MerchantsRug":30,"GiantMaggot":218,"Blue Candle":55,"Eternal Feather":211,"Pen Nib":30,"infinitespire:Magic Flask":108,"aspiration:FrozenJewel":6,"Bird Faced Urn":140,"Kintsugi":34,"infinitespire:PuzzleCube":135,"Lantern":22,"Torii":6,"Singing Bowl":22,"Bag of Preparation":82,"HeavenlyBonsai":99,"Burning Blood":60,"Replay:Rubber Ducky":22,"StuffTheSpire:OccultApparatus":5,"Matryoshka":227,"Ring of Peace":26,"hubris:ScarierMask":276,"hubris:CuriousFeather":82,"hubris:FunFungus":343,"Chemical X":22,"Ring of Panic":171,"Replay:Bottled Eggs":218,"InkBottle":32,"Ring of the Snake":0,"StuffTheSpire:TintedRock":22,"Potion Belt":22,"Lee\u0027s Waffle":22,"StuffTheSpire:Saxophone":6,"PreservedInsect":22,"Omamori":22,"infinitespire:Lucky Rock":171,"hubris:Towel":5,"Frozen Egg 2":22,"halation:NonexistentMirror":6,"StuffTheSpire:Mouthbags":53,"Ornamental Fan":22,"rat:KircheisShard":42,"Ring of Misfortune":171,"Orrery":22,"Garlic":22,"SpikesRelics:DaevaFist":22,"Art of War":60,"Bottled Lightning":30,"halation:LostSnail":22,"halation:PinkSoulGem":78,"halation:PeacePiece":227,"Ice Cream":31,"CeramicFish":22,"EVO:Axolotl":0,"Centennial Puzzle":218,"DollysMirror":22,"halation:PrussianBluePaint":22,"halation:VictoryRuler":149,"Philosopher\u0027s Stone":66,"Toxic Egg 2":99,"LugNut":240,"Happy Flower":19,"hubris:DuctTape":22,"ReplayTheSpireMod:CursedCoin":22,"aspiration:Nostalgia":60,"Astrolabe":332,"Oddly Smooth Stone":22,"infinitespire:Beetle Shell":22,"vexMod:PaidLearning":22,"BlackRope":22,"War Paint":22,"Question Card":22,"Du-Vu Doll":22,"rat:RedSneckoSkull":82,"ReplayTheSpireMod:Shallot":22,"Bronze Scales":22,"StuffTheSpire:DarkSteelAnvil":22,"Onion Ring":60,"ReplayTheSpireMod:TigerMarble":22,"infinitespire:EmpoweringShard":263,"Pocketwatch":140,"Darkstone Periapt":22,"ReplayFunnel":22,"SnailShell":22,"aspiration:TomeofQuesting":22,"Snake Skull":22,"halation:WeightlessCrab":22,"Juzu Bracelet":22,"hubris:SlimyHat":22,"Replay:Mystery Machine":303,"vexMod:Spyglass":22,"ClockworkSouvenir":22,"StuffTheSpire:Experiment12":27,"Tough Bandages":22,"Dream Catcher":128,"hubris:Icosahedron":10,"Chameleon Ring":351,"Mummified Hand":22,"StuffTheSpire:HeavyRock":227,"MiniBlackHole":31,"RollingBoulder":22,"Tiny Chest":22,"energizedSpire:RedRose":91,"BargainBundle":22,"Replay:Towering Pillar of Hats":6,"infinitespire:CursedDice":55,"Guide Book":22,"Quantum Egg":81,"halation:IllGainedPizza":78,"hubris:MedicalManual":22,"Orichalcum":99,"Medical Kit":22,"Peace Pipe":60,"Calling Bell":149,"Strange Spoon":22,"Anchor":82,"vexMod:BarristanHead":53,"vexMod:HeadHunter":22,"halation:EternalFortune":218,"rat:QuicksilverSash":22,"Membership Card":22,"hubris:OldNail":22,"hubris:Potato":22,"ReplayTheSpireMod:ShopPack":6,"hubris:NiceRug":60}],"Ring of the Snake":[175]},"card_choices":[{"not_picked":["rat:SilveredBlade","Heel Hook"],"picked":"Calculated Gamble","floor":1},{"not_picked":["rorgmod:Slice","All Out Attack","Poisoned Stab"],"picked":"SKIP","floor":2},{"not_picked":["Endless Agony","ReplayTheSpireMod:Exploit Weakness","All Out Attack"],"picked":"SKIP","floor":6}],"player_experience":631300,"relics_obtained":[{"floor":6,"key":"hubris:MobiusCoin"},{"floor":9,"key":"ReplayFunnel"}],"event_choices":[{"damage_healed":0,"gold_gain":0,"player_choice":"3","damage_taken":0,"max_hp_gain":0,"max_hp_loss":0,"event_name":"betterMatch:BetterMatch","floor":7,"gold_loss":0,"cards_obtained":[]}],"is_beta":false,"boss_relics":[],"items_purged_floors":[],"is_endless":false,"potions_floor_spawned":[2,6],"killed_by":"Gensokyo:Cirno","ascension_level":20}}