{"host":"x4d6lk1isuf99bn5","time":1611037063,"event":{"mods":["ATMod(∞¢Ë™Mod)","Act Like it!","BaseMod","Colored Powertips","Defuse TimeMaze Blight","Gensokyo","Marisa£®ÏF”Í°°ƒß¿Ì…≥£©","Minty Spire (QoL Compilation)","Quick Restart","Reimu£®≤©¿ˆ¡È√Œ£©","Remilia£®¿Ÿ√◊¿Ú—«£©","Replay The Spire","Shop Mod","StSLib","The Marked","Yakumo Yukari mod","°æ“≈ŒÔø®≈∆°øREMEMod"],"gold_per_floor":[144,144,186,246,405,495,570,46,46,46,46,79,130,130,130,427,427,469,794,794,317,267,315,265,265,265,340,427,457,553,586,586,880,880,931,783,783,822,192,291,921,972,998,322,382,382,382,180,180,486,586,634,634,192,192,192,285,285,967,991,991,1084,1084,1129,662,662,959,1109,1169,1169,1169,1169,1169,1256,1292,889,1757,538,538,538,619,619,619,934,934,1010,530,546,546,546,546,546,546,649,649,649,649,708,708,924,1260,1260,1260],"floor_reached":102,"language":"ZHS","playtime":3649,"items_purged":["Strike_MRS","Strike_MRS","Strike_MRS","CommonCold","BlazeAway","MasterSpark","REME_BuildACard+1","UpSweep"],"score":2820,"play_id":"990e624d-1553-46e5-ac62-2eebefa7eef0","local_time":"20210119141743","daily_mods":["Vintage","Heirloom","Flight","Midas"],"is_ascension_mode":false,"campfire_choices":[{"floor":25,"key":"REST"},{"floor":49,"key":"REST"},{"floor":63,"key":"REST"},{"data":"Gensokyo:MarisaTwilightSpark+1","floor":66,"key":"PURGE"},{"floor":83,"key":"DIG"}],"circlet_count":0,"master_deck":["Defend_MRS+1","Defend_MRS+1","Defend_MRS+1","Defend_MRS+1","MilkyWay+1","REME_Flogging+1","FinalSpark+1","DoubleSpark","DoubleSpark+1","ChargingUp","OortCloud+1","CasketOfStar+1","Gensokyo:ShootingStar+1","Gensokyo:UnhurriedMind+1"],"relics":["BewitchedHakkero","AT_ATBox","REME_ComplimentaryCards","SproutingBranch","Bronze Scales","Gremlin Horn","REME_LimitBreaker","Oddly Smooth Stone","Smiling Mask","Prayer Wheel","Pen Nib","Gensokyo:OccultBall","Gensokyo:MarisaImprobabilityPotion","AT_ArcaneBoots","Happy Flower","SlaversCollar","Replay:Wax Seal","Frozen Egg 2","PreservedInsect","AT_RabadonDeathcap","BreadOfAWashokuLover","AT_ChloranthyRing","War Paint","CrazyTorch:ReiMu","Toy Ornithopter","REME_PuzzleBoxRelic","Medical Kit","ReplayTheSpireMod:Ring of Collecting","Centennial Puzzle","Replay:Bottled Eggs","Chemical X","Onion Ring","Singing Bowl","Ancient Tea Set","Ring of Fangs","Lantern","StrikeDummy","HornCleat","Du-Vu Doll","Omamori","Replay:Wanted Poster","Chameleon Ring","Guide Book","Frozen Eye","SimpleLauncher","Gensokyo:NagashiBinaDoll","The Courier","Replay:Rubber Ducky","Gensokyo:CelestialsFlawlessClothing","Regal Pillow","Snack Pack","AT_BellowingDragoncrestRing","Tiny House","Strawberry","Gensokyo:RedStar","Gensokyo:ConquerorOfFear","Ornamental Fan","Gremlin Food","Turnip","Sling","Mastiff:ReiMu","Matryoshka","AT_GuinsooRageblade","Replay:Arrowhead","Replay:WaspNest","Juzu Bracelet","Pet Ghost","REME_LowDesire","Replay:Bandana","Bag of Preparation","Replay:Accelerometer","Replay:Baseball","AmplifyWand","ReplayTheSpireMod:Lightbulb","MagicBroom","Mercury Hourglass","Black Star"],"acts_visited":["Gensokyo:Gensokyo","Gensokyo:Gensokyoer","Gensokyo:Gensokyoest","Gensokyo:Gensokyo","Gensokyo:Gensokyoer","Gensokyo:Gensokyoest","Gensokyo:Gensokyo"],"potions_floor_usage":[33,38,59,59],"damage_taken":[{"damage":7,"enemies":"Gensokyo:Gryphon","floor":1,"turns":3},{"damage":0,"enemies":"Gensokyo:3_Fairies","floor":3,"turns":3},{"damage":2,"enemies":"Gensokyo:2_Kodama","floor":4,"turns":3},{"damage":19,"enemies":"Gensokyo:Mamizou","floor":6,"turns":9},{"damage":18,"enemies":"Gensokyo:Aya","floor":7,"turns":4},{"damage":2,"enemies":"Gensokyo:VengefulSpirit","floor":12,"turns":3},{"damage":1,"enemies":"Gensokyo:2_Rabbits","floor":13,"turns":3},{"damage":9,"enemies":"Gensokyo:Reimu","floor":16,"turns":9},{"damage":0,"enemies":"Gensokyo:2_Gloops","floor":18,"turns":4},{"damage":9,"enemies":"Gensokyo:3_Dogs","floor":23,"turns":4},{"damage":30,"enemies":"Gensokyo:Koishi","floor":27,"turns":3},{"damage":11,"enemies":"Gensokyo:Reisen","floor":28,"turns":3},{"damage":10,"enemies":"Gensokyo:Swordslinger","floor":29,"turns":3},{"damage":0,"enemies":"Gensokyo:Tenshi","floor":30,"turns":2},{"damage":6,"enemies":"Gensokyo:Monolith_and_Dog","floor":31,"turns":2},{"damage":5,"enemies":"Gensokyo:Eternal_Rivals","floor":33,"turns":6},{"damage":0,"enemies":"Gensokyo:3_Boulders","floor":35,"turns":1},{"damage":0,"enemies":"Gensokyo:AncientGuardian","floor":38,"turns":4},{"damage":8,"enemies":"Gensokyo:Doremy","floor":40,"turns":2},{"damage":45,"enemies":"Gensokyo:3_Boulders","floor":41,"turns":5},{"damage":0,"enemies":"Gensokyo:Sharpion","floor":45,"turns":3},{"damage":0,"enemies":"Gensokyo:Yuyuko","floor":50,"turns":2},{"damage":0,"enemies":"Gensokyo:2_Kodama","floor":52,"turns":2},{"damage":0,"enemies":"Gensokyo:Mamizou","floor":57,"turns":3},{"damage":95,"enemies":"Gensokyo:Mamizou","floor":59,"turns":4},{"damage":0,"enemies":"Gensokyo:Aya","floor":62,"turns":3},{"damage":0,"enemies":"Gensokyo:Gryphon","floor":64,"turns":1},{"damage":0,"enemies":"Gensokyo:Kokoro","floor":67,"turns":1},{"damage":0,"enemies":"Gensokyo:CosmicMonolith","floor":69,"turns":1},{"damage":0,"enemies":"Gensokyo:Koishi","floor":74,"turns":1},{"damage":0,"enemies":"Gensokyo:Chomper","floor":75,"turns":2},{"damage":61,"enemies":"Gensokyo:Reisen","floor":77,"turns":1},{"damage":0,"enemies":"Gensokyo:Koishi","floor":81,"turns":1},{"damage":0,"enemies":"Gensokyo:Eiki","floor":84,"turns":2},{"damage":0,"enemies":"Gensokyo:3_Boulders","floor":86,"turns":1},{"damage":0,"enemies":"Gensokyo:3_Boulders","floor":88,"turns":1},{"damage":0,"enemies":"Gensokyo:Marisa","floor":94,"turns":1},{"damage":0,"enemies":"Gensokyo:3_Bats","floor":98,"turns":1},{"damage":0,"enemies":"Gensokyo:Shinki","floor":101,"turns":3}],"seed_played":"-7007919026550212879","potions_obtained":[{"floor":4,"key":"Swift Potion"},{"floor":6,"key":"Reflective Coating"},{"floor":7,"key":"Swift Potion"},{"floor":18,"key":"DuplicationPotion"},{"floor":28,"key":"Adrenaline Potion"},{"floor":38,"key":"Languid Potion"},{"floor":40,"key":"Weak Potion"},{"floor":45,"key":"BottledSpark"},{"floor":59,"key":"StarNLove"},{"floor":62,"key":"PowerPotion"},{"floor":68,"key":"FairyPotion"}],"is_trial":true,"path_per_floor":["M","?","M","M","?","E","E","$","T","?","?","M","M","?","R","B",null,"M","?","?","$","?","M","$","R","T","E","E","M","E","M","R","B",null,"M","COS","?","M","$","E","M","T","T","$","M","?","?","$","R","B",null,"M","?","COS","?","?","E","?","R","T","?","E","R","M","$","R","B",null,"M","?","?","?","?","E","M","$","E","$","?","?","E","?","R","B",null,"M","$","?","?","?","?","?","?","E","?","$","?","M","?","R","B",null],"character_chosen":"MARISA","items_purchased":["Prayer Wheel","REME_Flogging","Frozen Egg 2","PreservedInsect","DoubleSpark","Replay:Bottled Eggs","Chemical X","REME_BuildACard","StrikeDummy","HornCleat","CasketOfStar+1","Omamori","Snack Pack","AT_BellowingDragoncrestRing","Gremlin Food","Turnip","Sling","Mastiff:ReiMu","Matryoshka","AT_GuinsooRageblade","Replay:Arrowhead","Replay:WaspNest","Juzu Bracelet","Replay:Baseball","AmplifyWand","ReplayTheSpireMod:Lightbulb"],"campfire_rested":3,"item_purchase_floors":[8,8,21,21,21,39,39,39,44,44,44,48,65,65,76,76,78,78,78,78,78,78,78,87,87,87],"current_hp_per_floor":[68,61,70,74,59,55,52,55,55,55,55,62,70,70,84,78,87,87,87,87,87,94,91,91,94,94,64,63,62,67,66,66,81,94,94,94,94,94,94,90,59,59,59,59,68,68,68,68,94,96,96,96,96,96,96,96,98,98,28,28,4,15,45,45,45,45,50,109,116,121,121,121,121,123,123,123,68,68,68,68,79,79,79,129,129,129,129,129,129,78,78,78,78,86,86,86,86,86,86,86,113,133,133],"gold":1260,"neow_bonus":"","is_daily":false,"chose_seed":false,"campfire_upgraded":0,"win_rate":0.0,"timestamp":1611037063,"path_taken":["M","?","?","?","?","E","E","?","T","?","?","M","?","?","R","BOSS","M","?","?","$","?","?","?","R","T","E","E","?","E","M","R","BOSS","M","COS","?","?","$","E","M","?","T","?","?","?","?","$","R","BOSS","M","?","COS","?","?","E","?","R","T","?","E","R","?","$","R","BOSS","M","?","?","?","?","E","?","$","E","?","?","?","E","?","R","BOSS","M","$","?","?","?","?","?","?","E","?","$","?","M","?","R","BOSS"],"items_purchased_type":["Relic","Card","Relic","Relic","Card","Relic","Relic","Card","Relic","Relic","Card","Relic","Relic","Relic","Relic","Relic","Relic","Relic","Relic","Relic","Relic","Relic","Relic","Relic","Relic","Relic"],"build_version":"2020-12-22","purchased_purges":8,"victory":false,"max_hp_per_floor":[75,75,75,75,78,78,81,84,84,84,84,84,84,84,84,87,87,87,87,87,87,94,94,94,94,94,94,94,94,94,94,94,94,94,94,94,94,94,94,94,94,94,94,94,94,94,94,94,94,96,96,96,96,96,96,96,98,98,98,98,98,100,100,100,100,100,102,109,116,121,121,121,121,123,123,123,125,125,125,125,127,127,127,129,129,129,129,129,129,129,129,129,129,131,131,131,131,131,131,131,133,133,133],"card_choices":[{"not_picked":["MysteriousBeam","AlicesGift"],"picked":"PowerUp","floor":5},{"not_picked":["DarkSpark","EventHorizon"],"picked":"MilkyWay","floor":5},{"not_picked":["GravityBeat","SprinkleStarSeal","Occultation"],"picked":"SKIP","floor":6},{"not_picked":["DC","GalacticHalo"],"picked":"UltimateShortwave","floor":7},{"not_picked":["TreasureHunter","EscapeVelocity"],"picked":"FinalSpark","floor":16},{"not_picked":["NonDirectionalLaser","ShootingEcho","LuminesStrike+1"],"picked":"SKIP","floor":27},{"not_picked":["JA","ShootTheMoon+1"],"picked":"ChargingUp","floor":28},{"not_picked":["Occultation+1","GrandCross"],"picked":"OortCloud+1","floor":30},{"not_picked":["PulseMagic","OpenUniverse+1"],"picked":"BlazeAway","floor":40},{"not_picked":["TreasureHunter","CollectingQuirk","BlazingStar"],"picked":"Singing Bowl","floor":50},{"not_picked":["EarthLightRay","MagicChant","MachineGunSpark"],"picked":"Singing Bowl","floor":57},{"not_picked":["6A","OrrerysSun+1","StarBarrage"],"picked":"Singing Bowl","floor":62},{"not_picked":["MillisecondPulsars+1","MaximisePower","BigCrunch"],"picked":"Singing Bowl","floor":67},{"not_picked":["SporeBomb","OrrerysSun+1","6A"],"picked":"Singing Bowl","floor":68},{"not_picked":["FairyDestructionRay","PowerUp+1","SatelliteIllusion+1"],"picked":"Singing Bowl","floor":74},{"not_picked":["SporeBomb+1","WitchLeyline","WitchOfGreed+1"],"picked":"Singing Bowl","floor":77},{"not_picked":["IllusionStar","OrrerysSun+1","SprinkleStarSeal+1"],"picked":"Singing Bowl","floor":81},{"not_picked":[],"picked":"Gensokyo:ShootingStar","floor":84},{"not_picked":["EscapeVelocity+1","CasketOfStar+1","JA"],"picked":"Singing Bowl","floor":84},{"not_picked":["Gensokyo:RisingWorld+1","Gensokyo:Dawn+1"],"picked":"Gensokyo:UnhurriedMind+1","floor":88},{"not_picked":["6A+1","IllusionStar","GravityBeat+1","Metamorphosis"],"picked":"Singing Bowl","floor":94},{"not_picked":["ManaRampage","MaximisePower","FinalSpark","REME_BuildACard"],"picked":"Singing Bowl","floor":101}],"player_experience":88972,"relics_obtained":[{"floor":1,"key":"Bronze Scales"},{"floor":3,"key":"Replay:Ringing Soul"},{"floor":4,"key":"Gremlin Horn"},{"floor":5,"key":"REME_LimitBreaker"},{"floor":6,"key":"Oddly Smooth Stone"},{"floor":7,"key":"Smiling Mask"},{"floor":9,"key":"Pen Nib"},{"floor":12,"key":"AT_SpeedBoots"},{"floor":13,"key":"Happy Flower"},{"floor":16,"key":"Gensokyo:OccultBall"},{"floor":18,"key":"Replay:Wax Seal"},{"floor":26,"key":"AT_RabadonDeathcap"},{"floor":27,"key":"Gensokyo:OccultBall"},{"floor":27,"key":"BreadOfAWashokuLover"},{"floor":28,"key":"Gensokyo:OccultBall"},{"floor":28,"key":"AT_ChloranthyRing"},{"floor":29,"key":"War Paint"},{"floor":30,"key":"CrazyTorch:ReiMu"},{"floor":31,"key":"Toy Ornithopter"},{"floor":33,"key":"Gensokyo:OccultBall"},{"floor":35,"key":"REME_PuzzleBoxRelic"},{"floor":37,"key":"ReplayTheSpireMod:Ring of Collecting"},{"floor":38,"key":"Centennial Puzzle"},{"floor":40,"key":"Gensokyo:OccultBall"},{"floor":40,"key":"Onion Ring"},{"floor":41,"key":"Singing Bowl"},{"floor":42,"key":"Ancient Tea Set"},{"floor":42,"key":"Ring of Fangs"},{"floor":43,"key":"Lantern"},{"floor":45,"key":"Du-Vu Doll"},{"floor":50,"key":"Gensokyo:OccultBall"},{"floor":52,"key":"Chameleon Ring"},{"floor":59,"key":"Gensokyo:OccultBall"},{"floor":59,"key":"The Courier"},{"floor":60,"key":"Replay:Rubber Ducky"},{"floor":64,"key":"Regal Pillow"},{"floor":69,"key":"Strawberry"},{"floor":74,"key":"Gensokyo:ConquerorOfFear"},{"floor":75,"key":"Ornamental Fan"},{"floor":83,"key":"Pet Ghost"},{"floor":85,"key":"Replay:Bandana"},{"floor":85,"key":"Bag of Preparation"},{"floor":86,"key":"Replay:Accelerometer"},{"floor":98,"key":"Mercury Hourglass"}],"event_choices":[],"is_beta":false,"boss_relics":[{"not_picked":["Astrolabe","Ectoplasm"],"picked":"SlaversCollar"},{"not_picked":["Snecko Eye","REME_ChargedStone"],"picked":"BewitchedHakkero"},{"not_picked":["SacredBark","Coffee Dripper"],"picked":"Replay:Wanted Poster"},{"not_picked":["Runic Dome","RedLine:ReiMu"],"picked":"Tiny House"},{"not_picked":["Snecko Heart","AT_MortalBlade"],"picked":"REME_LowDesire"},{"not_picked":["Velvet Choker","AT_TrinityForce"],"picked":"Black Star"}],"items_purged_floors":[8,21,24,39,44,48,65,76],"is_endless":true,"potions_floor_spawned":[4,6,7,13,18,28,31,38,40,45,50,52,59,62,67,69,75,84,101],"ascension_level":0}}