{"host":"9dnq3ojypr7h14bx","time":1611100167,"event":{"mods":["BaseMod","Colored Map","Hubris","Minty Spire (QoL Compilation)","Replay The Spire","Shop Mod","StSLib","The Bladedancer","The Cursed","The Hierophant","The Jungle","The Necromancer"],"gold_per_floor":[114,129,129,129,7,37,49,76,88,100,166,178,205,232,244,356,368,395,407,434,16,31,46,61,76,101,101,191,97,112,112,112,212,212,227,77,77,77,77,77,92,92,117,117,132,132,132,132,132,132,132],"floor_reached":50,"language":"ENG","playtime":5179,"items_purged":[],"score":490,"play_id":"bd4b55bd-198a-4c1b-b0a1-1ce3c11a3c2d","local_time":"20210119184927","daily_mods":["Draft","Green Cards","Lethality"],"is_ascension_mode":false,"campfire_choices":[{"data":"Deaths_Shadow","floor":7.0,"key":"SMITH"},{"data":"Negative_Energy_Burst","floor":10.0,"key":"SMITH"},{"data":"Bone_Armor","floor":12.0,"key":"SMITH"},{"data":"Finger_Of_Death","floor":15.0,"key":"SMITH"},{"floor":27.0,"key":"REST"},{"floor":32.0,"key":"REST"},{"floor":40,"key":"REST"},{"data":"Spectral_Armor","floor":46,"key":"SMITH"},{"floor":49,"key":"REST"}],"circlet_count":0,"master_deck":["Bone_Bullets","Spectral_Armor+1","Finger_Of_Death+1","Negative_Energy_Mist","Consume_Illness","Necrotic_Claws","Life_Drain","Toxic_Smoke_Screen","Toxic_Smoke_Screen","Flesh_Made_Foul","Bone_Armor+1","Chill_Blood","Death_March_Dance","Negative_Energy_Javelin","Negative_Energy_Shield","Death_March_Dance","Negative_Energy_Burst+1","Bone_Armor","Bone_Shift","Bone_Bullets","Bone_Shift","Bone_Spikes","Cloudkill+1","Negative_Energy_Sphere","Negative_Energy_Sphere+1","Acid_Javelin","Negative_Energy_Mist","Toxic_Smoke_Screen+1","Bone_Shift+1","Chill_Blood+1","Negative_Energy_Shield+1","Summon_Lich","Chill_Blood+1","Writhe","Summon_Undead_Army+1"],"relics":["Vampire_Amulet","MawBank","ReplayFunnel","Sozu","ClockworkSouvenir","MerchantsRug","Lantern","ReplayTheSpireMod:TigerMarble","hubris:TenFootPole"],"acts_visited":["Exordium","TheCity","TheBeyond"],"potions_floor_usage":[],"damage_taken":[{"damage":2.0,"enemies":"Cultist","floor":1.0,"turns":2.0},{"damage":2.0,"enemies":"2 Louse","floor":2.0,"turns":1.0},{"damage":12.0,"enemies":"Gremlin Nob","floor":6.0,"turns":3.0},{"damage":0.0,"enemies":"Small Slimes","floor":8.0,"turns":2.0},{"damage":7.0,"enemies":"Blue Slaver","floor":13.0,"turns":2.0},{"damage":0.0,"enemies":"Looter","floor":14.0,"turns":3.0},{"damage":45.0,"enemies":"Hexaghost","floor":16.0,"turns":10.0},{"damage":4.0,"enemies":"Shell Parasite","floor":18.0,"turns":3.0},{"damage":20.0,"enemies":"2 Thieves","floor":20.0,"turns":3.0},{"damage":20.0,"enemies":"Shelled Parasite and Fungi","floor":22.0,"turns":5.0},{"damage":42.0,"enemies":"Sentry and Sphere","floor":23.0,"turns":6.0},{"damage":6.0,"enemies":"Centurion and Healer","floor":24.0,"turns":4.0},{"damage":2.0,"enemies":"Snecko","floor":25.0,"turns":4.0},{"damage":14.0,"enemies":"Snake Plant","floor":30.0,"turns":2.0},{"damage":44.0,"enemies":"hubris:MusketHawk","floor":33.0,"turns":10.0},{"damage":36,"enemies":"3 Darklings","floor":35,"turns":6},{"damage":0,"enemies":"Orb Walker","floor":41,"turns":3},{"damage":20,"enemies":"3 Darklings","floor":45,"turns":4},{"damage":108,"enemies":"Awakened One","floor":50,"turns":9}],"seed_played":"-1283480827410872575","potions_obtained":[{"floor":1.0,"key":"Adrenaline Potion"},{"floor":6.0,"key":"Swift Potion"},{"floor":8.0,"key":"Strength Potion"}],"is_trial":false,"path_per_floor":["M","M","?","?","$","E","R","M","T","R","?","R","M","M","R","B",null,"M","?","M","$","M","M","M","M","T","R","?","$","M","$","R","B",null,"M","$","?","?","?","R","M","$","T","?","M","R","?","$","R","B"],"character_chosen":"NECROMANCER","items_purchased":["Negative_Energy_Burst","Bone_Armor","ClockworkSouvenir","Acid_Javelin","Negative_Energy_Mist","MerchantsRug","Summon_Lich","Chill_Blood+1","ReplayTheSpireMod:TigerMarble"],"campfire_rested":4,"item_purchase_floors":[5,5,21,21,21,21,29,29,36],"current_hp_per_floor":[75,75,75,75,75,65,65,69,69,69,69,69,70,72,72,38,75,73,75,65,65,58,26,30,30,30,52,40,40,28,28,50,18,75,41,41,60,60,60,75,75,75,75,75,63,63,63,63,75,0,0],"gold":132,"neow_bonus":"","is_daily":true,"chose_seed":false,"campfire_upgraded":5,"win_rate":0.0,"timestamp":1611100167,"path_taken":["M","?","?","?","?","E","R","M","T","R","?","R","M","M","R","BOSS","M","?","M","$","?","M","M","M","T","R","?","?","M","$","R","BOSS","M","$","?","?","?","R","M","$","T","?","?","R","?","?","R","BOSS"],"items_purchased_type":["Card","Card","Relic","Card","Card","Relic","Card","Card","Relic"],"build_version":"2020-12-22","purchased_purges":0,"victory":false,"max_hp_per_floor":[75,75,75,75,75,75,75,75,75,75,75,75,75,75,75,75,75,75,75,75,75,75,75,75,75,75,75,75,75,75,75,75,75,75,75,75,75,75,75,75,75,75,75,75,75,75,75,75,75,75,75],"card_choices":[{"not_picked":["Blood_for_Blood","Shade_Step"],"picked":"Bone_Bullets","floor":0.0},{"not_picked":["Toxic_Smoke_Screen","Blood_Shield"],"picked":"Spectral_Armor","floor":0.0},{"not_picked":["Death_Coil","Thousand_Bone_Knives"],"picked":"Finger_Of_Death","floor":0.0},{"not_picked":["Chill_Blood","Bones_to_Steel"],"picked":"Negative_Energy_Mist","floor":0.0},{"not_picked":["Strike_from_Beyond","Chill_Blood"],"picked":"Consume_Illness","floor":0.0},{"not_picked":["Toxic_Smoke_Screen","Whirlwind_of_Bones"],"picked":"Necrotic_Claws","floor":0.0},{"not_picked":["Negative_Energy_Sphere","Death_March_Dance"],"picked":"Life_Drain","floor":0.0},{"not_picked":["Bone_Bullets","Bone_Shift"],"picked":"Toxic_Smoke_Screen","floor":0.0},{"not_picked":["Thousand_Bone_Knives","Shackles_Of_Pain"],"picked":"Toxic_Smoke_Screen","floor":0.0},{"not_picked":["Finger_Of_Death","Chill_Blood"],"picked":"Deaths_Shadow","floor":0.0},{"not_picked":["Bone_Bullets","Death_Coil"],"picked":"Flesh_Made_Foul","floor":0.0},{"not_picked":["Uncharnel","Death_Coil"],"picked":"Bone_Armor","floor":0.0},{"not_picked":["Bone_Bullets","Death_Coil"],"picked":"Chill_Blood","floor":0.0},{"not_picked":["Chill_Blood","Finger_Of_Death"],"picked":"Death_March_Dance","floor":0.0},{"not_picked":["Blood_Whip","Necromantic_Selection"],"picked":"Negative_Energy_Javelin","floor":0.0},{"not_picked":["Bone_Bullets","Toxic_Smoke_Screen"],"picked":"Negative_Energy_Shield","floor":1.0},{"not_picked":["Finger_Of_Death","Death_Coil"],"picked":"Death_March_Dance","floor":2.0},{"not_picked":["Skeleton_Dragon","Scare"],"picked":"Bone_Shift","floor":6.0},{"not_picked":["Life_Tap","Bone_Shift"],"picked":"Bone_Bullets","floor":8.0},{"not_picked":["Shackles_Of_Pain","Consume_Illness"],"picked":"Bone_Shift","floor":13.0},{"not_picked":["Scare","Blood_Shield"],"picked":"Bone_Spikes","floor":14.0},{"not_picked":["Detonate_Bones","Summon_Vampire_Lady"],"picked":"Cloudkill","floor":16.0},{"not_picked":["Bone_Armory","Bones_to_Steel"],"picked":"Negative_Energy_Sphere","floor":18.0},{"not_picked":["Bones_to_Steel","Flesh_Made_Foul"],"picked":"Negative_Energy_Sphere+1","floor":20.0},{"not_picked":["Blood_Is_Power","Bone_Spikes"],"picked":"Toxic_Smoke_Screen+1","floor":22.0},{"not_picked":["Strike_from_Beyond","Bones_to_Steel"],"picked":"Bone_Shift+1","floor":23.0},{"not_picked":["Negative_Energy_Javelin","Whirlwind_of_Bones"],"picked":"Chill_Blood+1","floor":24.0},{"not_picked":["Bone_Spikes+1","Summon_Undead"],"picked":"Negative_Energy_Shield+1","floor":25.0},{"not_picked":["Scare","Finger_Of_Death","Death_Coil"],"picked":"SKIP","floor":30.0},{"not_picked":["Bones_to_Steel","Blood_Curse+1","Consume_Illness+1"],"picked":"SKIP","floor":35},{"not_picked":["Negative_Energy_Mist","Bones_to_Steel+1","Vampiric_Strike+1"],"picked":"SKIP","floor":41},{"not_picked":["Slay_Living","Finger_Of_Death"],"picked":"Summon_Undead_Army+1","floor":45}],"player_experience":192897,"relics_obtained":[{"floor":6.0,"key":"MawBank"},{"floor":9.0,"key":"ReplayFunnel"},{"floor":26.0,"key":"Lantern"},{"floor":43,"key":"hubris:TenFootPole"}],"event_choices":[{"damage_healed":0.0,"max_hp_gain":0.0,"max_hp_loss":0.0,"gold_gain":0.0,"event_name":"Golden Idol","player_choice":"Ignored","floor":4.0,"gold_loss":0.0,"damage_taken":0.0},{"damage_healed":0.0,"max_hp_gain":0.0,"max_hp_loss":0.0,"gold_gain":54.0,"event_name":"Golden Wing","player_choice":"Gained Gold","floor":11.0,"gold_loss":0.0,"damage_taken":0.0},{"cards_removed":["Deaths_Shadow"],"damage_healed":2.0,"max_hp_gain":0.0,"max_hp_loss":0.0,"gold_gain":0.0,"event_name":"Bonfire Elementals","player_choice":"Offered Uncommon","floor":19.0,"gold_loss":0.0,"damage_taken":0.0},{"damage_healed":0.0,"max_hp_gain":0.0,"max_hp_loss":0.0,"gold_gain":90.0,"event_name":"Knowing Skull","player_choice":"GOLD ","floor":28.0,"potions_obtained":[],"gold_loss":0.0,"damage_taken":12.0,"cards_obtained":[]},{"damage_healed":19,"gold_gain":0,"player_choice":"Writhe","damage_taken":0,"max_hp_gain":0,"max_hp_loss":0,"event_name":"Winding Halls","floor":37,"gold_loss":0,"cards_obtained":["Writhe"]},{"damage_healed":0,"gold_gain":0,"player_choice":"Ignored","damage_taken":0,"max_hp_gain":0,"max_hp_loss":0,"event_name":"Mysterious Sphere","floor":39,"gold_loss":0},{"damage_healed":0,"gold_gain":0,"player_choice":"Ignored","damage_taken":0,"max_hp_gain":0,"max_hp_loss":0,"event_name":"Purifier","floor":44,"gold_loss":0}],"is_beta":false,"boss_relics":[{"not_picked":["hubris:CrackedHourglass","Snecko Eye"],"picked":"Sozu"},{"not_picked":["hubris:BlackHole","Replay:Drink Me","Calling Bell"]}],"items_purged_floors":[],"is_endless":false,"potions_floor_spawned":[1,6,8,22,23,24,30,35,41],"killed_by":"Awakened One","ascension_level":0}}