{"host":"w8h1gb4cf72e7pqk","time":1611049008,"event":{"mods":["BaseMod","Downfall","Minty Spire (QoL Compilation)","StSLib","The Bug Knight","everything is the same but u backflip on backflip"],"gold_per_floor":[99,117,117,30,45,74,97,97,117,117,135,35,46,72,87,87,87,87],"floor_reached":16,"language":"ENG","playtime":1001,"items_purged":[],"score":123,"play_id":"9ac35d69-581e-4104-9fbf-ffc8cab3ec97","local_time":"20210119193648","is_ascension_mode":true,"campfire_choices":[{"data":"hexamod:Sear","floor":1,"key":"SMITH"},{"floor":8,"key":"REST"},{"data":"hexamod:SpectersWail","floor":10,"key":"SMITH"},{"data":"hexamod:SpectersWail","floor":12,"key":"SMITH"}],"circlet_count":0,"master_deck":["hexamod:Strike+1","hexamod:Strike","hexamod:Strike+1","hexamod:Strike+1","hexamod:Defend","hexamod:Defend+1","hexamod:Defend","hexamod:Defend+1","hexamod:Sear+1","hexamod:Float","hexamod:SixthSeal","hexamod:BacktrackSmack+1","hexamod:SpectersWail+1","hexamod:GhostOfSpirePast","hexamod:NightmareStrike+1","hexamod:SpectralSpark+1","hexamod:ShieldOfDarkness","hexamod:Firestarter","hexamod:SpectersWail+1","hexamod:EmpoweredFlame+1","hexamod:BurningTouch","hexamod:FastForward"],"relics":["hexamod:SpiritBrand","Oddly Smooth Stone","Dream Catcher","downfall:HeartBlessingGreen","Whetstone"],"acts_visited":["Exordium"],"potions_floor_usage":[16],"damage_taken":[{"damage":15,"enemies":"2 Louse","floor":2,"turns":4},{"damage":0,"enemies":"downfall:FleeingMerchant","floor":4,"turns":4},{"damage":1,"enemies":"Cultist","floor":5,"turns":3},{"damage":1,"enemies":"HollowMod:MossKnight","floor":6,"turns":8},{"damage":0,"enemies":"Small Slimes","floor":9,"turns":3},{"damage":0,"enemies":"Exordium Thugs","floor":11,"turns":3},{"damage":5,"enemies":"2 Fungi Beasts","floor":13,"turns":4},{"damage":18,"enemies":"Gremlin Nob","floor":14,"turns":4},{"damage":12,"enemies":"Exordium Wildlife","floor":15,"turns":3},{"damage":18,"enemies":"DF_ARCHETYPE_STREAMLINE","floor":16,"turns":6}],"seed_played":"-3767768853191255005","potions_obtained":[{"floor":3,"key":"GamblersBrew"},{"floor":3,"key":"Ancient Potion"},{"floor":3,"key":"hexamod:DoubleChargePotion"},{"floor":11,"key":"Strength Potion"},{"floor":13,"key":"Energy Potion"}],"is_trial":false,"path_per_floor":["R","M","?","$","M","E","T","R","M","R","M","R","M","E","M","B"],"character_chosen":"THE_SPIRIT","items_purchased":["hexamod:GhostOfSpirePast"],"campfire_rested":1,"item_purchase_floors":[4],"current_hp_per_floor":[49,34,34,34,33,32,32,53,53,53,53,53,48,30,18,0,0,0],"gold":87,"neow_bonus":"THREE_RARE_CARDS","is_daily":false,"chose_seed":false,"campfire_upgraded":3,"win_rate":0.0,"timestamp":1611049008,"path_taken":["R","M","?","$","M","E","T","R","M","R","M","R","?","E","M","BOSS"],"items_purchased_type":["Card"],"build_version":"2020-12-22","purchased_purges":0,"victory":false,"max_hp_per_floor":[70,70,70,70,70,70,70,70,70,70,70,70,70,70,70,70,70,70],"card_choices":[{"not_picked":["hexamod:TurnItUp","hexamod:GhostOfSpirePresent"],"picked":"hexamod:SixthSeal","floor":0},{"not_picked":["hexamod:FastForward","hexamod:NecessarySacrifice"],"picked":"hexamod:BacktrackSmack","floor":2},{"not_picked":["hexamod:AdvancingGuard","hexamod:Incineration"],"picked":"hexamod:SpectersWail","floor":4},{"not_picked":["hexamod:InspiringFlames","hexamod:BurningTouch"],"picked":"hexamod:NightmareStrike","floor":5},{"not_picked":["hexamod:PowerFromBeyond","hexamod:ExtraCrispy"],"picked":"hexamod:SpectralSpark","floor":6},{"not_picked":["hexamod:AdvancingGuard","hexamod:GhostShield"],"picked":"hexamod:ShieldOfDarkness","floor":8},{"not_picked":["hexamod:NecessarySacrifice","hexamod:GhostflameBarrier"],"picked":"hexamod:Firestarter","floor":9},{"not_picked":["hexamod:Incineration","hexamod:GhostLash"],"picked":"hexamod:SpectersWail","floor":11},{"not_picked":["hexamod:GhostOfSpirePresent","hexamod:AdvancingGuard"],"picked":"hexamod:EmpoweredFlame","floor":13},{"not_picked":["hexamod:DynamicBlow","hexamod:SkipABeat"],"picked":"hexamod:BurningTouch","floor":14},{"not_picked":["hexamod:NightmareGuise","hexamod:Firestarter"],"picked":"hexamod:FastForward","floor":15}],"player_experience":1255084,"relics_obtained":[{"floor":6,"key":"Oddly Smooth Stone"},{"floor":7,"key":"Dream Catcher"},{"floor":14,"key":"Whetstone"}],"event_choices":[{"damage_healed":0,"gold_gain":0,"player_choice":"Got Potions","damage_taken":0,"max_hp_gain":0,"max_hp_loss":0,"event_name":"Lab","floor":3,"gold_loss":0}],"is_beta":false,"boss_relics":[],"items_purged_floors":[],"is_endless":false,"potions_floor_spawned":[9,11,13],"killed_by":"DF_ARCHETYPE_STREAMLINE","ascension_level":2}}