{"host":"74uvi6kym3vf3uk6","time":1611032395,"event":{"mods":["AchievementEnabler","BaseMod","Better Altar","Better Match","Better Note","Better Sensory Stone","Better Skull","Better Third Choice","CatGirl Mod","Colored Map","Colored Powertips","Dark Map","Highlight Path","Minty Spire (QoL Compilation)","Permanent Neow","Rare Cards Sparkle","Shop Mod","StSLib","The Exalted","The Runesmith"],"gold_per_floor":[110,120,130,149,149,149,182,182,182,6,18,29,51,65,65,168,218,236,249,261,9,9,9,9,9,79,96,96,96,106,30,30,30,30],"floor_reached":33,"language":"ENG","playtime":4697,"items_purged":["theCatGirl:Strike"],"score":249,"play_id":"43760e84-1eb4-41f7-844b-66945c1deb58","local_time":"20210118225955","is_ascension_mode":false,"campfire_choices":[{"floor":6,"key":"REST"},{"floor":8,"key":"REST"},{"floor":15,"key":"REST"},{"floor":23,"key":"REST"},{"floor":28,"key":"REST"},{"floor":32,"key":"REST"}],"circlet_count":0,"master_deck":["theCatGirl:Strike","theCatGirl:Strike","theCatGirl:Strike","theCatGirl:Defend","theCatGirl:Defend","theCatGirl:Defend","theCatGirl:Defend","theCatGirl:ClawStrike","theCatGirl:Evasion","theCatGirl:BodyBlow","theCatGirl:ComboAttack","theCatGirl:FumblingBlow","theCatGirl:BloodBath","theCatGirl:LuckyBlow","theCatGirl:Slip","theCatGirl:SpinningStrike","theCatGirl:BloodScent+1","theCatGirl:BloodScent","theCatGirl:DefensiveStance+1","theCatGirl:AccidentalSlap","theCatGirl:Beastification","theCatGirl:ChangeOfPlans","theCatGirl:SmellFear","theCatGirl:SearchBackpack+1","theCatGirl:Parry+1","theCatGirl:Parry","theCatGirl:Parry+1","theCatGirl:Claws","Blade Dance+1","theCatGirl:TrainWreck+1"],"relics":["theCatGirl:TrainedRelic","Vajra","HornCleat","Odd Mushroom","Tiny House","Membership Card","Potion Belt","Toxic Egg 2","theCatGirl:DriedFish"],"acts_visited":["Exordium","TheCity"],"potions_floor_usage":[2,7,7,16,16,20,20,20,20,21,30,33,33,33,33],"damage_taken":[{"damage":1,"enemies":"Jaw Worm","floor":1,"turns":5},{"damage":9,"enemies":"Cultist","floor":2,"turns":5},{"damage":0,"enemies":"Small Slimes","floor":3,"turns":3},{"damage":1,"enemies":"Exordium Thugs","floor":4,"turns":5},{"damage":20,"enemies":"Lagavulin","floor":7,"turns":10},{"damage":0,"enemies":"Large Slime","floor":11,"turns":3},{"damage":0,"enemies":"3 Louse","floor":12,"turns":2},{"damage":7,"enemies":"The Mushroom Lair","floor":13,"turns":3},{"damage":7,"enemies":"Exordium Thugs","floor":14,"turns":4},{"damage":24,"enemies":"The Guardian","floor":16,"turns":10},{"damage":8,"enemies":"3 Byrds","floor":18,"turns":6},{"damage":49,"enemies":"Chosen","floor":19,"turns":7},{"damage":15,"enemies":"Snecko","floor":20,"turns":4},{"damage":1,"enemies":"Shelled Parasite and Fungi","floor":27,"turns":6},{"damage":13,"enemies":"Snake Plant","floor":30,"turns":7},{"damage":71,"enemies":"Automaton","floor":33,"turns":6}],"seed_played":"-7564479510160432435","potions_obtained":[{"floor":1,"key":"Dexterity Potion"},{"floor":2,"key":"ColorlessPotion"},{"floor":4,"key":"SkillPotion"},{"floor":7,"key":"EssenceOfSteel"},{"floor":11,"key":"Block Potion"},{"floor":17,"key":"EntropicBrew"},{"floor":20,"key":"EntropicBrew"},{"floor":30,"key":"PowerPotion"}],"is_trial":true,"path_per_floor":["M","M","M","M","?","R","E","R","T","$","M","M","?","M","R","B",null,"M","M","M","$","?","R","?","$","T","M","R","?","M","$","R","B"],"character_chosen":"THE_CATGIRL","items_purchased":["theCatGirl:Slip","theCatGirl:SpinningStrike","Membership Card","Potion Belt","theCatGirl:Parry","theCatGirl:DriedFish"],"campfire_rested":6,"item_purchase_floors":[10,10,21,21,21,31],"current_hp_per_floor":[69,60,60,59,64,75,55,75,75,75,75,75,68,61,75,51,80,72,23,8,8,8,32,32,32,32,31,55,55,42,42,66,0,0],"gold":30,"neow_bonus":"","is_daily":false,"chose_seed":false,"campfire_upgraded":0,"win_rate":0.0,"timestamp":1611032395,"path_taken":["M","M","M","M","?","R","E","R","T","$","?","M","?","M","R","BOSS","M","M","M","$","?","R","?","$","T","M","R","?","M","$","R","BOSS"],"items_purchased_type":["Card","Card","Relic","Relic","Card","Relic"],"build_version":"2020-12-22","purchased_purges":1,"victory":false,"max_hp_per_floor":[70,70,70,70,75,75,75,75,75,75,75,75,75,75,75,75,80,80,80,80,80,80,80,80,80,80,80,80,80,80,80,80,80,80],"card_choices":[{"not_picked":["theCatGirl:TryingMyBest","theCatGirl:LostTrinket"],"picked":"theCatGirl:BodyBlow","floor":1},{"not_picked":["theCatGirl:AllIn","theCatGirl:PlayAround"],"picked":"theCatGirl:ComboAttack","floor":2},{"not_picked":["theCatGirl:PlayAround","theCatGirl:GoddessOfMisfortune"],"picked":"theCatGirl:FumblingBlow","floor":3},{"not_picked":["theCatGirl:DecliningDefenses","theCatGirl:EmergencyParry"],"picked":"theCatGirl:BloodBath","floor":4},{"not_picked":["theCatGirl:DecliningDefenses","theCatGirl:FumblingBlow"],"picked":"theCatGirl:LuckyBlow","floor":7},{"not_picked":["theCatGirl:RecoveryBlow","theCatGirl:Misfire"],"picked":"theCatGirl:BloodScent","floor":11},{"not_picked":["theCatGirl:AllIn","theCatGirl:DecliningDefenses"],"picked":"theCatGirl:BloodScent","floor":12},{"not_picked":["theCatGirl:PoisedStrike","theCatGirl:TwoStep"],"picked":"theCatGirl:DefensiveStance","floor":13},{"not_picked":["theCatGirl:GoddessOfMisfortune","theCatGirl:ClenchYourTeeth"],"picked":"theCatGirl:AccidentalSlap","floor":14},{"not_picked":["theCatGirl:LearnThePattern","theCatGirl:HungerClaw"],"picked":"theCatGirl:Beastification","floor":16},{"not_picked":["theCatGirl:ShockedWitness","theCatGirl:DefensiveStance"],"picked":"theCatGirl:ChangeOfPlans","floor":17},{"not_picked":["theCatGirl:RunningWithDaggers+1","theCatGirl:DecliningDefenses"],"picked":"theCatGirl:SmellFear","floor":18},{"not_picked":["theCatGirl:Stalk","theCatGirl:SmellFear"],"picked":"theCatGirl:SearchBackpack+1","floor":19},{"not_picked":["theCatGirl:ChangeOfPlans+1","theCatGirl:Prepared+1"],"picked":"theCatGirl:Parry+1","floor":20},{"not_picked":["theCatGirl:FinishingMove","theCatGirl:ClenchYourTeeth+1"],"picked":"theCatGirl:Claws","floor":27},{"not_picked":["theCatGirl:ThatWasntIt+1","theCatGirl:EmergencyParry+1"],"picked":"theCatGirl:TrainWreck+1","floor":30}],"player_experience":150320,"relics_obtained":[{"floor":7,"key":"Vajra"},{"floor":9,"key":"HornCleat"},{"floor":13,"key":"Odd Mushroom"},{"floor":26,"key":"Toxic Egg 2"}],"event_choices":[{"damage_healed":0,"gold_gain":0,"player_choice":"Donut","damage_taken":0,"max_hp_gain":5,"max_hp_loss":0,"event_name":"Big Fish","floor":5,"gold_loss":0},{"damage_healed":0,"gold_gain":0,"player_choice":"Fought Mushrooms","damage_taken":0,"max_hp_gain":0,"max_hp_loss":0,"event_name":"Mushrooms","floor":13,"gold_loss":0},{"damage_healed":0,"gold_gain":0,"player_choice":"Copied","damage_taken":0,"max_hp_gain":0,"max_hp_loss":0,"event_name":"Duplicator","floor":22,"gold_loss":0,"cards_obtained":["theCatGirl:Parry"]},{"damage_healed":0,"gold_gain":0,"player_choice":"Forge","damage_taken":0,"max_hp_gain":0,"max_hp_loss":0,"event_name":"Accursed Blacksmith","floor":24,"gold_loss":0,"cards_upgraded":["theCatGirl:DefensiveStance"]},{"cards_removed":["theCatGirl:Parry"],"damage_healed":0,"gold_gain":0,"player_choice":"Take \u0026 Give","damage_taken":0,"max_hp_gain":0,"max_hp_loss":0,"event_name":"betterNote:BetterNote","floor":29,"gold_loss":0,"cards_obtained":["Blade Dance"]}],"is_beta":false,"boss_relics":[{"not_picked":["Runic Dome","Astrolabe"],"picked":"Tiny House"}],"items_purged_floors":[10],"is_endless":false,"potions_floor_spawned":[1,2,4,7,11,20,30],"killed_by":"Automaton","ascension_level":0}}