{"host":"a0d98l75j0h1o085","time":1611074987,"event":{"mods":["AlwaysNeverKeys","BaseMod","Downfall","Highlight Path","Minty Spire (QoL Compilation)","StSLib"],"gold_per_floor":[114,114,114,36,36,66,66,79,124,124,142,157,0,35,35,140,190,205,222,255,180,195,195,213,213,213,113,113,28,28,58,58,160,160,173,395,410,710,757,757,400,452,529,529,181,181,209,227,227,252],"floor_reached":51,"language":"ENG","playtime":6986,"items_purged":["Pain","Defend_P","Defend_P","Strike_P"],"score":877,"play_id":"977644e1-9632-476d-89ae-fba431fcb162","local_time":"20210119164947","is_ascension_mode":false,"campfire_choices":[{"data":"Study","floor":15.0,"key":"SMITH"},{"data":"Study","floor":23.0,"key":"SMITH"},{"data":"Discovery","floor":25.0,"key":"SMITH"},{"data":"LikeWater","floor":28.0,"key":"SMITH"},{"data":"LikeWater","floor":32.0,"key":"SMITH"},{"data":"MasterReality","floor":40,"key":"SMITH"},{"data":"Fasting2","floor":49,"key":"SMITH"}],"circlet_count":0,"master_deck":["Strike_P+1","Strike_P+1","Defend_P","Eruption+1","Vigilance","InnerPeace","LikeWater+1","Study+1","Protect","Study+1","Discovery+1","LikeWater+1","DeusExMachina","Meditate","Sanctity+1","MasterReality+1","TalkToTheHand","LikeWater","Magnetism","Vault","Fasting2+1","Crescendo","FlyingSleeves","Trip","Panacea","ReachHeaven+1","Crescendo+1"],"relics":["PureWater","NeowsBlessing","Bag of Preparation","Meat on the Bone","Whetstone","WarpedTongs","Pantograph","Tiny House","Red Mask","Orichalcum","Juzu Bracelet","Gambling Chip","Philosopher\u0027s Stone","Incense Burner","MealTicket","Bottled Flame","Membership Card","Happy Flower"],"acts_visited":["Exordium","TheCity","TheBeyond"],"potions_floor_usage":[39,42,50,50,50],"damage_taken":[{"damage":0.0,"enemies":"2 Louse","floor":1.0,"turns":1.0},{"damage":0.0,"enemies":"3 Sentries","floor":6.0,"turns":1.0},{"damage":0.0,"enemies":"Small Slimes","floor":8.0,"turns":1.0},{"damage":2.0,"enemies":"Jaw Worm","floor":11.0,"turns":3.0},{"damage":4.0,"enemies":"3 Louse","floor":12.0,"turns":5.0},{"damage":18.0,"enemies":"Gremlin Nob","floor":14.0,"turns":4.0},{"damage":15.0,"enemies":"Hexaghost","floor":16.0,"turns":13.0},{"damage":0.0,"enemies":"3 Byrds","floor":18.0,"turns":6.0},{"damage":1.0,"enemies":"Spheric Guardian","floor":19.0,"turns":5.0},{"damage":13.0,"enemies":"Masked Bandits","floor":20.0,"turns":6.0},{"damage":0.0,"enemies":"Chosen and Byrds","floor":22.0,"turns":4.0},{"damage":2.0,"enemies":"Snake Plant","floor":24.0,"turns":5.0},{"damage":0.0,"enemies":"Book of Stabbing","floor":31.0,"turns":6.0},{"damage":0,"enemies":"Champ","floor":33,"turns":9},{"damage":0,"enemies":"3 Shapes","floor":35,"turns":5},{"damage":2,"enemies":"Orb Walker","floor":37,"turns":3},{"damage":12,"enemies":"2 Orb Walkers","floor":39,"turns":4},{"damage":0,"enemies":"Reptomancer","floor":42,"turns":5},{"damage":0,"enemies":"Giant Head","floor":47,"turns":6},{"damage":3,"enemies":"Maw","floor":48,"turns":5},{"damage":4,"enemies":"Time Eater","floor":50,"turns":9}],"seed_played":"2446526042872784883","potions_obtained":[{"floor":1.0,"key":"hexamod:SoulburnPotion"},{"floor":6.0,"key":"Regen Potion"},{"floor":8.0,"key":"champ:CounterPotion"},{"floor":17.0,"key":"SteroidPotion"},{"floor":24.0,"key":"Guardian:BlockOnCardUsePotion"},{"floor":31.0,"key":"FearPotion"},{"floor":37,"key":"ColorlessPotion"},{"floor":39,"key":"DuplicationPotion"},{"floor":42,"key":"ColorlessPotion"}],"is_trial":false,"path_per_floor":["M","?","?","$","$","E","?","M","T","?","M","M","$","E","R","B",null,"M","M","?","?","M","R","M","R","T","$","R","?","$","E","R","B",null,"M","?","M","?","?","R","$","E","T","?","$","?","E","M","R","B",null],"character_chosen":"WATCHER","items_purchased":["LikeWater","Discovery","LikeWater","Magnetism","Membership Card","Fasting2","Crescendo","Strength Potion","Dexterity Potion","FlyingSleeves"],"campfire_rested":0,"item_purchase_floors":[4,13,41,41,45,45,45,45,45,45],"current_hp_per_floor":[72,77,59,59,59,59,52,52,52,52,50,46,46,40,40,50,82,82,81,68,68,68,68,66,66,66,66,66,66,66,66,66,82,82,82,82,80,80,68,68,68,68,68,68,82,72,72,69,69,78],"gold":252,"neow_bonus":"THREE_ENEMY_KILL","is_daily":false,"chose_seed":false,"campfire_upgraded":7,"win_rate":0.0,"timestamp":1611074987,"path_taken":["M","?","?","?","$","E","?","M","T","?","?","M","$","E","R","BOSS","M","M","?","?","M","R","M","R","T","?","R","?","$","E","R","BOSS","M","?","M","?","?","R","$","E","T","?","$","?","E","M","R","BOSS"],"items_purchased_type":["Card","Card","Card","Card","Relic","Card","Card","Potion","Potion","Card"],"build_version":"2020-12-22","purchased_purges":4,"victory":true,"max_hp_per_floor":[72,77,77,77,77,77,77,77,77,77,77,77,77,77,77,77,82,82,82,82,82,82,82,82,82,82,82,82,82,82,82,82,82,82,82,82,82,82,82,82,82,82,82,82,82,82,82,82,82,82],"card_choices":[{"not_picked":["Collect","WheelKick","InnerPeace"],"picked":"SKIP","floor":1.0},{"not_picked":["Collect","WheelKick"],"picked":"InnerPeace","floor":1.0},{"not_picked":["CarveReality","Vault"],"picked":"Study","floor":6.0},{"not_picked":["ClearTheMind","EmptyFist"],"picked":"Protect","floor":8.0},{"not_picked":["BowlingBash","Swivel"],"picked":"Study","floor":11.0},{"not_picked":["InnerPeace","JustLucky","Consecrate"],"picked":"SKIP","floor":12.0},{"not_picked":["WaveOfTheHand","Crescendo"],"picked":"LikeWater","floor":14.0},{"not_picked":["ConjureBlade","Blasphemy"],"picked":"DeusExMachina","floor":16.0},{"not_picked":["Vengeance+1","Weave","Swivel+1"],"picked":"SKIP","floor":18.0},{"not_picked":["Tantrum","SashWhip","SignatureMove"],"picked":"SKIP","floor":19.0},{"not_picked":["FollowUp+1","SashWhip"],"picked":"Meditate","floor":20.0},{"not_picked":["FollowUp","FlyingSleeves"],"picked":"Sanctity+1","floor":22.0},{"not_picked":["CrushJoints+1","Worship+1","Halt+1"],"picked":"SKIP","floor":24.0},{"not_picked":["PathToVictory","CarveReality","Tantrum+1"],"picked":"SKIP","floor":31.0},{"not_picked":["LessonLearned","Scrawl"],"picked":"MasterReality","floor":33},{"not_picked":["Worship","Evaluate+1"],"picked":"FlyingSleeves+1","floor":35},{"not_picked":["WreathOfFlame","Nirvana"],"picked":"TalkToTheHand","floor":37},{"not_picked":["Pray","Consecrate+1"],"picked":"Vault","floor":42},{"not_picked":["Secret Weapon","Discovery"],"picked":"Trip","floor":46},{"not_picked":["PanicButton","Impatience"],"picked":"Panacea","floor":46},{"not_picked":["Meditate+1","Consecrate"],"picked":"ReachHeaven+1","floor":47},{"not_picked":["ClearTheMind","Collect+1"],"picked":"Crescendo+1","floor":48}],"player_experience":734125,"relics_obtained":[{"floor":6.0,"key":"Meat on the Bone"},{"floor":9.0,"key":"Whetstone"},{"floor":14.0,"key":"Pantograph"},{"floor":20.0,"key":"Red Mask"},{"floor":26.0,"key":"Orichalcum"},{"floor":31.0,"key":"Gambling Chip"},{"floor":39,"key":"Incense Burner"},{"floor":42,"key":"MealTicket"},{"floor":43,"key":"Bottled Flame"},{"floor":47,"key":"Happy Flower"}],"event_choices":[{"damage_healed":0.0,"max_hp_gain":5.0,"max_hp_loss":0.0,"gold_gain":0.0,"event_name":"Big Fish","player_choice":"Donut","floor":2.0,"gold_loss":0.0,"damage_taken":0.0},{"damage_healed":0.0,"max_hp_gain":0.0,"max_hp_loss":0.0,"gold_gain":0.0,"event_name":"Scrap Ooze","player_choice":"Success","floor":3.0,"gold_loss":0.0,"damage_taken":18.0,"relics_obtained":["Bag of Preparation"]},{"cards_removed":["Defend_P"],"damage_healed":0.0,"max_hp_gain":0.0,"max_hp_loss":0.0,"gold_gain":0.0,"event_name":"Golden Wing","player_choice":"Card Removal","floor":7.0,"gold_loss":0.0,"damage_taken":7.0},{"damage_healed":0.0,"max_hp_gain":0.0,"max_hp_loss":0.0,"gold_gain":0.0,"event_name":"Accursed Blacksmith","player_choice":"Rummage","floor":10.0,"gold_loss":0.0,"damage_taken":0.0,"relics_obtained":["WarpedTongs"],"cards_obtained":["Pain"]},{"damage_healed":0.0,"max_hp_gain":0.0,"max_hp_loss":0.0,"gold_gain":0.0,"event_name":"Masked Bandits","player_choice":"Fought Bandits","floor":20.0,"gold_loss":0.0,"damage_taken":0.0},{"cards_removed":["Strike_P"],"damage_healed":0.0,"max_hp_gain":0.0,"max_hp_loss":0.0,"gold_gain":0.0,"event_name":"Beggar","player_choice":"Gave Gold","floor":21.0,"gold_loss":75.0,"damage_taken":0.0},{"damage_healed":0.0,"max_hp_gain":0.0,"max_hp_loss":0.0,"gold_gain":0.0,"event_name":"Addict","player_choice":"Obtained Relic","floor":29.0,"gold_loss":85.0,"damage_taken":0.0,"relics_obtained":["Juzu Bracelet"]},{"damage_healed":0,"gold_gain":222,"player_choice":"Wore Mask","damage_taken":0,"max_hp_gain":0,"max_hp_loss":0,"event_name":"Tomb of Lord Red Mask","floor":36,"gold_loss":0},{"damage_healed":0,"gold_gain":300,"player_choice":"Gold","damage_taken":0,"max_hp_gain":0,"max_hp_loss":0,"event_name":"Wheel of Change","floor":38,"gold_loss":0},{"damage_healed":0,"gold_gain":0,"player_choice":"Fight","damage_taken":0,"max_hp_gain":0,"max_hp_loss":0,"event_name":"Mysterious Sphere","floor":39,"gold_loss":0},{"cards_removed":["FlyingSleeves"],"damage_healed":0,"gold_gain":0,"player_choice":"Removed Attack","damage_taken":0,"max_hp_gain":0,"max_hp_loss":0,"event_name":"Falling","floor":44,"gold_loss":0},{"damage_healed":0,"gold_gain":0,"player_choice":"Memory 3","damage_taken":10,"max_hp_gain":0,"max_hp_loss":0,"event_name":"SensoryStone","floor":46,"gold_loss":0}],"is_beta":false,"boss_relics":[{"not_picked":["Ectoplasm","Runic Pyramid"],"picked":"Tiny House"},{"not_picked":["Empty Cage","Coffee Dripper"],"picked":"Philosopher\u0027s Stone"}],"items_purged_floors":[13,27,41,45],"is_endless":false,"potions_floor_spawned":[1,6,8,19,24,31,37,39,42,48],"ascension_level":0}}