{"host":"h5acbxt0wmjo1kpm","time":1611048462,"event":{"mods":["2.2 Compatiblity","Act Like it!","AlwaysNeverKeys","Aspiration","Bard","Bartender","BaseMod","Better Third Choice","Colored Map","Elementarium","Gensokyo","GifTheSpireLib","Hallownest","Marisa????????","Menagerie","Minty Spire (QoL Compilation)","Permanent Neow","Potionbrewer","Quick Restart","Relic Filter","Replay The Spire","Robot Space Explorer","RumiaBox-????????","Shade Mod","Spicy Shops","StSLib","Strawberry Spire","The Blackbeard","The Dragon Tamer","The Gatherer","The Hayseed","The Problem Sleuth","The Servant 0.9.4","Wandering Minibosses","vexMod"],"gold_per_floor":[115,67,67,84,94,94,125,125,149,160,160,160,160,160,160],"floor_reached":13,"language":"ENG","playtime":407,"items_purged":[],"score":138,"play_id":"f29ed10c-f867-446e-9f5e-56ffba9176cf","local_time":"20210119012742","is_ascension_mode":true,"metric_token":2257,"campfire_choices":[{"data":"Gatherer:FlowerPower","floor":6.0,"key":"SMITH"},{"data":"Gatherer:Centralize","floor":8,"key":"SMITH"},{"floor":12,"key":"REST"}],"circlet_count":0,"master_deck":["AscendersBane","Gatherer:Strike_Gatherer","Gatherer:Strike_Gatherer","Gatherer:Strike_Gatherer","Gatherer:Strike_Gatherer","Gatherer:Strike_Gatherer","Gatherer:Defend_Gatherer","Gatherer:Defend_Gatherer","Gatherer:Defend_Gatherer","Gatherer:Defend_Gatherer","Gatherer:Defend_Gatherer","Gatherer:Centralize+1","Gatherer:FlowerWhip","Sadistic Nature","Gatherer:FlowerPower+1","Gatherer:FragileHammer","Gatherer:FlowerShield","Gatherer:FlowerFalling","Gatherer:Snatch"],"relics":["Gatherer:AlchemyBag","Replay:WaspNest","Ccalipers","Gensokyo:Mercy"],"acts_visited":["Gensokyo:Gensokyo"],"potions_floor_usage":[],"damage_taken":[{"damage":6.0,"enemies":"Gensokyo:2_Kodama","floor":1.0,"turns":4.0},{"damage":2.0,"enemies":"Gensokyo:3_Fairies","floor":4.0,"turns":5.0},{"damage":0.0,"enemies":"Gensokyo:Gryphon","floor":5.0,"turns":4.0},{"damage":18,"enemies":"Gensokyo:Cirno","floor":7,"turns":6},{"damage":13,"enemies":"Gensokyo:Kitsune","floor":10,"turns":3},{"damage":0,"enemies":"Gensokyo:Aya","floor":13,"turns":1}],"seed_played":"3499545431755296773","potions_obtained":[{"floor":5.0,"key":"potionbrewer:FreezingPotion"}],"is_trial":false,"path_per_floor":["M","$","?","M","M","R","E","R","T","M","?","R","E"],"character_chosen":"THE_GATHERER","items_purchased":["Gatherer:FragileHammer"],"campfire_rested":1,"item_purchase_floors":[2],"current_hp_per_floor":[36,36,36,34,34,34,16,16,16,3,3,23,23,23,23],"gold":160,"neow_bonus":"RANDOM_COLORLESS_2","is_daily":false,"chose_seed":false,"campfire_upgraded":2,"win_rate":0.0,"timestamp":1611048462,"path_taken":["M","$","?","M","M","R","E","R","T","M","?","R","E"],"items_purchased_type":["Card"],"build_version":"2020-12-22","purchased_purges":0,"victory":false,"max_hp_per_floor":[67,67,67,67,67,67,67,67,67,67,67,67,67,67,67],"card_choices":[{"not_picked":["vexMod:StairwayStrike","Master of Strategy"],"picked":"Sadistic Nature","floor":0.0},{"not_picked":["Gatherer:QuickSynthesis","Gatherer:Convert"],"picked":"Gatherer:FlowerPower","floor":1.0},{"not_picked":["Gatherer:QuickSynthesis","Gatherer:WoolGloves"],"picked":"Gatherer:FlowerShield","floor":4.0},{"not_picked":["Gatherer:RecoveryHerb","Gatherer:CollectorsShot"],"picked":"Gatherer:FlowerFalling","floor":5.0},{"not_picked":["Gatherer:StoneFence","Gatherer:Duplicator"],"picked":"Gatherer:Frenzy","floor":7},{"not_picked":["Gatherer:Convert","Gatherer:CarefulStrike"],"picked":"Gatherer:Snatch","floor":10}],"player_experience":2230349,"relics_obtained":[{"floor":7,"key":"Replay:WaspNest"},{"floor":9,"key":"Ccalipers"}],"event_choices":[],"is_beta":false,"boss_relics":[],"items_purged_floors":[],"is_endless":false,"potions_floor_spawned":[5],"killed_by":"Gensokyo:Aya","ascension_level":15}}