{"host":"g2yp6paluzgljz05","time":1611029886,"event":{"mods":["BaseMod","Bestiary","Colored Powertips","DeckTracker","Highlight Path","Minty Spire (QoL Compilation)","Quick Restart"],"gold_per_floor":[112,112,130,130,130,130,142,152,203,94,113,113,124,141,141,246,246,259,272,90,90,56,56,74,74,74,74,93,107,107,80,80,185,185,202,77,77,131,131,0,0,12,12,25,25,25],"floor_reached":45,"language":"ENG","playtime":2226,"items_purged":["Strike_R","Strike_R","Strike_R"],"score":576,"play_id":"9b83dc85-2141-4ca1-ba93-8d454bc952d5","local_time":"20210119151806","is_ascension_mode":true,"campfire_choices":[{"data":"Barricade","floor":6,"key":"SMITH"},{"data":"Body Slam","floor":12,"key":"SMITH"},{"data":"Body Slam","floor":15,"key":"SMITH"},{"floor":23,"key":"REST"},{"floor":25,"key":"REST"},{"floor":27,"key":"REST"},{"data":"Berserk","floor":32,"key":"SMITH"},{"data":"Decay","floor":41,"key":"PURGE"}],"circlet_count":0,"master_deck":["Defend_R","Defend_R","Defend_R","Bash+1","Barricade+1","Body Slam+1","Whirlwind+1","Body Slam+1","Flame Barrier","Entrench","Seeing Red","Ghostly Armor","Berserk+1","Seeing Red","Armaments+1","Flash of Steel","Metallicize","Shrug It Off","Shrug It Off","Juggernaut","Injury","Parasite"],"relics":["Burning Blood","Letter Opener","Whetstone","Velvet Choker","Bottled Tornado","Cursed Key","Peace Pipe","Red Mask","Meat on the Bone"],"acts_visited":["Exordium","TheCity","TheBeyond"],"potions_floor_usage":[16,19,19,24,38,42],"damage_taken":[{"damage":18,"enemies":"Cultist","floor":1,"turns":6},{"damage":3,"enemies":"2 Louse","floor":3,"turns":3},{"damage":16,"enemies":"Small Slimes","floor":7,"turns":3},{"damage":8,"enemies":"Gremlin Gang","floor":8,"turns":3},{"damage":12,"enemies":"Looter","floor":11,"turns":3},{"damage":4,"enemies":"2 Fungi Beasts","floor":13,"turns":3},{"damage":12,"enemies":"Exordium Wildlife","floor":14,"turns":2},{"damage":28,"enemies":"Slime Boss","floor":16,"turns":8},{"damage":39,"enemies":"2 Thieves","floor":18,"turns":3},{"damage":31,"enemies":"Shell Parasite","floor":19,"turns":7},{"damage":25,"enemies":"Centurion and Healer","floor":24,"turns":6},{"damage":0,"enemies":"Sentry and Sphere","floor":28,"turns":6},{"damage":2,"enemies":"Snecko","floor":29,"turns":6},{"damage":0,"enemies":"Champ","floor":33,"turns":9},{"damage":11,"enemies":"3 Shapes","floor":35,"turns":4},{"damage":24,"enemies":"2 Orb Walkers","floor":38,"turns":6},{"damage":5,"enemies":"Orb Walker","floor":42,"turns":4},{"damage":32,"enemies":"Writhing Mass","floor":44,"turns":4},{"damage":52,"enemies":"Transient","floor":45,"turns":3}],"seed_played":"-5017962710819020263","potions_obtained":[{"floor":7,"key":"BloodPotion"},{"floor":14,"key":"LiquidMemories"},{"floor":16,"key":"LiquidMemories"},{"floor":18,"key":"BlessingOfTheForge"},{"floor":24,"key":"Energy Potion"},{"floor":28,"key":"Swift Potion"},{"floor":38,"key":"BloodPotion"}],"is_trial":false,"path_per_floor":["M","T","M","?","?","R","M","M","T","$","M","R","M","M","R","B",null,"M","M","$","?","$","R","M","R","T","R","M","M","?","$","R","B",null,"M","$","?","?","$","?","R","M","T","M","M"],"character_chosen":"IRONCLAD","items_purchased":["Entrench","Flash of Steel","Metallicize","Shrug It Off"],"campfire_rested":3,"item_purchase_floors":[10,20,22,31],"current_hp_per_floor":[60,60,63,63,63,63,53,51,51,51,45,45,47,41,41,33,72,39,14,14,14,14,35,16,37,37,58,64,68,68,68,68,72,72,67,67,67,49,49,49,49,64,64,50,0,0],"gold":25,"neow_bonus":"THREE_RARE_CARDS","is_daily":false,"chose_seed":false,"campfire_upgraded":4,"win_rate":0.0,"timestamp":1611029886,"path_taken":["M","?","M","?","?","R","M","M","T","$","M","R","M","?","R","BOSS","M","M","$","?","$","R","M","R","T","R","M","M","?","?","R","BOSS","M","$","?","?","$","?","R","M","T","M","M"],"items_purchased_type":["Card","Card","Card","Card"],"build_version":"2020-12-22","purchased_purges":3,"victory":false,"max_hp_per_floor":[72,72,72,72,72,72,72,72,72,72,72,72,72,72,72,72,72,72,72,72,72,72,72,72,72,72,72,72,72,72,72,72,72,72,72,72,72,72,72,72,72,72,72,72,72,72],"card_choices":[{"not_picked":["Juggernaut","Limit Break"],"picked":"Barricade","floor":0},{"not_picked":["Wild Strike","Heavy Blade"],"picked":"Body Slam","floor":1},{"not_picked":["Twin Strike","Sever Soul","Sword Boomerang"],"picked":"SKIP","floor":3},{"not_picked":["Cleave","Sentinel"],"picked":"Body Slam","floor":7},{"not_picked":["Battle Trance","Inflame"],"picked":"Flame Barrier","floor":8},{"not_picked":["Hemokinesis","Perfected Strike","Carnage"],"picked":"SKIP","floor":11},{"not_picked":["Rage","Barricade"],"picked":"Seeing Red","floor":13},{"not_picked":["Reckless Charge","Sever Soul"],"picked":"Ghostly Armor","floor":14},{"not_picked":["Demon Form","Feed"],"picked":"Berserk","floor":16},{"not_picked":["Clothesline","Dropkick+1"],"picked":"Seeing Red","floor":18},{"not_picked":["Wild Strike","Clash+1"],"picked":"Armaments+1","floor":19},{"not_picked":["Flame Barrier","True Grit"],"picked":"Shrug It Off","floor":24},{"not_picked":["Iron Wave","Rupture+1","Disarm"],"picked":"SKIP","floor":28},{"not_picked":["Entrench","Shockwave+1","Second Wind"],"picked":"SKIP","floor":29},{"not_picked":["Bludgeon","Impervious"],"picked":"Juggernaut","floor":33},{"not_picked":["Havoc","Spot Weakness+1","Entrench"],"picked":"SKIP","floor":35},{"not_picked":["Headbutt+1","Pummel","Thunderclap+1"],"picked":"SKIP","floor":42},{"not_picked":["Hemokinesis","Seeing Red+1","Flex"],"picked":"SKIP","floor":44}],"player_experience":226964,"relics_obtained":[{"floor":2,"key":"Letter Opener"},{"floor":9,"key":"Whetstone"},{"floor":26,"key":"Bottled Tornado"},{"floor":38,"key":"Peace Pipe"},{"floor":43,"key":"Meat on the Bone"}],"event_choices":[{"cards_removed":["Strike_R"],"damage_healed":0,"gold_gain":0,"player_choice":"Forget","damage_taken":0,"max_hp_gain":0,"max_hp_loss":0,"event_name":"Living Wall","floor":4,"gold_loss":0},{"damage_healed":0,"gold_gain":0,"player_choice":"1 cards matched","damage_taken":0,"max_hp_gain":0,"max_hp_loss":0,"event_name":"Match and Keep!","floor":5,"gold_loss":0,"cards_obtained":["Whirlwind"]},{"cards_removed":["Strike_R"],"damage_healed":0,"gold_gain":0,"player_choice":"Elegance","damage_taken":0,"max_hp_gain":0,"max_hp_loss":0,"event_name":"Back to Basics","floor":21,"gold_loss":0},{"damage_healed":0,"gold_gain":0,"player_choice":"Smashed Altar","damage_taken":0,"max_hp_gain":0,"max_hp_loss":0,"event_name":"Forgotten Altar","floor":30,"gold_loss":0,"cards_obtained":["Decay"]},{"cards_removed":["Defend_R"],"damage_healed":0,"gold_gain":0,"player_choice":"Removed Skill","damage_taken":0,"max_hp_gain":0,"max_hp_loss":0,"event_name":"Falling","floor":37,"gold_loss":0},{"damage_healed":0,"gold_gain":0,"player_choice":"Fight","damage_taken":0,"max_hp_gain":0,"max_hp_loss":0,"event_name":"Mysterious Sphere","floor":38,"gold_loss":0},{"damage_healed":0,"gold_gain":0,"player_choice":"Paid","damage_taken":0,"relics_obtained":["Red Mask"],"max_hp_gain":0,"max_hp_loss":0,"event_name":"Tomb of Lord Red Mask","floor":40,"gold_loss":131}],"is_beta":false,"boss_relics":[{"not_picked":["Black Star","Snecko Eye"],"picked":"Velvet Choker"},{"not_picked":["Coffee Dripper","Astrolabe"],"picked":"Cursed Key"}],"items_purged_floors":[10,20,36],"is_endless":false,"potions_floor_spawned":[7,14,16,18,24,28,38],"killed_by":"Transient","ascension_level":4}}