{"host":"1a3cjta80tad0aqj","time":1611046795,"event":{"mods":["2.2 Compatiblity","AchievementEnabler","BaseMod","Colored Map","DeckTracker","KOR Keyword Fix","Keyboard Shortcuts","Minty Spire (QoL Compilation)","Permanent Neow","Quick Restart","Random Character Button","StSLib","SuperFastMode","everything is the same but u backflip on backflip"],"gold_per_floor":[111,37,52,15,15,15,29,29,29,47,122,122,140,170,170,170,170],"floor_reached":16,"language":"KOR","playtime":508,"items_purged":[],"score":280,"play_id":"45792f3c-d77b-4fef-bf11-9ee06ee6ed92","local_time":"20210119175955","is_ascension_mode":true,"campfire_choices":[{"data":"BowlingBash","floor":6,"key":"SMITH"},{"floor":12,"key":"REST"},{"floor":15,"key":"REST"}],"circlet_count":0,"master_deck":["AscendersBane","Strike_P","Strike_P","Strike_P","Strike_P","Defend_P","Defend_P","Defend_P","Defend_P","Eruption+1","Vigilance","BowlingBash+1","TalkToTheHand","Wallop+1","Meditate","EmptyMind","Halt","CutThroughFate"],"relics":["PureWater","Incense Burner","Question Card","Dream Catcher"],"acts_visited":["Exordium"],"potions_floor_usage":[16],"damage_taken":[{"damage":9,"enemies":"Jaw Worm","floor":1,"turns":6},{"damage":0,"enemies":"Cultist","floor":3,"turns":3},{"damage":0,"enemies":"2 Louse","floor":7,"turns":2},{"damage":0,"enemies":"2 Fungi Beasts","floor":10,"turns":2},{"damage":16,"enemies":"3 Louse","floor":13,"turns":3},{"damage":59,"enemies":"Hexaghost","floor":16,"turns":11}],"seed_played":"8055485080659062197","potions_obtained":[{"floor":3,"key":"BottledMiracle"},{"floor":10,"key":"Swift Potion"}],"is_trial":false,"path_per_floor":["M","$","M","$","?","R","M","?","T","M","?","R","M","?","R","B"],"character_chosen":"WATCHER","items_purchased":["TalkToTheHand","Meditate"],"campfire_rested":2,"item_purchase_floors":[2,4],"current_hp_per_floor":[52,52,52,52,52,52,52,41,41,41,30,50,34,34,54,0,0],"gold":170,"neow_bonus":"UPGRADE_CARD","is_daily":false,"chose_seed":false,"campfire_upgraded":1,"win_rate":0.0,"timestamp":1611046795,"path_taken":["M","$","M","$","?","R","?","?","T","M","?","R","M","?","R","BOSS"],"items_purchased_type":["Card","Card"],"build_version":"2020-12-22","purchased_purges":0,"victory":false,"max_hp_per_floor":[68,68,68,68,68,68,68,68,68,68,68,68,68,68,68,68,68],"card_choices":[{"not_picked":["Evaluate","Consecrate"],"picked":"BowlingBash","floor":1},{"not_picked":["SignatureMove","FollowUp"],"picked":"Wallop","floor":3},{"not_picked":["Wireheading","Weave","BowlingBash"],"picked":"SKIP","floor":7},{"not_picked":["ClearTheMind","ThirdEye","Fasting2"],"picked":"EmptyMind","floor":10},{"not_picked":["Crescendo","JustLucky","ThirdEye"],"picked":"Halt","floor":13},{"not_picked":["SashWhip","Evaluate","Pray"],"picked":"CutThroughFate","floor":15}],"player_experience":777913,"relics_obtained":[{"floor":9,"key":"Question Card"}],"event_choices":[{"damage_healed":0,"gold_gain":0,"player_choice":"Upgraded","damage_taken":0,"max_hp_gain":0,"max_hp_loss":0,"event_name":"Upgrade Shrine","floor":5,"gold_loss":0,"cards_upgraded":["Wallop"]},{"damage_healed":0,"gold_gain":0,"player_choice":"Success","damage_taken":11,"relics_obtained":["Incense Burner"],"max_hp_gain":0,"max_hp_loss":0,"event_name":"Scrap Ooze","floor":8,"gold_loss":0},{"damage_healed":0,"gold_gain":75,"player_choice":"Gather Gold","damage_taken":11,"max_hp_gain":0,"max_hp_loss":0,"event_name":"World of Goop","floor":11,"gold_loss":0},{"damage_healed":0,"gold_gain":30,"player_choice":"Searched \u00272\u0027 times","damage_taken":0,"relics_obtained":["Dream Catcher"],"max_hp_gain":0,"max_hp_loss":0,"event_name":"Dead Adventurer","floor":14,"gold_loss":0}],"is_beta":false,"boss_relics":[],"items_purged_floors":[],"is_endless":false,"potions_floor_spawned":[3,10],"killed_by":"Hexaghost","ascension_level":20}}