{"host":"dowi7cgbhepuzvpj","time":1611094330,"event":{"mods":["AchievementEnabler","BaseMod","Colored Map","Highlight Path","Keyboard Shortcuts","Minty Spire (QoL Compilation)","Permanent Neow","Quick Restart","StSLib","SuperFastMode"],"gold_per_floor":[112,128,11,28,178,178,194,209,209,209,224,242,86,96,96,173,173,189,29,29,29,29,29,42,42,42,61,73,90,100,100,100,178,178,191,201,6,25,42,42,54,82,82,82,82,96,111,111,111,111,111,111],"floor_reached":51,"language":"KOR","playtime":1538,"items_purged":["Strike_G","Doubt"],"score":1354,"play_id":"20d467d7-6247-40de-b7b7-0ddbd78406e1","local_time":"20210120071210","is_ascension_mode":true,"campfire_choices":[{"data":"Neutralize","floor":6.0,"key":"SMITH"},{"data":"Footwork","floor":10.0,"key":"SMITH"},{"data":"Cloak And Dagger","floor":15.0,"key":"SMITH"},{"data":"After Image","floor":23.0,"key":"SMITH"},{"data":"After Image","floor":25.0,"key":"SMITH"},{"data":"Accuracy","floor":32.0,"key":"SMITH"},{"data":"Madness","floor":40.0,"key":"SMITH"},{"floor":44.0,"key":"REST"},{"floor":49.0,"key":"REST"}],"circlet_count":0,"master_deck":["AscendersBane","Defend_G","Defend_G","Defend_G","Defend_G","Survivor","Neutralize+1","Cloak And Dagger+1","Choke","Footwork+1","Flying Knee","Cloak And Dagger","Accuracy+1","Blur","Accuracy","Blade Dance","After Image+1","After Image+1","Expertise","Finisher","Blade Dance+1","Terror","Blade Dance","Bullet Time","Flechettes+1","Slice+1","Cloak And Dagger+1","Infinite Blades","Madness+1","PiercingWail","Backflip","PiercingWail"],"relics":["Philosopher\u0027s Stone","Ginger","WristBlade","DollysMirror","Strawberry","Astrolabe","Kunai","Gremlin Horn"],"acts_visited":["Exordium","TheCity","TheBeyond"],"potions_floor_usage":[51],"damage_taken":[{"damage":5.0,"enemies":"Cultist","floor":1.0,"turns":4.0},{"damage":3.0,"enemies":"Jaw Worm","floor":2.0,"turns":4.0},{"damage":0.0,"enemies":"2 Louse","floor":4.0,"turns":2.0},{"damage":5.0,"enemies":"2 Fungi Beasts","floor":7.0,"turns":4.0},{"damage":12.0,"enemies":"Lots of Slimes","floor":8.0,"turns":5.0},{"damage":0.0,"enemies":"Gremlin Gang","floor":11.0,"turns":3.0},{"damage":0.0,"enemies":"Blue Slaver","floor":12.0,"turns":3.0},{"damage":0.0,"enemies":"2 Fungi Beasts","floor":14.0,"turns":4.0},{"damage":1.0,"enemies":"Slime Boss","floor":16.0,"turns":7.0},{"damage":6.0,"enemies":"Spheric Guardian","floor":18.0,"turns":5.0},{"damage":6.0,"enemies":"Shell Parasite","floor":24.0,"turns":4.0},{"damage":10.0,"enemies":"Centurion and Healer","floor":27.0,"turns":7.0},{"damage":15.0,"enemies":"Shelled Parasite and Fungi","floor":28.0,"turns":5.0},{"damage":12.0,"enemies":"Cultist and Chosen","floor":29.0,"turns":6.0},{"damage":0.0,"enemies":"Centurion and Healer","floor":30.0,"turns":4.0},{"damage":0.0,"enemies":"Collector","floor":33.0,"turns":6.0},{"damage":1.0,"enemies":"3 Shapes","floor":35.0,"turns":2.0},{"damage":0.0,"enemies":"Orb Walker","floor":36.0,"turns":3.0},{"damage":25.0,"enemies":"Jaw Worm Horde","floor":38.0,"turns":5.0},{"damage":19.0,"enemies":"Transient","floor":39.0,"turns":6.0},{"damage":0.0,"enemies":"3 Darklings","floor":41.0,"turns":4.0},{"damage":29.0,"enemies":"Nemesis","floor":42.0,"turns":8.0},{"damage":7.0,"enemies":"Writhing Mass","floor":46.0,"turns":5.0},{"damage":0.0,"enemies":"Maw","floor":47.0,"turns":5.0},{"damage":35.0,"enemies":"Donu and Deca","floor":50.0,"turns":10.0},{"damage":8,"enemies":"Time Eater","floor":51,"turns":2}],"seed_played":"1976154954385949984","potions_obtained":[{"floor":2.0,"key":"SpeedPotion"},{"floor":7.0,"key":"Swift Potion"},{"floor":8.0,"key":"DistilledChaos"},{"floor":12.0,"key":"SkillPotion"},{"floor":28.0,"key":"BlessingOfTheForge"},{"floor":30.0,"key":"Weak Potion"},{"floor":33.0,"key":"Fruit Juice"},{"floor":35.0,"key":"LiquidBronze"},{"floor":36.0,"key":"Block Potion"},{"floor":46.0,"key":"EssenceOfSteel"}],"is_trial":false,"path_per_floor":["M","M","$","M","?","R","M","M","T","R","M","M","$","M","R","B",null,"M","$","?","?","?","R","M","R","T","M","M","M","M","?","R","B",null,"M","M","$","M","M","R","M","E","T","R","?","M","M","?","R","B","B"],"character_chosen":"THE_SILENT","items_purchased":["Footwork","Blade Dance","DollysMirror","Infinite Blades","Madness"],"campfire_rested":2,"item_purchase_floors":[3,13,19,37,37],"current_hp_per_floor":[54,51,51,51,51,51,46,34,34,34,34,34,34,34,34,33,58,52,52,52,52,52,52,46,46,53,43,28,16,16,73,73,78,78,77,77,77,52,33,33,33,4,4,27,27,20,20,20,42,7,0,0],"gold":111,"neow_bonus":"BOSS_RELIC","is_daily":false,"chose_seed":false,"campfire_upgraded":7,"win_rate":0.0,"timestamp":1611094330,"path_taken":["M","?","?","M","?","R","M","M","T","R","M","M","$","M","R","BOSS","M","$","?","?","?","R","?","R","T","M","M","M","M","?","R","BOSS","M","?","$","M","?","R","M","E","T","R","?","M","M","?","R","BOSS","BOSS"],"items_purchased_type":["Card","Card","Relic","Card","Card"],"build_version":"2020-12-22","purchased_purges":2,"victory":false,"max_hp_per_floor":[66,66,66,66,66,66,66,66,66,66,66,66,66,66,66,66,66,66,66,66,66,66,66,66,66,73,73,73,73,73,73,73,78,78,78,78,78,78,78,78,78,78,78,78,78,78,78,74,74,74,74,74],"card_choices":[{"not_picked":["Heel Hook","Prepared"],"picked":"Cloak And Dagger","floor":1.0},{"not_picked":["Slice","Backflip"],"picked":"Choke","floor":2.0},{"not_picked":["Quick Slash","Slice"],"picked":"Flying Knee","floor":4.0},{"not_picked":["Backstab","Riddle With Holes"],"picked":"Cloak And Dagger","floor":7.0},{"not_picked":["Sucker Punch","Bane"],"picked":"Accuracy","floor":8.0},{"not_picked":["Bane","Sucker Punch"],"picked":"Blur","floor":11.0},{"not_picked":["Acrobatics","Underhanded Strike"],"picked":"Accuracy","floor":12.0},{"not_picked":["Dodge and Roll","Flying Knee","Quick Slash"],"picked":"SKIP","floor":14.0},{"not_picked":["A Thousand Cuts","Die Die Die"],"picked":"After Image","floor":16.0},{"not_picked":["Poisoned Stab","Choke","Dagger Spray"],"picked":"SKIP","floor":18.0},{"not_picked":["Reflex","Eviscerate"],"picked":"Finisher","floor":24.0},{"not_picked":["Backflip","Blur"],"picked":"Blade Dance+1","floor":27.0},{"not_picked":["Dagger Spray","Slice"],"picked":"Terror","floor":28.0},{"not_picked":["Sucker Punch","Malaise"],"picked":"Blade Dance","floor":29.0},{"not_picked":["Slice","Flying Knee","Dagger Throw"],"picked":"SKIP","floor":30.0},{"not_picked":["Glass Knife","Doppelganger"],"picked":"Bullet Time","floor":33.0},{"not_picked":["Cloak And Dagger","Bane+1","Dagger Spray"],"picked":"SKIP","floor":35.0},{"not_picked":["Noxious Fumes","Quick Slash","Catalyst"],"picked":"SKIP","floor":36.0},{"not_picked":["Caltrops+1","Quick Slash","Dodge and Roll"],"picked":"SKIP","floor":38.0},{"not_picked":["Masterful Stab","Backflip","Choke+1"],"picked":"SKIP","floor":39.0},{"not_picked":["Sucker Punch","Finisher"],"picked":"PiercingWail","floor":41.0},{"not_picked":["Caltrops","Predator","Quick Slash"],"picked":"SKIP","floor":42.0},{"not_picked":["Dash","Well Laid Plans+1"],"picked":"Backflip","floor":46.0},{"not_picked":["Backstab+1","Poisoned Stab+1"],"picked":"PiercingWail","floor":47.0}],"player_experience":831031,"relics_obtained":[{"floor":9.0,"key":"Ginger"},{"floor":26.0,"key":"Strawberry"},{"floor":42.0,"key":"Kunai"},{"floor":43.0,"key":"Gremlin Horn"}],"event_choices":[{"damage_healed":0.0,"max_hp_gain":0.0,"max_hp_loss":0.0,"gold_gain":150.0,"event_name":"Liars Game","player_choice":"AGREE","floor":5.0,"gold_loss":0.0,"damage_taken":0.0,"cards_obtained":["Doubt"]},{"damage_healed":0.0,"max_hp_gain":0.0,"max_hp_loss":0.0,"gold_gain":0.0,"event_name":"Vampires","player_choice":"Ignored","floor":20.0,"gold_loss":0.0,"damage_taken":0.0},{"damage_healed":0.0,"max_hp_gain":0.0,"max_hp_loss":0.0,"gold_gain":0.0,"cards_transformed":["Strike_G","Strike_G"],"event_name":"Drug Dealer","player_choice":"Became Test Subject","floor":21.0,"gold_loss":0.0,"damage_taken":0.0,"cards_obtained":["Expertise","Expertise"]},{"damage_healed":0.0,"max_hp_gain":0.0,"max_hp_loss":0.0,"gold_gain":0.0,"event_name":"Match and Keep!","player_choice":"0 cards matched","floor":22.0,"gold_loss":0.0,"damage_taken":0.0,"cards_obtained":[]},{"damage_healed":57.0,"max_hp_gain":0.0,"max_hp_loss":0.0,"gold_gain":0.0,"event_name":"Wheel of Change","player_choice":"Full Heal","floor":31.0,"gold_loss":0.0,"damage_taken":0.0},{"cards_removed":["Defend_G"],"damage_healed":0.0,"max_hp_gain":0.0,"max_hp_loss":0.0,"gold_gain":0.0,"event_name":"Falling","player_choice":"Removed Skill","floor":45.0,"gold_loss":0.0,"damage_taken":0.0},{"damage_healed":0.0,"max_hp_gain":0.0,"max_hp_loss":4.0,"gold_gain":0.0,"event_name":"Winding Halls","player_choice":"Max HP","floor":48.0,"gold_loss":0.0,"damage_taken":0.0}],"is_beta":false,"boss_relics":[{"not_picked":["Tiny House","SlaversCollar"],"picked":"WristBlade"},{"not_picked":["HoveringKite","Empty Cage"],"picked":"Astrolabe"}],"items_purged_floors":[3,13],"is_endless":false,"potions_floor_spawned":[2,7,8,12,28,30,33,35,36,46,47],"killed_by":"Time Eater","ascension_level":20}}