{"host":"a1u4jo6xlg3w0wsm","time":1611060076,"event":{"mods":["BaseMod","Better Third Choice","DeckTracker","Downfall","Hermit","Hubris","Minty Spire (QoL Compilation)","Rare Cards Sparkle","Replay The Spire","StSLib","The Cursed"],"gold_per_floor":[111,111,111,128,141,171,171,200,225,303,314,314,284,303,303,405,405,416,430,430,455,455,455,481,257,257,257,257,257],"floor_reached":28,"playtime":1874,"items_purged":[],"score":293,"play_id":"920c629a-6834-4506-b793-e73521217510","local_time":"20210120014116","is_ascension_mode":true,"campfire_choices":[{"floor":7.0,"key":"REST"},{"floor":12.0,"key":"REST"},{"floor":15.0,"key":"REST"},{"data":"hermit:Determination","floor":23.0,"key":"SMITH"},{"floor":27,"key":"REST"}],"circlet_count":0,"master_deck":["hermit:Strike_Hermit","hermit:Defend_Hermit","hermit:Defend_Hermit","hermit:Defend_Hermit","hermit:Snapshot","hermit:Covet","Slimebound:Defend_Slimebound","Neutralize","hermit:Dissolve","hermit:SprayPray","hermit:Deadeye","hermit:FromBeyond","hermit:Quickdraw","hermit:HeroicBravado","hermit:Reprieve","hermit:ShadowCloak","hermit:Determination+1","hermit:Gestalt","hermit:Virtue","hermit:Dissolve","hermit:Glare","hermit:Manifest+1","Decay","hermit:SprayPray+1","Pot Of Greed","Pot Of Greed","Pot Of Greed","hermit:Combo","hermit:HighCaliber+1"],"relics":["hermit:Momento","hubris:Icosahedron","Replay:PocketPolymizer","Centennial Puzzle","ReplayFunnel","Molten Egg 2","hubris:ScarierMask","Strawberry","Grinning Jar","Bronze Scales","Question Card"],"acts_visited":["Exordium","TheCity"],"potions_floor_usage":[24,24,28],"damage_taken":[{"damage":1.0,"enemies":"Cultist","floor":1.0,"turns":4.0},{"damage":7.0,"enemies":"Jaw Worm","floor":4.0,"turns":2.0},{"damage":1.0,"enemies":"Small Slimes","floor":5.0,"turns":2.0},{"damage":29.0,"enemies":"Replay:BlueRogue","floor":6.0,"turns":5.0},{"damage":22.0,"enemies":"Gremlin Nob","floor":8.0,"turns":4.0},{"damage":11.0,"enemies":"Exordium Thugs","floor":11.0,"turns":5.0},{"damage":16.0,"enemies":"Looter","floor":13.0,"turns":4.0},{"damage":1.0,"enemies":"Blue Slaver","floor":14.0,"turns":5.0},{"damage":15.0,"enemies":"The Guardian","floor":16.0,"turns":14.0},{"damage":3.0,"enemies":"Shell Parasite","floor":18.0,"turns":11.0},{"damage":2.0,"enemies":"Chosen","floor":19.0,"turns":6.0},{"damage":77,"enemies":"Gremlin Leader","floor":24,"turns":8},{"damage":27,"enemies":"Book of Stabbing","floor":28,"turns":6}],"seed_played":"-1549089567414360929","potions_obtained":[{"floor":4.0,"key":"SteroidPotion"},{"floor":8.0,"key":"EssenceOfSteel"},{"floor":14.0,"key":"Milkshake"},{"floor":16.0,"key":"EntropicBrew"},{"floor":19.0,"key":"SteroidPotion"},{"floor":24,"key":"Dexterity Potion"}],"is_trial":false,"path_per_floor":["M","?","$","M","M","E","R","E","T","T","M","R","M","M","R","B",null,"M","M","?","T","?","R","E","$","T","R","E"],"character_chosen":"HERMIT","items_purchased":["Bronze Scales","hermit:Combo"],"campfire_rested":4,"item_purchase_floors":[25,25],"current_hp_per_floor":[74,74,74,67,66,37,59,37,37,37,30,52,36,35,57,46,75,72,74,74,81,81,81,4,4,4,28,1,1],"gold":257,"neow_bonus":"THREE_RARE_CARDS","is_daily":false,"chose_seed":false,"campfire_upgraded":1,"win_rate":0.0,"timestamp":1611060076,"path_taken":["M","?","$","M","M","E","R","E","T","?","M","R","M","M","R","BOSS","M","M","?","?","?","R","E","?","T","R","E"],"items_purchased_type":["Relic","Card"],"build_version":"2020-12-13","purchased_purges":0,"victory":false,"max_hp_per_floor":[75,75,75,75,75,75,75,75,75,75,75,75,75,75,75,75,75,75,75,75,82,82,82,82,82,82,82,82,82],"card_choices":[{"not_picked":["hermit:FinalCanter","hermit:BlackWind"],"picked":"hermit:Dissolve","floor":0.0},{"not_picked":["hermit:Dive","hermit:CalledShot"],"picked":"hermit:SprayPray","floor":1.0},{"not_picked":["hermit:Virtue","hermit:Dive"],"picked":"hermit:Deadeye","floor":4.0},{"not_picked":["hermit:TrackingShot","hermit:WideOpen"],"picked":"hermit:FromBeyond","floor":5.0},{"not_picked":["hermit:LowProfile","hermit:ItchyTrigger"],"picked":"hermit:Quickdraw","floor":6.0},{"not_picked":["hermit:TrackingShot","hermit:FatalDesire"],"picked":"hermit:Reprieve","floor":8.0},{"not_picked":["hermit:DeadMansHand","hermit:Glare"],"picked":"hermit:ShadowCloak","floor":11.0},{"not_picked":["hermit:HighCaliber+1","hermit:CursedWeapon+1"],"picked":"hermit:Determination","floor":13.0},{"not_picked":["hermit:LoneWolf","hermit:Deadeye+1"],"picked":"hermit:Gestalt","floor":14.0},{"not_picked":["hermit:Purgatory+1","hermit:FromBeyond"],"picked":"hermit:Dissolve","floor":16.0},{"not_picked":["hermit:Feint+1","hermit:Cheat"],"picked":"hermit:Glare","floor":18.0},{"not_picked":["hermit:LoneWolf","hermit:Enervate+1"],"picked":"hermit:Manifest+1","floor":19.0},{"not_picked":["hermit:Midnight+1","hermit:DeadMansHand","hermit:Manifest"],"picked":"SKIP","floor":24}],"player_experience":367089,"relics_obtained":[{"floor":6.0,"key":"Replay:PocketPolymizer"},{"floor":8.0,"key":"Centennial Puzzle"},{"floor":9.0,"key":"ReplayFunnel"},{"floor":10.0,"key":"Molten Egg 2"},{"floor":21.0,"key":"Strawberry"},{"floor":24,"key":"Grinning Jar"},{"floor":26,"key":"Question Card"}],"event_choices":[{"damage_healed":0.0,"max_hp_gain":0.0,"max_hp_loss":0.0,"gold_gain":0.0,"event_name":"Forgotten Altar","player_choice":"Smashed Altar","floor":20.0,"gold_loss":0.0,"damage_taken":0.0,"cards_obtained":["Decay"]}],"is_beta":false,"boss_relics":[{"not_picked":["ChewingGum","hubris:TerracottaHorce"],"picked":"hubris:ScarierMask"}],"items_purged_floors":[],"is_endless":false,"potions_floor_spawned":[4,8,14,16,19,24],"killed_by":"Book of Stabbing","ascension_level":4}}