{"host":"8xi53560pl5zaoq2","time":1611094597,"event":{"mods":["BaseMod","Colored Map","Highlight Path","Minty Spire (QoL Compilation)","StSLib","Synergy Search"],"gold_per_floor":[109,121,121,132,148,173,188,188,213,67,87,105,117,131,131,131,131],"floor_reached":16,"language":"ENG","playtime":730,"items_purged":[],"score":189,"play_id":"76710404-287c-449c-9246-9f2900fcb229","local_time":"20210119151637","is_ascension_mode":true,"campfire_choices":[{"floor":15,"key":"REST"}],"circlet_count":0,"master_deck":["AscendersBane","Strike_G","Strike_G","Strike_G","Strike_G","Strike_G","Defend_G","Defend_G","Defend_G","Defend_G","Survivor","Neutralize","Poisoned Stab","Well Laid Plans","Footwork","Noxious Fumes","Backflip","Infinite Blades","Deadly Poison","Backflip"],"relics":["Ring of the Snake","NeowsBlessing","Boot","Anchor","ClockworkSouvenir"],"acts_visited":["Exordium"],"potions_floor_usage":[6,11],"damage_taken":[{"damage":0,"enemies":"2 Louse","floor":1,"turns":1},{"damage":0,"enemies":"Jaw Worm","floor":2,"turns":1},{"damage":0,"enemies":"Cultist","floor":4,"turns":1},{"damage":6,"enemies":"Exordium Wildlife","floor":5,"turns":6},{"damage":14,"enemies":"Lagavulin","floor":6,"turns":7},{"damage":6,"enemies":"Red Slaver","floor":7,"turns":5},{"damage":1,"enemies":"Large Slime","floor":11,"turns":7},{"damage":4,"enemies":"Blue Slaver","floor":12,"turns":4},{"damage":7,"enemies":"Looter","floor":13,"turns":4},{"damage":10,"enemies":"Large Slime","floor":14,"turns":6},{"damage":0,"enemies":"Slime Boss","floor":16,"turns":3}],"seed_played":"-7865566481243399790","potions_obtained":[{"floor":4,"key":"FearPotion"},{"floor":5,"key":"Strength Potion"},{"floor":6,"key":"EssenceOfSteel"},{"floor":8,"key":"SkillPotion"},{"floor":11,"key":"LiquidBronze"},{"floor":13,"key":"Strength Potion"}],"is_trial":false,"path_per_floor":["M","M","?","M","M","E","M","?","T","$","M","M","M","M","R","B"],"character_chosen":"THE_SILENT","items_purchased":["ClockworkSouvenir"],"campfire_rested":1,"item_purchase_floors":[10],"current_hp_per_floor":[59,59,52,52,46,32,26,26,26,26,25,21,14,4,23,23,23],"gold":131,"neow_bonus":"THREE_ENEMY_KILL","is_daily":false,"chose_seed":false,"campfire_upgraded":0,"win_rate":0.0,"timestamp":1611094597,"path_taken":["M","M","?","M","M","E","M","?","T","$","M","M","M","?","R","BOSS"],"items_purchased_type":["Relic"],"build_version":"2020-12-22","purchased_purges":0,"victory":false,"max_hp_per_floor":[66,66,66,66,66,66,66,66,66,66,66,66,66,66,66,66,66],"card_choices":[{"not_picked":["Quick Slash","Flying Knee"],"picked":"Poisoned Stab","floor":1},{"not_picked":["Outmaneuver","Quick Slash"],"picked":"Well Laid Plans","floor":2},{"not_picked":["Setup","Bane"],"picked":"Footwork","floor":4},{"not_picked":["Underhanded Strike","Flechettes"],"picked":"Noxious Fumes","floor":5},{"not_picked":["Blade Dance","Dodge and Roll"],"picked":"Backflip","floor":6},{"not_picked":["Backstab","Flying Knee"],"picked":"Infinite Blades","floor":7},{"not_picked":["Backflip","Grand Finale"],"picked":"Deadly Poison","floor":11},{"not_picked":["Setup","Dagger Spray"],"picked":"Backflip","floor":12},{"not_picked":["Prepared","Heel Hook","Slice"],"picked":"SKIP","floor":13},{"not_picked":["PiercingWail","Setup","Flying Knee"],"picked":"SKIP","floor":14}],"player_experience":1299399,"relics_obtained":[{"floor":6,"key":"Boot"},{"floor":9,"key":"Anchor"}],"event_choices":[{"cards_removed":["Defend_G"],"damage_healed":0,"gold_gain":0,"player_choice":"Card Removal","damage_taken":7,"max_hp_gain":0,"max_hp_loss":0,"event_name":"Golden Wing","floor":3,"gold_loss":0},{"damage_healed":0,"gold_gain":0,"player_choice":"Got Potions","damage_taken":0,"max_hp_gain":0,"max_hp_loss":0,"event_name":"Lab","floor":8,"gold_loss":0}],"is_beta":false,"boss_relics":[],"items_purged_floors":[],"is_endless":false,"potions_floor_spawned":[4,5,6,11,13,14],"killed_by":"Slime Boss","ascension_level":15}}