{"host":"5dk97cf2ubw2v967","time":1611036748,"event":{"mods":["AlwaysNeverKeys","BaseMod","Better Altar","Better Vampires","Block Reminder","Colored Powertips","Downfall","Googly Eyes","Highlight Path","Minty Spire (QoL Compilation)","Permanent Neow","Potion Indicator Mod","Quick Restart","Relic Filter","Relic Stats","Say the Spire","Spicy Shops","StSLib","Waifu the Spire","everything is the same but u backflip on backflip"],"gold_per_floor":[99,117,117,136,147,147,172,72,90,109,109,17,467,467,481,481,481,481],"floor_reached":16,"language":"ENG","playtime":495,"items_purged":[],"score":129,"play_id":"a2ebc1f5-deac-44b7-adf5-8ed3dfa0e167","local_time":"20210119061228","is_ascension_mode":true,"campfire_choices":[{"floor":1,"key":"RECALL"},{"data":"Guardian:Defend_Guardian","floor":8,"key":"PURGE"}],"circlet_count":0,"master_deck":["Guardian:Strike_Guardian","Guardian:Strike_Guardian","Guardian:Strike_Guardian","Guardian:Defend_Guardian","Guardian:Defend_Guardian","Guardian:CurlUp","Guardian:TwinSlam","CurseOfTheBell","Guardian:ShieldCharger","Guardian:TemporalStrike","Guardian:Gem_Fragmented","Guardian:Clone","Guardian:ShieldCharger","downfall:Icky","downfall:Icky","downfall:Icky","Guardian:Gem_Cyan"],"relics":["Calling Bell","Juzu Bracelet","Meat on the Bone","Turnip","Eternal Feather","Peace Pipe","downfall:HeartBlessingRed","Guardian:PickAxe","Guardian:StasisUpgradeRelic"],"acts_visited":["Exordium"],"potions_floor_usage":[16,16,16],"damage_taken":[{"damage":10,"enemies":"Jaw Worm","floor":2,"turns":5},{"damage":9,"enemies":"2 Louse","floor":4,"turns":3},{"damage":9,"enemies":"Small Slimes","floor":5,"turns":5},{"damage":14,"enemies":"Red Slaver","floor":9,"turns":3},{"damage":9,"enemies":"3 Louse","floor":10,"turns":4},{"damage":5,"enemies":"downfall:FleeingMerchant","floor":12,"turns":4},{"damage":5,"enemies":"Exordium Wildlife","floor":15,"turns":4},{"damage":24,"enemies":"DF_ARCHETYPE_STREAMLINE","floor":16,"turns":9}],"seed_played":"1178389461725232476","potions_obtained":[{"floor":2,"key":"CultistPotion"},{"floor":9,"key":"Dexterity Potion"},{"floor":15,"key":"hexamod:SoulburnPotion"}],"is_trial":false,"path_per_floor":["R","M","?","M","M","?","T","R","M","M","?","$","?","?","M","B"],"character_chosen":"GUARDIAN","items_purchased":["Guardian:StasisUpgradeRelic"],"campfire_rested":0,"item_purchase_floors":[12],"current_hp_per_floor":[72,62,62,53,44,32,32,38,36,39,39,46,46,46,41,17,17,17],"gold":481,"neow_bonus":"BOSS_RELIC","is_daily":false,"chose_seed":false,"campfire_upgraded":0,"win_rate":0.0,"timestamp":1611036748,"path_taken":["R","M","?","M","M","?","T","R","M","M","?","$","?","?","M","BOSS"],"items_purchased_type":["Relic"],"build_version":"2020-12-22","purchased_purges":0,"victory":false,"max_hp_per_floor":[80,80,80,80,80,80,80,80,80,80,80,80,80,80,80,80,80,80],"relic_stats":{"Peace Pipe":1,"counters":[8,37],"Eternal Feather":6,"Turnip":[2],"Juzu Bracelet":1,"obtain_stats":[{"Calling Bell":0,"Peace Pipe":7,"Guardian:PickAxe":11,"Guardian:StasisUpgradeRelic":12,"downfall:HeartBlessingRed":8,"Guardian:ModeShifter":0,"Eternal Feather":6,"Turnip":0,"Juzu Bracelet":0,"Meat on the Bone":0},{"Calling Bell":0,"Peace Pipe":3,"Guardian:PickAxe":5,"Guardian:StasisUpgradeRelic":6,"downfall:HeartBlessingRed":3,"Guardian:ModeShifter":0,"Eternal Feather":3,"Turnip":0,"Juzu Bracelet":0,"Meat on the Bone":0},{"Calling Bell":0,"Peace Pipe":13,"Guardian:PickAxe":20,"Guardian:StasisUpgradeRelic":24,"downfall:HeartBlessingRed":13,"Guardian:ModeShifter":0,"Eternal Feather":13,"Turnip":0,"Juzu Bracelet":0,"Meat on the Bone":0}],"Meat on the Bone":36},"card_choices":[{"not_picked":["Guardian:CrystalBeam","Guardian:RefractedBeam"],"picked":"Guardian:Gem_Lightblue","floor":2},{"not_picked":["Guardian:TimeCapacitor","Guardian:PrimingBeam"],"picked":"Guardian:ShieldCharger","floor":4},{"not_picked":["Guardian:Emergency","Guardian:RefractedBeam"],"picked":"Guardian:TemporalStrike","floor":5},{"not_picked":["Guardian:Gem_Cyan","Guardian:FierceBash"],"picked":"Guardian:Gem_Fragmented","floor":9},{"not_picked":["Guardian:RefractedBeam","Guardian:PiercingHide"],"picked":"Guardian:Clone","floor":10},{"not_picked":["Guardian:CrystalBeam","Guardian:ChargeUp"],"picked":"Guardian:ShieldCharger","floor":12},{"not_picked":["Guardian:Gem_Lightblue","Guardian:ArmoredProtocol"],"picked":"Guardian:Gem_Cyan","floor":15}],"player_experience":1221298,"relics_obtained":[{"floor":0,"key":"Juzu Bracelet"},{"floor":0,"key":"Meat on the Bone"},{"floor":0,"key":"Turnip"},{"floor":7,"key":"Peace Pipe"},{"floor":11,"key":"Guardian:PickAxe"}],"event_choices":[{"cards_removed":["Guardian:Defend_Guardian"],"damage_healed":0,"gold_gain":0,"player_choice":"Card Removal","damage_taken":0,"max_hp_gain":0,"max_hp_loss":0,"event_name":"The Cleric","floor":3,"gold_loss":0},{"damage_healed":0,"gold_gain":0,"player_choice":"Success","damage_taken":12,"relics_obtained":["Eternal Feather"],"max_hp_gain":0,"max_hp_loss":0,"event_name":"Scrap Ooze","floor":6,"gold_loss":0},{"damage_healed":0,"gold_gain":0,"player_choice":"Relic","damage_taken":0,"max_hp_gain":0,"max_hp_loss":0,"event_name":"Wheel of Change","floor":11,"gold_loss":0}],"is_beta":false,"boss_relics":[],"items_purged_floors":[],"is_endless":false,"potions_floor_spawned":[2,9,15],"killed_by":"DF_ARCHETYPE_STREAMLINE","ascension_level":8}}