{"host":"on8kfoejf6vp3cg3","time":1611025118,"event":{"mods":["AchievementEnabler","BaseMod","Better Match","Better Third Choice","Block Reminder","Colored Map","Colored Powertips","Disable Question Mark Monsters","Googly Eyes","Hermit","Highlight Path","Minty Spire (QoL Compilation)","Permanent Neow","Poor People Problems","Rare Cards Sparkle","Replay The Spire","StSLib","The Blackbeard","The Bladedancer","The Cursed"],"gold_per_floor":[118,130,130,146,157,157,157,192,268,5,3,3,36,54,54,131,131,43,79,22,35,45,77,77,106,106,33,33,68,97,123,123,98,98,108,123,123,41,41,41,41,74,74,97,109,47,84,115,127,139],"floor_reached":51,"language":"ENG","playtime":3131,"items_purged":["blademaster:OneTrickPony","blademaster:Quickstep"],"score":2276,"play_id":"a6b14c8a-53a3-4295-a567-6c878fcf0d32","local_time":"20210118215838","daily_mods":["Insanity","Vintage","Heirloom","Time Dilation","Flight"],"is_ascension_mode":true,"campfire_choices":[{"floor":6,"key":"REST"},{"floor":7,"key":"REST"},{"data":"blademaster:Cut","floor":12,"key":"SMITH"},{"data":"blademaster:Cut","floor":15,"key":"SMITH"},{"floor":24,"key":"REST"},{"data":"blademaster:Cut","floor":28,"key":"SMITH"},{"data":"blademaster:Cut","floor":32,"key":"SMITH"},{"data":"blademaster:Cut","floor":40,"key":"SMITH"},{"data":"blademaster:Cut","floor":45,"key":"SMITH"},{"data":"blademaster:Cut","floor":49,"key":"SMITH"}],"circlet_count":0,"master_deck":["AscendersBane","blademaster:Cut","blademaster:AspectOfLightning","blademaster:AspectOfWind","blademaster:Thrust","blademaster:AspectOfWind","blademaster:ThunderSlash","blademaster:AspectOfWind","blademaster:AwakeningStrike","blademaster:Sharpen","blademaster:Stability","blademaster:ParryingStrike","blademaster:AwakeningStrike","blademaster:AwakeningDefend","blademaster:Overcharge","blademaster:Slice","blademaster:Flurry","blademaster:Slice","blademaster:ThunderSlash","blademaster:Thrust","blademaster:Safeguard","blademaster:BloodyBlow","blademaster:DaggerAndCloak","blademaster:DaggerAndCloak","blademaster:TraverseCut","blademaster:Sunder+1","blademaster:Havoc","blademaster:BloodyBlow","blademaster:DragonStrike","blademaster:Thrust","blademaster:FuriousStrike","blademaster:Safeguard","blademaster:Havoc","blademaster:Cut","blademaster:Vortex","blademaster:Thrust","blademaster:Sunder","blademaster:ThunderingOpener","blademaster:LightningCrash","blademaster:AwakeningStrike","blademaster:Rupture","blademaster:DeadlyDance","blademaster:Flurry","blademaster:IcyWind","blademaster:ThunderSlash","blademaster:Frontflip","blademaster:SharpBlades","blademaster:AspectOfLightning","blademaster:KiBarrier","blademaster:ChargingUp","ReplayTheSpireMod:IOU","ReplayTheSpireMod:IOU","blademaster:Cut","ReplayTheSpireMod:IOU","ReplayTheSpireMod:IOU","ReplayTheSpireMod:IOU","ReplayTheSpireMod:IOU","blademaster:Empower","blademaster:Gust","blademaster:Blindside","ReplayTheSpireMod:IOU","ReplayTheSpireMod:IOU","ReplayTheSpireMod:IOU","ReplayTheSpireMod:IOU","ReplayTheSpireMod:IOU","blademaster:Cut+3","ReplayTheSpireMod:IOU","blademaster:Blindside","ReplayTheSpireMod:IOU","ReplayTheSpireMod:IOU","blademaster:Empower","blademaster:Blindside","blademaster:EnchantedCuirass","blademaster:Reversal+1"],"relics":["blademaster:DancersAmulet","Prayer Wheel","Torii","Simple Rune","ReplayTheSpireMod:Ninjato","Matryoshka","FossilizedHelix","Replay:Wax Seal","Replay:Accelerometer","Ice Cream","Bag of Marbles","HornCleat","Quantum Egg","ReplayTheSpireMod:Shallot","Potion Belt","Bottled Tornado","Pondfish Scales","Gremlin Food","Bottled Flame","Kunai","Ginger","Oddly Smooth Stone","Letter Opener","Replay:Rubber Ducky","Bottled Lightning","Busted Crown","Snack Pack","Question Card","Orichalcum","Chameleon Ring","MawBank","Smiling Mask","Happy Flower"],"acts_visited":["Exordium","TheCity","TheBeyond"],"potions_floor_usage":[16,33,33,33,33,33,33,33,50,50],"damage_taken":[{"damage":3,"enemies":"2 Louse","floor":1,"turns":2},{"damage":12,"enemies":"Jaw Worm","floor":2,"turns":2},{"damage":1,"enemies":"Cultist","floor":4,"turns":4},{"damage":25,"enemies":"Lots of Slimes","floor":5,"turns":4},{"damage":3,"enemies":"3 Sentries","floor":8,"turns":4},{"damage":0,"enemies":"Lagavulin","floor":13,"turns":4},{"damage":0,"enemies":"2 Fungi Beasts","floor":14,"turns":3},{"damage":22,"enemies":"The Guardian","floor":16,"turns":7},{"damage":0,"enemies":"Spheric Guardian","floor":18,"turns":4},{"damage":18,"enemies":"Shell Parasite","floor":21,"turns":4},{"damage":9,"enemies":"Cultist and Chosen","floor":22,"turns":4},{"damage":14,"enemies":"Book of Stabbing","floor":23,"turns":4},{"damage":1,"enemies":"Slavers","floor":25,"turns":4},{"damage":15,"enemies":"Replay:Snechameleon","floor":27,"turns":5},{"damage":0,"enemies":"Slavers","floor":30,"turns":2},{"damage":0,"enemies":"Gremlin Leader","floor":31,"turns":3},{"damage":0,"enemies":"Champ","floor":33,"turns":4},{"damage":0,"enemies":"3 Darklings","floor":35,"turns":2},{"damage":0,"enemies":"Orb Walker","floor":36,"turns":1},{"damage":0,"enemies":"Spire Growth","floor":38,"turns":1},{"damage":0,"enemies":"Reptomancer","floor":42,"turns":2},{"damage":0,"enemies":"Maw","floor":44,"turns":2},{"damage":0,"enemies":"Nemesis","floor":46,"turns":1},{"damage":0,"enemies":"Reptomancer","floor":47,"turns":2},{"damage":0,"enemies":"4 Shapes","floor":48,"turns":1},{"damage":0,"enemies":"Time Eater","floor":50,"turns":2}],"seed_played":"4740463708822208223","potions_obtained":[{"floor":5,"key":"Ancient Potion"},{"floor":14,"key":"Block Potion"},{"floor":18,"key":"Languid Potion"},{"floor":21,"key":"Strength Potion"},{"floor":22,"key":"EntropicBrew"},{"floor":30,"key":"DistilledChaos"},{"floor":36,"key":"Energy Potion"},{"floor":44,"key":"GamblersBrew"},{"floor":46,"key":"Ancient Potion"}],"is_trial":true,"path_per_floor":["M","M","$","M","M","R","R","E","T","$","$","R","E","M","R","B",null,"M","$","$","M","M","E","R","E","T","E","R","$","E","E","R","B",null,"M","M","$","M","$","R","$","E","T","M","R","E","E","M","R","B",null],"character_chosen":"THE_BLADEMASTER","items_purchased":["Ice Cream","blademaster:Cut","Bag of Marbles","HornCleat","blademaster:Empower","Potion Belt","Bottled Tornado","blademaster:Cut","Pondfish Scales","Bottled Lightning"],"campfire_rested":3,"item_purchase_floors":[10,10,11,11,11,19,20,20,20,29],"current_hp_per_floor":[61,49,49,48,23,44,65,68,68,68,68,68,71,71,71,55,67,71,71,71,59,56,48,69,71,71,62,62,62,68,71,71,71,71,71,71,71,71,71,71,71,71,71,71,71,71,71,71,71,71],"gold":151,"neow_bonus":"","is_daily":false,"chose_seed":true,"campfire_upgraded":7,"win_rate":0.0,"timestamp":1611025118,"path_taken":["M","M","$","M","M","R","R","E","T","$","$","R","E","M","R","BOSS","M","$","$","M","M","E","R","E","T","E","R","$","E","E","R","BOSS","M","M","$","M","$","R","$","E","T","M","R","E","E","M","R","BOSS"],"items_purchased_type":["Relic","Card","Relic","Relic","Card","Relic","Relic","Card","Relic","Relic"],"build_version":"2020-12-22","purchased_purges":2,"victory":true,"max_hp_per_floor":[71,71,71,71,71,71,71,71,71,71,71,71,71,71,71,71,71,71,71,71,71,71,71,71,71,71,71,71,71,71,71,71,71,71,71,71,71,71,71,71,71,71,71,71,71,71,71,71,71,71],"card_choices":[{"not_picked":["blademaster:StanceMastery","blademaster:TraverseCut"],"picked":"blademaster:ChargingUp","floor":8},{"not_picked":["blademaster:AirSlash","blademaster:CloudOfSteel"],"picked":"blademaster:Gust","floor":13},{"not_picked":["blademaster:BladeDance","blademaster:ColdBlood"],"picked":"blademaster:Blindside","floor":16},{"not_picked":["blademaster:Hailwind","blademaster:EyeOfTheTornado+1"],"picked":"blademaster:Blindside","floor":23},{"not_picked":["blademaster:Meditate","blademaster:TraverseCut","blademaster:AirSlash"],"picked":"SKIP","floor":25},{"not_picked":["blademaster:Slice","blademaster:Breeze","blademaster:Blockade"],"picked":"SKIP","floor":27},{"not_picked":["blademaster:BladeCross","blademaster:DaggerAndCloak"],"picked":"blademaster:Empower","floor":30},{"not_picked":["blademaster:BladeCross","blademaster:DeadlyDance"],"picked":"blademaster:Blindside","floor":31},{"not_picked":["blademaster:ThreePointStrike","blademaster:RollingTyphoon"],"picked":"blademaster:EnchantedCuirass","floor":33},{"not_picked":["blademaster:Reversal","blademaster:ThunderSlash+1"],"picked":"SKIP","floor":42},{"not_picked":["blademaster:ChargingUp+1","blademaster:AwakeningDefend"],"picked":"SKIP","floor":46},{"not_picked":["blademaster:CombatPrep+1"],"picked":"blademaster:Reversal+1","floor":47}],"player_experience":477360,"relics_obtained":[{"floor":1,"key":"Torii"},{"floor":1,"key":"blademaster:DextrousPerk"},{"floor":2,"key":"Simple Rune"},{"floor":2,"key":"blademaster:BonusFuryPerk"},{"floor":4,"key":"ReplayTheSpireMod:Ninjato"},{"floor":4,"key":"blademaster:OnAttackedChargePerk"},{"floor":5,"key":"Matryoshka"},{"floor":5,"key":"blademaster:StanceHealPerk"},{"floor":8,"key":"FossilizedHelix"},{"floor":8,"key":"blademaster:BleedingLaceratePerk"},{"floor":9,"key":"Replay:Wax Seal"},{"floor":9,"key":"Replay:Accelerometer"},{"floor":13,"key":"Quantum Egg"},{"floor":13,"key":"blademaster:RandomStancePerk"},{"floor":14,"key":"ReplayTheSpireMod:Shallot"},{"floor":14,"key":"blademaster:WindChargePerk"},{"floor":18,"key":"blademaster:LightningChargePerk"},{"floor":21,"key":"Gremlin Food"},{"floor":21,"key":"blademaster:BleedingMoreDamagePerk"},{"floor":22,"key":"blademaster:RandomBladePerk"},{"floor":22,"key":"Bottled Flame"},{"floor":23,"key":"Kunai"},{"floor":23,"key":"blademaster:ComboEveryTurnPerk"},{"floor":25,"key":"Ginger"},{"floor":25,"key":"blademaster:FuryEveryTurnPerk"},{"floor":26,"key":"Oddly Smooth Stone"},{"floor":26,"key":"Letter Opener"},{"floor":27,"key":"Replay:Rubber Ducky"},{"floor":27,"key":"blademaster:StrongPerk"},{"floor":30,"key":"blademaster:BonusComboPerk"},{"floor":31,"key":"blademaster:FinisherDrawCardPerk"},{"floor":35,"key":"Snack Pack"},{"floor":36,"key":"Question Card"},{"floor":38,"key":"Orichalcum"},{"floor":42,"key":"Chameleon Ring"},{"floor":43,"key":"MawBank"},{"floor":46,"key":"Smiling Mask"},{"floor":47,"key":"Happy Flower"}],"event_choices":[],"is_beta":false,"boss_relics":[{"not_picked":["Replay:Drink Me","Replay:Wanted Poster","Snecko Eye"]},{"not_picked":["ReplayTheSpireMod:DimensionalGlitch","Runic Pyramid"],"picked":"Busted Crown"}],"items_purged_floors":[10,19],"is_endless":false,"potions_floor_spawned":[4,5,13,14,18,21,22,30,36,44,46,48],"ascension_level":17}}