{"host":"6a92uynocv4elkyp","time":1611059224,"event":{"mods":["AchievementEnabler","BaseMod","Infinite Spire","Minty Spire (QoL Compilation)","Quick Restart","StSLib"],"gold_per_floor":[144,144,144,204,255,255,255],"floor_reached":6,"language":"ENG","playtime":406,"items_purged":[],"score":72,"play_id":"939635e5-0da5-4148-b53c-cbdbed6cf90c","local_time":"20210119132704","daily_mods":["SealedDeck","Diverse","Heirloom","Flight","DeadlyEvents","Elite Swarm","Midas"],"is_ascension_mode":true,"campfire_choices":[],"circlet_count":0,"master_deck":["AscendersBane","Protect","Protect","Pommel Strike","Dual Wield","Anger","FollowUp","Hello World","Defragment","Consecrate","Escape Plan","Crippling Poison","Regret","Decay","Aggregate","Gash"],"relics":["Burning Blood","Magic Flower","Orichalcum"],"acts_visited":["Exordium"],"potions_floor_usage":[],"damage_taken":[{"damage":0,"enemies":"Jaw Worm","floor":1,"turns":3},{"damage":0,"enemies":"2 Louse","floor":4,"turns":2},{"damage":6,"enemies":"Cultist","floor":5,"turns":4},{"damage":0,"enemies":"Gremlin Nob","floor":6,"turns":3}],"seed_played":"7142178294814646667","potions_obtained":[{"floor":4,"key":"LiquidMemories"}],"is_trial":true,"path_per_floor":["M","?","?","M","M","E"],"character_chosen":"IRONCLAD","items_purchased":[],"campfire_rested":0,"item_purchase_floors":[],"current_hp_per_floor":[75,75,75,75,75,75,75],"gold":255,"neow_bonus":"","is_daily":false,"chose_seed":false,"campfire_upgraded":0,"win_rate":0.0,"timestamp":1611059224,"path_taken":["M","?","?","M","?","E"],"items_purchased_type":[],"build_version":"2020-12-22","purchased_purges":0,"victory":false,"max_hp_per_floor":[75,75,75,75,75,75,75],"card_choices":[{"not_picked":["Stack","Thunderclap"],"picked":"Crippling Poison","floor":1},{"not_picked":["Cleave","Outmaneuver"],"picked":"Aggregate","floor":4},{"not_picked":["Sword Boomerang","Outmaneuver"],"picked":"Gash","floor":5}],"player_experience":113022,"relics_obtained":[],"event_choices":[{"damage_healed":0,"gold_gain":0,"player_choice":"Box","damage_taken":0,"relics_obtained":["Orichalcum"],"max_hp_gain":0,"max_hp_loss":0,"event_name":"Big Fish","floor":2,"gold_loss":0,"cards_obtained":["Regret"]},{"damage_healed":0,"gold_gain":0,"player_choice":"Cursed","damage_taken":0,"max_hp_gain":0,"max_hp_loss":0,"event_name":"Wheel of Change","floor":3,"gold_loss":0,"cards_obtained":["Decay"]}],"is_beta":false,"boss_relics":[],"items_purged_floors":[],"is_endless":false,"potions_floor_spawned":[4],"killed_by":"Gremlin Nob","ascension_level":20}}