{"host":"szp1d6dso4pv7ddl","time":1611015686,"event":{"mods":["AchievementEnabler","Alarm Clock","BaseMod","Bestiary","Block Reminder","Colored Map","Colored Powertips","Curses Come First","Dark Map","Displayed Cursed Tome","Highlight Path","Minty Spire (QoL Compilation)","Permanent Neow","Quick Restart","Relic Sorter","Relic Stats","StSLib","Synergy Search"],"gold_per_floor":[20,36,50,61,81,81,107,107,107,124,156,156,171,181,181,181,181],"floor_reached":16,"language":"ENG","playtime":997,"items_purged":[],"score":197,"play_id":"88403e61-15a7-421d-b0e5-8753cc500c64","local_time":"20210118162126","is_ascension_mode":true,"campfire_choices":[{"data":"Perfected Strike","floor":6,"key":"SMITH"},{"data":"Barricade","floor":8,"key":"SMITH"},{"floor":12,"key":"REST"},{"data":"Body Slam","floor":15,"key":"SMITH"}],"circlet_count":0,"master_deck":["AscendersBane","Strike_R","Strike_R","Strike_R","Strike_R","Strike_R","Defend_R","Defend_R","Defend_R","Defend_R","Bash","Offering","Hemokinesis","Pommel Strike","Immolate","Perfected Strike+1","Barricade+1","Body Slam+1"],"relics":["Burning Blood","Happy Flower","Nunchaku","Bronze Scales"],"acts_visited":["Exordium"],"potions_floor_usage":[7,7,16],"damage_taken":[{"damage":19,"enemies":"Cultist","floor":1,"turns":5},{"damage":7,"enemies":"Small Slimes","floor":2,"turns":5},{"damage":3,"enemies":"2 Louse","floor":3,"turns":3},{"damage":0,"enemies":"Gremlin Gang","floor":4,"turns":1},{"damage":13,"enemies":"Blue Slaver","floor":5,"turns":3},{"damage":19,"enemies":"3 Sentries","floor":7,"turns":5},{"damage":18,"enemies":"Looter","floor":10,"turns":3},{"damage":38,"enemies":"Lagavulin","floor":11,"turns":6},{"damage":7,"enemies":"2 Fungi Beasts","floor":13,"turns":2},{"damage":9,"enemies":"Red Slaver","floor":14,"turns":2},{"damage":34,"enemies":"Hexaghost","floor":16,"turns":7}],"seed_played":"-5621897213499718293","potions_obtained":[{"floor":1,"key":"Dexterity Potion"},{"floor":4,"key":"SkillPotion"},{"floor":5,"key":"Regen Potion"},{"floor":13,"key":"AttackPotion"}],"is_trial":false,"path_per_floor":["M","M","M","M","M","R","E","R","T","M","E","R","M","M","R","B"],"character_chosen":"IRONCLAD","items_purchased":[],"campfire_rested":1,"item_purchase_floors":[],"current_hp_per_floor":[55,54,57,63,56,56,57,57,57,45,13,35,34,31,31,0,0],"gold":181,"neow_bonus":"THREE_RARE_CARDS","is_daily":false,"chose_seed":false,"campfire_upgraded":3,"win_rate":0.0,"timestamp":1611015686,"path_taken":["M","?","?","?","M","R","E","R","T","M","E","R","M","M","R","BOSS"],"items_purchased_type":[],"build_version":"2020-12-22","purchased_purges":0,"victory":false,"max_hp_per_floor":[75,75,75,75,75,75,75,75,75,75,75,75,75,75,75,75,75],"relic_stats":{"Nunchaku":[3],"Happy Flower":[3],"counters":[11,42],"Bronze Scales":[51],"obtain_stats":[{"Nunchaku":9,"Happy Flower":11,"Bronze Scales":7,"Burning Blood":0},{"Nunchaku":6,"Happy Flower":8,"Bronze Scales":6,"Burning Blood":0},{"Nunchaku":22,"Happy Flower":31,"Bronze Scales":22,"Burning Blood":0}],"Burning Blood":60},"card_choices":[{"not_picked":["Bludgeon","Corruption"],"picked":"Offering","floor":0},{"not_picked":["Second Wind","Twin Strike"],"picked":"Hemokinesis","floor":1},{"not_picked":["Infernal Blade","Body Slam"],"picked":"Pommel Strike","floor":2},{"not_picked":["Twin Strike","Heavy Blade"],"picked":"Immolate","floor":3},{"not_picked":["Power Through","Rupture"],"picked":"Perfected Strike","floor":4},{"not_picked":["Clash","Perfected Strike","Rampage"],"picked":"SKIP","floor":5},{"not_picked":["Twin Strike","Power Through"],"picked":"Barricade","floor":7},{"not_picked":["Iron Wave","Infernal Blade","Warcry"],"picked":"SKIP","floor":10},{"not_picked":["Warcry","Dropkick"],"picked":"Body Slam","floor":11},{"not_picked":["Fire Breathing","Reckless Charge","Sword Boomerang"],"picked":"SKIP","floor":13},{"not_picked":["Inflame","Sever Soul","Heavy Blade"],"picked":"SKIP","floor":14}],"player_experience":1221688,"relics_obtained":[{"floor":7,"key":"Bronze Scales"},{"floor":9,"key":"Nunchaku"},{"floor":11,"key":"Happy Flower"}],"event_choices":[],"is_beta":false,"boss_relics":[],"items_purged_floors":[],"is_endless":false,"potions_floor_spawned":[1,4,5,13],"killed_by":"Hexaghost","ascension_level":14}}