{"host":"xz7n3qy1zq36rzpg","time":1611049931,"event":{"mods":["BaseMod","Colored Map","Colored Powertips","Highlight Path","Minty Spire (QoL Compilation)","Quick Restart","Shop Mod"],"gold_per_floor":[110,128,148,164,179,179,196,229,256,289,303,328,328,100,100,203,203,203,173,123,123,123,123,123,123,123,123,123,123,123,38,38,38,38,38,38,38,38,38,38,38,38,38,38,38,38,38,38,38],"floor_reached":48,"language":"ENG","playtime":3482,"items_purged":["Strike_P","Defend_P"],"score":569,"play_id":"7f1f7555-e5aa-419f-8967-e6f4483b3bde","local_time":"20210119105211","is_ascension_mode":true,"campfire_choices":[{"data":"Eruption","floor":6,"key":"SMITH"},{"data":"TalkToTheHand","floor":13,"key":"SMITH"},{"data":"ForeignInfluence","floor":15,"key":"SMITH"},{"data":"EmptyFist","floor":23,"key":"SMITH"},{"data":"FollowUp","floor":25,"key":"SMITH"},{"floor":29,"key":"REST"},{"data":"1","floor":32,"key":"LIFT"},{"floor":40,"key":"REST"}],"circlet_count":0,"master_deck":["Strike_P","Strike_P+1","Strike_P","Defend_P","Defend_P","Defend_P","Eruption+1","Vigilance","Protect","CutThroughFate+1","FollowUp+1","EmptyFist+1","FlurryOfBlows","TalkToTheHand+1","ForeignInfluence+1","CutThroughFate","WheelKick","Crescendo","Devotion","EmptyBody","ThirdEye+1","FollowUp+1","Wallop+1","LessonLearned","Prostrate+1","SashWhip+1","Jack Of All Trades","Conclude+1","Parasite","EmptyFist+1"],"relics":["PureWater","NeowsBlessing","Bag of Marbles","Juzu Bracelet","Centennial Puzzle","Smiling Mask","Bronze Scales","Ectoplasm","Damaru","Bottled Lightning","Girya","Runic Pyramid","CeramicFish","Blue Candle"],"acts_visited":["Exordium","TheCity","TheBeyond"],"potions_floor_usage":[10,12,22,33,33,36,44],"damage_taken":[{"damage":0,"enemies":"Cultist","floor":1,"turns":1},{"damage":0,"enemies":"2 Louse","floor":2,"turns":1},{"damage":0,"enemies":"Small Slimes","floor":3,"turns":1},{"damage":2,"enemies":"Looter","floor":4,"turns":2},{"damage":0,"enemies":"3 Louse","floor":5,"turns":2},{"damage":3,"enemies":"Lots of Slimes","floor":7,"turns":3},{"damage":14,"enemies":"3 Sentries","floor":8,"turns":5},{"damage":2,"enemies":"Lagavulin","floor":10,"turns":6},{"damage":0,"enemies":"Large Slime","floor":11,"turns":1},{"damage":9,"enemies":"3 Sentries","floor":12,"turns":4},{"damage":10,"enemies":"Hexaghost","floor":16,"turns":6},{"damage":5,"enemies":"Shell Parasite","floor":18,"turns":3},{"damage":2,"enemies":"2 Thieves","floor":19,"turns":2},{"damage":3,"enemies":"Snecko","floor":21,"turns":5},{"damage":8,"enemies":"Shelled Parasite and Fungi","floor":22,"turns":4},{"damage":4,"enemies":"Gremlin Leader","floor":24,"turns":5},{"damage":0,"enemies":"Cultist and Chosen","floor":27,"turns":4},{"damage":9,"enemies":"Snake Plant","floor":28,"turns":3},{"damage":0,"enemies":"Centurion and Healer","floor":30,"turns":5},{"damage":4,"enemies":"Automaton","floor":33,"turns":7},{"damage":0,"enemies":"3 Shapes","floor":35,"turns":2},{"damage":16,"enemies":"3 Darklings","floor":36,"turns":2},{"damage":5,"enemies":"Spire Growth","floor":37,"turns":4},{"damage":21,"enemies":"Nemesis","floor":41,"turns":7},{"damage":0,"enemies":"Transient","floor":42,"turns":5},{"damage":9,"enemies":"4 Shapes","floor":44,"turns":1},{"damage":11,"enemies":"Writhing Mass","floor":45,"turns":3},{"damage":4,"enemies":"Giant Head","floor":46,"turns":5},{"damage":19,"enemies":"Transient","floor":47,"turns":5},{"damage":16,"enemies":"Jaw Worm Horde","floor":48,"turns":2}],"seed_played":"-4943844401235940674","potions_obtained":[{"floor":1,"key":"Weak Potion"},{"floor":4,"key":"Energy Potion"},{"floor":7,"key":"BottledMiracle"},{"floor":11,"key":"Explosive Potion"},{"floor":18,"key":"Dexterity Potion"},{"floor":22,"key":"BlessingOfTheForge"},{"floor":27,"key":"Fire Potion"},{"floor":33,"key":"LiquidBronze"},{"floor":35,"key":"BlessingOfTheForge"},{"floor":36,"key":"GamblersBrew"},{"floor":45,"key":"Ambrosia"}],"is_trial":false,"path_per_floor":["M","M","M","M","M","R","M","E","T","E","M","E","R","$","R","B",null,"M","M","$","M","M","R","E","R","T","M","M","R","M","?","R","B",null,"M","M","M","?","?","R","E","M","T","M","M","E","M","M"],"character_chosen":"WATCHER","items_purchased":["Bronze Scales","Crescendo"],"campfire_rested":2,"item_purchase_floors":[14,14],"current_hp_per_floor":[72,72,72,70,70,70,67,53,53,51,51,42,42,42,42,32,72,67,65,65,62,54,54,50,50,50,50,41,62,62,62,62,58,72,72,56,51,51,51,72,51,51,51,42,31,27,8,0,0],"gold":38,"neow_bonus":"THREE_ENEMY_KILL","is_daily":false,"chose_seed":false,"campfire_upgraded":5,"win_rate":0.0,"timestamp":1611049931,"path_taken":["M","M","M","M","M","R","M","E","T","E","M","E","R","$","R","BOSS","M","M","?","M","M","R","E","R","T","M","M","R","M","?","R","BOSS","M","M","M","?","?","R","E","M","T","M","M","E","M","M"],"items_purchased_type":["Relic","Card"],"build_version":"2020-12-22","purchased_purges":2,"victory":false,"max_hp_per_floor":[72,72,72,72,72,72,72,72,72,72,72,72,72,72,72,72,72,72,72,72,72,72,72,72,72,72,72,72,72,72,72,72,72,72,72,72,72,72,72,72,72,72,72,72,72,72,72,72,72],"card_choices":[{"not_picked":["Sanctity","Prostrate"],"picked":"Protect","floor":1},{"not_picked":["WheelKick","FlurryOfBlows"],"picked":"CutThroughFate","floor":2},{"not_picked":["FlurryOfBlows","Protect"],"picked":"FollowUp","floor":3},{"not_picked":["SpiritShield","Protect"],"picked":"EmptyFist","floor":4},{"not_picked":["Prostrate","EmptyMind"],"picked":"FlurryOfBlows","floor":5},{"not_picked":["FollowUp","SashWhip"],"picked":"TalkToTheHand","floor":7},{"not_picked":["CrushJoints","Indignation"],"picked":"ForeignInfluence","floor":8},{"not_picked":["SpiritShield","Halt"],"picked":"CutThroughFate","floor":10},{"not_picked":["FlyingSleeves","Vengeance","ForeignInfluence"],"picked":"SKIP","floor":11},{"not_picked":["Perseverance","Fasting2"],"picked":"WheelKick","floor":12},{"not_picked":["Scrawl","Omniscience"],"picked":"Devotion","floor":16},{"not_picked":["Adaptation","ThirdEye"],"picked":"EmptyBody","floor":18},{"not_picked":["TalkToTheHand","EmptyBody"],"picked":"ThirdEye+1","floor":19},{"not_picked":["SashWhip","LikeWater","PathToVictory"],"picked":"SKIP","floor":21},{"not_picked":["InnerPeace","FollowUp","CutThroughFate"],"picked":"SKIP","floor":22},{"not_picked":["BowlingBash","Pray","Establishment"],"picked":"SKIP","floor":24},{"not_picked":["Fasting2","CutThroughFate+1"],"picked":"EmptyFist+1","floor":27},{"not_picked":["WaveOfTheHand","Prostrate"],"picked":"FollowUp+1","floor":28},{"not_picked":["Collect","CrushJoints"],"picked":"Wallop+1","floor":30},{"not_picked":["Wish","Devotion"],"picked":"LessonLearned","floor":33},{"not_picked":["SashWhip","FlyingSleeves","Consecrate"],"picked":"SKIP","floor":35},{"not_picked":["Halt","Perseverance"],"picked":"Prostrate+1","floor":36},{"not_picked":["Prostrate","CrushJoints+1"],"picked":"SashWhip+1","floor":37},{"not_picked":["Deep Breath","Trip"],"picked":"Jack Of All Trades","floor":38},{"not_picked":["CrushJoints","FlyingSleeves+1","TalkToTheHand"],"picked":"SKIP","floor":41},{"not_picked":["FlyingSleeves","DeusExMachina"],"picked":"Conclude+1","floor":42},{"not_picked":["ThirdEye+1","ClearTheMind","FlyingSleeves+1"],"picked":"SKIP","floor":44},{"not_picked":["ThirdEye+1","LikeWater"],"picked":"EmptyFist+1","floor":45},{"not_picked":["FlurryOfBlows+1","EmptyFist+1","CutThroughFate+1"],"picked":"SKIP","floor":46},{"not_picked":["FlyingSleeves","FollowUp","WindmillStrike"],"picked":"SKIP","floor":47}],"player_experience":343917,"relics_obtained":[{"floor":8,"key":"Bag of Marbles"},{"floor":9,"key":"Juzu Bracelet"},{"floor":10,"key":"Centennial Puzzle"},{"floor":12,"key":"Smiling Mask"},{"floor":24,"key":"Damaru"},{"floor":26,"key":"Bottled Lightning"},{"floor":41,"key":"CeramicFish"},{"floor":43,"key":"Blue Candle"}],"event_choices":[{"damage_healed":0,"gold_gain":0,"player_choice":"Obtained Relic","damage_taken":0,"relics_obtained":["Girya"],"max_hp_gain":0,"max_hp_loss":0,"event_name":"Addict","floor":31,"gold_loss":85},{"damage_healed":0,"gold_gain":0,"player_choice":"Memory 1","damage_taken":0,"max_hp_gain":0,"max_hp_loss":0,"event_name":"SensoryStone","floor":38,"gold_loss":0},{"cards_removed":["EmptyFist"],"damage_healed":0,"gold_gain":0,"player_choice":"Removed Attack","damage_taken":0,"max_hp_gain":0,"max_hp_loss":0,"event_name":"Falling","floor":39,"gold_loss":0}],"is_beta":false,"boss_relics":[{"not_picked":["Runic Dome","Velvet Choker"],"picked":"Ectoplasm"},{"not_picked":["Tiny House","Coffee Dripper"],"picked":"Runic Pyramid"}],"items_purged_floors":[14,20],"is_endless":false,"potions_floor_spawned":[1,4,7,11,18,22,27,30,33,35,36,41,45,47],"killed_by":"Jaw Worm Horde","ascension_level":1}}