{"host":"d4sf42smuzno1lqj","time":1611083862,"event":{"mods":["100% Spire Juice","ATMod(阿瑾Mod)","Act Like it!","Ascension Reborn","Aspiration","BaseMod","BetterRewards","Colored Powertips","Dota2Spire","Downfall","Energized Spire","Friendly Minions","HololiveMod","Jedi Mod","Minty Spire (QoL Compilation)","MostiFishMod","Permanent Neow","Quick Restart","Relic Stats","RumiaBox-露米?的神秘盒子","Spicy Shops","StSLib","TestMod","The Marked","UnlockEverythingMod","[GremlinLeader]The Maniac","vexMod","【?物卡牌】REMEMod"],"gold_per_floor":[99,110,110,122,142,173,173,189,89,74,88,73,223,233,245,343,343,343,356,356,366,366,466,466,208,208,224,124,24,24,55,74,174,174,74,87,96,96,96,114,114,144,162,37,54,76,76,76,86,86,86,116,51,51,51,51],"floor_reached":57,"language":"ZHS","playtime":4511,"items_purged":["Pain","downfall:Icky","Normality"],"score":1429,"play_id":"b0a3cd33-dc9b-47ac-985a-796ab1d2d177","local_time":"20210120031742","is_ascension_mode":true,"campfire_choices":[{"floor":1,"key":"RECALL"},{"data":"Apotheosis","floor":9,"key":"SMITH"},{"data":"champ:UltimateStance","floor":18,"key":"SMITH"},{"data":"AT_FamilyPortrait","floor":28,"key":"SMITH"},{"data":"testmod-Wormhole","floor":30,"key":"SMITH"},{"data":"champ:GladiatorForm","floor":35,"key":"SMITH"},{"data":"expansioncontent:AwakenDeath","floor":47,"key":"SMITH"},{"floor":54,"key":"REST"}],"circlet_count":0,"master_deck":["champ:Strike","champ:Strike","champ:Strike","champ:Strike","champ:Defend","champ:Defend","champ:Defend","champ:Defend","champ:Execute","champ:Taunt","AT_FamilyPortrait+1","Apotheosis+1","champ:AdrenalArmor","champ:FaceSlap","champ:BerserkersShout","champ:GladiatorForm+1","champ:FlashCut","champ:DefensiveShout","champ:PreemptiveStrike","champ:BringItOn","champ:FalseCounter","champ:UltimateStance+1","champ:EndlessRage","champ:ShieldWall","RitualDagger","champ:FanOfKnives+1","champ:VampiricStrike","testmod-Wormhole+1","champ:SkillfulDodge","champ:StanceDance+1","champ:Improvising","champ:Backstep+1","champ:IgnorePain","champ:TornadoPunch","champ:FanOfKnives+1","expansioncontent:YouAreMine","expansioncontent:AwakenDeath+1","expansioncontent:Chronoboost","champ:GutPunch+1","Clumsy","vexMod:UltimateCard","champ:CalledShot+1","champ:Backstep","champ:BringItOn","champ:DefensiveShout+1","champ:DefensiveShout+1","champ:DefensiveShout"],"relics":["DaveBox","testmod-TestBox","AT_ATBox","REME_ComplimentaryCards","RhineSuit","testmod-Mahjong","energizedSpire:SpiderWeb","WarpedTongs","Bag of Marbles","AT_SilvercatRing","downfall:HeartBlessingRed","testmod-HarvestTotem","champ:BlackKnightHelmet","jedi:Pinwheel","testmod-Charity","Darkstone Periapt","downfall:HeartBlessingBlue","vexMod:ScavengeHelm","AddBug","downfall:HeartBlessingGreen","testmod-Charity","REME_HourglassOfDeath","testmod-Laevatain","testmod-AssaultLearning","champ:BlackKnightHelmet","jedi:bottledfury"],"acts_visited":["Exordium","TheCity","TheBeyond","TheEnding"],"potions_floor_usage":[12,27,42,45,50,56,56],"damage_taken":[{"damage":10,"enemies":"Cultist","floor":2,"turns":4},{"damage":4,"enemies":"Small Slimes","floor":4,"turns":5},{"damage":13,"enemies":"Jaw Worm","floor":5,"turns":4},{"damage":9,"enemies":"3 Sentries","floor":6,"turns":5},{"damage":16,"enemies":"3 Louse","floor":8,"turns":4},{"damage":39,"enemies":"downfall:FleeingMerchant","floor":10,"turns":4},{"damage":20,"enemies":"2 Fungi Beasts","floor":11,"turns":4},{"damage":31,"enemies":"downfall:FleeingMerchant","floor":12,"turns":4},{"damage":0,"enemies":"3 Louse","floor":14,"turns":2},{"damage":8,"enemies":"Blue Slaver","floor":15,"turns":3},{"damage":48,"enemies":"DF_ARCHETYPE_STREAMLINE","floor":16,"turns":9},{"damage":39,"enemies":"Chosen","floor":19,"turns":6},{"damage":20,"enemies":"Spheric Guardian","floor":21,"turns":3},{"damage":40,"enemies":"Spheric Guardian","floor":23,"turns":7},{"damage":57,"enemies":"downfall:FleeingMerchant","floor":25,"turns":4},{"damage":15,"enemies":"3 Cultists","floor":27,"turns":4},{"damage":24,"enemies":"REME_1_Revenger","floor":31,"turns":5},{"damage":7,"enemies":"Snake Plant","floor":32,"turns":4},{"damage":30,"enemies":"WA_ARCHETYPE_CALM","floor":33,"turns":7},{"damage":17,"enemies":"3 Darklings","floor":36,"turns":3},{"damage":5,"enemies":"3 Shapes","floor":37,"turns":6},{"damage":14,"enemies":"Writhing Mass","floor":40,"turns":4},{"damage":5,"enemies":"Nemesis","floor":42,"turns":5},{"damage":12,"enemies":"Jaw Worm Horde","floor":43,"turns":4},{"damage":5,"enemies":"4 Shapes","floor":45,"turns":4},{"damage":57,"enemies":"Transient","floor":49,"turns":5},{"damage":44,"enemies":"IC_BLOCK_ARCHETYPE","floor":50,"turns":9},{"damage":97,"enemies":"downfall:CharBossMerchant","floor":52,"turns":8},{"damage":43,"enemies":"downfall:NeowBoss","floor":55,"turns":15},{"damage":137,"enemies":"downfall:NeowBossFinal","floor":56,"turns":13}],"seed_played":"230249564819507341","potions_obtained":[{"floor":2,"key":"Block Potion"},{"floor":6,"key":"champ:CounterPotion"},{"floor":16,"key":"Block Potion"},{"floor":27,"key":"testmod-SpacePotion"},{"floor":32,"key":"champ:CounterPotion"},{"floor":40,"key":"jedi:StrikingPotion"},{"floor":43,"key":"AttackPotion"}],"is_trial":false,"path_per_floor":["R","M","?","M","M","E","T","M","R","$","M","$","?","M","M","B",null,"R","M","?","M","?","?","T","$","T","M","R","$","R","E","M","B",null,"R","M","M","?","?","M","T","E","M","$","M","T","R","$","M","B",null,"E","$","R","B","B",null],"character_chosen":"THE_CHAMP","items_purchased":["testmod-Charity","testmod-Wormhole","champ:SkillfulDodge","champ:DefensiveShout"],"campfire_rested":1,"item_purchase_floors":[25,25,25,53],"current_hp_per_floor":[90,90,90,88,75,81,81,75,75,66,61,45,45,45,52,39,180,180,180,180,180,174,180,180,180,180,182,202,202,202,191,188,208,208,208,199,212,212,202,196,196,260,256,256,268,272,272,272,257,249,296,227,227,300,300,319],"gold":51,"neow_bonus":"BOSS_RELIC","is_daily":false,"chose_seed":false,"campfire_upgraded":6,"win_rate":0.0,"timestamp":1611083862,"path_taken":["R","M","?","M","?","E","T","M","R","$","M","$","?","M","M","BOSS","R","M","?","M","?","?","T","$","?","M","R","?","R","E","M","BOSS","R","M","M","?","?","M","T","E","M","$","M","?","R","$","M","BOSS","E","$","R","BOSS","BOSS"],"items_purchased_type":["Relic","Card","Card","Card"],"build_version":"2020-12-22","purchased_purges":3,"victory":true,"max_hp_per_floor":[90,90,90,90,90,90,90,90,90,90,90,90,90,90,90,90,180,180,180,180,180,180,180,180,180,180,182,202,202,202,204,206,208,208,208,212,216,216,216,220,220,260,264,264,268,272,272,272,288,296,296,300,300,300,300,348],"relic_stats":{"Darkstone Periapt":18,"counters":[30,163],"obtain_stats":[{"Darkstone Periapt":26,"champ:BlackKnightHelmet":23,"AT_ATBox":0,"DaveBox":0,"champ:ChampionCrown":0,"RhineSuit":0,"downfall:HeartBlessingGreen":35,"jedi:bottledfury":52,"jedi:Pinwheel":23,"testmod-Charity":25,"testmod-Mahjong":0,"downfall:HeartBlessingBlue":28,"testmod-Laevatain":42,"testmod-TestBox":0,"downfall:HeartBlessingRed":9,"vexMod:ScavengeHelm":31,"AddBug":34,"testmod-HarvestTotem":17,"energizedSpire:SpiderWeb":0,"AT_SilvercatRing":7,"WarpedTongs":3,"REME_HourglassOfDeath":41,"testmod-AssaultLearning":46,"Bag of Marbles":6,"REME_ComplimentaryCards":0},{"Darkstone Periapt":15,"champ:BlackKnightHelmet":14,"AT_ATBox":0,"DaveBox":0,"champ:ChampionCrown":0,"RhineSuit":0,"downfall:HeartBlessingGreen":19,"jedi:bottledfury":28,"jedi:Pinwheel":14,"testmod-Charity":15,"testmod-Mahjong":0,"downfall:HeartBlessingBlue":16,"testmod-Laevatain":23,"testmod-TestBox":0,"downfall:HeartBlessingRed":5,"vexMod:ScavengeHelm":17,"AddBug":19,"testmod-HarvestTotem":11,"energizedSpire:SpiderWeb":0,"AT_SilvercatRing":4,"WarpedTongs":1,"REME_HourglassOfDeath":22,"testmod-AssaultLearning":25,"Bag of Marbles":4,"REME_ComplimentaryCards":0},{"Darkstone Periapt":68,"champ:BlackKnightHelmet":64,"AT_ATBox":0,"DaveBox":0,"champ:ChampionCrown":0,"RhineSuit":0,"downfall:HeartBlessingGreen":88,"jedi:bottledfury":135,"jedi:Pinwheel":64,"testmod-Charity":68,"testmod-Mahjong":0,"downfall:HeartBlessingBlue":72,"testmod-Laevatain":106,"testmod-TestBox":0,"downfall:HeartBlessingRed":22,"vexMod:ScavengeHelm":77,"AddBug":88,"testmod-HarvestTotem":48,"energizedSpire:SpiderWeb":0,"AT_SilvercatRing":18,"WarpedTongs":4,"REME_HourglassOfDeath":101,"testmod-AssaultLearning":114,"Bag of Marbles":18,"REME_ComplimentaryCards":0}],"WarpedTongs":[159]},"card_choices":[{"not_picked":["champ:CrownThrow","champ:DefensiveShout"],"picked":"champ:AdrenalArmor","floor":2},{"not_picked":["champ:EnGarde","champ:PerfectedStrike"],"picked":"champ:BringItOn","floor":4},{"not_picked":["champ:PreciseThrust","champ:AdrenalArmor"],"picked":"champ:FaceSlap","floor":5},{"not_picked":["champ:EndlessRage","champ:BladeFlurry"],"picked":"champ:BerserkersShout","floor":6},{"not_picked":["champ:DefensiveShout","champ:Backstep"],"picked":"champ:GladiatorForm","floor":8},{"not_picked":["champ:GladiatorForm","champ:Circumvent"],"picked":"champ:FlashCut","floor":10},{"not_picked":["champ:BerserkersShout","champ:Circumvent"],"picked":"champ:DefensiveShout","floor":11},{"not_picked":["champ:CrownThrow","champ:LastStand"],"picked":"champ:PreemptiveStrike","floor":12},{"not_picked":["champ:Encircle","champ:GutPunch"],"picked":"champ:BringItOn","floor":14},{"not_picked":["champ:BerserkersShout","champ:Shatter"],"picked":"champ:FalseCounter","floor":15},{"not_picked":["champ:HeavySlash","champ:HoldFirm"],"picked":"champ:UltimateStance","floor":16},{"not_picked":["champ:RecklessLeap","champ:EnragedBash"],"picked":"champ:EndlessRage","floor":19},{"not_picked":["champ:EnGarde","champ:FanOfKnives"],"picked":"champ:ShieldWall","floor":21},{"not_picked":["champ:GutPunch","champ:EnGarde"],"picked":"champ:FanOfKnives+1","floor":23},{"not_picked":["champ:TornadoPunch+1","champ:AdrenalArmor+1"],"picked":"champ:VampiricStrike","floor":25},{"not_picked":["champ:RapidStrikes","champ:ShieldSlam+1"],"picked":"champ:StanceDance+1","floor":27},{"not_picked":["champ:GutPunch","champ:Encircle"],"picked":"champ:Improvising","floor":31},{"not_picked":["champ:StanceDance","champ:EnGarde"],"picked":"champ:Backstep+1","floor":32},{"not_picked":["champ:Improvising","champ:LastStand"],"picked":"champ:IgnorePain","floor":33},{"not_picked":["champ:Haymaker","champ:PreemptiveStrike+1"],"picked":"champ:TornadoPunch","floor":36},{"not_picked":["champ:CrookedStrike+1","champ:Endure"],"picked":"champ:FanOfKnives+1","floor":37},{"not_picked":["expansioncontent:HyperBeam","expansioncontent:GuardianWhirl"],"picked":"expansioncontent:YouAreMine","floor":39},{"not_picked":["expansioncontent:HyperBeam","expansioncontent:GuardianWhirl"],"picked":"expansioncontent:AwakenDeath","floor":39},{"not_picked":["expansioncontent:PrepareCrush","expansioncontent:HyperBeam"],"picked":"expansioncontent:Chronoboost","floor":39},{"not_picked":["champ:HeartStrike","champ:Shatter+1"],"picked":"champ:GutPunch+1","floor":40},{"not_picked":["champ:Haymaker+1","champ:Endure"],"picked":"champ:CalledShot+1","floor":42},{"not_picked":["champ:RecklessLeap","champ:Encircle"],"picked":"champ:Backstep","floor":43},{"not_picked":["champ:PreemptiveStrike+1","champ:CrookedStrike"],"picked":"champ:BringItOn","floor":45},{"not_picked":["champ:BringItOn","champ:PreemptiveStrike"],"picked":"champ:DefensiveShout+1","floor":49},{"not_picked":["champ:Shatter","champ:HeartStrike"],"picked":"champ:DefensiveShout+1","floor":52}],"player_experience":305883,"relics_obtained":[{"floor":6,"key":"Bag of Marbles"},{"floor":7,"key":"AT_SilvercatRing"},{"floor":23,"key":"champ:BlackKnightHelmet"},{"floor":23,"key":"jedi:Pinwheel"},{"floor":26,"key":"Darkstone Periapt"},{"floor":31,"key":"vexMod:ScavengeHelm"},{"floor":36,"key":"testmod-Charity"},{"floor":41,"key":"REME_HourglassOfDeath"},{"floor":42,"key":"testmod-Laevatain"},{"floor":46,"key":"testmod-AssaultLearning"},{"floor":52,"key":"champ:BlackKnightHelmet"},{"floor":52,"key":"jedi:bottledfury"}],"event_choices":[{"damage_healed":0,"gold_gain":0,"player_choice":"Rummage","damage_taken":0,"relics_obtained":["WarpedTongs"],"max_hp_gain":0,"max_hp_loss":0,"event_name":"Accursed Blacksmith","floor":3,"gold_loss":0,"cards_obtained":["Pain"]},{"cards_removed":["champ:BringItOn"],"damage_healed":0,"gold_gain":0,"player_choice":"Removed Skill","damage_taken":0,"max_hp_gain":0,"max_hp_loss":0,"event_name":"Falling","floor":38,"gold_loss":0}],"is_beta":false,"boss_relics":[{"not_picked":["testmod-Recursion","Coffee Dripper"],"picked":"testmod-HarvestTotem"},{"not_picked":["HaiYi:Twilight","Velvet Choker"],"picked":"AddBug"}],"items_purged_floors":[25,29,44],"is_endless":false,"potions_floor_spawned":[2,6,8,11,16,19,27,32,40,43],"ascension_level":0}}