{"host":"7tqog9fnhs0gxmti","time":1611099921,"event":{"mods":["AchievementEnabler","Act Like it!","Astrologer","BaseMod","Beaked The Cultist","Colored Map","Colored Powertips","Hermit","Highlight Path","Minty Spire (QoL Compilation)","StSLib","The Construct","The Gatherer","The Hierophant","everything is the same but u backflip on backflip"],"gold_per_floor":[113,133,152,152,152,192,192,192,271,294,314,345,369,553,553,553,553],"floor_reached":16,"language":"ENG","playtime":729,"items_purged":[],"score":112,"play_id":"764a95fd-bb14-4062-a497-e39d9ecb3c32","local_time":"20210120074521","is_ascension_mode":false,"campfire_choices":[{"data":"astrologer:Alignment","floor":7,"key":"SMITH"},{"floor":15,"key":"REST"}],"circlet_count":0,"master_deck":["astrologer:Strike","astrologer:Strike","astrologer:Strike","astrologer:Strike","astrologer:Defend","astrologer:Defend","astrologer:Defend","astrologer:Defend","astrologer:NorthStar","astrologer:TheFool","astrologer:SolarFlare","astrologer:ShootingStar+1","astrologer:MeteorShower","Injury","astrologer:Alignment+1","astrologer:SolarFlare","astrologer:Trine","astrologer:Moonlight","Doubt"],"relics":["astrologer:SkyMirror","Golden Idol","Bag of Preparation","GremlinMask","Singing Bowl","CeramicFish"],"acts_visited":["Exordium"],"potions_floor_usage":[3,6,6,11,12,16,16],"damage_taken":[{"damage":0,"enemies":"Small Slimes","floor":1,"turns":3},{"damage":0,"enemies":"2 Louse","floor":2,"turns":3},{"damage":4,"enemies":"Cultist","floor":3,"turns":5},{"damage":16,"enemies":"3 Sentries","floor":6,"turns":9},{"damage":7,"enemies":"Blue Slaver","floor":10,"turns":4},{"damage":4,"enemies":"3 Louse","floor":11,"turns":3},{"damage":54,"enemies":"Lagavulin","floor":12,"turns":7},{"damage":20,"enemies":"Gremlin Gang","floor":13,"turns":5},{"damage":18,"enemies":"Slime Boss","floor":16,"turns":6}],"seed_played":"3498813144566049417","potions_obtained":[{"floor":0,"key":"SkillPotion"},{"floor":0,"key":"DistilledChaos"},{"floor":0,"key":"SpeedPotion"},{"floor":3,"key":"Fire Potion"},{"floor":6,"key":"BlessingOfTheForge"},{"floor":11,"key":"FairyPotion"},{"floor":12,"key":"SteroidPotion"},{"floor":13,"key":"Regen Potion"}],"is_trial":false,"path_per_floor":["M","M","M","?","?","E","R","?","T","M","M","E","M","?","R","B"],"character_chosen":"ASTROLOGER","items_purchased":[],"campfire_rested":1,"item_purchase_floors":[],"current_hp_per_floor":[70,70,66,66,66,50,50,50,50,43,39,23,3,3,24,21,21],"gold":553,"neow_bonus":"THREE_SMALL_POTIONS","is_daily":false,"chose_seed":false,"campfire_upgraded":1,"win_rate":0.0,"timestamp":1611099921,"path_taken":["M","M","M","?","?","E","R","?","T","M","M","E","?","?","R","BOSS"],"items_purchased_type":[],"build_version":"2020-12-22","purchased_purges":0,"victory":false,"max_hp_per_floor":[70,70,70,70,70,70,70,70,70,70,70,72,72,72,72,72,72],"card_choices":[{"not_picked":["astrologer:Conjunction","astrologer:Moonlight"],"picked":"astrologer:SolarFlare","floor":1},{"not_picked":["astrologer:Radiance","astrologer:TheLovers"],"picked":"astrologer:ShootingStar","floor":2},{"not_picked":["astrologer:LonelyStar","astrologer:ReadTheStars"],"picked":"astrologer:MeteorShower","floor":3},{"not_picked":["astrologer:Justice","astrologer:TheHighPriestess"],"picked":"astrologer:Alignment","floor":6},{"not_picked":["astrologer:MeteorShower","astrologer:Stardust"],"picked":"astrologer:SolarFlare","floor":10},{"not_picked":["astrologer:TheLovers","astrologer:Stardust"],"picked":"astrologer:Trine","floor":11},{"not_picked":["astrologer:SpaceDust","astrologer:TheWorld","astrologer:SolarFlare"],"picked":"Singing Bowl","floor":12},{"not_picked":["astrologer:Opposition","astrologer:Conjunction"],"picked":"astrologer:Moonlight","floor":13}],"player_experience":810654,"relics_obtained":[{"floor":6,"key":"Bag of Preparation"},{"floor":9,"key":"Singing Bowl"},{"floor":12,"key":"CeramicFish"}],"event_choices":[{"damage_healed":0,"gold_gain":0,"player_choice":"Take Wound","damage_taken":0,"relics_obtained":["Golden Idol"],"max_hp_gain":0,"max_hp_loss":0,"event_name":"Golden Idol","floor":4,"gold_loss":0,"cards_obtained":["Injury"]},{"damage_healed":0,"gold_gain":0,"player_choice":"Grow","damage_taken":0,"max_hp_gain":0,"max_hp_loss":0,"event_name":"Living Wall","floor":5,"gold_loss":0,"cards_upgraded":["astrologer:ShootingStar"]},{"damage_healed":0,"gold_gain":0,"player_choice":"Trade","damage_taken":0,"relics_obtained":["GremlinMask"],"max_hp_gain":0,"max_hp_loss":0,"event_name":"FaceTrader","floor":8,"gold_loss":0},{"damage_healed":0,"gold_gain":175,"player_choice":"AGREE","damage_taken":0,"max_hp_gain":0,"max_hp_loss":0,"event_name":"Liars Game","floor":14,"gold_loss":0,"cards_obtained":["Doubt"]}],"is_beta":false,"boss_relics":[],"items_purged_floors":[],"is_endless":false,"potions_floor_spawned":[3,6,11,12,13],"killed_by":"Slime Boss","ascension_level":0}}