{"host":"9czo1ewqehy3yunx","time":1611069907,"event":{"mods":["Act Like it!","BaseMod","CapriCore","DeckTracker","GifTheSpireLib","Hermit","Keyboard Shortcuts","Minty Spire (QoL Compilation)","Permanent Neow","Quick Restart","StSLib","SuperFastMode"],"gold_per_floor":[112,128,60,60,75,75,138,148,216,266,283,303,318,337,337,440,440,456,456,456],"floor_reached":19,"language":"KOR","playtime":857,"items_purged":[],"score":165,"play_id":"de809a1a-f5b8-40cb-8576-4d3423231579","local_time":"20210120002507","is_ascension_mode":false,"campfire_choices":[{"data":"hermit:TakeAim","floor":6,"key":"SMITH"},{"floor":15,"key":"REST"}],"circlet_count":0,"master_deck":["hermit:Snapshot","hermit:Covet","hermit:Dive","hermit:Ricochet","hermit:TakeAim+1","hermit:Deadeye","hermit:Enervate","hermit:TrackingShot","hermit:Dive","hermit:Dive","hermit:Glare","hermit:Vantage","hermit:RoundhouseKick","hermit:Purgatory","hermit:Misfire","hermit:Gestalt","hermit:Cheat","hermit:Glare","hermit:Spite","hermit:RoundhouseKick","hermit:SprayPray","hermit:Horror+1"],"relics":["hermit:Momento","Bag of Marbles","SsserpentHead","Ornamental Fan","Pandora\u0027s Box"],"acts_visited":["Exordium","TheCity"],"potions_floor_usage":[16,16,16],"damage_taken":[{"damage":4,"enemies":"Cultist","floor":1,"turns":4},{"damage":10,"enemies":"Small Slimes","floor":2,"turns":3},{"damage":0,"enemies":"2 Louse","floor":5,"turns":1},{"damage":26,"enemies":"Gremlin Gang","floor":7,"turns":4},{"damage":8,"enemies":"Blue Slaver","floor":8,"turns":4},{"damage":6,"enemies":"Exordium Wildlife","floor":11,"turns":2},{"damage":11,"enemies":"Gremlin Gang","floor":12,"turns":5},{"damage":0,"enemies":"2 Fungi Beasts","floor":13,"turns":3},{"damage":5,"enemies":"Blue Slaver","floor":14,"turns":4},{"damage":16,"enemies":"Hexaghost","floor":16,"turns":12},{"damage":23,"enemies":"2 Thieves","floor":18,"turns":1},{"damage":0,"enemies":"Spheric Guardian","floor":19,"turns":1}],"seed_played":"241635574728131853","potions_obtained":[{"floor":2,"key":"hermit:BlackBile"},{"floor":7,"key":"Block Potion"},{"floor":8,"key":"BlessingOfTheForge"},{"floor":16,"key":"SteroidPotion"}],"is_trial":false,"path_per_floor":["M","M","$","?","M","R","M","M","T","?","M","M","M","M","R","B",null,"M","M"],"character_chosen":"HERMIT","items_purchased":["hermit:TakeAim"],"campfire_rested":1,"item_purchase_floors":[3],"current_hp_per_floor":[71,61,61,61,61,61,35,27,27,27,21,10,10,5,27,11,75,52,52,52],"gold":456,"neow_bonus":"RANDOM_COMMON_RELIC","is_daily":false,"chose_seed":false,"campfire_upgraded":1,"win_rate":0.0,"timestamp":1611069907,"path_taken":["M","M","?","?","M","R","?","M","T","?","M","M","M","M","R","BOSS","M","M"],"items_purchased_type":["Card"],"build_version":"2020-12-22","purchased_purges":0,"victory":false,"max_hp_per_floor":[75,75,75,75,75,75,75,75,75,75,75,75,75,75,75,75,75,75,75,75],"card_choices":[{"not_picked":["hermit:Headshot","hermit:Glare"],"picked":"hermit:Dive","floor":1},{"not_picked":["hermit:Desperado","hermit:Dive"],"picked":"hermit:Ricochet","floor":2},{"not_picked":["hermit:Snipe","hermit:Shortfuse"],"picked":"hermit:Deadeye","floor":5},{"not_picked":["hermit:Midnight","hermit:LuckOfTheDraw"],"picked":"hermit:Enervate","floor":7},{"not_picked":["hermit:Shortfuse","hermit:FinalCanter"],"picked":"hermit:TrackingShot","floor":8},{"not_picked":["hermit:Grudge","hermit:Vantage"],"picked":"hermit:Dive","floor":11},{"not_picked":["hermit:Feint","hermit:BodyArmor"],"picked":"hermit:Dive","floor":12},{"not_picked":["hermit:Purgatory","hermit:HighCaliber"],"picked":"hermit:Glare","floor":13},{"not_picked":["hermit:CalledShot","hermit:WideOpen"],"picked":"hermit:Vantage","floor":14},{"not_picked":["hermit:FatalDesire","hermit:Reprieve"],"picked":"hermit:RoundhouseKick","floor":16},{"not_picked":["hermit:LuckOfTheDraw","hermit:LowProfile"],"picked":"hermit:Horror+1","floor":18}],"player_experience":195614,"relics_obtained":[{"floor":9,"key":"Ornamental Fan"}],"event_choices":[{"damage_healed":0,"gold_gain":0,"player_choice":"Trade","damage_taken":0,"relics_obtained":["SsserpentHead"],"max_hp_gain":0,"max_hp_loss":0,"event_name":"FaceTrader","floor":4,"gold_loss":0},{"damage_healed":0,"gold_gain":0,"player_choice":"Ignored","damage_taken":0,"max_hp_gain":0,"max_hp_loss":0,"event_name":"NoteForYourself","floor":10,"gold_loss":0}],"is_beta":false,"boss_relics":[{"not_picked":["Cursed Key","Fusion Hammer"],"picked":"Pandora\u0027s Box"}],"items_purged_floors":[],"is_endless":false,"potions_floor_spawned":[2,7,8,11,16],"killed_by":"Spheric Guardian","ascension_level":0}}