{"host":"eckg3lzugnpjvwsg","time":1611097738,"event":{"mods":["Act Like it!","BaseMod","Better Third Choice","Minty Spire (QoL Compilation)","Replay The Spire","Somnambulant","StSLib"],"gold_per_floor":[116,116,129,148,148,179,179,217,243,283,302,337,337,64,64,187,187,211,235,273,3,41,101,101,152,152,178,222,251,294,319,319,446,446,474,231,231,276,609,609,653,422,422,434,487,569,581,624,636,668],"floor_reached":51,"language":"ENG","playtime":2850,"items_purged":["Normality","Shame"],"score":966,"play_id":"e326690e-ce15-413d-b416-1d3d9f34a67c","local_time":"20210119210858","is_ascension_mode":false,"campfire_choices":[{"data":"Crystallizer","floor":7.0,"key":"SMITH"},{"data":"Hello World","floor":15.0,"key":"SMITH"},{"data":"Mirror Shield","floor":24,"key":"SMITH"},{"data":"Loop","floor":32,"key":"SMITH"},{"data":"Buffer","floor":40,"key":"SMITH"},{"data":"Amplify","floor":47,"key":"SMITH"},{"data":"FTL","floor":49,"key":"SMITH"}],"circlet_count":0,"master_deck":["Strike_B","Strike_B","Strike_B","Defend_B+1","Defend_B","Defend_B","Defend_B","Zap+1","Dualcast","Crystallizer+1","Biased Cognition+1","ReplaySort+1","Ball Lightning","Ball Lightning","Aggregate","ReplayTheSpireMod:Calculation Training","Hello World+1","Heatsinks","Cold Snap","Coolheaded+1","Redo+1","FIFO Queue","FTL+1","Redo","Mirror Shield+1","ReplaySolidLightProjector","Defragment+1","Redo","FTL","Amplify+1","Sweeping Beam","Defragment+1","Loop+1","Static Discharge","Buffer+1","Hello World+1","Beam Cell","Electrodynamics","Fusion+1","BasicCrystalCard+1","Cold Snap+1","FTL+1","ReplayTheSpireMod:Faulty Equipment","Master of Strategy","Replay:BasicMightCard","Chrysalis","Machine Learning","Gash+1","Aggregate","Defragment+1"],"relics":["Cracked Core","Blood Vial","War Paint","Replay:Rubber Ducky","Replay:Wax Seal","Vajra","Pen Nib","ReplayTheSpireMod:Lightbulb","Cursed Key","Prayer Wheel","Replay:Bandana","Guide Book","Bottled Tornado","Red Mask","Geode","Boot","Juzu Bracelet","Nuclear Battery","Toolbox","Iron Hammer","Anchor","MawBank","StoneCalendar","CaptainsWheel"],"acts_visited":["Exordium","TheCity","TheBeyond"],"potions_floor_usage":[50,50,50],"damage_taken":[{"damage":0.0,"enemies":"Small Slimes","floor":1.0,"turns":2.0},{"damage":1.0,"enemies":"Cultist","floor":3.0,"turns":3.0},{"damage":0.0,"enemies":"2 Louse","floor":4.0,"turns":3.0},{"damage":9.0,"enemies":"Replay:BlueRogue","floor":6.0,"turns":5.0},{"damage":13.0,"enemies":"Gremlin Nob","floor":8.0,"turns":4.0},{"damage":6.0,"enemies":"Replay:BlueRogue","floor":10.0,"turns":3.0},{"damage":4.0,"enemies":"Blue Slaver","floor":11.0,"turns":2.0},{"damage":21.0,"enemies":"Gremlin Nob","floor":12.0,"turns":4.0},{"damage":5.0,"enemies":"Hexaghost","floor":16.0,"turns":8.0},{"damage":4.0,"enemies":"Chosen","floor":18.0,"turns":3.0},{"damage":36.0,"enemies":"2 Thieves","floor":19.0,"turns":4.0},{"damage":0,"enemies":"Shelled Parasite and Fungi","floor":22,"turns":3},{"damage":13,"enemies":"Book of Stabbing","floor":23,"turns":4},{"damage":0,"enemies":"Masked Bandits","floor":25,"turns":3},{"damage":0,"enemies":"Snecko","floor":27,"turns":2},{"damage":2,"enemies":"Gremlin Leader","floor":28,"turns":6},{"damage":10,"enemies":"Snake Plant","floor":29,"turns":2},{"damage":0,"enemies":"Book of Stabbing","floor":30,"turns":4},{"damage":0,"enemies":"Cultist and Chosen","floor":31,"turns":3},{"damage":0,"enemies":"Automaton","floor":33,"turns":7},{"damage":0,"enemies":"3 Darklings","floor":35,"turns":5},{"damage":0,"enemies":"Orb Walker","floor":38,"turns":3},{"damage":0,"enemies":"R_Hoarder","floor":41,"turns":9},{"damage":0,"enemies":"Giant Head","floor":45,"turns":6},{"damage":0,"enemies":"Mind Bloom Boss Battle","floor":46,"turns":4},{"damage":0,"enemies":"Jaw Worm Horde","floor":48,"turns":2},{"damage":4,"enemies":"Awakened One","floor":50,"turns":7}],"seed_played":"-5904652465399552633","potions_obtained":[{"floor":1.0,"key":"DuplicationPotion"},{"floor":4.0,"key":"Strength Potion"},{"floor":6.0,"key":"Swift Potion"},{"floor":30,"key":"Doom Potion"}],"is_trial":false,"path_per_floor":["M","?","M","M","?","E","R","E","T","E","M","E","T","$","R","B",null,"M","M","?","$","M","E","R","?","T","M","E","M","E","M","R","B",null,"M","$","?","M","?","R","E","$","T","?","E","?","R","M","R","B",null],"character_chosen":"DEFECT","items_purchased":["ReplayTheSpireMod:Lightbulb","Hello World","Guide Book","FTL+1","Toolbox","Anchor","FTL"],"campfire_rested":0,"item_purchase_floors":[14,14,21,21,36,42,42],"current_hp_per_floor":[82,82,81,81,61,52,52,41,41,37,35,16,16,16,16,13,82,78,44,44,44,46,35,35,37,37,39,39,31,33,35,35,37,82,82,82,82,82,82,82,82,82,82,72,74,76,76,78,78,76],"gold":680,"neow_bonus":"TEN_PERCENT_HP_BONUS","is_daily":false,"chose_seed":false,"campfire_upgraded":7,"win_rate":0.0,"timestamp":1611097738,"path_taken":["M","?","?","M","?","E","R","E","T","E","M","E","?","$","R","BOSS","M","M","?","$","M","E","R","?","T","M","E","M","E","M","R","BOSS","M","$","?","M","?","R","E","$","T","?","E","?","R","M","R","BOSS"],"items_purchased_type":["Relic","Card","Relic","Card","Relic","Relic","Card"],"build_version":"2020-12-22","purchased_purges":2,"victory":true,"max_hp_per_floor":[82,82,82,82,82,82,82,82,82,82,82,82,82,82,82,82,82,82,82,82,82,82,82,82,82,82,82,82,82,82,82,82,82,82,82,82,82,82,82,82,82,82,82,82,82,82,82,82,82,82],"card_choices":[{"not_picked":["Aggregate","ReplayTheSpireMod:Repulse"],"picked":"Crystallizer","floor":1.0},{"not_picked":["Streamline","Barrage"],"picked":"ReplaySort","floor":3.0},{"not_picked":["Gash","ReplayTheSpireMod:Repulse"],"picked":"Ball Lightning","floor":4.0},{"not_picked":["FTL","Streamline"],"picked":"Ball Lightning","floor":6.0},{"not_picked":["Stack","Barrage"],"picked":"Aggregate","floor":8.0},{"not_picked":["Hologram","Blizzard","Steam"],"picked":"SKIP","floor":10.0},{"not_picked":["Stack","Steam","Gash"],"picked":"SKIP","floor":11.0},{"not_picked":["Reprogram","Barrage"],"picked":"ReplayTheSpireMod:Calculation Training","floor":12.0},{"not_picked":["Fission","Rainbow"],"picked":"ReplayTheSpireMod:Fabricate Wheel","floor":16.0},{"not_picked":["Steam","Streamline+1"],"picked":"Heatsinks","floor":18.0},{"not_picked":["Stack","Beam Cell"],"picked":"Cold Snap","floor":19.0},{"not_picked":["ReplayTheSpireMod:System Scan","Sweeping Beam"],"picked":"Coolheaded+1","floor":19.0},{"not_picked":["ReplayTheSpireMod:System Scan","Genetic Algorithm+1"],"picked":"Redo+1","floor":20.0},{"not_picked":["Rip and Tear","Blizzard+1"],"picked":"FIFO Queue","floor":20.0},{"not_picked":["ReplayTheSpireMod:System Scan","Go for the Eyes+1"],"picked":"Redo","floor":22},{"not_picked":["Hologram","Streamline","Stack"],"picked":"SKIP","floor":22},{"not_picked":["Redo","ReplaySolidLightProjector+1"],"picked":"Mirror Shield","floor":23},{"not_picked":["Auto Shields+1","Redo"],"picked":"ReplaySolidLightProjector","floor":25},{"not_picked":["Doom and Gloom","BasicCrystalCard"],"picked":"Defragment+1","floor":27},{"not_picked":["Beam Cell","Steam"],"picked":"Redo","floor":27},{"not_picked":["Double Energy","Gash"],"picked":"FTL","floor":28},{"not_picked":["Go for the Eyes+1","Gash"],"picked":"Amplify","floor":29},{"not_picked":["Compile Driver","Barrage"],"picked":"Sweeping Beam","floor":29},{"not_picked":["Scrape","Ball Lightning+1"],"picked":"Defragment+1","floor":30},{"not_picked":["Redo","Reinforced Body+1"],"picked":"Loop","floor":31},{"not_picked":["Conserve Battery","Skim+1"],"picked":"Static Discharge","floor":31},{"not_picked":["ReplayRNGCard","Seek"],"picked":"Buffer","floor":33},{"not_picked":["Redo+1","Beam Cell"],"picked":"Hello World+1","floor":35},{"not_picked":["Reinforced Body","Leap"],"picked":"Beam Cell","floor":35},{"not_picked":["Melter+1","Streamline"],"picked":"Fusion+1","floor":38},{"not_picked":["Steam","Streamline+1"],"picked":"BasicCrystalCard+1","floor":38},{"not_picked":["All For One","Sweeping Beam"],"picked":"Cold Snap+1","floor":41},{"not_picked":["ReplayTheSpireMod:Trickstab","Impatience"],"picked":"Master of Strategy","floor":44},{"not_picked":["Flash of Steel","Trip"],"picked":"Replay:BasicMightCard","floor":44},{"not_picked":["Replay:BasicMightCard","The Bomb"],"picked":"Chrysalis","floor":44},{"not_picked":["Sweeping Beam+1","Double Energy"],"picked":"Machine Learning","floor":45},{"not_picked":["Darkness","Sweeping Beam"],"picked":"Gash+1","floor":46},{"not_picked":["Steam Power+1","BasicCrystalCard+1"],"picked":"Aggregate","floor":48},{"not_picked":["White Noise","Panic Button"],"picked":"Defragment+1","floor":48}],"player_experience":25304,"relics_obtained":[{"floor":6.0,"key":"Blood Vial"},{"floor":8.0,"key":"War Paint"},{"floor":9.0,"key":"Replay:Rubber Ducky"},{"floor":10.0,"key":"Replay:Wax Seal"},{"floor":12.0,"key":"Vajra"},{"floor":13.0,"key":"Pen Nib"},{"floor":20.0,"key":"Replay:Bandana"},{"floor":23,"key":"Bottled Tornado"},{"floor":25,"key":"Red Mask"},{"floor":26,"key":"Geode"},{"floor":28,"key":"Boot"},{"floor":30,"key":"Juzu Bracelet"},{"floor":41,"key":"Iron Hammer"},{"floor":43,"key":"MawBank"},{"floor":45,"key":"StoneCalendar"},{"floor":46,"key":"CaptainsWheel"}],"event_choices":[{"damage_healed":0.0,"max_hp_gain":0.0,"max_hp_loss":0.0,"gold_gain":0.0,"cards_transformed":["Strike_B"],"event_name":"Transmorgrifier","player_choice":"Transformed","floor":2.0,"gold_loss":0.0,"damage_taken":0.0,"cards_obtained":["Biased Cognition"]},{"damage_healed":0.0,"max_hp_gain":0.0,"max_hp_loss":0.0,"gold_gain":0.0,"event_name":"Golden Idol","player_choice":"Take Damage","floor":5.0,"gold_loss":0.0,"damage_taken":20.0,"relics_obtained":["Golden Idol"]},{"damage_healed":0,"gold_gain":0,"player_choice":"Fought Bandits","damage_taken":0,"max_hp_gain":0,"max_hp_loss":0,"event_name":"Masked Bandits","floor":25,"gold_loss":0},{"damage_healed":0,"gold_gain":0,"player_choice":"1 cards matched","damage_taken":0,"max_hp_gain":0,"max_hp_loss":0,"event_name":"Match and Keep!","floor":37,"gold_loss":0,"cards_obtained":["Electrodynamics"]},{"damage_healed":0,"gold_gain":333,"player_choice":"Gave Idol","damage_taken":0,"max_hp_gain":0,"max_hp_loss":0,"event_name":"The Moai Head","floor":39,"relics_lost":["Golden Idol"],"gold_loss":0},{"damage_healed":0,"gold_gain":0,"player_choice":"Memory 3","damage_taken":10,"max_hp_gain":0,"max_hp_loss":0,"event_name":"SensoryStone","floor":44,"gold_loss":0},{"damage_healed":0,"gold_gain":0,"player_choice":"Fight","damage_taken":0,"max_hp_gain":0,"max_hp_loss":0,"event_name":"MindBloom","floor":46,"gold_loss":0}],"is_beta":false,"boss_relics":[{"not_picked":["FrozenCore","Astrolabe"],"picked":"Cursed Key"},{"not_picked":["Calling Bell","Snecko Eye"],"picked":"Nuclear Battery"}],"items_purged_floors":[21,36],"is_endless":false,"potions_floor_spawned":[1,4,6,10,16,18,19,28,30,46],"ascension_level":0}}