{"host":"sdjng9zhqonqi3uc","time":1611100710,"event":{"mods":["2.2 Compatiblity","AchievementEnabler","BaseMod","Better Third Choice","BetterRewards","Colored Powertips","Downfall","Hero for Fun","Minty Spire (QoL Compilation)","Quick Restart","Shop Mod","Spicy Shops","StSLib","Td1madao Mod","The Animator","The Cursed","The Servant 0.9.4"],"gold_per_floor":[16,16,33,33,52,78,78,78,78,113,132,151,151,169,169,248,248,266,284,284,302,319,350,364,392,416,448,448,373,373,373,373,450,450,470,360,371,389,406,406,439,451,451,462,462,475,493,493,493,493],"floor_reached":51,"language":"ENG","playtime":368,"items_purged":["Defend_Y"],"score":2375,"play_id":"62e467f1-9ecc-4b7c-90c2-c4d2f88e3a17","local_time":"20210120005830","is_ascension_mode":true,"campfire_choices":[{"floor":7,"key":"RECALL"},{"data":"Serious_Punch","floor":13,"key":"SMITH"},{"data":"Slap","floor":15,"key":"SMITH"},{"data":"Serious_Punch","floor":28,"key":"SMITH"},{"data":"Slap","floor":32,"key":"SMITH"},{"data":"Slap","floor":40,"key":"SMITH"},{"data":"Slap","floor":49,"key":"SMITH"}],"circlet_count":0,"master_deck":["AscendersBane","Strike_Y","Strike_Y+1","Strike_Y","Strike_Y","Strike_Y","Defend_Y","Slap+1","Slap+1","Serious_Punch+1","Slap+1","Slap+1","Serious_Punch+1"],"relics":["Cape","Turnip","Prayer Wheel","Darkstone Periapt","Kunai","Empty Cage","PreservedInsect","Calipers","Oddly Smooth Stone","Mango","Philosopher\u0027s Stone","White Beast Statue","Molten Egg 2"],"acts_visited":["Exordium","TheCity","TheBeyond"],"potions_floor_usage":[],"damage_taken":[{"damage":0,"enemies":"2 Louse","floor":1,"turns":1},{"damage":0,"enemies":"Cultist","floor":3,"turns":1},{"damage":0,"enemies":"Small Slimes","floor":5,"turns":1},{"damage":0,"enemies":"Gremlin Nob","floor":6,"turns":1},{"damage":0,"enemies":"3 Sentries","floor":10,"turns":1},{"damage":0,"enemies":"Exordium Wildlife","floor":11,"turns":1},{"damage":0,"enemies":"Looter","floor":12,"turns":1},{"damage":0,"enemies":"Exordium Thugs","floor":14,"turns":1},{"damage":0,"enemies":"The Guardian","floor":16,"turns":1},{"damage":0,"enemies":"Chosen","floor":18,"turns":1},{"damage":0,"enemies":"2 Thieves","floor":19,"turns":1},{"damage":0,"enemies":"Snake Plant","floor":21,"turns":1},{"damage":0,"enemies":"Chosen and Byrds","floor":22,"turns":1},{"damage":0,"enemies":"Gremlin Leader","floor":23,"turns":1},{"damage":0,"enemies":"Centurion and Healer","floor":24,"turns":1},{"damage":0,"enemies":"Book of Stabbing","floor":25,"turns":1},{"damage":0,"enemies":"Gremlin Leader","floor":27,"turns":1},{"damage":0,"enemies":"Automaton","floor":33,"turns":1},{"damage":0,"enemies":"Orb Walker","floor":35,"turns":1},{"damage":0,"enemies":"3 Shapes","floor":37,"turns":1},{"damage":0,"enemies":"Jaw Worm Horde","floor":38,"turns":1},{"damage":0,"enemies":"Spire Growth","floor":39,"turns":1},{"damage":0,"enemies":"Reptomancer","floor":41,"turns":1},{"damage":0,"enemies":"Transient","floor":42,"turns":1},{"damage":0,"enemies":"Sphere and 2 Shapes","floor":44,"turns":1},{"damage":0,"enemies":"Writhing Mass","floor":46,"turns":1},{"damage":0,"enemies":"Spire Growth","floor":47,"turns":1},{"damage":0,"enemies":"Donu and Deca","floor":50,"turns":1}],"seed_played":"6938242870692265825","potions_obtained":[{"floor":2,"key":"GamblersBrew"},{"floor":2,"key":"sneckomod:MuddlingPotion"}],"is_trial":false,"path_per_floor":["M","?","M","?","M","E","R","T","T","E","M","M","R","M","R","B",null,"M","M","?","M","M","E","M","E","T","E","R","$","?","?","R","B",null,"M","?","M","M","M","R","E","M","T","M","?","M","M","?","R","B",null],"character_chosen":"OPM","items_purchased":[],"campfire_rested":0,"item_purchase_floors":[],"current_hp_per_floor":[896,896,896,896,896,896,896,896,896,896,896,896,896,896,896,896,970,970,970,970,970,970,970,970,970,970,984,984,984,984,1009,1009,1009,1009,1009,1009,1009,1009,1009,1009,1009,1009,1009,1009,1009,1009,1009,959,959,959],"gold":493,"neow_bonus":"","is_daily":false,"chose_seed":false,"campfire_upgraded":6,"win_rate":0.0,"timestamp":1611100710,"path_taken":["M","?","?","?","M","E","R","?","T","E","M","M","R","M","R","BOSS","M","M","?","M","M","E","M","E","T","E","R","$","?","?","R","BOSS","M","?","?","M","M","R","E","M","T","M","?","?","M","?","R","BOSS"],"items_purchased_type":[],"build_version":"2020-12-22","purchased_purges":1,"victory":true,"max_hp_per_floor":[995,995,995,995,995,995,995,995,995,995,995,995,995,995,995,995,995,995,995,995,995,995,995,995,995,995,1009,1009,1009,1009,1009,1009,1009,1009,1009,1009,1009,1009,1009,1009,1009,1009,1009,1009,1009,1009,1009,959,959,959],"card_choices":[{"not_picked":["Consecutive_Normal_Punch","Hop"],"picked":"Slap","floor":1},{"not_picked":["Yawn","Hop"],"picked":"Slap","floor":3},{"not_picked":["Normal_Punch","Wear_Disguise","Yawn"],"picked":"SKIP","floor":5},{"not_picked":["Slap","Toss_Stone"],"picked":"Serious_Punch","floor":6},{"not_picked":["Consecutive_Normal_Punch","Side_Hop","Do_Nothing"],"picked":"SKIP","floor":10},{"not_picked":["Wear_Disguise","Toss_Stone"],"picked":"Slap","floor":11},{"not_picked":["Consecutive_Normal_Punch","Ignore","Do_Nothing"],"picked":"SKIP","floor":11},{"not_picked":["Side_Hop","Yawn","Consecutive_Normal_Punch"],"picked":"SKIP","floor":12},{"not_picked":["Do_Nothing","Hip_Strike","Side_Hop"],"picked":"SKIP","floor":12},{"not_picked":["Yawn","Toss_Stone"],"picked":"Slap","floor":14},{"not_picked":["Wear_Disguise","Side_Hop","Toss_Stone"],"picked":"SKIP","floor":14},{"not_picked":["Get_Hopes_Up","Terrifying_Presence"],"picked":"Serious_Punch","floor":16},{"not_picked":["Consecutive_Normal_Punch","Side_Hop","Wear_Disguise"],"picked":"SKIP","floor":18},{"not_picked":["Wear_Disguise","Slap","Hop"],"picked":"SKIP","floor":18},{"not_picked":["Side_Hop","Yawn","Hop"],"picked":"SKIP","floor":19},{"not_picked":["Yawn","Do_Nothing","Slap"],"picked":"SKIP","floor":19},{"not_picked":["Serious_Punch","Hop","Slap+1"],"picked":"SKIP","floor":21},{"not_picked":["Wear_Disguise+1","Hop+1","Yawn+1"],"picked":"SKIP","floor":21},{"not_picked":["Wear_Disguise","Yawn+1","Toss_Stone"],"picked":"SKIP","floor":22},{"not_picked":["Side_Hop","Yawn","Slap+1"],"picked":"SKIP","floor":22},{"not_picked":["Consecutive_Normal_Punch","Toss_Stone","Wear_Disguise+1"],"picked":"SKIP","floor":23},{"not_picked":["Hop","Get_Hopes_Up","Wear_Disguise+1"],"picked":"SKIP","floor":24},{"not_picked":["Slap","Toss_Stone","Side_Hop+1"],"picked":"SKIP","floor":24},{"not_picked":["Wear_Disguise","Yawn","Consecutive_Normal_Punch+1"],"picked":"SKIP","floor":25},{"not_picked":["Terrifying_Presence","Do_Nothing","Ignore"],"picked":"SKIP","floor":27},{"not_picked":["Yawn+1","Toss_Stone","Normal_Punch"],"picked":"SKIP","floor":35},{"not_picked":["Normal_Punch","Yawn+1","Side_Hop"],"picked":"SKIP","floor":35},{"not_picked":["Consecutive_Normal_Punch","Normal_Punch","Toss_Stone+1"],"picked":"SKIP","floor":37},{"not_picked":["Ignore","Consecutive_Normal_Punch","Do_Nothing+1"],"picked":"SKIP","floor":37},{"not_picked":["Wear_Disguise","Do_Nothing","Toss_Stone"],"picked":"SKIP","floor":38},{"not_picked":["Slap+1","Hop","Yawn+1"],"picked":"SKIP","floor":38},{"not_picked":["Do_Nothing","Consecutive_Normal_Punch+1","Yawn+1"],"picked":"SKIP","floor":39},{"not_picked":["Yawn+1","Serious_Side_Hops","Side_Hop+1"],"picked":"SKIP","floor":39},{"not_picked":["Toss_Stone","Consecutive_Normal_Punch","Do_Nothing+1"],"picked":"SKIP","floor":41},{"not_picked":["Yawn","Wear_Disguise","Normal_Punch"],"picked":"SKIP","floor":42},{"not_picked":["Yawn","Toss_Stone","Hop+1"],"picked":"SKIP","floor":42},{"not_picked":["Yawn","Normal_Punch+1","Toss_Stone+1"],"picked":"SKIP","floor":44},{"not_picked":["Yawn+1","Normal_Punch+1","Side_Hop"],"picked":"SKIP","floor":44},{"not_picked":["Slap+1","Ignore","Hop"],"picked":"SKIP","floor":46},{"not_picked":["Yawn","Side_Hop","Consecutive_Normal_Punch+1"],"picked":"SKIP","floor":46},{"not_picked":["Ignore","Wear_Disguise+1","Do_Nothing+1"],"picked":"SKIP","floor":47},{"not_picked":["Ignore","Side_Hop","Hop+1"],"picked":"SKIP","floor":47}],"player_experience":348008,"relics_obtained":[{"floor":6,"key":"Turnip"},{"floor":8,"key":"Prayer Wheel"},{"floor":9,"key":"Darkstone Periapt"},{"floor":10,"key":"Kunai"},{"floor":23,"key":"PreservedInsect"},{"floor":25,"key":"Calipers"},{"floor":26,"key":"Oddly Smooth Stone"},{"floor":27,"key":"Mango"},{"floor":41,"key":"White Beast Statue"},{"floor":43,"key":"Molten Egg 2"}],"event_choices":[{"damage_healed":0,"gold_gain":0,"player_choice":"Got Potions","damage_taken":0,"max_hp_gain":0,"max_hp_loss":0,"event_name":"Lab","floor":2,"gold_loss":0},{"damage_healed":0,"gold_gain":0,"player_choice":"LEAVE","damage_taken":0,"max_hp_gain":0,"max_hp_loss":0,"event_name":"betterThird:BetterScrap","floor":4,"gold_loss":0,"cards_obtained":["Dash"]},{"damage_healed":0,"gold_gain":0,"player_choice":"Ignored","damage_taken":0,"max_hp_gain":0,"max_hp_loss":0,"event_name":"Ghosts","floor":30,"gold_loss":0},{"damage_healed":202,"gold_gain":0,"player_choice":"Heal","damage_taken":0,"max_hp_gain":0,"max_hp_loss":0,"event_name":"The Library","floor":31,"gold_loss":0},{"cards_removed":["Defend_Y"],"damage_healed":0,"gold_gain":0,"player_choice":"Upgrade and Remove","damage_taken":0,"max_hp_gain":0,"max_hp_loss":0,"event_name":"Designer","floor":36,"gold_loss":110,"cards_upgraded":["Strike_Y"]},{"damage_healed":0,"gold_gain":0,"player_choice":"Ignored","damage_taken":0,"max_hp_gain":0,"max_hp_loss":0,"event_name":"Duplicator","floor":45,"gold_loss":0},{"damage_healed":0,"gold_gain":0,"player_choice":"Max HP","damage_taken":0,"max_hp_gain":0,"max_hp_loss":50,"event_name":"Winding Halls","floor":48,"gold_loss":0}],"is_beta":false,"boss_relics":[{"not_picked":["Black Star","Cursed Key"],"picked":"Empty Cage"},{"not_picked":["Pandora\u0027s Box","Calling Bell"],"picked":"Philosopher\u0027s Stone"}],"items_purged_floors":[29],"is_endless":false,"potions_floor_spawned":[3,6,11,12,18,21,23,24,33,35,37,38,41,42,44,46,47],"ascension_level":16}}