{"host":"th1rgt4ohg3ajuw6","time":1611052378,"event":{"mods":["Act Like it!","BaseMod","Downfall","GifTheSpireLib","Hunter ??","Minty Spire (QoL Compilation)","Pale of the Ancients","Shop Mod","StSLib","Stuff the Spire","The Bladedancer","??????REMEMod"],"gold_per_floor":[117,117,130,146,157,157,157,157,157,170,184,184,28,40,40,139,139,156,80,90,110,123,123,123,123,123,16,16,16,35,35,35,165,165,179,22,22,22,40,40,75,52,52,52,52,52],"floor_reached":45,"language":"ENG","playtime":2418,"items_purged":[],"score":458,"play_id":"943770a4-992d-4ac8-bf65-e5b88089f555","local_time":"20210119023258","is_ascension_mode":false,"campfire_choices":[{"data":"blademaster:Overcharge","floor":6.0,"key":"SMITH"},{"data":"blademaster:AwakeningDefend","floor":8.0,"key":"SMITH"},{"data":"blademaster:Cut","floor":15.0,"key":"SMITH"},{"floor":23.0,"key":"REST"},{"data":"blademaster:AspectOfWind","floor":25.0,"key":"SMITH"},{"data":"blademaster:BladeMastery","floor":28.0,"key":"SMITH"},{"data":"blademaster:Blockade","floor":32.0,"key":"SMITH"},{"floor":40,"key":"REST"},{"floor":44,"key":"REST"}],"circlet_count":0,"master_deck":["blademaster:Strike","blademaster:Strike","blademaster:Strike","blademaster:Strike","blademaster:Defend","blademaster:Defend+1","blademaster:Defend","blademaster:Defend","blademaster:RagingBlow","blademaster:HighVoltage","blademaster:Empower+1","blademaster:AspectOfLightning+1","blademaster:AwakeningDefend+1","blademaster:Blockade+1","blademaster:Overcharge+1","blademaster:CullingStrike","blademaster:AwakeningStrike","blademaster:Cut+1","blademaster:ThreePointStrike","blademaster:BladeMastery+1","blademaster:AspectOfWind+1","blademaster:Cut","blademaster:DeadlyDance+1","blademaster:Stability+1","blademaster:Cut","blademaster:DaggerAndCloak","blademaster:Frontflip","blademaster:Blindside","blademaster:FuriousStrike+1","StuffTheSpire:CuriosityCurse","blademaster:AirSlash+1","blademaster:AwakeningStrike"],"relics":["blademaster:DancersAmulet","REME_ComplimentaryCards","MealTicket","StuffTheSpire:BottledEssence","MerchantsRug","Singing Bowl","bronze:MakeshiftBattery","ClockworkSouvenir","Orichalcum","Bronze Scales","StuffTheSpire:PointBlank"],"acts_visited":["Exordium","TheCity","TheBeyond"],"potions_floor_usage":[41],"damage_taken":[{"damage":0.0,"enemies":"Jaw Worm","floor":1.0,"turns":2.0},{"damage":0.0,"enemies":"2 Louse","floor":3.0,"turns":3.0},{"damage":1.0,"enemies":"Cultist","floor":4.0,"turns":3.0},{"damage":0.0,"enemies":"Blue Slaver","floor":5.0,"turns":4.0},{"damage":4.0,"enemies":"Exordium Wildlife","floor":10.0,"turns":4.0},{"damage":0.0,"enemies":"Red Slaver","floor":11.0,"turns":4.0},{"damage":0.0,"enemies":"2 Fungi Beasts","floor":14.0,"turns":3.0},{"damage":16.0,"enemies":"The Guardian","floor":16.0,"turns":8.0},{"damage":32.0,"enemies":"Chosen","floor":18.0,"turns":7.0},{"damage":2.0,"enemies":"Spheric Guardian","floor":20.0,"turns":4.0},{"damage":23.0,"enemies":"Snecko","floor":21.0,"turns":6.0},{"damage":1.0,"enemies":"3 Cultists","floor":22.0,"turns":4.0},{"damage":6.0,"enemies":"Shelled Parasite and Fungi","floor":30.0,"turns":6.0},{"damage":16.0,"enemies":"Automaton","floor":33.0,"turns":8.0},{"damage":32.0,"enemies":"3 Shapes","floor":35.0,"turns":5.0},{"damage":2,"enemies":"Orb Walker","floor":39,"turns":3},{"damage":15,"enemies":"Reptomancer","floor":41,"turns":5},{"damage":73,"enemies":"Nemesis","floor":45,"turns":7}],"seed_played":"-4864767298657115194","potions_obtained":[{"floor":5.0,"key":"champ:CounterPotion"},{"floor":11.0,"key":"Weak Potion"},{"floor":14.0,"key":"EssenceOfSteel"},{"floor":20.0,"key":"BlessingOfTheForge"},{"floor":21.0,"key":"ColorlessPotion"},{"floor":30.0,"key":"REME_GoldPotion"},{"floor":35.0,"key":"Energy Potion"}],"is_trial":false,"path_per_floor":["M","?","M","M","M","R","?","R","T","M","M","?","$","M","R","B",null,"M","$","M","M","M","R","?","R","T","$","R","$","M","$","R","B",null,"M","$","?","?","M","R","E","$","T","R","E"],"character_chosen":"THE_BLADEMASTER","items_purchased":["StuffTheSpire:BottledEssence","MerchantsRug","blademaster:AspectOfWind","blademaster:Cut","blademaster:DaggerAndCloak","ClockworkSouvenir","blademaster:AwakeningStrike"],"campfire_rested":3,"item_purchase_floors":[13,19,19,27,27,36,42],"current_hp_per_floor":[68,68,68,67,67,67,53,53,53,49,49,68,68,68,68,52,68,36,51,49,26,25,45,45,45,45,60,60,68,62,68,68,52,68,36,51,51,31,31,52,37,52,52,70,0,0],"gold":52,"neow_bonus":"THREE_RARE_CARDS","is_daily":false,"chose_seed":false,"campfire_upgraded":6,"win_rate":0.0,"timestamp":1611052378,"path_taken":["M","?","M","M","M","R","?","R","T","M","M","?","$","M","R","BOSS","M","$","M","M","?","R","?","R","T","?","R","$","M","$","R","BOSS","M","$","?","?","M","R","E","?","T","R","E"],"items_purchased_type":["Relic","Relic","Card","Card","Card","Relic","Card"],"build_version":"2020-12-22","purchased_purges":0,"victory":false,"max_hp_per_floor":[68,68,68,68,68,68,68,68,68,68,68,68,68,68,68,68,68,68,68,68,68,68,68,68,68,68,68,68,68,68,68,68,68,68,68,68,68,68,70,70,70,70,70,70,70,70],"card_choices":[{"not_picked":["blademaster:FlockOfBlades","blademaster:Flash"],"picked":"blademaster:Empower","floor":0.0},{"not_picked":["blademaster:AspectOfWind","blademaster:Bloodbath"],"picked":"blademaster:AspectOfLightning","floor":1.0},{"not_picked":["blademaster:CombatPrep","blademaster:Bloodbath"],"picked":"blademaster:AwakeningDefend","floor":3.0},{"not_picked":["blademaster:Cut","blademaster:CullingStrike"],"picked":"blademaster:Blockade","floor":4.0},{"not_picked":["blademaster:ParryingStrike","blademaster:Sharpen"],"picked":"blademaster:Overcharge","floor":5.0},{"not_picked":["blademaster:AspectOfLightning","blademaster:Frontflip"],"picked":"blademaster:CullingStrike","floor":10.0},{"not_picked":["blademaster:ThunderingOpener","blademaster:ChargingUp"],"picked":"blademaster:AwakeningStrike","floor":11.0},{"not_picked":["blademaster:AwakeningStrike","blademaster:BladeCross"],"picked":"blademaster:Cut","floor":14.0},{"not_picked":["blademaster:CloudOfSteel","blademaster:RollingTyphoon"],"picked":"blademaster:ThreePointStrike","floor":16.0},{"not_picked":["blademaster:Momentum","blademaster:Overcharge"],"picked":"blademaster:BladeMastery","floor":18.0},{"not_picked":["blademaster:DragonStrike","blademaster:DaggerAndCloak+1"],"picked":"blademaster:Cut","floor":20.0},{"not_picked":["blademaster:BloodyBlow","blademaster:Safeguard"],"picked":"blademaster:DeadlyDance+1","floor":21.0},{"not_picked":["blademaster:AwakeningStrike","blademaster:HighVoltage"],"picked":"blademaster:Stability+1","floor":22.0},{"not_picked":["blademaster:AspectOfWind","blademaster:Quickness"],"picked":"blademaster:Frontflip","floor":30.0},{"not_picked":["blademaster:StanceMastery","blademaster:Flash"],"picked":"blademaster:Blindside","floor":33.0},{"not_picked":["blademaster:Stormstrike","blademaster:Sunder+1"],"picked":"blademaster:FuriousStrike+1","floor":35.0},{"not_picked":["blademaster:BloodyBlow","blademaster:Quickstep","blademaster:BladeCross"],"picked":"Singing Bowl","floor":39},{"not_picked":["blademaster:Blockade+1","blademaster:SlyStabs+1"],"picked":"blademaster:AirSlash+1","floor":41}],"player_experience":250671,"relics_obtained":[{"floor":9.0,"key":"MealTicket"},{"floor":26.0,"key":"Singing Bowl"},{"floor":41,"key":"Bronze Scales"},{"floor":41,"key":"blademaster:DextrousPerk"},{"floor":43,"key":"StuffTheSpire:PointBlank"}],"event_choices":[{"damage_healed":0.0,"max_hp_gain":0.0,"max_hp_loss":0.0,"gold_gain":0.0,"event_name":"Living Wall","player_choice":"Grow","floor":2.0,"gold_loss":0.0,"damage_taken":0.0,"cards_upgraded":["blademaster:AspectOfLightning"]},{"damage_healed":0.0,"max_hp_gain":0.0,"max_hp_loss":0.0,"gold_gain":0.0,"event_name":"Shining Light","player_choice":"Entered Light","floor":7.0,"gold_loss":0.0,"damage_taken":14.0,"cards_upgraded":["blademaster:Empower","blademaster:Defend"]},{"damage_healed":19.0,"max_hp_gain":0.0,"max_hp_loss":0.0,"gold_gain":0.0,"event_name":"Wheel of Change","player_choice":"Full Heal","floor":12.0,"gold_loss":0.0,"damage_taken":0.0},{"damage_healed":0.0,"max_hp_gain":0.0,"max_hp_loss":0.0,"gold_gain":0.0,"event_name":"Vampires","player_choice":"Ignored","floor":24.0,"gold_loss":0.0,"damage_taken":0.0}],"is_beta":false,"boss_relics":[{"not_picked":["Runic Dome","Empty Cage"],"picked":"StuffTheSpire:ModemDavis"},{"not_picked":["StuffTheSpire:RunicHypercube","Coffee Dripper"],"picked":"bronze:MakeshiftBattery"}],"items_purged_floors":[],"is_endless":false,"potions_floor_spawned":[5,11,14,20,21,30,35],"killed_by":"Nemesis","ascension_level":0}}