{"host":"2brg86hfzr3u5cix","time":1611042156,"event":{"mods":["AchievementEnabler","Ascension Unlocker","BaseMod","CapriCore","DeckTracker","Highlight Path","Keyboard Shortcuts","Minty Spire (QoL Compilation)","Permanent Neow","Relic Stats","StSLib","Twitch Utils","Uncapped","UnlockEverythingMod"],"gold_per_floor":[113,131,56,75,88,88,88,119,167,8,26,39,2,24,24,98,98,112,132,112,112,122,122,137,12,12,12,24,24,36,36,36],"floor_reached":31,"language":"KOR","playtime":925,"items_purged":["Defend_P","Defend_P","Strike_P"],"score":478,"play_id":"d70522bf-88ed-47a7-8ef7-90bd44834f96","local_time":"20210119164236","is_ascension_mode":true,"campfire_choices":[{"data":"Eruption","floor":6.0,"key":"SMITH"},{"floor":15.0,"key":"REST"},{"data":"Vigilance","floor":23.0,"key":"SMITH"},{"data":"CrushJoints","floor":27.0,"key":"SMITH"}],"circlet_count":0,"master_deck":["AscendersBane","Strike_P+1","Strike_P+1","Defend_P","Defend_P","Eruption+1","Vigilance+1","EmptyBody","BowlingBash","CutThroughFate","Collect","CrushJoints+1","Halt","DeusExMachina","MentalFortress","Alpha","CurseOfTheBell","Halt+1","FlyingSleeves+1","Adaptation+1","ThirdEye"],"relics":["PureWater","NeowsBlessing","StrikeDummy","Lantern","Whetstone","Odd Mushroom","Calling Bell","Damaru","Pantograph","CloakClasp","Akabeko"],"acts_visited":["Exordium","TheCity"],"potions_floor_usage":[],"damage_taken":[{"damage":0.0,"enemies":"Jaw Worm","floor":1.0,"turns":1.0},{"damage":0.0,"enemies":"Cultist","floor":2.0,"turns":1.0},{"damage":0.0,"enemies":"Small Slimes","floor":4.0,"turns":1.0},{"damage":12.0,"enemies":"Red Slaver","floor":5.0,"turns":4.0},{"damage":42.0,"enemies":"3 Sentries","floor":8.0,"turns":5.0},{"damage":0.0,"enemies":"Exordium Wildlife","floor":11.0,"turns":2.0},{"damage":0.0,"enemies":"Large Slime","floor":12.0,"turns":3.0},{"damage":0.0,"enemies":"The Mushroom Lair","floor":14.0,"turns":3.0},{"damage":16.0,"enemies":"The Guardian","floor":16.0,"turns":6.0},{"damage":0.0,"enemies":"Chosen","floor":18.0,"turns":2.0},{"damage":9.0,"enemies":"Spheric Guardian","floor":19.0,"turns":4.0},{"damage":19.0,"enemies":"Shelled Parasite and Fungi","floor":22.0,"turns":5.0},{"damage":14.0,"enemies":"Snake Plant","floor":24.0,"turns":4.0},{"damage":4.0,"enemies":"Centurion and Healer","floor":28.0,"turns":4.0},{"damage":16,"enemies":"Sentry and Sphere","floor":30,"turns":5},{"damage":9,"enemies":"Book of Stabbing","floor":31,"turns":1}],"seed_played":"-5532472378326953457","potions_obtained":[{"floor":4.0,"key":"DuplicationPotion"},{"floor":11.0,"key":"EntropicBrew"},{"floor":14.0,"key":"ColorlessPotion"},{"floor":18.0,"key":"Regen Potion"},{"floor":19.0,"key":"AttackPotion"},{"floor":20.0,"key":"Strength Potion"}],"is_trial":false,"path_per_floor":["M","M","$","M","M","R","?","E","T","$","M","M","$","?","R","B",null,"M","M","?","$","M","R","M","$","T","R","M","?","M","E"],"character_chosen":"WATCHER","items_purchased":["Halt","MentalFortress"],"campfire_rested":1,"item_purchase_floors":[10,13],"current_hp_per_floor":[61,61,61,61,49,49,49,7,7,7,7,7,7,7,27,11,54,54,57,57,57,38,38,24,24,24,24,20,20,4,0,0],"gold":36,"neow_bonus":"THREE_ENEMY_KILL","is_daily":false,"chose_seed":false,"campfire_upgraded":3,"win_rate":0.0,"timestamp":1611042156,"path_taken":["M","M","$","M","M","R","?","E","T","?","M","?","$","?","R","BOSS","M","M","?","$","M","R","?","?","T","R","M","?","M","E"],"items_purchased_type":["Card","Card"],"build_version":"2020-12-22","purchased_purges":3,"victory":false,"max_hp_per_floor":[68,68,68,68,68,68,68,68,68,68,68,68,68,68,68,68,68,68,68,68,68,68,68,68,68,68,68,68,68,68,68,68],"relic_stats":{"counters":[16,51],"Pantograph":0,"CloakClasp":[40],"Whetstone":["Strike_P","Strike_P"],"obtain_stats":[{"Calling Bell":17,"Lantern":8,"NeowsBlessing":0,"Pantograph":17,"Damaru":17,"CloakClasp":17,"Whetstone":9,"PureWater":0,"Odd Mushroom":14,"StrikeDummy":7,"Akabeko":26},{"Calling Bell":9,"Lantern":5,"NeowsBlessing":0,"Pantograph":9,"Damaru":9,"CloakClasp":9,"Whetstone":5,"PureWater":0,"Odd Mushroom":8,"StrikeDummy":4,"Akabeko":13},{"Calling Bell":26,"Lantern":12,"NeowsBlessing":0,"Pantograph":26,"Damaru":26,"CloakClasp":26,"Whetstone":12,"PureWater":0,"Odd Mushroom":20,"StrikeDummy":7,"Akabeko":41}]},"card_choices":[{"not_picked":["WheelKick","CutThroughFate"],"picked":"EmptyBody","floor":1.0},{"not_picked":["Wireheading","JustLucky"],"picked":"BowlingBash","floor":2.0},{"not_picked":["Evaluate","PathToVictory"],"picked":"CutThroughFate","floor":4.0},{"not_picked":["CrushJoints","ClearTheMind"],"picked":"Collect","floor":5.0},{"not_picked":["BowlingBash","PathToVictory"],"picked":"CrushJoints","floor":8.0},{"not_picked":["SignatureMove","EmptyFist"],"picked":"DeusExMachina","floor":11.0},{"not_picked":["BowlingBash","FollowUp","JustLucky"],"picked":"SKIP","floor":12.0},{"not_picked":["Judgement","MasterReality"],"picked":"Alpha","floor":16.0},{"not_picked":["BowlingBash","CutThroughFate"],"picked":"Halt+1","floor":18.0},{"not_picked":["SashWhip","ThirdEye+1"],"picked":"FlyingSleeves+1","floor":19.0},{"not_picked":["ThirdEye","SignatureMove","PathToVictory"],"picked":"SKIP","floor":22.0},{"not_picked":["FlurryOfBlows+1","Crescendo"],"picked":"Adaptation+1","floor":24.0},{"not_picked":["CrushJoints","CutThroughFate","Perseverance"],"picked":"SKIP","floor":28.0},{"not_picked":["FlurryOfBlows+1","CrushJoints","Halt+1"],"picked":"SKIP","floor":30}],"player_experience":324151,"relics_obtained":[{"floor":8.0,"key":"Lantern"},{"floor":9.0,"key":"Whetstone"},{"floor":14.0,"key":"Odd Mushroom"},{"floor":17.0,"key":"Damaru"},{"floor":17.0,"key":"Pantograph"},{"floor":17.0,"key":"CloakClasp"},{"floor":26.0,"key":"Akabeko"}],"event_choices":[{"damage_healed":0.0,"max_hp_gain":0.0,"max_hp_loss":0.0,"gold_gain":0.0,"event_name":"WeMeetAgain","player_choice":"Gave Potion","floor":7.0,"gold_loss":0.0,"damage_taken":0.0,"relics_obtained":["StrikeDummy"]},{"damage_healed":0.0,"max_hp_gain":0.0,"max_hp_loss":0.0,"gold_gain":0.0,"event_name":"Mushrooms","player_choice":"Fought Mushrooms","floor":14.0,"gold_loss":0.0,"damage_taken":0.0},{"damage_healed":0.0,"max_hp_gain":0.0,"max_hp_loss":0.0,"gold_gain":0.0,"event_name":"The Woman in Blue","player_choice":"Bought 1 Potion","floor":20.0,"gold_loss":0.0,"damage_taken":0.0},{"damage_healed":0.0,"max_hp_gain":0.0,"max_hp_loss":0.0,"gold_gain":0.0,"cards_transformed":["Strike_P"],"event_name":"Transmorgrifier","player_choice":"Transformed","floor":29.0,"gold_loss":0.0,"damage_taken":0.0,"cards_obtained":["ThirdEye"]}],"is_beta":false,"boss_relics":[{"not_picked":["Tiny House","Pandora\u0027s Box"],"picked":"Calling Bell"}],"items_purged_floors":[3,10,25],"is_endless":false,"potions_floor_spawned":[4,11,14,18,19],"killed_by":"Book of Stabbing","ascension_level":20}}