{"host":"vyjryxuuuxkt43k4","time":1611046847,"event":{"mods":["AchievementEnabler","BaseMod","Colored Map","DeckTracker","Keyboard Shortcuts","Minty Spire (QoL Compilation)","Permanent Neow","Quick Restart","Rare Cards Sparkle","StSLib","SuperFastMode","everything is the same but u backflip on backflip"],"gold_per_floor":[117,128,48,48,59,92,104,116,128,160,203,215,240,280,292,304,304],"floor_reached":16,"language":"KOR","playtime":1915,"items_purged":[],"score":204,"play_id":"567189bb-07f8-4a0a-8a96-666ec69253b0","local_time":"20210119180047","is_ascension_mode":true,"campfire_choices":[{"data":"Infernal Blade","floor":7,"key":"SMITH"},{"data":"Carnage","floor":15,"key":"SMITH"}],"circlet_count":0,"master_deck":["AscendersBane","Strike_R","Strike_R","Strike_R","Strike_R","Strike_R","Defend_R","Defend_R","Defend_R","Defend_R","Bash","Infernal Blade+1","Seeing Red+1","Carnage+1","Carnage"],"relics":["Burning Blood","Charon\u0027s Ashes","MawBank","HornCleat","Pear","Lantern"],"acts_visited":["Exordium"],"potions_floor_usage":[11],"damage_taken":[{"damage":0,"enemies":"Cultist","floor":1,"turns":4},{"damage":2,"enemies":"Small Slimes","floor":2,"turns":2},{"damage":2,"enemies":"Jaw Worm","floor":5,"turns":3},{"damage":20,"enemies":"3 Sentries","floor":6,"turns":6},{"damage":0,"enemies":"2 Fungi Beasts","floor":10,"turns":2},{"damage":15,"enemies":"Lagavulin","floor":11,"turns":4},{"damage":12,"enemies":"Gremlin Gang","floor":13,"turns":3},{"damage":15,"enemies":"3 Sentries","floor":14,"turns":5},{"damage":43,"enemies":"The Guardian","floor":16,"turns":7}],"seed_played":"5474184715022025099","potions_obtained":[{"floor":6,"key":"ElixirPotion"},{"floor":13,"key":"Ancient Potion"}],"is_trial":false,"path_per_floor":["M","M","$","?","M","E","R","?","T","M","E","?","M","E","R","B"],"character_chosen":"IRONCLAD","items_purchased":["Carnage"],"campfire_rested":0,"item_purchase_floors":[3],"current_hp_per_floor":[56,60,60,60,64,50,50,50,50,56,57,57,51,42,42,0,0],"gold":304,"neow_bonus":"ONE_RARE_RELIC","is_daily":false,"chose_seed":false,"campfire_upgraded":2,"win_rate":0.0,"timestamp":1611046847,"path_taken":["M","M","$","?","M","E","R","?","T","?","E","?","M","E","R","BOSS"],"items_purchased_type":["Card"],"build_version":"2020-12-22","purchased_purges":0,"victory":false,"max_hp_per_floor":[75,75,75,75,75,75,75,75,75,75,85,85,85,85,85,85,85],"card_choices":[{"not_picked":["Perfected Strike","Body Slam"],"picked":"Infernal Blade","floor":1},{"not_picked":["True Grit","Disarm"],"picked":"Seeing Red","floor":2},{"not_picked":["Clothesline","Armaments","Flex"],"picked":"SKIP","floor":5},{"not_picked":["Headbutt","Flex"],"picked":"Carnage","floor":6},{"not_picked":["Wild Strike","Rampage","Sentinel"],"picked":"SKIP","floor":10},{"not_picked":["Juggernaut","Sword Boomerang","Searing Blow"],"picked":"SKIP","floor":11},{"not_picked":["Body Slam","Rage","Twin Strike"],"picked":"SKIP","floor":13},{"not_picked":["Berserk","Headbutt","Dual Wield"],"picked":"SKIP","floor":14}],"player_experience":143459,"relics_obtained":[{"floor":6,"key":"MawBank"},{"floor":9,"key":"HornCleat"},{"floor":11,"key":"Pear"},{"floor":14,"key":"Lantern"}],"event_choices":[{"damage_healed":0,"gold_gain":0,"player_choice":"Leave","damage_taken":0,"max_hp_gain":0,"max_hp_loss":0,"event_name":"The Cleric","floor":4,"gold_loss":0},{"damage_healed":0,"gold_gain":0,"player_choice":"Upgraded","damage_taken":0,"max_hp_gain":0,"max_hp_loss":0,"event_name":"Upgrade Shrine","floor":8,"gold_loss":0,"cards_upgraded":["Seeing Red"]},{"damage_healed":0,"gold_gain":0,"player_choice":"Ignored","damage_taken":0,"max_hp_gain":0,"max_hp_loss":0,"event_name":"Liars Game","floor":12,"gold_loss":0}],"is_beta":false,"boss_relics":[],"items_purged_floors":[],"is_endless":false,"potions_floor_spawned":[6,13],"killed_by":"The Guardian","ascension_level":14}}