{"host":"mgwrmgf4x3air4cr","time":1611046781,"event":{"mods":["ATMod(阿瑾Mod)","Act Like it!","BaseMod","Downfall","HololiveMod","KinomotoSakuraMod(木之本樱)","Minty Spire (QoL Compilation)","RumiaBox-露米娅的神秘盒子","Shop Mod","StSLib","TestMod","Waifu the Spire","WarShipGirlsR/战舰少女R mod","noobMod","【功能Mod】混沌之环修复补丁","篝火指南"],"gold_per_floor":[99,116,116,101,101,101,101,401,473,498,293,193,206,233,243,340,340,181,198,215,215,215,229,229,258,258,343,122,149,164,235,248,346,346,146,164,184,231,1230,1241,1292,1303,1321,1321,1020,1039,707,733,745,745],"floor_reached":51,"language":"ZHS","playtime":4082,"items_purged":["downfall:Icky","bronze:Strike","bronze:Defend","Writhe","bronze:Strike","bronze:Strike"],"score":1825,"play_id":"3bd2eb1d-e6bc-4668-b664-ba6b928552f9","local_time":"20210119165941","is_ascension_mode":false,"campfire_choices":[{"data":"AT_DarkMatter","floor":1,"key":"SMITH"},{"data":"bronze:InfiniteBeams","floor":6,"key":"SMITH"},{"data":"bronze:Goto","floor":12,"key":"SMITH"},{"data":"bronze:Replicate","floor":26,"key":"SMITH"}],"circlet_count":0,"master_deck":["bronze:Strike","bronze:Defend","bronze:Defend","bronze:Replicate+1","bronze:Goto+1","AT_DarkMatter+1","bronze:InfiniteBeams+1","AT_DarkMatter+1","bronze:BronzeOrb","bronze:Spike","bronze:Overload","downfall:Icky","bronze:FunctionCard","bronze:Iterate","bronze:Repulsor+1","bronze:Terminator+1","bronze:DelayedSlice","bronze:Branch","bronze:HardenedForm","bronze:Optimize+1","bronze:WhirlingStrike+1","RitualDagger","bronze:Optimize","bronze:CutThrough","bronze:ChosenStrike","bronze:HardenedForm","bronze:FineTuning+1","bronze:DelayedSlice","bronze:Branch+1","bronze:ThunderWave","bronze:ChosenStrike","bronze:Refactor+1"],"relics":["bronze:BronzeCore","testmod-TestBox","AT_ATBox","ice","testmod-SaigiyounoYou","Mercury Hourglass","testmod-Hope","GodSword5","Membership Card","Singing Bowl","Lantern","MerchantsRug","downfall:HeartBlessingGreen","AT_ArchangelStaff","SoulBox","Art of War","Anchor","testmod-TurbochargingSystem","Boot","testmod-Justice","GodSword6","champ:Barbells","Toy Ornithopter","GodSword3","Bottled Lightning","AT_BladeRuinedKing","Bronze Scales","Medical Kit","SSSystem","White Beast Statue","AT_EbonyIvory","ClockworkSouvenir","bronze:ProtectiveGoggles","Bottled Tornado"],"acts_visited":["Exordium","TheCity","TheBeyond"],"potions_floor_usage":[10,37,40,50,50],"damage_taken":[{"damage":2,"enemies":"Small Slimes","floor":2,"turns":3},{"damage":0,"enemies":"downfall:FleeingMerchant","floor":4,"turns":4},{"damage":30,"enemies":"downfall:FleeingMerchant","floor":5,"turns":5},{"damage":33,"enemies":"Gremlin Nob","floor":10,"turns":4},{"damage":9,"enemies":"downfall:FleeingMerchant","floor":11,"turns":2},{"damage":0,"enemies":"Cultist","floor":13,"turns":2},{"damage":23,"enemies":"3 Sentries","floor":14,"turns":5},{"damage":0,"enemies":"2 Louse","floor":15,"turns":1},{"damage":0,"enemies":"WA_ARCHETYPE_RETAIN","floor":16,"turns":2},{"damage":0,"enemies":"Shell Parasite","floor":19,"turns":5},{"damage":0,"enemies":"Chosen","floor":20,"turns":4},{"damage":0,"enemies":"Snecko","floor":23,"turns":4},{"damage":0,"enemies":"Gremlin Leader","floor":25,"turns":5},{"damage":0,"enemies":"Book of Stabbing","floor":29,"turns":4},{"damage":0,"enemies":"3 Cultists","floor":30,"turns":3},{"damage":0,"enemies":"Cultist and Chosen","floor":32,"turns":3},{"damage":8,"enemies":"DF_ARCHETYPE_CLAW","floor":33,"turns":4},{"damage":0,"enemies":"3 Shapes","floor":36,"turns":2},{"damage":0,"enemies":"3 Darklings","floor":37,"turns":5},{"damage":0,"enemies":"Writhing Mass","floor":40,"turns":2},{"damage":0,"enemies":"Maw","floor":42,"turns":3},{"damage":0,"enemies":"Transient","floor":43,"turns":5},{"damage":0,"enemies":"Jaw Worm Horde","floor":46,"turns":2},{"damage":0,"enemies":"Reptomancer","floor":48,"turns":2},{"damage":0,"enemies":"Maw","floor":49,"turns":2},{"damage":4,"enemies":"SI_POISON_ARCHETYPE","floor":50,"turns":5}],"seed_played":"5823551148174124897","potions_obtained":[{"floor":5,"key":"PowerPotion"},{"floor":14,"key":"LiquidMemories"},{"floor":15,"key":"testmod-TimePotion"},{"floor":16,"key":"Fire Potion"},{"floor":20,"key":"Swift Potion"},{"floor":29,"key":"Weak Potion"},{"floor":30,"key":"bronze:CleanCodePotion"},{"floor":33,"key":"ColorlessPotion"},{"floor":37,"key":"bronze:BuildAFunctionPotion"},{"floor":40,"key":"Dexterity Potion"},{"floor":46,"key":"Regen Potion"},{"floor":48,"key":"GamblersBrew"},{"floor":49,"key":"Fire Potion"}],"is_trial":false,"path_per_floor":["R","M","?","$","?","R","T","?","T","E","$","R","M","E","M","B",null,"R","M","M","?","?","M","T","E","R","?","$","E","M","T","M","B",null,"R","M","M","?","?","M","T","M","M","?","$","M","R","E","M","B",null],"character_chosen":"THE_AUTOMATON","items_purchased":["Membership Card","Singing Bowl","Lantern","MerchantsRug","bronze:Repulsor","Art of War","Anchor","GodSword6","champ:Barbells","Bottled Lightning","Medical Kit","SSSystem","White Beast Statue","AT_EbonyIvory","ClockworkSouvenir","bronze:ProtectiveGoggles"],"campfire_rested":0,"item_purchase_floors":[11,11,11,11,11,18,18,28,28,35,45,45,45,47,47,47],"current_hp_per_floor":[77,77,77,77,55,55,55,55,55,38,77,77,77,70,74,77,77,77,77,77,77,71,77,77,77,77,63,63,77,79,79,81,81,81,81,81,81,81,81,81,81,83,83,83,83,83,83,83,85,85],"gold":745,"neow_bonus":"TEN_PERCENT_HP_BONUS","is_daily":false,"chose_seed":false,"campfire_upgraded":4,"win_rate":0.0,"timestamp":1611046781,"path_taken":["R","M","?","?","?","R","T","?","?","E","$","R","?","E","M","BOSS","R","M","M","?","?","M","T","E","R","?","$","E","M","?","M","BOSS","R","M","M","?","?","M","T","M","?","?","$","M","R","E","M","BOSS"],"items_purchased_type":["Relic","Relic","Relic","Relic","Card","Relic","Relic","Relic","Relic","Relic","Relic","Relic","Relic","Relic","Relic","Relic"],"build_version":"2020-12-22","purchased_purges":6,"victory":true,"max_hp_per_floor":[77,77,77,77,77,77,77,77,77,77,77,77,77,77,77,77,77,77,77,77,77,77,77,77,77,77,77,77,77,79,79,81,81,81,81,81,81,81,81,81,81,83,83,83,83,83,83,83,85,85],"card_choices":[{"not_picked":["bronze:OilSpill","bronze:DelayedSlice"],"picked":"bronze:InfiniteBeams","floor":2},{"not_picked":["bronze:Overheat","bronze:DigitalCarnage"],"picked":"bronze:BronzeOrb","floor":4},{"not_picked":[],"picked":"bronze:Spike","floor":5},{"not_picked":["bronze:BuggyMess","bronze:Deprecate"],"picked":"bronze:Overload","floor":5},{"not_picked":["bronze:Safeguard","bronze:Invalidate"],"picked":"bronze:Hardcode","floor":10},{"not_picked":["bronze:ClassDefault","bronze:WildBeam"],"picked":"bronze:Iterate","floor":11},{"not_picked":["bronze:Frontload","bronze:DarkDash"],"picked":"bronze:Terminator","floor":13},{"not_picked":["bronze:Invalidate","bronze:Optimize"],"picked":"bronze:DelayedSlice","floor":14},{"not_picked":["bronze:Turbo","bronze:Boost"],"picked":"bronze:Branch","floor":15},{"not_picked":["bronze:HyperBeam","bronze:CleanCode"],"picked":"bronze:HardenedForm","floor":16},{"not_picked":["bronze:Allocate","bronze:CutThrough+1"],"picked":"bronze:Optimize+1","floor":19},{"not_picked":["bronze:Fortify","bronze:Optimize"],"picked":"bronze:WhirlingStrike+1","floor":20},{"not_picked":["bronze:Branch","bronze:Allocate+1"],"picked":"bronze:Optimize","floor":23},{"not_picked":["bronze:BuggyMess","bronze:NullPointer"],"picked":"bronze:CutThrough","floor":25},{"not_picked":["bronze:DelayedGuard","bronze:Overheat"],"picked":"bronze:ChosenStrike","floor":29},{"not_picked":["bronze:Fortify+1","bronze:NullPointer","bronze:DigitalCarnage"],"picked":"Singing Bowl","floor":30},{"not_picked":["bronze:Repair","bronze:Iterate","bronze:Overload"],"picked":"Singing Bowl","floor":32},{"not_picked":["bronze:RecursiveStrike","bronze:CleanCode"],"picked":"bronze:HardenedForm","floor":33},{"not_picked":["bronze:Frontload+1","bronze:OilSpill+1"],"picked":"bronze:FineTuning+1","floor":36},{"not_picked":["bronze:DigitalCarnage","bronze:Turbo+1"],"picked":"bronze:DelayedSlice","floor":37},{"not_picked":["bronze:Overheat","bronze:ForceShield+1"],"picked":"bronze:Branch+1","floor":40},{"not_picked":["bronze:Separator","bronze:ItsAFeature","bronze:Constructor"],"picked":"Singing Bowl","floor":42},{"not_picked":["bronze:Safeguard","bronze:Branch"],"picked":"bronze:ThunderWave","floor":43},{"not_picked":["bronze:Optimize","bronze:Separator"],"picked":"bronze:ChosenStrike","floor":46},{"not_picked":["bronze:Overheat","bronze:Library"],"picked":"bronze:Refactor+1","floor":48},{"not_picked":["bronze:WhirlingStrike","bronze:DelayedGuard","bronze:WildBeam"],"picked":"Singing Bowl","floor":49}],"player_experience":80929,"relics_obtained":[{"floor":7,"key":"Mercury Hourglass"},{"floor":9,"key":"testmod-Hope"},{"floor":10,"key":"GodSword5"},{"floor":14,"key":"AT_ArchangelStaff"},{"floor":24,"key":"Boot"},{"floor":25,"key":"testmod-Justice"},{"floor":29,"key":"Toy Ornithopter"},{"floor":31,"key":"GodSword3"},{"floor":38,"key":"AT_BladeRuinedKing"},{"floor":41,"key":"Bronze Scales"},{"floor":48,"key":"Bottled Tornado"}],"event_choices":[{"damage_healed":0,"gold_gain":999,"player_choice":"Sell","damage_taken":0,"max_hp_gain":0,"max_hp_loss":0,"event_name":"恩洛斯的盘子","floor":39,"relics_lost":["Hololive_ChaosS"],"gold_loss":0},{"cards_removed":["bronze:Defend"],"damage_healed":0,"gold_gain":0,"player_choice":"Removed Skill","damage_taken":0,"max_hp_gain":0,"max_hp_loss":0,"event_name":"Falling","floor":44,"gold_loss":0}],"is_beta":false,"boss_relics":[{"not_picked":["Pandora\u0027s Box","testmod-Recursion"],"picked":"SoulBox"},{"not_picked":["testmod-EnergyCheck","Calling Bell"],"picked":"Hololive_ChaosS"}],"items_purged_floors":[11,18,28,35,45,47],"is_endless":false,"potions_floor_spawned":[5,14,15,16,20,29,30,33,37,40,42,46,48,49],"ascension_level":0}}