{"host":"4rvk26w7t08d5zdj","time":1611030773,"event":{"mods":["AchievementEnabler","BaseMod","Colored Powertips","Conspire","Energized Spire","GifTheSpireLib","Minty Spire (QoL Compilation)","Rare Cards Sparkle","StSLib","The Animator","The Blue Laboratory"],"gold_per_floor":[126,126,144,144,39,39,57,93,120,120,151,151,151,151,151,255,255,248,269,285,300,304,304],"floor_reached":22,"language":"ENG","playtime":1571,"items_purged":[],"score":178,"play_id":"ba7b2036-090a-44bd-9669-4999f1717ea9","local_time":"20210118203253","is_ascension_mode":false,"campfire_choices":[{"data":"animator:Aqua","floor":6,"key":"SMITH"},{"data":"animator:LeleiLaLalena","floor":15,"key":"SMITH"}],"circlet_count":0,"master_deck":["animator:Strike_MadokaMagica","animator:Defend_MadokaMagica","animator:Strike","animator:Strike","animator:Strike","animator:Defend","animator:Defend","animator:Defend","animator:IrohaTamaki","animator:YuiTsuruno","animator:LeleiLaLalena+1","animator:Priestess","animator:Aqua+1","animator:Darkness","animator:GuildGirl","animator:SuzuneAmano+1","animator:Jibril","animator:GoblinSlayer","animator:Kazuma","animator:Entoma","animator:Chomusuke","animator:NarberalGamma"],"relics":["animator:LivingPicture","animator:TheMissingPiece","Dream Catcher","Red Skull","SacredBark","animator:CursedGlyph"],"acts_visited":["Exordium","TheCity"],"potions_floor_usage":[8,11,16],"damage_taken":[{"damage":2,"enemies":"2 Louse","floor":1,"turns":4},{"damage":0,"enemies":"Small Slimes","floor":3,"turns":4},{"damage":0,"enemies":"Jaw Worm","floor":7,"turns":6},{"damage":12,"enemies":"Exordium Thugs","floor":8,"turns":10},{"damage":1,"enemies":"Looter","floor":11,"turns":4},{"damage":7,"enemies":"The Guardian","floor":16,"turns":11},{"damage":16,"enemies":"2 Thieves","floor":18,"turns":4},{"damage":4,"enemies":"Chosen","floor":19,"turns":7},{"damage":11,"enemies":"conspire:HollyBat","floor":20,"turns":7},{"damage":38,"enemies":"Snake Plant","floor":21,"turns":8},{"damage":23,"enemies":"Centurion and Healer","floor":22,"turns":11}],"seed_played":"3309620350035575077","potions_obtained":[{"floor":1,"key":"blueLaboratory:HorrorPotion"},{"floor":3,"key":"Block Potion"},{"floor":8,"key":"blueLaboratory:PolymorphPotion"},{"floor":21,"key":"blueLaboratory:LouseDecoction"}],"is_trial":false,"path_per_floor":["M","?","M","?","$","R","M","M","T","T","M","$","?","?","R","B",null,"M","M","M","M","M"],"character_chosen":"THE_ANIMATOR","items_purchased":["animator:Aqua","animator:Darkness"],"campfire_rested":0,"item_purchase_floors":[5,5],"current_hp_per_floor":[70,75,75,75,75,75,77,68,68,68,70,70,70,70,70,66,77,64,63,55,20,0,0],"gold":304,"neow_bonus":"TEN_PERCENT_HP_BONUS","is_daily":false,"chose_seed":false,"campfire_upgraded":2,"win_rate":0.0,"timestamp":1611030773,"path_taken":["M","?","M","?","$","R","M","M","T","?","?","?","?","?","R","BOSS","M","M","M","?","M"],"items_purchased_type":["Card","Card"],"build_version":"2020-12-22","purchased_purges":0,"victory":false,"max_hp_per_floor":[72,77,77,77,77,77,77,77,77,77,77,77,77,77,77,77,77,77,77,73,73,73,73],"card_choices":[{"not_picked":["animator:HighElfArcher","animator:DolaRiku"],"picked":"animator:LeleiLaLalena","floor":1},{"not_picked":["animator:AcuraTooru","animator:OrikoMikuni"],"picked":"animator:Priestess","floor":3},{"not_picked":["animator:Vanir","animator:Bozes"],"picked":"animator:GuildGirl","floor":7},{"not_picked":["animator:YuiTsuruno","animator:SayakaMiki"],"picked":"animator:SuzuneAmano","floor":8},{"not_picked":["animator:ChaikaBohdan","animator:Arpeggio"],"picked":"animator:Jibril","floor":11},{"not_picked":["animator:ChaikaTrabant","animator:AcuraShin"],"picked":"animator:GoblinSlayer","floor":16},{"not_picked":["animator:Viivi","animator:Tyuule"],"picked":"animator:Kazuma","floor":18},{"not_picked":["animator:Guy","animator:Cocytus+1"],"picked":"animator:Entoma","floor":19},{"not_picked":["animator:Kazuma","animator:Verdia"],"picked":"animator:Chomusuke","floor":20},{"not_picked":["animator:Fredrika","animator:Vanir"],"picked":"animator:NarberalGamma","floor":21}],"player_experience":1054776,"relics_obtained":[{"floor":9,"key":"Dream Catcher"},{"floor":10,"key":"Red Skull"},{"floor":20,"key":"animator:CursedGlyph"}],"event_choices":[{"damage_healed":0,"gold_gain":0,"player_choice":"Donut","damage_taken":0,"max_hp_gain":5,"max_hp_loss":0,"event_name":"Big Fish","floor":2,"gold_loss":0},{"damage_healed":0,"gold_gain":0,"player_choice":"Leave","damage_taken":0,"max_hp_gain":0,"max_hp_loss":0,"event_name":"conspire:Investor","floor":4,"gold_loss":0},{"damage_healed":0,"gold_gain":0,"player_choice":"Ignored","damage_taken":0,"max_hp_gain":0,"max_hp_loss":0,"event_name":"Golden Wing","floor":13,"gold_loss":0},{"damage_healed":0,"gold_gain":0,"player_choice":"Upgraded","damage_taken":0,"max_hp_gain":0,"max_hp_loss":0,"event_name":"Upgrade Shrine","floor":14,"gold_loss":0,"cards_upgraded":["animator:SuzuneAmano"]}],"is_beta":false,"boss_relics":[{"not_picked":["Empty Cage","Busted Crown"],"picked":"SacredBark"}],"items_purged_floors":[],"is_endless":false,"potions_floor_spawned":[1,3,8,21],"killed_by":"Centurion and Healer","ascension_level":0}}