{"host":"l5xpox9cbdko122s","time":1611093892,"event":{"mods":["AchievementEnabler","BaseMod","Minty Spire (QoL Compilation)"],"gold_per_floor":[110,128,128,128,17,17,56,76,102,122,122,122,137,158,158,158,158],"floor_reached":16,"language":"ENG","playtime":675,"items_purged":["Injury"],"score":102,"play_id":"5ca4e69d-53e0-47de-8a79-3ac9c871eb01","local_time":"20210119170452","is_ascension_mode":false,"campfire_choices":[{"floor":6,"key":"RECALL"},{"floor":12,"key":"REST"},{"data":"Heavy Blade","floor":15,"key":"SMITH"}],"circlet_count":0,"master_deck":["Strike_R","Strike_R","Strike_R","Strike_R","Strike_R","Defend_R","Defend_R","Defend_R","Defend_R","Bash","Inflame","Heavy Blade+1"],"relics":["Burning Blood","Vajra","Golden Idol","GremlinMask","Ancient Tea Set"],"acts_visited":["Exordium"],"potions_floor_usage":[7,14,16],"damage_taken":[{"damage":6,"enemies":"Jaw Worm","floor":1,"turns":3},{"damage":1,"enemies":"Cultist","floor":2,"turns":3},{"damage":42,"enemies":"3 Sentries","floor":7,"turns":11},{"damage":12,"enemies":"2 Louse","floor":8,"turns":2},{"damage":27,"enemies":"Exordium Thugs","floor":10,"turns":5},{"damage":11,"enemies":"Large Slime","floor":13,"turns":4},{"damage":9,"enemies":"Blue Slaver","floor":14,"turns":3},{"damage":38,"enemies":"The Guardian","floor":16,"turns":5}],"seed_played":"2104614423104334386","potions_obtained":[{"floor":1,"key":"GamblersBrew"},{"floor":13,"key":"DuplicationPotion"},{"floor":14,"key":"BlessingOfTheForge"}],"is_trial":false,"path_per_floor":["M","M","?","?","$","R","E","M","T","M","?","R","M","M","R","B"],"character_chosen":"IRONCLAD","items_purchased":["Inflame"],"campfire_rested":1,"item_purchase_floors":[5],"current_hp_per_floor":[80,80,80,80,80,80,44,38,38,17,17,41,36,33,33,0,0],"gold":158,"neow_bonus":"RANDOM_COMMON_RELIC","is_daily":false,"chose_seed":false,"campfire_upgraded":1,"win_rate":0.0,"timestamp":1611093892,"path_taken":["M","M","?","?","$","R","E","?","T","?","?","R","?","M","R","BOSS"],"items_purchased_type":["Card"],"build_version":"2020-12-22","purchased_purges":1,"victory":false,"max_hp_per_floor":[80,80,80,80,80,80,80,80,80,80,80,80,80,80,80,80,80],"card_choices":[{"not_picked":["True Grit","Whirlwind","Infernal Blade"],"picked":"SKIP","floor":1},{"not_picked":["Ghostly Armor","Anger","Iron Wave"],"picked":"SKIP","floor":2},{"not_picked":["Havoc","Brutality"],"picked":"Heavy Blade","floor":7},{"not_picked":["Searing Blow","Pummel","Headbutt"],"picked":"SKIP","floor":8},{"not_picked":["Heavy Blade","Whirlwind","Fire Breathing"],"picked":"SKIP","floor":10},{"not_picked":["Rage","Clothesline","Thunderclap"],"picked":"SKIP","floor":13},{"not_picked":["Cleave","Headbutt","Feel No Pain"],"picked":"SKIP","floor":14}],"player_experience":140485,"relics_obtained":[{"floor":7,"key":"Ancient Tea Set"}],"event_choices":[{"damage_healed":0,"gold_gain":0,"player_choice":"Take Wound","damage_taken":0,"relics_obtained":["Golden Idol"],"max_hp_gain":0,"max_hp_loss":0,"event_name":"Golden Idol","floor":3,"gold_loss":0,"cards_obtained":["Injury"]},{"damage_healed":0,"gold_gain":0,"player_choice":"Trade","damage_taken":0,"relics_obtained":["GremlinMask"],"max_hp_gain":0,"max_hp_loss":0,"event_name":"FaceTrader","floor":4,"gold_loss":0},{"damage_healed":0,"gold_gain":0,"player_choice":"0 cards matched","damage_taken":0,"max_hp_gain":0,"max_hp_loss":0,"event_name":"Match and Keep!","floor":11,"gold_loss":0,"cards_obtained":[]}],"is_beta":false,"boss_relics":[],"items_purged_floors":[5],"is_endless":false,"potions_floor_spawned":[1,13,14],"killed_by":"The Guardian","ascension_level":0}}