{"host":"1ekl8hlbnopmdapi","time":1611028636,"event":{"mods":["AchievementEnabler","BaseMod","Colored Map","Colored Powertips","DeckTracker","Googly Eyes","Highlight Path","Minty Spire (QoL Compilation)","Relic Sorter","StSLib","Synergy Search"],"gold_per_floor":[112,112,124,25,35,66,81,113,136,150,187,187,212,247,247,352,352,372,371,396,396,396],"floor_reached":21,"language":"ENG","playtime":740,"items_purged":[],"score":266,"play_id":"0e1985de-fe87-4869-a14b-b64b46447d48","local_time":"20210118225716","is_ascension_mode":true,"campfire_choices":[{"floor":12,"key":"REST"},{"floor":15,"key":"REST"}],"circlet_count":0,"master_deck":["Strike_G","Strike_G","Strike_G","Strike_G","Strike_G","Defend_G","Defend_G","Defend_G","Defend_G","Defend_G","Survivor","Neutralize","Quick Slash","Caltrops","Noxious Fumes","Cloak And Dagger","Noxious Fumes","Crippling Poison","Quick Slash","Backstab","Distraction","All Out Attack","Dagger Throw","Predator","Corpse Explosion","Cloak And Dagger+1","Bane","Blade Dance"],"relics":["Ring of the Snake","NeowsBlessing","The Courier","PreservedInsect","Pen Nib","CeramicFish","Bottled Lightning","SacredBark"],"acts_visited":["Exordium","TheCity"],"potions_floor_usage":[6,10,18],"damage_taken":[{"damage":0,"enemies":"Small Slimes","floor":1,"turns":1},{"damage":0,"enemies":"Cultist","floor":3,"turns":1},{"damage":0,"enemies":"2 Louse","floor":5,"turns":1},{"damage":15,"enemies":"3 Sentries","floor":6,"turns":5},{"damage":6,"enemies":"Blue Slaver","floor":7,"turns":4},{"damage":23,"enemies":"Lagavulin","floor":8,"turns":8},{"damage":1,"enemies":"Large Slime","floor":10,"turns":5},{"damage":15,"enemies":"Gremlin Nob","floor":11,"turns":4},{"damage":19,"enemies":"Exordium Thugs","floor":13,"turns":4},{"damage":5,"enemies":"3 Sentries","floor":14,"turns":5},{"damage":13,"enemies":"Slime Boss","floor":16,"turns":8},{"damage":38,"enemies":"Spheric Guardian","floor":18,"turns":5},{"damage":19,"enemies":"2 Thieves","floor":19,"turns":4},{"damage":1,"enemies":"Cultist and Chosen","floor":20,"turns":4},{"damage":18,"enemies":"Snecko","floor":21,"turns":2}],"seed_played":"-6363687124867690125","potions_obtained":[{"floor":2,"key":"DuplicationPotion"},{"floor":2,"key":"Poison Potion"},{"floor":2,"key":"Explosive Potion"},{"floor":3,"key":"Regen Potion"},{"floor":6,"key":"Dexterity Potion"},{"floor":16,"key":"Strength Potion"},{"floor":20,"key":"Explosive Potion"}],"is_trial":false,"path_per_floor":["M","?","M","$","M","E","M","E","T","M","E","R","M","E","R","B",null,"M","M","M","M"],"character_chosen":"THE_SILENT","items_purchased":["Noxious Fumes","Cloak And Dagger"],"campfire_rested":2,"item_purchase_floors":[4,4],"current_hp_per_floor":[70,70,70,70,70,55,49,26,26,40,25,46,27,22,43,30,60,22,3,2,0,0],"gold":396,"neow_bonus":"THREE_ENEMY_KILL","is_daily":false,"chose_seed":false,"campfire_upgraded":0,"win_rate":0.0,"timestamp":1611028636,"path_taken":["M","?","M","?","M","E","M","E","T","M","E","R","M","E","R","BOSS","M","M","?","M"],"items_purchased_type":["Card","Card"],"build_version":"2020-12-22","purchased_purges":0,"victory":false,"max_hp_per_floor":[70,70,70,70,70,70,70,70,70,70,70,70,70,70,70,70,70,70,70,70,70,70],"card_choices":[{"not_picked":["Slice","Deflect"],"picked":"Quick Slash","floor":1},{"not_picked":["Heel Hook","Calculated Gamble"],"picked":"Caltrops","floor":3},{"not_picked":["Setup","Prepared"],"picked":"Noxious Fumes","floor":5},{"not_picked":["Concentrate","Footwork"],"picked":"Crippling Poison","floor":6},{"not_picked":["Outmaneuver","Slice"],"picked":"Quick Slash","floor":7},{"not_picked":["Prepared","Concentrate"],"picked":"Backstab","floor":8},{"not_picked":["Slice","Heel Hook"],"picked":"Distraction","floor":10},{"not_picked":["Bane","Tools of the Trade"],"picked":"All Out Attack","floor":11},{"not_picked":["Prepared","Underhanded Strike"],"picked":"Dagger Throw","floor":13},{"not_picked":["Slice","Wraith Form v2"],"picked":"Predator","floor":14},{"not_picked":["A Thousand Cuts","Bullet Time"],"picked":"Corpse Explosion","floor":16},{"not_picked":["Bane+1","Underhanded Strike"],"picked":"Cloak And Dagger+1","floor":18},{"not_picked":["Deadly Poison","Dagger Spray+1"],"picked":"Bane","floor":19},{"not_picked":["Setup","Outmaneuver+1"],"picked":"Blade Dance","floor":20}],"player_experience":473648,"relics_obtained":[{"floor":6,"key":"The Courier"},{"floor":8,"key":"PreservedInsect"},{"floor":9,"key":"Pen Nib"},{"floor":11,"key":"CeramicFish"},{"floor":14,"key":"Bottled Lightning"}],"event_choices":[{"damage_healed":0,"gold_gain":0,"player_choice":"Got Potions","damage_taken":0,"max_hp_gain":0,"max_hp_loss":0,"event_name":"Lab","floor":2,"gold_loss":0}],"is_beta":false,"boss_relics":[{"not_picked":["Fusion Hammer","Runic Pyramid"],"picked":"SacredBark"}],"items_purged_floors":[],"is_endless":false,"potions_floor_spawned":[3,6,7,8,16,20],"killed_by":"Snecko","ascension_level":5}}