{"host":"32dedufnxebqtmo3","time":1611076209,"event":{"mods":["AchievementEnabler","BaseMod","Better Third Choice","Card Filter","Colored Powertips","Defuse TimeMaze Blight","Downfall","GifTheSpireLib","Minty Spire (QoL Compilation)","Permanent Neow","Relic Filter","Relic Stats","Remove Card Discount Mod","Shop Mod","StSLib","The Cursed","Unceasing Turn Reminder"],"gold_per_floor":[99,119,139,158,4,37,37,37,63,9,19,119,133,160,179,274,274,174,186,186,186,205,150,150,50,33,48,60,60,60,86,106,203,203,103,118,468,482,482,497,568,584,584,682,716,383,383,433,443,443,443,478,176,176,176,176],"floor_reached":57,"language":"ENG","playtime":5551,"items_purged":["Slimebound:Strike_Slimebound","Slimebound:Strike_Slimebound","Slimebound:Defend_Slimebound","Slimebound:Strike_Slimebound","Slimebound:Defend_Slimebound","Slimebound:Defend_Slimebound","Slimebound:Defend_Slimebound","Slimebound:GoopSpray","downfall:Icky","downfall:Icky","Slimebound:GoopSpray","Slimebound:Split","Slimebound:SlimeSpikes"],"score":1362,"play_id":"50126307-76fa-465f-aae6-af80d24fb8f3","local_time":"20210119091009","is_ascension_mode":false,"campfire_choices":[{"data":"Slimebound:CorrosiveSpit","floor":1,"key":"SMITH"},{"floor":18,"key":"RECALL"},{"data":"Slimebound:LeadByExample","floor":25,"key":"SMITH"},{"data":"Slimebound:CheckThePlaybook","floor":30,"key":"PURGE"},{"data":"Slimebound:Replication","floor":35,"key":"PURGE"},{"data":"Slimebound:Chomp","floor":43,"key":"PURGE"},{"data":"Slimebound:OozeBath","floor":47,"key":"PURGE"},{"data":"Slimebound:SlimeBarrage","floor":54,"key":"SMITH"}],"circlet_count":0,"master_deck":["Slimebound:Tackle","Slimebound:CorrosiveSpit+1","Slimebound:HungryTackle","Slimebound:RollThrough","Slimebound:GrowthPunch","Slimebound:SamplingLick","Slimebound:SpikyOuterGoop","Slimebound:SplitLeeching","Slimebound:GoopSpray","Slimebound:SlimeSpikes","Slimebound:Teamwork","Slimebound:SplitMire+1","Slimebound:SlimeBarrage+1","Slimebound:GoopSpray+1","Slimebound:SlimeSpikes+1","Slimebound:LeadByExample+1","Slimebound:LevelUp","Necronomicurse","Slimebound:Prepare+1","Slimebound:OozeBath","CurseOfTheBell","Slimebound:GrowthPunch+1","Slimebound:GoopSpray+1","Slimebound:LevelUp+1","Slimebound:SplitSpecialist+1"],"relics":["Slimebound:AbsorbEndCombat","Calipers","Bag of Preparation","Slimebound:ScrapOozeRelic","Odd Mushroom","HornCleat","Cursed Key","downfall:HeartBlessingGreen","downfall:HeartBlessingRed","Necronomicon","Mummified Hand","Calling Bell","Art of War","Toxic Egg 2","Prayer Wheel","downfall:HeartBlessingBlue","Old Coin","Letter Opener","InkBottle","Molten Egg 2","Ginger","Boot","Medical Kit","Oddly Smooth Stone"],"acts_visited":["Exordium","TheCity","TheBeyond","TheEnding"],"potions_floor_usage":[6,6,56,56],"damage_taken":[{"damage":1,"enemies":"Jaw Worm","floor":2,"turns":4},{"damage":2,"enemies":"2 Louse","floor":3,"turns":4},{"damage":4,"enemies":"Cultist","floor":4,"turns":5},{"damage":8,"enemies":"downfall:FleeingMerchant","floor":5,"turns":4},{"damage":3,"enemies":"Gremlin Nob","floor":6,"turns":3},{"damage":6,"enemies":"The Mushroom Lair","floor":9,"turns":3},{"damage":0,"enemies":"downfall:FleeingMerchant","floor":10,"turns":4},{"damage":0,"enemies":"2 Fungi Beasts","floor":11,"turns":2},{"damage":0,"enemies":"Exordium Thugs","floor":13,"turns":4},{"damage":2,"enemies":"3 Sentries","floor":14,"turns":7},{"damage":1,"enemies":"3 Louse","floor":15,"turns":3},{"damage":2,"enemies":"DF_ARCHETYPE_STREAMLINE","floor":16,"turns":10},{"damage":0,"enemies":"Spheric Guardian","floor":19,"turns":4},{"damage":0,"enemies":"Cultist and Chosen","floor":22,"turns":6},{"damage":0,"enemies":"downfall:FleeingMerchant","floor":23,"turns":4},{"damage":0,"enemies":"downfall:FleeingMerchant","floor":26,"turns":4},{"damage":3,"enemies":"Snake Plant","floor":27,"turns":3},{"damage":0,"enemies":"3 Cultists","floor":28,"turns":5},{"damage":0,"enemies":"Book of Stabbing","floor":31,"turns":4},{"damage":0,"enemies":"Snecko","floor":32,"turns":4},{"damage":0,"enemies":"WA_ARCHETYPE_CALM","floor":33,"turns":7},{"damage":0,"enemies":"3 Shapes","floor":36,"turns":4},{"damage":0,"enemies":"2 Orb Walkers","floor":37,"turns":4},{"damage":0,"enemies":"Orb Walker","floor":38,"turns":3},{"damage":3,"enemies":"Sphere and 2 Shapes","floor":40,"turns":5},{"damage":0,"enemies":"Maw","floor":42,"turns":6},{"damage":0,"enemies":"downfall:FleeingMerchant","floor":44,"turns":1},{"damage":0,"enemies":"Giant Head","floor":45,"turns":8},{"damage":0,"enemies":"Giant Head","floor":48,"turns":3},{"damage":0,"enemies":"Jaw Worm Horde","floor":49,"turns":3},{"damage":20,"enemies":"SI_POISON_ARCHETYPE","floor":50,"turns":7},{"damage":13,"enemies":"downfall:CharBossMerchant","floor":52,"turns":7},{"damage":0,"enemies":"downfall:NeowBoss","floor":55,"turns":11},{"damage":5,"enemies":"downfall:NeowBossFinal","floor":56,"turns":8}],"seed_played":"-7450974899016340210","potions_obtained":[{"floor":2,"key":"ColorlessPotion"},{"floor":4,"key":"champ:CounterPotion"},{"floor":11,"key":"bronze:BurnAndBuffPotion"},{"floor":13,"key":"Slimebound:SlimedPotion"},{"floor":14,"key":"Block Potion"},{"floor":31,"key":"Slimebound:SpawnSlimePotion"}],"is_trial":false,"path_per_floor":["R","M","M","M","$","E","T","?","?","$","M","?","M","E","M","B",null,"R","M","?","?","M","$","T","R","$","M","M","?","R","E","M","B",null,"R","M","?","M","?","M","T","M","R","$","E","?","R","?","M","B",null,"E","$","R","B","B",null],"character_chosen":"SLIMEBOUND","items_purchased":["Slimebound:GoopSpray","Slimebound:Chomp","Slimebound:SpikyOuterGoop","Slimebound:LeadByExample","InkBottle","Medical Kit","Oddly Smooth Stone"],"campfire_rested":0,"item_purchase_floors":[5,5,10,23,44,53,53],"current_hp_per_floor":[47,50,50,50,46,54,54,54,56,62,68,68,72,72,72,72,72,72,72,59,59,67,75,75,75,77,76,77,61,61,67,73,77,77,87,87,87,87,87,84,84,87,87,87,87,98,98,98,98,82,98,85,85,85,93,96],"gold":176,"neow_bonus":"ONE_RARE_RELIC","is_daily":false,"chose_seed":false,"campfire_upgraded":3,"win_rate":0.0,"timestamp":1611076209,"path_taken":["R","M","M","M","$","E","T","?","?","$","M","?","M","E","M","BOSS","R","M","?","?","?","$","T","R","$","M","M","?","R","E","M","BOSS","R","M","?","M","?","M","T","M","R","$","E","?","R","?","M","BOSS","E","$","R","BOSS","BOSS"],"items_purchased_type":["Card","Card","Card","Card","Relic","Relic","Relic"],"build_version":"2020-12-22","purchased_purges":13,"victory":true,"max_hp_per_floor":[65,65,65,65,65,72,72,72,72,72,72,72,72,72,72,72,72,72,72,77,77,77,77,77,77,77,77,77,77,77,77,77,77,77,87,87,87,87,87,87,87,87,87,87,87,98,98,98,98,98,98,98,98,98,98,98],"relic_stats":{"counters":[34,158],"Bag of Preparation":[58],"Letter Opener":[123],"Ginger":[17],"Cursed Key":2,"Boot":[0],"Medical Kit":[3],"Mummified Hand":[43],"Prayer Wheel":5,"Necronomicon":[21],"Art of War":[15],"obtain_stats":[{"Calipers":0,"Slimebound:ScrapOozeRelic":8,"downfall:HeartBlessingGreen":18,"Bag of Preparation":7,"Ginger":48,"Cursed Key":17,"Boot":52,"Old Coin":37,"HornCleat":14,"Mummified Hand":31,"downfall:HeartBlessingBlue":35,"Strawberry":6,"Prayer Wheel":34,"Necronomicon":29,"Toxic Egg 2":34,"InkBottle":44,"downfall:HeartBlessingRed":25,"Oddly Smooth Stone":53,"Letter Opener":41,"Odd Mushroom":9,"Medical Kit":53,"Calling Bell":34,"Molten Egg 2":45,"Slimebound:AbsorbEndCombat":0,"Art of War":34},{"Calipers":0,"Slimebound:ScrapOozeRelic":5,"downfall:HeartBlessingGreen":12,"Bag of Preparation":5,"Ginger":29,"Cursed Key":12,"Boot":32,"Old Coin":23,"HornCleat":10,"Mummified Hand":19,"downfall:HeartBlessingBlue":21,"Strawberry":5,"Prayer Wheel":21,"Necronomicon":18,"Toxic Egg 2":21,"InkBottle":27,"downfall:HeartBlessingRed":15,"Oddly Smooth Stone":32,"Letter Opener":25,"Odd Mushroom":6,"Medical Kit":32,"Calling Bell":21,"Molten Egg 2":28,"Slimebound:AbsorbEndCombat":0,"Art of War":21},{"Calipers":0,"Slimebound:ScrapOozeRelic":19,"downfall:HeartBlessingGreen":49,"Bag of Preparation":19,"Ginger":122,"Cursed Key":49,"Boot":139,"Old Coin":96,"HornCleat":37,"Mummified Hand":78,"downfall:HeartBlessingBlue":89,"Strawberry":19,"Prayer Wheel":89,"Necronomicon":74,"Toxic Egg 2":89,"InkBottle":111,"downfall:HeartBlessingRed":62,"Oddly Smooth Stone":139,"Letter Opener":104,"Odd Mushroom":22,"Medical Kit":139,"Calling Bell":89,"Molten Egg 2":119,"Slimebound:AbsorbEndCombat":0,"Art of War":89}],"InkBottle":[20]},"card_choices":[{"not_picked":["Slimebound:LivingWall","Slimebound:Grow"],"picked":"Slimebound:Replication","floor":2},{"not_picked":["Slimebound:FinishingTackle","Slimebound:LeechingTouch"],"picked":"Slimebound:SlimeSpikes","floor":3},{"not_picked":["Slimebound:GoopTackle","Slimebound:ComboTackle"],"picked":"Slimebound:HungryTackle","floor":4},{"not_picked":["Slimebound:ItLooksTasty","Slimebound:SlimeSpikes"],"picked":"Slimebound:RollThrough","floor":5},{"not_picked":["Slimebound:FlameTackle","Slimebound:LeechingTouch"],"picked":"Slimebound:SplitMire","floor":6},{"not_picked":["Slimebound:ViciousTackle","Slimebound:BestDefense"],"picked":"Slimebound:GrowthPunch","floor":9},{"not_picked":["Slimebound:SplitLeeching","Slimebound:WasteNot"],"picked":"Slimebound:SamplingLick","floor":10},{"not_picked":["Slimebound:TongueLash","Slimebound:HungryTackle"],"picked":"Slimebound:SplitLeeching","floor":11},{"not_picked":["Slimebound:HungryTackle","Slimebound:ItLooksTasty"],"picked":"Slimebound:GoopSpray","floor":13},{"not_picked":["Slimebound:Prepare","Slimebound:GoopTackle"],"picked":"Slimebound:SlimeSpikes","floor":14},{"not_picked":["Slimebound:ProtectTheBoss","Slimebound:PressTheAttack"],"picked":"Slimebound:GoopSpray","floor":15},{"not_picked":["Slimebound:PrepareCrush","Slimebound:LeechLife"],"picked":"Slimebound:Teamwork","floor":16},{"not_picked":["Slimebound:Chomp","Slimebound:SplitSpecialist"],"picked":"Slimebound:SplitMire+1","floor":19},{"not_picked":["Slimebound:Schlurp","Slimebound:SamplingLick+1"],"picked":"Slimebound:GoopSpray+1","floor":22},{"not_picked":["Slimebound:Schlurp","Slimebound:LeechEnergy"],"picked":"Slimebound:SlimeSpikes+1","floor":23},{"not_picked":["Slimebound:Dissolve","Slimebound:SamplingLick"],"picked":"Slimebound:LevelUp","floor":26},{"not_picked":["Slimebound:LeechingTouch+1","Slimebound:RollThrough+1","Slimebound:PressTheAttack"],"picked":"SKIP","floor":27},{"not_picked":["Slimebound:LeechingTouch+1","Slimebound:SplitBruiser"],"picked":"Slimebound:CheckThePlaybook","floor":28},{"not_picked":["Slimebound:SlimeBrawl","Slimebound:SamplingLick"],"picked":"Slimebound:OozeBath","floor":31},{"not_picked":["Slimebound:LeechEnergy+1","Slimebound:ForwardTackle+1"],"picked":"Slimebound:Prepare+1","floor":32},{"not_picked":["Slimebound:LeechLife","Slimebound:OneTwoCombo"],"picked":"Slimebound:OozeBath","floor":33},{"not_picked":["Slimebound:FinishingTackle+1","Slimebound:SlimeBarrage+1"],"picked":"Slimebound:GrowthPunch+1","floor":36},{"not_picked":["Slimebound:Chomp+1","Slimebound:LivingWall+1","Slimebound:RainOfGoop+1"],"picked":"SKIP","floor":36},{"not_picked":["Slimebound:SlimeSpikes+1","Slimebound:Repurpose+1"],"picked":"Slimebound:GoopSpray+1","floor":38},{"not_picked":["Slimebound:TongueLash","Slimebound:LivingWall+1","Slimebound:Grow+1"],"picked":"SKIP","floor":38},{"not_picked":["Slimebound:GrowthPunch+1","Slimebound:RollThrough+1","Slimebound:SlimeBrawl+1"],"picked":"SKIP","floor":40},{"not_picked":["Slimebound:ComboTackle+1","Slimebound:GoopSpray+1","Slimebound:SlimeSpikes+1"],"picked":"SKIP","floor":40},{"not_picked":["Slimebound:Repurpose+1","Slimebound:ServeAndProtect+1","Slimebound:HauntingLick+1"],"picked":"SKIP","floor":42},{"not_picked":["Slimebound:SamplingLick+1","Slimebound:Equalize","Slimebound:GoopSpray+1"],"picked":"SKIP","floor":42},{"not_picked":["Slimebound:Gluttony+1","Slimebound:ProtectTheBoss","Slimebound:SplitBruiser+1"],"picked":"SKIP","floor":44},{"not_picked":["Slimebound:LeechEnergy+1","Slimebound:Nibble+1"],"picked":"Slimebound:LevelUp+1","floor":45},{"not_picked":["Slimebound:ComboTackle+1","Slimebound:GoopSpray+1"],"picked":"Slimebound:SplitSpecialist+1","floor":48},{"not_picked":["Slimebound:Overexert","Slimebound:ItLooksTasty+1","Slimebound:Replication+1"],"picked":"SKIP","floor":49},{"not_picked":["Slimebound:SamplingLick+1","Slimebound:LeechEnergy+1","Slimebound:GoopTackle+1"],"picked":"SKIP","floor":49},{"not_picked":["Slimebound:DouseInSlime+1","Slimebound:GrowthPunch+1","Slimebound:RollThrough+1"],"picked":"SKIP","floor":52}],"player_experience":810881,"relics_obtained":[{"floor":6,"key":"Strawberry"},{"floor":7,"key":"Bag of Preparation"},{"floor":9,"key":"Odd Mushroom"},{"floor":14,"key":"HornCleat"},{"floor":29,"key":"Necronomicon"},{"floor":31,"key":"Mummified Hand"},{"floor":34,"key":"Art of War"},{"floor":34,"key":"Toxic Egg 2"},{"floor":34,"key":"Prayer Wheel"},{"floor":37,"key":"Old Coin"},{"floor":41,"key":"Letter Opener"},{"floor":45,"key":"Molten Egg 2"},{"floor":48,"key":"Ginger"},{"floor":52,"key":"Boot"}],"event_choices":[{"damage_healed":0,"gold_gain":0,"player_choice":"Fought Mushrooms","damage_taken":0,"max_hp_gain":0,"max_hp_loss":0,"event_name":"Mushrooms","floor":9,"gold_loss":0},{"damage_healed":0,"gold_gain":0,"player_choice":"Fight","damage_taken":0,"max_hp_gain":0,"max_hp_loss":0,"event_name":"Mysterious Sphere","floor":37,"gold_loss":0}],"is_beta":false,"boss_relics":[{"not_picked":["Empty Cage","SacredBark"],"picked":"Cursed Key"},{"not_picked":["Runic Dome","Busted Crown"],"picked":"Calling Bell"}],"items_purged_floors":[5,5,5,5,5,23,23,23,26,44,44,44,44],"is_endless":false,"potions_floor_spawned":[2,4,11,13,14,22,31,32,36,40,48,49],"ascension_level":0}}