{"host":"6svvh3ubww6quchd","time":1611018599,"event":{"mods":["AchievementEnabler","BaseMod","Highlight Path","Minty Spire (QoL Compilation)","Rare Cards Sparkle","Relic Stats","StSLib"],"gold_per_floor":[164,164,18,28,44,74,74,103,103,130,141,3,3,3,3,103,103,28,46,46,46,58,93,93,93,93,93,58,89,89,89,89,188,188,202,202,249,249,8,8,8],"floor_reached":40,"language":"ENG","playtime":1808,"items_purged":["Strike_R","Strike_R"],"score":576,"play_id":"bd5a33b2-d32f-4dfc-81af-ab849af48557","local_time":"20210118200959","is_ascension_mode":true,"campfire_choices":[{"data":"Shockwave","floor":7,"key":"SMITH"},{"floor":15,"key":"REST"},{"data":"Limit Break","floor":24,"key":"SMITH"},{"data":"Ghostly","floor":27,"key":"SMITH"},{"data":"Ghostly","floor":30,"key":"SMITH"},{"data":"Ghostly","floor":32,"key":"SMITH"}],"circlet_count":0,"master_deck":["Defend_R","Defend_R+1","Defend_R","Bash","Shockwave+1","Twin Strike","Infernal Blade","Iron Wave","True Grit","Spot Weakness","Sword Boomerang","Metallicize","Limit Break+1","Reaper+1","Clash+1","Seeing Red+1","Flex","Spot Weakness+1","Ghostly+1","Ghostly+1","Ghostly+1","Ghostly","Ghostly","Demon Form","Metallicize","Berserk","Havoc+1","Dark Shackles"],"relics":["Tiny House","Darkstone Periapt","PreservedInsect","Question Card","Happy Flower","Astrolabe","Paper Frog","MealTicket","Ornamental Fan","SlaversCollar","Shovel","Kunai"],"acts_visited":["Exordium","TheCity","TheBeyond"],"potions_floor_usage":[6,10,33],"damage_taken":[{"damage":2,"enemies":"Small Slimes","floor":1,"turns":5},{"damage":0,"enemies":"Cultist","floor":4,"turns":3},{"damage":0,"enemies":"Jaw Worm","floor":5,"turns":3},{"damage":17,"enemies":"Lagavulin","floor":6,"turns":7},{"damage":12,"enemies":"3 Sentries","floor":8,"turns":7},{"damage":16,"enemies":"Gremlin Nob","floor":10,"turns":3},{"damage":8,"enemies":"3 Louse","floor":11,"turns":4},{"damage":21,"enemies":"The Guardian","floor":16,"turns":9},{"damage":15,"enemies":"2 Thieves","floor":18,"turns":5},{"damage":16,"enemies":"Spheric Guardian","floor":19,"turns":4},{"damage":3,"enemies":"3 Cultists","floor":22,"turns":5},{"damage":2,"enemies":"Book of Stabbing","floor":23,"turns":5},{"damage":5,"enemies":"Gremlin Leader","floor":29,"turns":6},{"damage":42,"enemies":"Collector","floor":33,"turns":10},{"damage":5,"enemies":"3 Shapes","floor":35,"turns":10},{"damage":35,"enemies":"2 Orb Walkers","floor":37,"turns":6},{"damage":106,"enemies":"Nemesis","floor":40,"turns":10}],"seed_played":"2070831507061851176","potions_obtained":[{"floor":0,"key":"Explosive Potion"},{"floor":1,"key":"Explosive Potion"},{"floor":2,"key":"SteroidPotion"},{"floor":2,"key":"SteroidPotion"},{"floor":6,"key":"Explosive Potion"},{"floor":8,"key":"FairyPotion"},{"floor":11,"key":"ElixirPotion"},{"floor":19,"key":"DuplicationPotion"}],"is_trial":false,"path_per_floor":["M","?","$","M","M","E","R","E","T","E","M","$","?","$","R","B",null,"M","M","?","?","M","E","R","?","T","R","$","E","R","$","R","B",null,"M","?","?","?","$","E"],"character_chosen":"IRONCLAD","items_purchased":["Infernal Blade","Metallicize","Metallicize","Kunai"],"campfire_rested":1,"item_purchase_floors":[3,12,28,39],"current_hp_per_floor":[83,83,83,83,83,66,66,54,54,38,30,30,23,23,48,27,85,77,61,42,36,47,47,47,47,47,47,47,47,47,47,47,47,47,42,42,30,30,45,0,0],"gold":8,"neow_bonus":"BOSS_RELIC","is_daily":false,"chose_seed":false,"campfire_upgraded":5,"win_rate":0.0,"timestamp":1611018599,"path_taken":["M","?","$","M","M","E","R","E","T","E","?","$","?","$","R","BOSS","M","M","?","?","M","E","R","?","T","R","$","E","R","?","R","BOSS","M","?","?","?","?","E"],"items_purchased_type":["Card","Card","Card","Relic"],"build_version":"2020-12-22","purchased_purges":2,"victory":false,"max_hp_per_floor":[85,85,85,85,85,85,85,85,85,85,85,85,85,85,85,85,85,85,85,42,47,47,47,47,47,47,47,47,47,47,47,47,47,47,47,47,47,47,47,47,47],"relic_stats":{"Darkstone Periapt":0,"Shovel":0,"Happy Flower":[24],"counters":[17,102],"Ornamental Fan":[4],"Astrolabe":["Reaper","Clash","Seeing Red"],"MealTicket":15,"PreservedInsect":158,"Kunai":[1],"Question Card":12,"obtain_stats":[{"Darkstone Periapt":6,"Tiny House":0,"Happy Flower":10,"Astrolabe":17,"PreservedInsect":8,"Question Card":9,"Burning Blood":0,"SlaversCollar":34,"Shovel":37,"Ornamental Fan":29,"MealTicket":26,"Kunai":39,"Paper Frog":23},{"Darkstone Periapt":4,"Tiny House":0,"Happy Flower":6,"Astrolabe":8,"PreservedInsect":5,"Question Card":5,"Burning Blood":0,"SlaversCollar":14,"Shovel":16,"Ornamental Fan":13,"MealTicket":12,"Kunai":16,"Paper Frog":12},{"Darkstone Periapt":18,"Tiny House":0,"Happy Flower":28,"Astrolabe":41,"PreservedInsect":25,"Question Card":25,"Burning Blood":0,"SlaversCollar":76,"Shovel":92,"Ornamental Fan":66,"MealTicket":60,"Kunai":92,"Paper Frog":60}]},"card_choices":[{"not_picked":["Twin Strike","Intimidate"],"picked":"Shockwave","floor":0},{"not_picked":["Heavy Blade","Reckless Charge"],"picked":"Twin Strike","floor":1},{"not_picked":["Warcry","Rupture"],"picked":"Iron Wave","floor":4},{"not_picked":["Clash","Headbutt"],"picked":"True Grit","floor":5},{"not_picked":["Evolve","Headbutt"],"picked":"Spot Weakness","floor":6},{"not_picked":["Warcry","Heavy Blade"],"picked":"Sword Boomerang","floor":8},{"not_picked":["Berserk","Wild Strike","Bloodletting","Rupture"],"picked":"SKIP","floor":10},{"not_picked":["Wild Strike","Iron Wave","Rage","Clothesline"],"picked":"SKIP","floor":11},{"not_picked":["Corruption","Reaper","Feed"],"picked":"Limit Break","floor":16},{"not_picked":["Rage","Body Slam","True Grit+1"],"picked":"Flex","floor":18},{"not_picked":["Rampage","Twin Strike","Bloodletting"],"picked":"Spot Weakness+1","floor":19},{"not_picked":["Combust+1","Power Through","Flex","Sentinel"],"picked":"SKIP","floor":22},{"not_picked":["Havoc+1","Flex","Carnage+1"],"picked":"Demon Form","floor":23},{"not_picked":["Rampage","Spot Weakness+1","Sword Boomerang","Heavy Blade"],"picked":"SKIP","floor":29},{"not_picked":["Juggernaut","Barricade","Corruption"],"picked":"Berserk","floor":33},{"not_picked":["Thunderclap+1","Metallicize+1","Intimidate+1"],"picked":"Havoc+1","floor":35},{"not_picked":["Finesse","Transmutation","PanicButton"],"picked":"Dark Shackles","floor":36}],"player_experience":138259,"relics_obtained":[{"floor":6,"key":"Darkstone Periapt"},{"floor":8,"key":"PreservedInsect"},{"floor":9,"key":"Question Card"},{"floor":10,"key":"Happy Flower"},{"floor":23,"key":"Paper Frog"},{"floor":26,"key":"MealTicket"},{"floor":29,"key":"Ornamental Fan"},{"floor":37,"key":"Shovel"}],"event_choices":[{"damage_healed":0,"gold_gain":0,"player_choice":"Got Potions","damage_taken":0,"max_hp_gain":0,"max_hp_loss":0,"event_name":"Lab","floor":2,"gold_loss":0},{"cards_removed":["Strike_R"],"damage_healed":0,"gold_gain":0,"player_choice":"Card Removal","damage_taken":7,"max_hp_gain":0,"max_hp_loss":0,"event_name":"Golden Wing","floor":13,"gold_loss":0},{"damage_healed":0,"gold_gain":0,"player_choice":"Became a Ghost","damage_taken":0,"max_hp_gain":0,"max_hp_loss":43,"event_name":"Ghosts","floor":20,"gold_loss":0,"cards_obtained":["Ghostly","Ghostly","Ghostly","Ghostly","Ghostly"]},{"damage_healed":0,"gold_gain":0,"player_choice":"Shed Blood","damage_taken":11,"max_hp_gain":5,"max_hp_loss":0,"event_name":"Forgotten Altar","floor":21,"gold_loss":0},{"damage_healed":0,"gold_gain":0,"player_choice":"Ignored","damage_taken":0,"max_hp_gain":0,"max_hp_loss":0,"event_name":"Vampires","floor":25,"gold_loss":0},{"damage_healed":0,"gold_gain":0,"player_choice":"Memory 1","damage_taken":0,"max_hp_gain":0,"max_hp_loss":0,"event_name":"SensoryStone","floor":36,"gold_loss":0},{"damage_healed":0,"gold_gain":0,"player_choice":"Fight","damage_taken":0,"max_hp_gain":0,"max_hp_loss":0,"event_name":"Mysterious Sphere","floor":37,"gold_loss":0},{"damage_healed":0,"gold_gain":0,"player_choice":"Ignored","damage_taken":0,"max_hp_gain":0,"max_hp_loss":0,"event_name":"Tomb of Lord Red Mask","floor":38,"gold_loss":0}],"is_beta":false,"boss_relics":[{"not_picked":["Busted Crown","Runic Cube"],"picked":"Astrolabe"},{"not_picked":["Runic Dome","Snecko Eye"],"picked":"SlaversCollar"}],"items_purged_floors":[3,12],"is_endless":false,"potions_floor_spawned":[1,6,8,11,19,22,29],"killed_by":"Nemesis","ascension_level":4}}