{"host":"od5czx9kemjopzpf","time":1611072299,"event":{"mods":["Aspiration","BaseMod","Defuse TimeMaze Blight","Downfall","Minty Spire (QoL Compilation)","Spicy Shops","StSLib"],"gold_per_floor":[99,118,128,128,147,47,47,58,86,102,2,21,21,21,36,36,36,36],"floor_reached":16,"language":"ZHS","playtime":1603,"items_purged":[],"score":104,"play_id":"923d7460-072e-455c-b58d-9f3c9b71cfac","local_time":"20210120000459","is_ascension_mode":false,"campfire_choices":[{"floor":1,"key":"RECALL"},{"data":"Guardian:TwinSlam","floor":6,"key":"SMITH"},{"data":"Guardian:VentSteam","floor":11,"key":"SMITH"},{"data":"Guardian:ShieldCharger","floor":13,"key":"SMITH"}],"circlet_count":0,"master_deck":["Guardian:Strike_Guardian","Guardian:Strike_Guardian","Guardian:Strike_Guardian","Guardian:Strike_Guardian","Guardian:Defend_Guardian","Guardian:Defend_Guardian","Guardian:Defend_Guardian","Guardian:Defend_Guardian","Guardian:CurlUp","Guardian:TwinSlam+1","Guardian:VentSteam+1","Guardian:BodySlam","Injury","Guardian:ShieldCharger+1","Guardian:Gem_Purple"],"relics":["Snecko Eye","Frozen Egg 2","downfall:HeartBlessingRed","aspiration:HummingbirdHeart","downfall:HeartBlessingBlue"],"acts_visited":["Exordium"],"potions_floor_usage":[3,5],"damage_taken":[{"damage":0,"enemies":"Cultist","floor":2,"turns":4},{"damage":6,"enemies":"Jaw Worm","floor":3,"turns":2},{"damage":0,"enemies":"2 Louse","floor":5,"turns":3},{"damage":8,"enemies":"Red Slaver","floor":8,"turns":2},{"damage":30,"enemies":"3 Sentries","floor":9,"turns":10},{"damage":7,"enemies":"Exordium Thugs","floor":10,"turns":5},{"damage":7,"enemies":"Gremlin Gang","floor":12,"turns":4},{"damage":1,"enemies":"Blue Slaver","floor":15,"turns":3},{"damage":34,"enemies":"SI_SHIV_ARCHETYPE","floor":16,"turns":7}],"seed_played":"-2118381044010133399","potions_obtained":[{"floor":2,"key":"champ:CounterPotion"},{"floor":3,"key":"Fire Potion"},{"floor":5,"key":"AttackPotion"},{"floor":12,"key":"Fruit Juice"}],"is_trial":false,"path_per_floor":["R","M","M","?","M","R","T","M","E","M","R","M","R","?","M","B"],"character_chosen":"GUARDIAN","items_purchased":[],"campfire_rested":0,"item_purchase_floors":[],"current_hp_per_floor":[80,80,74,74,74,74,74,66,36,29,39,32,32,32,31,0,0,0],"gold":36,"neow_bonus":"BOSS_RELIC","is_daily":false,"chose_seed":false,"campfire_upgraded":3,"win_rate":0.0,"timestamp":1611072299,"path_taken":["R","M","M","?","M","R","T","M","E","M","R","M","R","?","M","BOSS"],"items_purchased_type":[],"build_version":"2020-12-22","purchased_purges":0,"victory":false,"max_hp_per_floor":[80,80,80,80,80,80,80,80,80,80,90,90,90,90,90,90,90,90],"card_choices":[{"not_picked":["Guardian:ShieldSpikes","Guardian:Gem_Lightblue"],"picked":"Guardian:VentSteam","floor":2},{"not_picked":["Guardian:Emergency","Guardian:Harden"],"picked":"Guardian:BodySlam","floor":3},{"not_picked":["Guardian:VentSteam","Guardian:PrimingBeam"],"picked":"Guardian:ShieldCharger","floor":5},{"not_picked":["Guardian:RollAttack","Guardian:Gem_Purple"],"picked":"Guardian:Gem_Fragmented","floor":8},{"not_picked":["Guardian:BronzeArmor","Guardian:Preprogram"],"picked":"Guardian:Gem_Orange","floor":9},{"not_picked":["Guardian:Gem_Lightblue","Guardian:TemporalShield"],"picked":"Guardian:Gem_Blue","floor":10},{"not_picked":["Guardian:TemporalStrike","Guardian:PrismaticBarrier"],"picked":"Guardian:Gem_Red","floor":12},{"not_picked":["Guardian:SentryBeam","Guardian:Gem_Red"],"picked":"Guardian:Gem_Purple","floor":15}],"player_experience":53692,"relics_obtained":[{"floor":9,"key":"aspiration:HummingbirdHeart"}],"event_choices":[],"is_beta":false,"boss_relics":[],"items_purged_floors":[],"is_endless":false,"potions_floor_spawned":[2,3,5,12],"killed_by":"SI_SHIV_ARCHETYPE","ascension_level":0}}