{"host":"exhp4inpfmbngj23","time":1611028770,"event":{"mods":["Abigail Mod","BaseMod","Beaked The Cultist","Downfall","Friendly Minions","Gremlin Mod","Kiyohime????","Minty Spire (QoL Compilation)","StSLib","The Alterego"],"gold_per_floor":[99,110,110,122,133,33,33,45,45,59,85,95,95,105,121,121,121],"floor_reached":16,"language":"ENG","playtime":727,"items_purged":[],"score":106,"play_id":"4b322fb1-3d52-4f8e-9581-2d68e857b38b","local_time":"20210118195930","is_ascension_mode":false,"campfire_choices":[{"floor":1,"key":"RECALL"},{"data":"bronze:Iterate","floor":6,"key":"SMITH"},{"data":"bronze:Iterate","floor":9,"key":"SMITH"}],"circlet_count":0,"master_deck":["bronze:Strike","bronze:Strike","bronze:Strike","bronze:Strike","bronze:Defend","bronze:Defend","bronze:Defend","bronze:Defend","bronze:Replicate+1","bronze:Goto","bronze:Fortify","bronze:MaxOutput","bronze:Iterate+1","bronze:Iterate+1","bronze:WhirlingStrike","bronze:DelayedGuard","bronze:FineTuning","bronze:Format","bronze:BitShift"],"relics":["bronze:BronzeCore","downfall:HeartBlessingRed","Shuriken","Art of War"],"acts_visited":["Exordium"],"potions_floor_usage":[16,16],"damage_taken":[{"damage":4,"enemies":"2 Louse","floor":2,"turns":3},{"damage":0,"enemies":"Cultist","floor":4,"turns":3},{"damage":1,"enemies":"Jaw Worm","floor":5,"turns":3},{"damage":0,"enemies":"3 Louse","floor":8,"turns":2},{"damage":10,"enemies":"Large Slime","floor":10,"turns":4},{"damage":31,"enemies":"3 Sentries","floor":11,"turns":7},{"damage":16,"enemies":"Exordium Wildlife","floor":12,"turns":2},{"damage":8,"enemies":"Red Slaver","floor":14,"turns":2},{"damage":0,"enemies":"Lots of Slimes","floor":15,"turns":1},{"damage":15,"enemies":"IC_STATUS_ARCHETYPE","floor":16,"turns":2}],"seed_played":"3707361824622094654","potions_obtained":[{"floor":5,"key":"BlessingOfTheForge"},{"floor":8,"key":"hexamod:SoulburnPotion"},{"floor":15,"key":"SmokeBomb"}],"is_trial":false,"path_per_floor":["R","M","?","M","M","R","T","M","R","M","E","M","?","M","M","B"],"character_chosen":"THE_AUTOMATON","items_purchased":[],"campfire_rested":0,"item_purchase_floors":[],"current_hp_per_floor":[77,73,73,73,72,72,72,72,72,62,31,15,15,7,7,0,0],"gold":121,"neow_bonus":"TEN_PERCENT_HP_BONUS","is_daily":false,"chose_seed":false,"campfire_upgraded":2,"win_rate":0.0,"timestamp":1611028770,"path_taken":["R","M","?","M","M","R","T","?","R","M","E","M","?","M","M","BOSS"],"items_purchased_type":[],"build_version":"2020-12-22","purchased_purges":0,"victory":false,"max_hp_per_floor":[77,77,77,77,77,77,77,77,77,77,77,77,77,77,77,77,77],"card_choices":[{"not_picked":["bronze:BuggyMess","bronze:Deprecate"],"picked":"bronze:Fortify","floor":2},{"not_picked":["bronze:Deprecate","bronze:Overheat"],"picked":"bronze:MaxOutput","floor":4},{"not_picked":["bronze:MaxOutput","bronze:FineTuning"],"picked":"bronze:Iterate","floor":5},{"not_picked":["bronze:Safeguard","bronze:BuggyMess"],"picked":"bronze:Iterate","floor":8},{"not_picked":["bronze:Invalidate","bronze:ItsAFeature"],"picked":"bronze:WhirlingStrike","floor":10},{"not_picked":["bronze:Allocate","bronze:Philosophize"],"picked":"bronze:DelayedGuard","floor":11},{"not_picked":["bronze:DarkDash","bronze:Philosophize"],"picked":"bronze:FineTuning","floor":12},{"not_picked":["bronze:Frontload","bronze:Branch"],"picked":"bronze:Format","floor":14},{"not_picked":["bronze:OilSpill","bronze:Allocate"],"picked":"bronze:BitShift","floor":15}],"player_experience":2005575,"relics_obtained":[{"floor":7,"key":"Shuriken"},{"floor":11,"key":"Art of War"}],"event_choices":[],"is_beta":false,"boss_relics":[],"items_purged_floors":[],"is_endless":false,"potions_floor_spawned":[5,8,15],"killed_by":"IC_STATUS_ARCHETYPE","ascension_level":0}}