{"host":"jscggscbx0p7706o","time":1611072773,"event":{"mods":["AchievementEnabler","BaseMod","Block Reminder","Colored Powertips","Filter the Spire","Minty Spire (QoL Compilation)","Permanent Neow","Quick Restart","StSLib"],"gold_per_floor":[111,38,53,53,68,81,81,105,105,132,34,59,59,70,70,70,70,70],"floor_reached":17,"language":"ENG","playtime":809,"items_purged":["Strike_P"],"score":137,"play_id":"d1586d4c-4eaf-4130-bdd9-3d35bc3325c7","local_time":"20210120001253","is_ascension_mode":true,"campfire_choices":[{"data":"Eruption","floor":7.0,"key":"SMITH"},{"floor":9.0,"key":"REST"},{"data":"Establishment","floor":13.0,"key":"SMITH"},{"data":"FlyingSleeves","floor":16.0,"key":"SMITH"}],"circlet_count":0,"master_deck":["Strike_P","Defend_P","Defend_P","Defend_P","Defend_P","Eruption+1","Vigilance","Establishment+1","Crescendo","Meditate","Protect","Protect","FlyingSleeves+1","Protect","Crescendo","Halt"],"relics":["PureWater","Odd Mushroom","Anchor","Omamori"],"acts_visited":["Exordium"],"potions_floor_usage":[17],"damage_taken":[{"damage":0.0,"enemies":"Small Slimes","floor":1.0,"turns":3.0},{"damage":3.0,"enemies":"Jaw Worm","floor":3.0,"turns":3.0},{"damage":1.0,"enemies":"Cultist","floor":5.0,"turns":4.0},{"damage":0.0,"enemies":"3 Louse","floor":6.0,"turns":4.0},{"damage":17.0,"enemies":"The Mushroom Lair","floor":8.0,"turns":11.0},{"damage":0.0,"enemies":"Lagavulin","floor":12.0,"turns":8.0},{"damage":0.0,"enemies":"Red Slaver","floor":14.0,"turns":4.0},{"damage":48,"enemies":"Hexaghost","floor":17,"turns":16}],"seed_played":"237051638714397748","potions_obtained":[{"floor":3.0,"key":"BlessingOfTheForge"},{"floor":12.0,"key":"BottledMiracle"},{"floor":14.0,"key":"SteroidPotion"}],"is_trial":false,"path_per_floor":["M","$","M","?","M","M","R","?","R","T","$","E","R","M","?","R","B"],"character_chosen":"WATCHER","items_purchased":["Meditate","Protect"],"campfire_rested":1,"item_purchase_floors":[2,11],"current_hp_per_floor":[51,51,48,41,40,40,40,23,44,44,44,44,44,44,44,44,0,0],"gold":70,"neow_bonus":"THREE_RARE_CARDS","is_daily":false,"chose_seed":false,"campfire_upgraded":3,"win_rate":0.0,"timestamp":1611072773,"path_taken":["M","$","M","?","M","M","R","?","R","T","?","E","R","?","?","R","BOSS"],"items_purchased_type":["Card","Card"],"build_version":"2020-12-22","purchased_purges":1,"victory":false,"max_hp_per_floor":[72,72,72,72,72,72,72,72,72,72,72,72,72,72,72,72,72,72],"card_choices":[{"not_picked":["Brilliance","Alpha"],"picked":"Establishment","floor":0.0},{"not_picked":["DeceiveReality","Indignation"],"picked":"Crescendo","floor":1.0},{"not_picked":["ThirdEye","Halt"],"picked":"Protect","floor":3.0},{"not_picked":["EmptyFist","WindmillStrike"],"picked":"Protect","floor":5.0},{"not_picked":["Tantrum","Evaluate"],"picked":"FlyingSleeves","floor":6.0},{"not_picked":["BowlingBash","Evaluate"],"picked":"Crescendo","floor":12.0},{"not_picked":["Wallop","EmptyFist"],"picked":"Halt","floor":14.0}],"player_experience":309817,"relics_obtained":[{"floor":8.0,"key":"Odd Mushroom"},{"floor":10.0,"key":"Anchor"},{"floor":12.0,"key":"Omamori"}],"event_choices":[{"cards_removed":["Strike_P"],"damage_healed":0.0,"max_hp_gain":0.0,"max_hp_loss":0.0,"gold_gain":0.0,"event_name":"Golden Wing","player_choice":"Card Removal","floor":4.0,"gold_loss":0.0,"damage_taken":7.0},{"damage_healed":0.0,"max_hp_gain":0.0,"max_hp_loss":0.0,"gold_gain":0.0,"event_name":"Mushrooms","player_choice":"Fought Mushrooms","floor":8.0,"gold_loss":0.0,"damage_taken":0.0},{"cards_removed":["Strike_P"],"damage_healed":0.0,"max_hp_gain":0.0,"max_hp_loss":0.0,"gold_gain":0.0,"event_name":"Purifier","player_choice":"Purged","floor":15.0,"gold_loss":0.0,"damage_taken":0.0}],"is_beta":false,"boss_relics":[],"items_purged_floors":[11],"is_endless":false,"potions_floor_spawned":[3,12,14],"killed_by":"Hexaghost","ascension_level":1}}