{"host":"x7xd4wkamhrqrrvw","time":1611100227,"event":{"mods":["AchievementEnabler","BaseMod","Minty Spire (QoL Compilation)","StSLib"],"gold_per_floor":[115,129,129,129,149,149,175,175,175,193,193,204,216,70,70,145,145,162,162,177,195,211,211,238,258,258,258,258,32,32,32,32,104,104,121,141,141,155,165,198,218,218,218],"floor_reached":42,"language":"ENG","playtime":2139,"items_purged":["Strike_B"],"score":811,"play_id":"e96d8841-269f-4578-be13-d1407f175501","local_time":"20210119215027","is_ascension_mode":true,"campfire_choices":[{"data":"Rebound","floor":6,"key":"SMITH"},{"floor":11,"key":"REST"},{"data":"Blizzard","floor":15,"key":"SMITH"},{"data":"Coolheaded","floor":23,"key":"SMITH"},{"data":"Capacitor","floor":30,"key":"SMITH"},{"data":"Coolheaded","floor":32,"key":"SMITH"}],"circlet_count":0,"master_deck":["AscendersBane","Strike_B","Strike_B","Defend_B+1","Defend_B","Defend_B","Defend_B+1","Zap","Rebound+1","Blizzard+1","Sweeping Beam","Coolheaded+1","Self Repair","FTL","Capacitor+1","Machine Learning","Coolheaded+1","Cold Snap","Chill","Glacier","Core Surge","Consume+1","Defragment"],"relics":["Runic Dome","War Paint","Mercury Hourglass","Blue Candle","Coffee Dripper","Darkstone Periapt","Pear","Medical Kit","Velvet Choker","Ornamental Fan"],"acts_visited":["Exordium","TheCity","TheBeyond"],"potions_floor_usage":[16,21,21,24,25,40,42],"damage_taken":[{"damage":9,"enemies":"2 Louse","floor":1,"turns":3},{"damage":2,"enemies":"Jaw Worm","floor":2,"turns":4},{"damage":0,"enemies":"Small Slimes","floor":5,"turns":4},{"damage":34,"enemies":"3 Sentries","floor":7,"turns":9},{"damage":11,"enemies":"Blue Slaver","floor":10,"turns":3},{"damage":5,"enemies":"Exordium Thugs","floor":12,"turns":4},{"damage":4,"enemies":"Looter","floor":13,"turns":3},{"damage":32,"enemies":"Hexaghost","floor":16,"turns":12},{"damage":11,"enemies":"Spheric Guardian","floor":18,"turns":5},{"damage":13,"enemies":"Chosen","floor":20,"turns":5},{"damage":1,"enemies":"3 Cultists","floor":21,"turns":5},{"damage":13,"enemies":"Snecko","floor":22,"turns":6},{"damage":35,"enemies":"Slavers","floor":24,"turns":4},{"damage":13,"enemies":"Sentry and Sphere","floor":25,"turns":4},{"damage":20,"enemies":"Colosseum Slavers","floor":28,"turns":5},{"damage":7,"enemies":"Champ","floor":33,"turns":20},{"damage":38,"enemies":"3 Darklings","floor":35,"turns":4},{"damage":8,"enemies":"3 Shapes","floor":36,"turns":6},{"damage":17,"enemies":"Jaw Worm Horde","floor":38,"turns":4},{"damage":7,"enemies":"Spire Growth","floor":39,"turns":6},{"damage":19,"enemies":"Nemesis","floor":40,"turns":11},{"damage":6,"enemies":"Writhing Mass","floor":41,"turns":8},{"damage":56,"enemies":"Reptomancer","floor":42,"turns":2}],"seed_played":"-5012573768850283645","potions_obtained":[{"floor":1,"key":"BlessingOfTheForge"},{"floor":13,"key":"FairyPotion"},{"floor":16,"key":"Fire Potion"},{"floor":18,"key":"SteroidPotion"},{"floor":22,"key":"Regen Potion"},{"floor":24,"key":"GamblersBrew"},{"floor":35,"key":"DuplicationPotion"},{"floor":39,"key":"Strength Potion"},{"floor":40,"key":"PotionOfCapacity"},{"floor":41,"key":"FocusPotion"}],"is_trial":false,"path_per_floor":["M","M","?","T","M","R","E","?","T","M","R","M","M","$","R","B",null,"M","?","M","M","M","R","E","M","T","T","?","$","R","$","R","B",null,"M","M","?","M","M","E","M","E"],"character_chosen":"DEFECT","items_purchased":["Capacitor","Glacier","Medical Kit"],"campfire_rested":1,"item_purchase_floors":[14,29,29],"current_hp_per_floor":[55,53,46,46,46,46,12,12,12,1,22,17,13,13,13,11,56,52,52,46,52,46,46,30,24,34,34,21,21,21,21,21,21,66,35,34,71,61,61,49,50,0,0],"gold":218,"neow_bonus":"BOSS_RELIC","is_daily":false,"chose_seed":false,"campfire_upgraded":5,"win_rate":0.0,"timestamp":1611100227,"path_taken":["M","M","?","?","M","R","E","?","T","M","R","M","M","$","R","BOSS","M","?","M","M","M","R","E","M","T","?","?","?","R","$","R","BOSS","M","M","?","M","M","E","M","E"],"items_purchased_type":["Card","Card","Relic"],"build_version":"2020-12-22","purchased_purges":1,"victory":false,"max_hp_per_floor":[71,71,71,71,71,71,71,71,71,71,71,71,71,71,71,71,71,71,71,71,71,71,71,71,71,81,81,81,81,81,81,81,81,81,81,81,71,71,71,71,71,71,71],"card_choices":[{"not_picked":["Hello World","Redo"],"picked":"Rebound","floor":1},{"not_picked":["Leap","Barrage"],"picked":"Blizzard","floor":2},{"not_picked":["Beam Cell","Conserve Battery","Double Energy"],"picked":"SKIP","floor":5},{"not_picked":["Fusion","Hologram"],"picked":"Sweeping Beam","floor":7},{"not_picked":["Lockon","Capacitor"],"picked":"Coolheaded","floor":10},{"not_picked":["Streamline","Fission"],"picked":"Self Repair","floor":12},{"not_picked":["Barrage","Ball Lightning"],"picked":"FTL","floor":13},{"not_picked":["Creative AI","Reboot"],"picked":"Machine Learning","floor":16},{"not_picked":["Gash","Consume"],"picked":"Coolheaded","floor":18},{"not_picked":["Gash","Hologram","Blizzard"],"picked":"SKIP","floor":20},{"not_picked":["Rip and Tear","Hologram"],"picked":"Cold Snap","floor":21},{"not_picked":["Barrage","Electrodynamics","Hello World"],"picked":"SKIP","floor":22},{"not_picked":["Go for the Eyes","Doom and Gloom"],"picked":"Chill","floor":24},{"not_picked":["Steam Power","Lockon+1","Compile Driver"],"picked":"SKIP","floor":25},{"not_picked":["Machine Learning","Amplify"],"picked":"Core Surge","floor":33},{"not_picked":["Sweeping Beam","White Noise","Go for the Eyes"],"picked":"SKIP","floor":35},{"not_picked":["Hologram","Self Repair","Stack"],"picked":"SKIP","floor":36},{"not_picked":["Stack","Compile Driver"],"picked":"Consume+1","floor":38},{"not_picked":["Steam","Go for the Eyes","Leap+1"],"picked":"SKIP","floor":39},{"not_picked":["Gash","Static Discharge","Amplify"],"picked":"SKIP","floor":40},{"not_picked":["Ball Lightning","Skim"],"picked":"Defragment","floor":41}],"player_experience":343853,"relics_obtained":[{"floor":4,"key":"War Paint"},{"floor":7,"key":"Mercury Hourglass"},{"floor":9,"key":"Blue Candle"},{"floor":24,"key":"Darkstone Periapt"},{"floor":26,"key":"Pear"},{"floor":40,"key":"Ornamental Fan"}],"event_choices":[{"cards_removed":["Dualcast"],"damage_healed":0,"gold_gain":0,"player_choice":"Card Removal","damage_taken":7,"max_hp_gain":0,"max_hp_loss":0,"event_name":"Golden Wing","floor":3,"gold_loss":0},{"damage_healed":0,"gold_gain":0,"player_choice":"Ignored","damage_taken":0,"max_hp_gain":0,"max_hp_loss":0,"event_name":"Golden Idol","floor":8,"gold_loss":0},{"cards_removed":["Strike_B"],"damage_healed":0,"gold_gain":0,"player_choice":"Elegance","damage_taken":0,"max_hp_gain":0,"max_hp_loss":0,"event_name":"Back to Basics","floor":19,"gold_loss":0},{"damage_healed":0,"gold_gain":0,"player_choice":"Fight","damage_taken":0,"max_hp_gain":0,"max_hp_loss":0,"event_name":"Colosseum","floor":28,"gold_loss":0},{"damage_healed":0,"gold_gain":0,"player_choice":"Fled From Nobs","damage_taken":0,"max_hp_gain":0,"max_hp_loss":0,"event_name":"Colosseum","floor":28,"gold_loss":0},{"damage_healed":71,"gold_gain":0,"player_choice":"Heal","damage_taken":0,"max_hp_gain":0,"max_hp_loss":10,"event_name":"The Moai Head","floor":37,"gold_loss":0}],"is_beta":false,"boss_relics":[{"not_picked":["Nuclear Battery","Sozu"],"picked":"Coffee Dripper"},{"not_picked":["Black Star","Tiny House"],"picked":"Velvet Choker"}],"items_purged_floors":[14],"is_endless":false,"potions_floor_spawned":[1,13,16,18,22,24,35,39,40,41],"killed_by":"Reptomancer","ascension_level":14}}