{"host":"e6sgj53qqwx3piqv","time":1611099000,"event":{"mods":["AchievementEnabler","Aspiration","BaseMod","BetterRewards","Colored Powertips","Downfall","Hermit","Highlight Path","Hubris","Infinite Spire","Minty Spire (QoL Compilation)","Quick Restart","Rare Cards Sparkle","Shop Mod","StSLib","The Cursed","The Disciple","The Jungle","The Runesmith"],"gold_per_floor":[115,22,38,38,38,38,78,98,148,184,207,225,225,272,272,406,406,439,464,424,139,168,198,198,198,222,250,50,78,112,136,136,268,268,301,323,395,422,454,503,503,503,503,551,581,581,11,35,35,35],"floor_reached":51,"language":"ENG","playtime":2675,"items_purged":[],"score":946,"play_id":"738b28e2-600d-4b39-baa8-2a23889ba767","local_time":"20210119183000","is_ascension_mode":false,"campfire_choices":[{"data":"ForeignInfluence","floor":6,"key":"SMITH"},{"data":"PathToVictory","floor":15,"key":"SMITH"},{"data":"Devotion","floor":24,"key":"SMITH"},{"data":"PathToVictory","floor":32,"key":"SMITH"},{"floor":42,"key":"REST"},{"data":"Vault","floor":42,"key":"SMITH"},{"floor":46,"key":"REST"},{"data":"Judgement","floor":46,"key":"SMITH"},{"floor":49,"key":"REST"},{"data":"PathToVictory","floor":49,"key":"SMITH"}],"circlet_count":0,"master_deck":["Strike_P","Strike_P","Strike_P","Strike_P","Defend_P","Defend_P","Defend_P","Defend_P","Eruption","Vigilance","ForeignInfluence+1","Dark Shackles","BattleHymn","EmptyFist+1","PathToVictory+1","MentalFortress","Prostrate","Sanctity","Devotion+1","DeusExMachina","WheelKick+1","FollowUp","FlurryOfBlows","Vengeance","Panache","Pray","Swivel","CarveReality","Ragnarok","Prostrate","EmptyBody","Evaluate","LessonLearned","PathToVictory+1","Vault+1","Weave+1","WheelKick+1","PathToVictory+1","Parasite","Halt+1","WheelKick","Judgement+1","EmptyFist+1","PathToVictory+1","FlurryOfBlows+1"],"relics":["PureWater","NeowsBlessing","Golden Idol","Shuriken","Anchor","Bag of Preparation","CeramicFish","Odd Mushroom","Philosopher\u0027s Stone","Pear","Nunchaku","hubris:ScarierMask","infinitespire:Magic Flask","Strawberry","hubris:TenFootPole","Bottled Flame","Damaru","aspiration:KaomsHeart"],"acts_visited":["Exordium","TheCity","TheBeyond"],"potions_floor_usage":[16,40,40,40,50],"damage_taken":[{"damage":0,"enemies":"Cultist","floor":1,"turns":1},{"damage":0,"enemies":"Jaw Worm","floor":3,"turns":1},{"damage":0,"enemies":"Gremlin Nob","floor":7,"turns":1},{"damage":0,"enemies":"2 Louse","floor":8,"turns":1},{"damage":18,"enemies":"Lagavulin","floor":10,"turns":4},{"damage":4,"enemies":"Gremlin Gang","floor":11,"turns":4},{"damage":1,"enemies":"Exordium Wildlife","floor":12,"turns":4},{"damage":9,"enemies":"The Mushroom Lair","floor":14,"turns":5},{"damage":1,"enemies":"Slime Boss","floor":16,"turns":8},{"damage":19,"enemies":"3 Byrds","floor":18,"turns":5},{"damage":0,"enemies":"Spheric Guardian","floor":19,"turns":3},{"damage":0,"enemies":"Centurion and Healer","floor":22,"turns":4},{"damage":11,"enemies":"Snake Plant","floor":23,"turns":4},{"damage":5,"enemies":"3 Cultists","floor":27,"turns":3},{"damage":0,"enemies":"Sentry and Sphere","floor":29,"turns":3},{"damage":0,"enemies":"Cultist and Chosen","floor":30,"turns":3},{"damage":2,"enemies":"3 Cultists","floor":31,"turns":4},{"damage":18,"enemies":"hubris:MusketHawk","floor":33,"turns":6},{"damage":0,"enemies":"3 Shapes","floor":35,"turns":2},{"damage":0,"enemies":"3 Darklings","floor":36,"turns":3},{"damage":9,"enemies":"Mind Bloom Boss Battle","floor":37,"turns":6},{"damage":16,"enemies":"Writhing Mass","floor":39,"turns":5},{"damage":28,"enemies":"Reptomancer","floor":40,"turns":4},{"damage":16,"enemies":"Nemesis","floor":44,"turns":6},{"damage":0,"enemies":"Sphere and 2 Shapes","floor":45,"turns":1},{"damage":2,"enemies":"3 Darklings","floor":48,"turns":2},{"damage":124,"enemies":"Awakened One","floor":50,"turns":8}],"seed_played":"2042765351128705022","potions_obtained":[{"floor":1,"key":"SkillPotion"},{"floor":3,"key":"StancePotion"},{"floor":12,"key":"AttackPotion"},{"floor":16,"key":"Fruit Juice"},{"floor":19,"key":"AttackPotion"},{"floor":48,"key":"DistilledChaos"}],"is_trial":false,"path_per_floor":["M","$","M","?","?","R","E","M","T","E","M","M","T","?","R","B",null,"M","M","?","$","M","M","R","T","T","M","$","M","M","M","R","B",null,"M","M","?","T","M","E","?","R","T","E","M","R","$","M","R","B",null],"character_chosen":"WATCHER","items_purchased":["Dark Shackles","FlurryOfBlows","Vengeance","Panache","Ragnarok","Prostrate","EmptyBody","PathToVictory","aspiration:KaomsHeart"],"campfire_rested":3,"item_purchase_floors":[2,21,21,21,28,28,28,47,47],"current_hp_per_floor":[72,72,72,54,61,61,61,61,61,43,39,38,38,29,29,33,77,58,58,58,58,58,47,47,57,57,52,52,52,52,50,50,32,87,87,87,78,85,69,41,41,69,69,53,53,81,181,179,194,70],"gold":35,"neow_bonus":"THREE_ENEMY_KILL","is_daily":false,"chose_seed":false,"campfire_upgraded":7,"win_rate":0.0,"timestamp":1611099000,"path_taken":["M","$","?","?","?","R","E","?","T","E","M","M","?","?","R","BOSS","M","M","?","$","?","M","R","?","T","?","?","M","M","?","R","BOSS","M","M","?","?","M","E","?","R","T","E","M","R","$","M","R","BOSS"],"items_purchased_type":["Card","Card","Card","Card","Card","Card","Card","Card","Relic"],"build_version":"2020-12-22","purchased_purges":0,"victory":true,"max_hp_per_floor":[72,72,72,72,72,72,72,72,72,72,72,72,72,72,72,77,77,77,77,77,77,77,77,77,87,87,87,87,87,87,87,87,87,87,87,87,87,94,94,94,94,94,94,94,94,94,194,194,194,194],"card_choices":[{"not_picked":["EmptyBody","FearNoEvil"],"picked":"ForeignInfluence","floor":1},{"not_picked":["Conclude","SashWhip"],"picked":"BattleHymn","floor":3},{"not_picked":["Swivel","Consecrate"],"picked":"EmptyFist","floor":7},{"not_picked":["Pray","Consecrate"],"picked":"PathToVictory","floor":8},{"not_picked":["Consecrate","FlurryOfBlows"],"picked":"MentalFortress","floor":10},{"not_picked":["SashWhip","SandsOfTime"],"picked":"Prostrate","floor":11},{"not_picked":["ThirdEye","CrushJoints"],"picked":"Sanctity","floor":12},{"not_picked":["BattleHymn","JustLucky"],"picked":"Devotion","floor":14},{"not_picked":["Brilliance","LessonLearned"],"picked":"DeusExMachina","floor":16},{"not_picked":["Protect+1","TalkToTheHand+1"],"picked":"WheelKick","floor":18},{"not_picked":["BowlingBash","SashWhip+1"],"picked":"FollowUp","floor":19},{"not_picked":["ClearTheMind+1","EmptyFist"],"picked":"Pray","floor":22},{"not_picked":["Protect","WindmillStrike"],"picked":"Swivel","floor":23},{"not_picked":["Crescendo","Sanctity"],"picked":"CarveReality","floor":27},{"not_picked":["SandsOfTime","Sanctity"],"picked":"Evaluate","floor":29},{"not_picked":["BowlingBash","Halt"],"picked":"LessonLearned","floor":30},{"not_picked":["Evaluate+1","Perseverance"],"picked":"PathToVictory","floor":31},{"not_picked":["Wish","DevaForm"],"picked":"Vault","floor":33},{"not_picked":["CrushJoints+1","TalkToTheHand+1"],"picked":"Weave+1","floor":35},{"not_picked":["CrushJoints+1","Halt"],"picked":"WheelKick+1","floor":36},{"not_picked":["EmptyBody+1","Collect"],"picked":"PathToVictory+1","floor":37},{"not_picked":["EmptyFist","Pray"],"picked":"Halt+1","floor":39},{"not_picked":["Collect+1","EmptyFist"],"picked":"WheelKick","floor":40},{"not_picked":["PathToVictory+1","Nirvana+1"],"picked":"Judgement","floor":44},{"not_picked":["Halt+1","InnerPeace"],"picked":"EmptyFist+1","floor":45},{"not_picked":["JustLucky+1","Ragnarok"],"picked":"FlurryOfBlows+1","floor":48}],"player_experience":183130,"relics_obtained":[{"floor":7,"key":"Shuriken"},{"floor":9,"key":"Anchor"},{"floor":10,"key":"Bag of Preparation"},{"floor":13,"key":"CeramicFish"},{"floor":14,"key":"Odd Mushroom"},{"floor":25,"key":"Pear"},{"floor":26,"key":"Nunchaku"},{"floor":37,"key":"infinitespire:Magic Flask"},{"floor":38,"key":"Strawberry"},{"floor":40,"key":"hubris:TenFootPole"},{"floor":43,"key":"Bottled Flame"},{"floor":44,"key":"Damaru"}],"event_choices":[{"damage_healed":0,"gold_gain":0,"player_choice":"Take Damage","damage_taken":18,"relics_obtained":["Golden Idol"],"max_hp_gain":0,"max_hp_loss":0,"event_name":"Golden Idol","floor":4,"gold_loss":0},{"damage_healed":0,"gold_gain":0,"player_choice":"Fought Mushrooms","damage_taken":0,"max_hp_gain":0,"max_hp_loss":0,"event_name":"Mushrooms","floor":14,"gold_loss":0},{"damage_healed":0,"gold_gain":0,"player_choice":"Upgraded Two","damage_taken":0,"max_hp_gain":0,"max_hp_loss":0,"event_name":"Designer","floor":20,"gold_loss":40,"cards_upgraded":["WheelKick","EmptyFist"]},{"damage_healed":0,"gold_gain":0,"player_choice":"Fight","damage_taken":0,"max_hp_gain":0,"max_hp_loss":0,"event_name":"MindBloom","floor":37,"gold_loss":0},{"damage_healed":0,"gold_gain":0,"player_choice":"Ignored","damage_taken":0,"max_hp_gain":0,"max_hp_loss":0,"event_name":"Purifier","floor":41,"gold_loss":0}],"is_beta":false,"boss_relics":[{"not_picked":["hubris:GrandSneckoEye","aspiration:RunicSpoon"],"picked":"Philosopher\u0027s Stone"},{"not_picked":["bronze:MakeshiftBattery","Fusion Hammer"],"picked":"hubris:ScarierMask"}],"items_purged_floors":[],"is_endless":false,"potions_floor_spawned":[1,3,12,16,19,23,27,30,33,37,39,48],"ascension_level":0}}