{"host":"b5mzvg96njlg7ry9","time":1611059057,"event":{"mods":["AlwaysNeverKeys","BaseMod","Colored Map","Colored Powertips","Downfall","Highlight Path","Minty Spire (QoL Compilation)","Quick Restart","Relic Sorter","StSLib","SuperFastMode","everything is the same but u backflip on backflip"],"gold_per_floor":[99,109,122,572,587,180,180,199,99,119,4,21,48,161,178,278,278,78,93,111,111,111,145,145,145,158,178,216,227,52,70,83,182,182,182,232,232,249,365,365,365,418,418,433,467,742,742,768,780,780,780,813,399,399,399,399],"floor_reached":57,"language":"ENG","playtime":4709,"items_purged":["downfall:Icky","bronze:Strike","bronze:Strike","bronze:Strike","bronze:Strike","bronze:Defend","bronze:Defend"],"score":1409,"play_id":"dbbac174-075f-443d-8371-8a832ddd44bb","local_time":"20210119132417","is_ascension_mode":false,"campfire_choices":[{"data":"bronze:Replicate","floor":1,"key":"SMITH"},{"data":"bronze:Repulsor","floor":9,"key":"SMITH"},{"data":"bronze:Goto","floor":18,"key":"SMITH"},{"data":"bronze:Mutator","floor":35,"key":"SMITH"},{"data":"bronze:FineTuning","floor":43,"key":"SMITH"},{"floor":47,"key":"DIG"},{"data":"bronze:HardenedForm","floor":54,"key":"SMITH"}],"circlet_count":0,"master_deck":["bronze:Defend","bronze:Defend","bronze:Replicate+1","bronze:Goto+1","bronze:Shell","downfall:Icky","downfall:Icky","bronze:ChosenStrike","bronze:Repulsor+1","bronze:Optimize","bronze:Virus","bronze:ForceShield","bronze:FineTuning+1","bronze:Verify","CurseOfTheBell","bronze:Repair","bronze:Mutator+1","expansioncontent:Chronoboost","downfall:Haunted","Regret","bronze:BronzeOrb+1","bronze:HardenedForm+1"],"relics":["bronze:BronzeCore","Bottled Lightning","Du-Vu Doll","downfall:HeartBlessingRed","Vajra","Meat on the Bone","Calling Bell","Bronze Scales","Shuriken","champ:DeflectingBracers","downfall:HeartBlessingGreen","downfall:HeartBlessingBlue","Mummified Hand","Strawberry","Darkstone Periapt","hexamod:BolsterEngine","Cursed Key","Pocketwatch","Membership Card","Question Card","bronze:BottledCode","Mercury Hourglass","Gambling Chip","Shovel","Dream Catcher","Mango","Orichalcum","Lee\u0027s Waffle","Ginger","Bag of Marbles"],"acts_visited":["Exordium","TheCity","TheBeyond","TheEnding"],"potions_floor_usage":[10,15,16,16,25,26,28,50,50,55],"damage_taken":[{"damage":0,"enemies":"Small Slimes","floor":2,"turns":3},{"damage":1,"enemies":"Cultist","floor":3,"turns":3},{"damage":3,"enemies":"2 Louse","floor":5,"turns":3},{"damage":5,"enemies":"downfall:FleeingMerchant","floor":6,"turns":4},{"damage":1,"enemies":"2 Fungi Beasts","floor":8,"turns":2},{"damage":12,"enemies":"Large Slime","floor":10,"turns":4},{"damage":5,"enemies":"downfall:FleeingMerchant","floor":11,"turns":4},{"damage":13,"enemies":"3 Louse","floor":12,"turns":4},{"damage":17,"enemies":"3 Sentries","floor":13,"turns":6},{"damage":15,"enemies":"downfall:FleeingMerchant","floor":14,"turns":4},{"damage":0,"enemies":"Red Slaver","floor":15,"turns":2},{"damage":7,"enemies":"WA_ARCHETYPE_RETAIN","floor":16,"turns":4},{"damage":0,"enemies":"3 Byrds","floor":19,"turns":2},{"damage":10,"enemies":"Shell Parasite","floor":20,"turns":2},{"damage":6,"enemies":"Book of Stabbing","floor":23,"turns":2},{"damage":15,"enemies":"Snake Plant","floor":26,"turns":2},{"damage":12,"enemies":"Centurion and Healer","floor":27,"turns":3},{"damage":29,"enemies":"downfall:FleeingMerchant","floor":28,"turns":3},{"damage":0,"enemies":"Chosen and Byrds","floor":29,"turns":2},{"damage":0,"enemies":"Snecko","floor":31,"turns":3},{"damage":8,"enemies":"Centurion and Healer","floor":32,"turns":2},{"damage":5,"enemies":"SI_MIRROR_ARCHETYPE","floor":33,"turns":4},{"damage":0,"enemies":"SI_MIRROR_ARCHETYPE","floor":36,"turns":4},{"damage":13,"enemies":"3 Shapes","floor":38,"turns":3},{"damage":15,"enemies":"2 Orb Walkers","floor":42,"turns":3},{"damage":7,"enemies":"3 Darklings","floor":44,"turns":4},{"damage":42,"enemies":"Reptomancer","floor":45,"turns":3},{"damage":4,"enemies":"Nemesis","floor":48,"turns":3},{"damage":0,"enemies":"Maw","floor":49,"turns":3},{"damage":19,"enemies":"IC_BLOCK_ARCHETYPE","floor":50,"turns":6},{"damage":124,"enemies":"downfall:CharBossMerchant","floor":52,"turns":7},{"damage":0,"enemies":"downfall:NeowBoss","floor":55,"turns":7},{"damage":16,"enemies":"downfall:NeowBossFinal","floor":56,"turns":7}],"seed_played":"6723087855858135291","potions_obtained":[{"floor":8,"key":"Weak Potion"},{"floor":10,"key":"SpeedPotion"},{"floor":12,"key":"FearPotion"},{"floor":13,"key":"sneckomod:MuddlingPotion"},{"floor":16,"key":"CultistPotion"},{"floor":23,"key":"ColorlessPotion"},{"floor":25,"key":"Fruit Juice"},{"floor":25,"key":"Strength Potion"},{"floor":27,"key":"bronze:BurnAndBuffPotion"},{"floor":31,"key":"bronze:CleanCodePotion"},{"floor":38,"key":"SpeedPotion"}],"is_trial":false,"path_per_floor":["R","M","M","?","M","$","T","M","R","M","$","M","E","$","M","B",null,"R","M","M","?","?","E","T","?","M","M","$","M","$","M","M","B",null,"R","?","?","M","$","?","T","?","R","M","E","?","R","E","M","B",null,"E","$","R","B","B",null],"character_chosen":"THE_AUTOMATON","items_purchased":["bronze:Repulsor","Bottled Lightning","Meat on the Bone","hexamod:BolsterEngine","Membership Card","Question Card","Lee\u0027s Waffle","Ginger","Bag of Marbles"],"campfire_rested":0,"item_purchase_floors":[6,6,14,28,39,39,53,53,53],"current_hp_per_floor":[77,77,76,76,73,68,68,67,67,55,50,37,20,5,17,22,77,87,87,77,77,77,78,78,83,68,56,39,51,51,51,55,57,99,99,99,99,96,96,89,95,80,80,84,54,60,60,77,84,72,115,13,122,122,122,108],"gold":399,"neow_bonus":"TEN_PERCENT_HP_BONUS","is_daily":false,"chose_seed":false,"campfire_upgraded":6,"win_rate":0.0,"timestamp":1611059057,"path_taken":["R","M","M","?","M","$","T","M","R","M","$","M","E","$","M","BOSS","R","M","M","?","?","E","T","?","?","M","$","M","?","M","M","BOSS","R","?","?","M","$","?","T","?","R","M","E","?","R","E","M","BOSS","E","$","R","BOSS","BOSS"],"items_purchased_type":["Card","Relic","Relic","Relic","Relic","Relic","Relic","Relic","Relic"],"build_version":"2020-12-22","purchased_purges":7,"victory":true,"max_hp_per_floor":[77,77,77,77,77,77,77,77,77,77,77,77,77,77,77,77,77,87,87,87,87,87,94,94,99,99,99,99,99,99,99,99,99,99,99,99,99,99,99,89,95,95,95,95,95,101,101,115,115,115,115,115,122,122,122,122],"card_choices":[{"not_picked":["bronze:Turbo","bronze:Iterate","bronze:Frontload"],"picked":"SKIP","floor":2},{"not_picked":["bronze:Iterate","bronze:WildBeam"],"picked":"bronze:Shell","floor":3},{"not_picked":["bronze:Frontload","bronze:Invalidate"],"picked":"bronze:ChosenStrike","floor":5},{"not_picked":["bronze:Deprecate","bronze:ChildClass","bronze:CloningBeam"],"picked":"SKIP","floor":6},{"not_picked":["bronze:BurnOut","bronze:DigitalCarnage","bronze:Invalidate"],"picked":"SKIP","floor":8},{"not_picked":["bronze:CloningBeam","bronze:BronzeArmor","bronze:Philosophize"],"picked":"SKIP","floor":10},{"not_picked":["bronze:Deprecate","bronze:BugBarrage"],"picked":"bronze:Optimize","floor":11},{"not_picked":["bronze:BugBarrage","bronze:WildBeam","bronze:WhirlingStrike"],"picked":"SKIP","floor":12},{"not_picked":["bronze:Iterate","bronze:Overheat"],"picked":"bronze:Virus","floor":13},{"not_picked":["bronze:Optimize","bronze:BugBarrage"],"picked":"bronze:ForceShield","floor":14},{"not_picked":["bronze:Deprecate","bronze:Branch"],"picked":"bronze:FineTuning","floor":15},{"not_picked":["bronze:FindAndReplace","bronze:CleanCode"],"picked":"bronze:Verify","floor":16},{"not_picked":["bronze:NullPointer","bronze:BitShift+1","bronze:Fortify"],"picked":"SKIP","floor":19},{"not_picked":["bronze:Iterate","bronze:Frontload","bronze:WildBeam+1"],"picked":"SKIP","floor":20},{"not_picked":["bronze:NullPointer+1","bronze:DelayedSlice","bronze:Allocate"],"picked":"SKIP","floor":23},{"not_picked":["bronze:Invalidate","bronze:Return","bronze:Turbo"],"picked":"SKIP","floor":26},{"not_picked":["bronze:MaxOutput","bronze:Flail","bronze:FineTuning+1"],"picked":"SKIP","floor":27},{"not_picked":["bronze:Overheat","bronze:CutThrough+1","bronze:BitShift+1"],"picked":"SKIP","floor":28},{"not_picked":["bronze:ChosenStrike","bronze:Deprecate+1","bronze:CutThrough+1"],"picked":"SKIP","floor":29},{"not_picked":["bronze:BurnOut","bronze:CutThrough","bronze:Optimize"],"picked":"SKIP","floor":31},{"not_picked":["bronze:Return","bronze:Fortify"],"picked":"bronze:Repair","floor":32},{"not_picked":["bronze:FindAndReplace","bronze:Assembly"],"picked":"bronze:Mutator","floor":33},{"not_picked":["expansioncontent:AwakenDeath","expansioncontent:PolyBeam"],"picked":"expansioncontent:Chronoboost","floor":37},{"not_picked":["bronze:BugBarrage+1","bronze:DelayedSlice+1","bronze:ForLoop+1"],"picked":"SKIP","floor":38},{"not_picked":["bronze:DelayedGuard","bronze:ItsAFeature","bronze:BuggyMess+1","bronze:Boost+1"],"picked":"SKIP","floor":44},{"not_picked":["bronze:BurnOut","bronze:SpaghettiCode","bronze:ClassDefault","bronze:Shield+1"],"picked":"SKIP","floor":45},{"not_picked":["bronze:BuggyMess","bronze:GetLatest","bronze:Turbo"],"picked":"bronze:BronzeOrb+1","floor":48},{"not_picked":["bronze:WildBeam","bronze:Deprecate+1","bronze:BuggyMess","bronze:OilSpill"],"picked":"SKIP","floor":49},{"not_picked":["bronze:OilSpill","bronze:Overheat","bronze:Return+1"],"picked":"bronze:HardenedForm","floor":52}],"player_experience":807404,"relics_obtained":[{"floor":7,"key":"Du-Vu Doll"},{"floor":13,"key":"Vajra"},{"floor":17,"key":"Bronze Scales"},{"floor":17,"key":"Shuriken"},{"floor":17,"key":"champ:DeflectingBracers"},{"floor":23,"key":"Strawberry"},{"floor":24,"key":"Darkstone Periapt"},{"floor":36,"key":"Pocketwatch"},{"floor":41,"key":"Mercury Hourglass"},{"floor":42,"key":"Gambling Chip"},{"floor":45,"key":"Shovel"},{"floor":47,"key":"Dream Catcher"},{"floor":48,"key":"Mango"},{"floor":52,"key":"Orichalcum"}],"event_choices":[{"damage_healed":0,"gold_gain":0,"player_choice":"Ignored","damage_taken":0,"max_hp_gain":0,"max_hp_loss":0,"event_name":"Vampires","floor":22,"gold_loss":0},{"damage_healed":0,"gold_gain":0,"player_choice":"Got Potions","damage_taken":0,"max_hp_gain":0,"max_hp_loss":0,"event_name":"Lab","floor":25,"gold_loss":0},{"damage_healed":0,"gold_gain":0,"player_choice":"Fight","damage_taken":0,"max_hp_gain":0,"max_hp_loss":0,"event_name":"Mysterious Sphere","floor":42,"gold_loss":0}],"is_beta":false,"boss_relics":[{"not_picked":["Velvet Choker","SlaversCollar"],"picked":"Calling Bell"},{"not_picked":["Fusion Hammer","Empty Cage"],"picked":"Cursed Key"}],"items_purged_floors":[6,11,14,28,30,39,53],"is_endless":false,"potions_floor_spawned":[8,10,12,13,16,23,27,31,32,38,45,48],"ascension_level":0}}