{"host":"6ayekdpky30mcb5q","time":1611030331,"event":{"mods":["Act Like it!","Bard","BaseMod","Colored Map","GifTheSpireLib","Gremlin Mod","Hallownest","Hermit","Hero for Fun","Highlight Path","Jorbs\u0027s Wanderer Trilogy","Minty Spire (QoL Compilation)","StSLib","The Bladedancer","The Bug Knight","The Disciple","The Forsaken","WoW Paladin Mod"],"gold_per_floor":[114,133,149,160,176,203,278,65,65,83,83,83,97,97,97,192,192,206,14,14,27,37,37,52,52,79,79,79,97,115,115,115,220,220,233,244,254,102,119,119,169,202,202,202,0,0,0,18,18,18,18,18,18,48,48,48],"floor_reached":55,"language":"ENG","playtime":8439,"items_purged":["theForsaken:PlagueCurse"],"score":726,"play_id":"75baa942-f5a6-46bd-aee7-75445c349a11","local_time":"20210118222531","is_ascension_mode":false,"campfire_choices":[{"floor":11,"key":"REST"},{"data":"Analog","floor":15,"key":"SMITH"},{"data":"Grave","floor":23,"key":"SMITH"},{"data":"WatchCommand","floor":25,"key":"SMITH"},{"data":"LockedThread","floor":27,"key":"SMITH"},{"data":"Accruing","floor":32,"key":"SMITH"},{"floor":40,"key":"RECALL"},{"data":"1","floor":44,"key":"LIFT"},{"data":"2","floor":47,"key":"LIFT"},{"floor":49,"key":"REST"},{"data":"Flay","floor":52,"key":"SMITH"}],"circlet_count":0,"master_deck":["Strike_Br","Strike_Br","Strike_Br","Strike_Br","Defend_Br","Defend_Br","Defend_Br+1","Defend_Br","SecondHand+1","PatternShift","LockedThread+1","LockedBlood","WindUp","Analog+1","Grave+1","MasterKey","LockedAnchor+1","BiteCommand","Allegro","Engulf","OracleForm","ExoVibe+31","WatchCommand+1","BlueShift","LockedBlood+1","Goo+21","Accruing+1","HandsUpB","Flay+1","Echoward","LockedMercury+1","HandsUpB","stsjorbsmod:ArcaneWeapon+1","Sadistic Nature","Gremlin:Jeer+1","Gremlin:InfiniteBlocks+1"],"relics":["Chronograph","Bag of Preparation","Oddly Smooth Stone","Orichalcum","Runic Pyramid","Membership Card","theForsaken:PlagueMask","Happy Flower","PrismaticShard","Girya","Akabeko","Red Mask","Ornamental Fan"],"acts_visited":["Exordium","TheCity","TheBeyond","TheEnding"],"potions_floor_usage":[2,10,50,55,55],"damage_taken":[{"damage":1,"enemies":"Cultist","floor":1,"turns":5},{"damage":2,"enemies":"Small Slimes","floor":2,"turns":5},{"damage":0,"enemies":"2 Louse","floor":3,"turns":5},{"damage":3,"enemies":"Looter","floor":4,"turns":4},{"damage":2,"enemies":"Blue Slaver","floor":5,"turns":6},{"damage":46,"enemies":"Lagavulin","floor":6,"turns":10},{"damage":3,"enemies":"2 Fungi Beasts","floor":10,"turns":7},{"damage":0,"enemies":"3 Louse","floor":13,"turns":6},{"damage":10,"enemies":"The Guardian","floor":16,"turns":12},{"damage":23,"enemies":"3 Byrds","floor":18,"turns":7},{"damage":0,"enemies":"Chosen","floor":21,"turns":8},{"damage":6,"enemies":"Centurion and Healer","floor":22,"turns":11},{"damage":6,"enemies":"Snake Plant","floor":24,"turns":8},{"damage":5,"enemies":"Snecko","floor":29,"turns":7},{"damage":4,"enemies":"3 Cultists","floor":30,"turns":6},{"damage":3,"enemies":"Champ","floor":33,"turns":13},{"damage":13,"enemies":"Orb Walker","floor":35,"turns":5},{"damage":14,"enemies":"3 Darklings","floor":36,"turns":5},{"damage":0,"enemies":"Writhing Mass","floor":37,"turns":10},{"damage":0,"enemies":"Spire Growth","floor":39,"turns":7},{"damage":0,"enemies":"Mind Bloom Boss Battle","floor":41,"turns":10},{"damage":52,"enemies":"Reptomancer","floor":42,"turns":9},{"damage":0,"enemies":"Jaw Worm Horde","floor":48,"turns":5},{"damage":48,"enemies":"Donu and Deca","floor":50,"turns":12},{"damage":20,"enemies":"Shield and Spear","floor":54,"turns":9},{"damage":67,"enemies":"The Heart","floor":55,"turns":5}],"seed_played":"1237500286848738957","potions_obtained":[{"floor":1,"key":"EntropicBrew"},{"floor":10,"key":"Fruit Juice"},{"floor":18,"key":"SpeedPotion"},{"floor":54,"key":"Fire Potion"}],"is_trial":false,"path_per_floor":["M","M","M","M","M","E","?","$","T","M","R","?","M","?","R","B",null,"M","$","?","M","M","R","M","R","T","R","?","M","M","?","R","B",null,"M","M","M","$","M","R","?","E","T","R","?","?","R","M","R","B",null,"R","$","E","B"],"character_chosen":"CHRONO_CLASS","items_purchased":["Oddly Smooth Stone","LockedAnchor","BiteCommand","Membership Card","WatchCommand","DuplicationPotion","PrismaticShard"],"campfire_rested":2,"item_purchase_floors":[8,8,8,19,19,38,38],"current_hp_per_floor":[70,68,71,68,71,25,14,14,14,22,44,44,50,35,35,31,76,59,59,59,65,65,65,74,74,74,74,74,76,76,76,76,76,76,72,58,73,73,76,76,76,39,39,39,39,39,39,41,63,30,76,76,76,66,0,0],"gold":48,"neow_bonus":"TEN_PERCENT_HP_BONUS","is_daily":false,"chose_seed":false,"campfire_upgraded":6,"win_rate":0.0,"timestamp":1611030331,"path_taken":["M","?","M","M","?","E","?","$","T","M","R","?","?","?","R","BOSS","M","$","?","M","M","R","M","R","T","R","?","M","M","?","R","BOSS","M","M","M","$","M","R","?","E","T","R","?","?","R","M","R","BOSS","R","$","E","BOSS"],"items_purchased_type":["Relic","Card","Card","Relic","Card","Potion","Relic"],"build_version":"2020-12-22","purchased_purges":1,"victory":false,"max_hp_per_floor":[71,71,71,71,71,71,71,71,71,76,76,76,76,76,76,76,76,76,76,76,76,76,76,76,76,76,76,76,76,76,76,76,76,76,76,76,76,76,76,76,76,76,76,76,76,76,76,76,76,76,76,76,76,76,76,76],"card_choices":[{"not_picked":["VestedLegacy","Stagnate"],"picked":"LockedThread","floor":1},{"not_picked":["Backlash","LockedMedicine"],"picked":"LockedBlood","floor":2},{"not_picked":["LockedBlood","CrunchTime"],"picked":"WindUp","floor":3},{"not_picked":["LockedWarPaint","ExoVibe"],"picked":"Analog","floor":4},{"not_picked":["CrunchTime","DaylightSavings"],"picked":"Tempo","floor":5},{"not_picked":["Echoward","PrimeTime"],"picked":"MasterKey","floor":6},{"not_picked":["Echoward","LockedBlood"],"picked":"Tempo","floor":10},{"not_picked":["Parity","PrimeTime"],"picked":"Engulf","floor":13},{"not_picked":["Echonomics","LockedAstrolabe"],"picked":"OracleForm","floor":16},{"not_picked":["LockedScales+1","Echoward"],"picked":"ExoVibe+1","floor":18},{"not_picked":["Cuckoo","ReapSow"],"picked":"BlueShift","floor":21},{"not_picked":["LockedWarPaint","WakeUpCall+1"],"picked":"LockedBlood+1","floor":22},{"not_picked":["BiteCommand+1","LockedAnchor"],"picked":"Goo+1","floor":24},{"not_picked":["ExoVibe","LockedUrn"],"picked":"Accruing","floor":29},{"not_picked":["PrimeTime","WindUp","LockedAnchor"],"picked":"SKIP","floor":30},{"not_picked":["OverTime","LockedLightning"],"picked":"Flay","floor":33},{"not_picked":["PrimeTime","Engulf"],"picked":"Echoward","floor":35},{"not_picked":["LockedMawBank","SlimeSpray"],"picked":"LockedMercury+1","floor":36},{"not_picked":["ExoVibe","LockedWarPaint+1"],"picked":"HandsUpB","floor":37},{"not_picked":["Well Laid Plans+1","bard:QuickSong+1","blademaster:AwakeningDefend+1"],"picked":"SKIP","floor":39},{"not_picked":["bard:FirstStrike","stsjorbsmod:DisguiseSelf"],"picked":"stsjorbsmod:ArcaneWeapon+1","floor":41},{"not_picked":["theForsaken:PanicDive+1","LockedLightning","LockedPlans"],"picked":"SKIP","floor":42},{"not_picked":["Thinking Ahead","Master of Strategy"],"picked":"Sadistic Nature","floor":46},{"not_picked":["Heel Hook","HollowMod:HeavyBlow"],"picked":"Gremlin:Jeer+1","floor":48},{"not_picked":["Trip+1","Wish"],"picked":"Gremlin:InfiniteBlocks+1","floor":54}],"player_experience":580322,"relics_obtained":[{"floor":6,"key":"Bag of Preparation"},{"floor":9,"key":"Orichalcum"},{"floor":26,"key":"Happy Flower"},{"floor":41,"key":"Girya"},{"floor":42,"key":"Akabeko"},{"floor":54,"key":"Ornamental Fan"}],"event_choices":[{"damage_healed":0,"gold_gain":75,"player_choice":"Gather Gold","damage_taken":11,"max_hp_gain":0,"max_hp_loss":0,"event_name":"World of Goop","floor":7,"gold_loss":0},{"damage_healed":0,"gold_gain":0,"player_choice":"Upgraded","damage_taken":0,"max_hp_gain":0,"max_hp_loss":0,"event_name":"Upgrade Shrine","floor":12,"gold_loss":0,"cards_upgraded":["SecondHand"]},{"damage_healed":0,"gold_gain":0,"player_choice":"Entered Light","damage_taken":15,"max_hp_gain":0,"max_hp_loss":0,"event_name":"Shining Light","floor":14,"gold_loss":0,"cards_upgraded":["Defend_Br","LockedAnchor"]},{"damage_healed":0,"gold_gain":0,"player_choice":"Obtain Plague Curse","damage_taken":0,"max_hp_gain":0,"max_hp_loss":0,"event_name":"Plague Doctor","floor":20,"gold_loss":0,"cards_obtained":["theForsaken:PlagueCurse"]},{"damage_healed":0,"gold_gain":0,"player_choice":"Ignored","damage_taken":0,"max_hp_gain":0,"max_hp_loss":0,"event_name":"Ghosts","floor":28,"gold_loss":0},{"damage_healed":0,"gold_gain":0,"player_choice":"Read","damage_taken":0,"max_hp_gain":0,"max_hp_loss":0,"event_name":"The Library","floor":31,"gold_loss":0,"cards_obtained":["HandsUpB"]},{"damage_healed":0,"gold_gain":0,"player_choice":"Fight","damage_taken":0,"max_hp_gain":0,"max_hp_loss":0,"event_name":"MindBloom","floor":41,"gold_loss":0},{"damage_healed":0,"gold_gain":0,"player_choice":"Paid","damage_taken":0,"relics_obtained":["Red Mask"],"max_hp_gain":0,"max_hp_loss":0,"event_name":"Tomb of Lord Red Mask","floor":45,"gold_loss":202},{"damage_healed":0,"gold_gain":0,"player_choice":"Memory 1","damage_taken":0,"max_hp_gain":0,"max_hp_loss":0,"event_name":"SensoryStone","floor":46,"gold_loss":0}],"is_beta":false,"boss_relics":[{"not_picked":["Pandora\u0027s Box","Fusion Hammer"],"picked":"Runic Pyramid"},{"not_picked":["Velvet Choker","HangingClock"],"picked":"Chronograph"}],"items_purged_floors":[38],"is_endless":false,"potions_floor_spawned":[1,3,10,18,29,30,35,39,41,42,54],"killed_by":"The Heart","ascension_level":0}}