{"host":"nbmmy2ys5j9alw05","time":1611049845,"event":{"mods":["AchievementEnabler","BaseMod","Bestiary","Better Vampires","Colored Map","Colored Powertips","Googly Eyes","Minty Spire (QoL Compilation)","Quick Restart","StSLib","The Hierophant","The IronCluck","everything is the same but u backflip on backflip"],"gold_per_floor":[116,116,111,117,185,190,190,213,213,213,138,41,59,65,65,55,55],"floor_reached":16,"language":"ENG","playtime":797,"items_purged":["hierophant:Strike_Hierophant"],"score":124,"play_id":"1ec456fa-efcb-4813-89cf-c2f9e49ee234","local_time":"20210119015045","is_ascension_mode":true,"campfire_choices":[{"data":"hierophant:Anathema","floor":7,"key":"SMITH"},{"floor":10,"key":"REST"},{"data":"Forethought","floor":15,"key":"SMITH"}],"circlet_count":0,"master_deck":["hierophant:Strike_Hierophant","hierophant:Strike_Hierophant","hierophant:Strike_Hierophant","hierophant:Punish","hierophant:Defend_Hierophant","hierophant:Defend_Hierophant","hierophant:Defend_Hierophant","hierophant:Defend_Hierophant","hierophant:ChurchCoffers","hierophant:Anathema+1","hierophant:MorningPrayer","hierophant:DisplayOfPower","hierophant:HolyVerse","hierophant:Bribe","Forethought+1","hierophant:Patience"],"relics":["hierophant:PropheticMaskRelic","Darkstone Periapt","White Beast Statue","Pear","Akabeko","Mercury Hourglass","Bag of Marbles"],"acts_visited":["Exordium"],"potions_floor_usage":[6,8,16,16,16],"damage_taken":[{"damage":1,"enemies":"Cultist","floor":1,"turns":4},{"damage":11,"enemies":"Jaw Worm","floor":3,"turns":6},{"damage":2,"enemies":"Small Slimes","floor":4,"turns":5},{"damage":31,"enemies":"Lagavulin","floor":6,"turns":8},{"damage":11,"enemies":"3 Sentries","floor":8,"turns":8},{"damage":0,"enemies":"3 Louse","floor":13,"turns":2},{"damage":8,"enemies":"Lagavulin","floor":14,"turns":7},{"damage":42,"enemies":"Slime Boss","floor":16,"turns":9}],"seed_played":"-6276944817862796650","potions_obtained":[{"floor":3,"key":"SkillPotion"},{"floor":4,"key":"Dexterity Potion"},{"floor":6,"key":"Weak Potion"},{"floor":8,"key":"Explosive Potion"},{"floor":13,"key":"Dexterity Potion"},{"floor":14,"key":"Dexterity Potion"}],"is_trial":false,"path_per_floor":["M","?","M","M","T","E","R","E","T","R","$","$","M","E","R","B"],"character_chosen":"HIEROPHANT","items_purchased":["Forethought"],"campfire_rested":1,"item_purchase_floors":[12],"current_hp_per_floor":[74,67,56,54,54,33,33,22,22,47,47,47,47,39,39,0,0],"gold":55,"neow_bonus":"ONE_RANDOM_RARE_CARD","is_daily":false,"chose_seed":false,"campfire_upgraded":2,"win_rate":0.0,"timestamp":1611049845,"path_taken":["M","?","M","M","?","E","R","E","T","R","?","$","M","E","R","BOSS"],"items_purchased_type":["Card"],"build_version":"2020-12-22","purchased_purges":1,"victory":false,"max_hp_per_floor":[75,75,75,75,75,85,85,85,85,85,85,85,85,85,85,85,85],"card_choices":[{"not_picked":["hierophant:RepressedViolence","hierophant:Bribe"],"picked":"hierophant:MorningPrayer","floor":1},{"not_picked":["hierophant:Refuge","hierophant:Bribe"],"picked":"hierophant:DisplayOfPower","floor":3},{"not_picked":["hierophant:PassingBell","hierophant:AuricBeam"],"picked":"hierophant:HolyVerse","floor":4},{"not_picked":["hierophant:Martyrdom","hierophant:Embezzle","hierophant:Dazzle"],"picked":"SKIP","floor":6},{"not_picked":["hierophant:Chorus","hierophant:Levitation"],"picked":"hierophant:Bribe","floor":8},{"not_picked":["hierophant:MorningPrayer","hierophant:RustyCrate"],"picked":"hierophant:Patience","floor":13},{"not_picked":["hierophant:DisplayOfPower","hierophant:Prophecy","hierophant:LocustPlague"],"picked":"SKIP","floor":14}],"player_experience":467420,"relics_obtained":[{"floor":5,"key":"White Beast Statue"},{"floor":6,"key":"Pear"},{"floor":8,"key":"Akabeko"},{"floor":9,"key":"Mercury Hourglass"},{"floor":14,"key":"Bag of Marbles"}],"event_choices":[{"damage_healed":0,"gold_gain":0,"player_choice":"Success","damage_taken":7,"relics_obtained":["Darkstone Periapt"],"max_hp_gain":0,"max_hp_loss":0,"event_name":"Scrap Ooze","floor":2,"gold_loss":0}],"is_beta":false,"boss_relics":[],"items_purged_floors":[11],"is_endless":false,"potions_floor_spawned":[3,4,6,8,13,14],"killed_by":"Slime Boss","ascension_level":1}}