{"host":"ef3ybc9bdsabvdps","time":1611038902,"event":{"mods":["BaseMod","Minty Spire (QoL Compilation)"],"gold_per_floor":[417,517,54,73,91,91,118,135,158,186,186,186,41,75,75,171,171,187,200,200,200,211,211,245,245,245,245,260,185,199,215,215,318,318,332,35,35,35,35,64,74,89,112,112,131,157,177,177,177,177,177],"floor_reached":50,"language":"KOR","playtime":1536,"items_purged":["Defend_P"],"score":645,"play_id":"1e2a1233-f25c-4217-813f-35a13678a4b1","local_time":"20210119154822","is_ascension_mode":true,"campfire_choices":[{"data":"Eruption","floor":6.0,"key":"SMITH"},{"data":"Consecrate","floor":11.0,"key":"SMITH"},{"floor":15.0,"key":"REST"},{"floor":23.0,"key":"REST"},{"floor":27,"key":"REST"},{"floor":32,"key":"REST"},{"floor":44,"key":"REST"},{"floor":49,"key":"REST"}],"circlet_count":0,"master_deck":["Strike_P+1","Strike_P+1","Strike_P+1","Strike_P+1","Defend_P","Defend_P","Eruption+1","Vigilance","CurseOfTheBell","Consecrate+1","LessonLearned+1","ReachHeaven+1","Adaptation+1","MentalFortress","LessonLearned","InnerPeace+1","Eruption+1","FollowUp+1","Tantrum","Vault","Deep Breath+1","FlurryOfBlows","Parasite","Madness","Madness"],"relics":["Calling Bell","Regal Pillow","White Beast Statue","Old Coin","HandDrill","Strawberry","Bag of Preparation","Nunchaku","Blood Vial","Vajra","Damaru","Black Star","Bag of Marbles","Whetstone","Unceasing Top","Busted Crown","Turnip","Question Card","HornCleat","Dream Catcher","The Courier","Toy Ornithopter"],"acts_visited":["Exordium","TheCity","TheBeyond"],"potions_floor_usage":[24,24,24,33,33,33,40,46,47,47,50],"damage_taken":[{"damage":0.0,"enemies":"Small Slimes","floor":1.0,"turns":2.0},{"damage":2.0,"enemies":"Cultist","floor":4.0,"turns":5.0},{"damage":1.0,"enemies":"2 Louse","floor":5.0,"turns":2.0},{"damage":0.0,"enemies":"Gremlin Nob","floor":7.0,"turns":2.0},{"damage":3.0,"enemies":"2 Fungi Beasts","floor":8.0,"turns":6.0},{"damage":31.0,"enemies":"3 Sentries","floor":10.0,"turns":5.0},{"damage":0.0,"enemies":"Lagavulin","floor":14.0,"turns":2.0},{"damage":54.0,"enemies":"Hexaghost","floor":16.0,"turns":8.0},{"damage":0.0,"enemies":"Spheric Guardian","floor":18.0,"turns":2.0},{"damage":32.0,"enemies":"Shell Parasite","floor":19.0,"turns":5.0},{"damage":0.0,"enemies":"3 Cultists","floor":22.0,"turns":2.0},{"damage":49,"enemies":"Slavers","floor":24,"turns":4},{"damage":0,"enemies":"Sentry and Sphere","floor":28,"turns":2},{"damage":0,"enemies":"Snecko","floor":30,"turns":1},{"damage":16,"enemies":"Shelled Parasite and Fungi","floor":31,"turns":3},{"damage":70,"enemies":"Collector","floor":33,"turns":8},{"damage":0,"enemies":"3 Shapes","floor":35,"turns":1},{"damage":21,"enemies":"Reptomancer","floor":40,"turns":5},{"damage":0,"enemies":"3 Darklings","floor":41,"turns":2},{"damage":18,"enemies":"Spire Growth","floor":42,"turns":3},{"damage":0,"enemies":"Jaw Worm Horde","floor":45,"turns":3},{"damage":30,"enemies":"Giant Head","floor":46,"turns":4},{"damage":26,"enemies":"Writhing Mass","floor":47,"turns":3},{"damage":90,"enemies":"Time Eater","floor":50,"turns":3}],"seed_played":"-2810047674556351001","potions_obtained":[{"floor":1.0,"key":"DistilledChaos"},{"floor":4.0,"key":"Dexterity Potion"},{"floor":5.0,"key":"DistilledChaos"},{"floor":7.0,"key":"SkillPotion"},{"floor":8.0,"key":"Fire Potion"},{"floor":10.0,"key":"SpeedPotion"},{"floor":14.0,"key":"Explosive Potion"},{"floor":16.0,"key":"Ancient Potion"},{"floor":18.0,"key":"Explosive Potion"},{"floor":22.0,"key":"Swift Potion"},{"floor":24,"key":"Dexterity Potion"},{"floor":25,"key":"SkillPotion"},{"floor":25,"key":"CultistPotion"},{"floor":33,"key":"PowerPotion"},{"floor":35,"key":"SkillPotion"},{"floor":40,"key":"Block Potion"},{"floor":41,"key":"Block Potion"},{"floor":42,"key":"Fire Potion"},{"floor":45,"key":"PowerPotion"},{"floor":46,"key":"AttackPotion"},{"floor":47,"key":"SkillPotion"}],"is_trial":false,"path_per_floor":["M","?","$","M","M","R","E","M","T","E","R","?","$","E","R","B",null,"M","M","?","?","M","R","E","?","T","R","M","$","M","M","R","B",null,"M","$","?","?","$","E","M","M","T","R","M","E","M","?","R","B"],"character_chosen":"WATCHER","items_purchased":["LessonLearned","HandDrill","Strawberry","Vajra","Turnip"],"campfire_rested":6,"item_purchase_floors":[3,3,3,13,36],"current_hp_per_floor":[72,72,79,77,76,76,76,73,73,42,42,42,42,44,79,25,79,79,47,32,32,34,74,27,27,27,67,69,69,71,57,84,14,84,84,84,84,84,84,63,65,49,49,84,84,54,40,29,69,0,0],"gold":177,"neow_bonus":"BOSS_RELIC","is_daily":false,"chose_seed":false,"campfire_upgraded":2,"win_rate":0.0,"timestamp":1611038902,"path_taken":["M","?","$","M","?","R","E","M","T","E","R","?","$","E","R","BOSS","M","M","?","?","?","R","E","?","T","R","M","$","M","?","R","BOSS","M","$","?","?","?","E","M","M","T","R","M","E","M","?","R","BOSS"],"items_purchased_type":["Card","Relic","Relic","Relic","Relic"],"build_version":"2020-12-22","purchased_purges":1,"victory":false,"max_hp_per_floor":[72,72,79,79,79,79,79,79,79,79,79,79,79,79,79,79,79,79,79,84,84,84,84,84,84,84,84,84,84,84,84,84,84,84,84,84,84,84,84,84,84,84,84,84,84,84,84,84,84,84,84],"card_choices":[{"not_picked":["Halt","Protect"],"picked":"Consecrate","floor":1.0},{"not_picked":["Conclude","Protect","WindmillStrike"],"picked":"SKIP","floor":4.0},{"not_picked":["Weave","Perseverance"],"picked":"ReachHeaven","floor":5.0},{"not_picked":["WheelKick","MasterReality"],"picked":"Adaptation","floor":7.0},{"not_picked":["BowlingBash","TalkToTheHand"],"picked":"MentalFortress","floor":8.0},{"not_picked":["FlyingSleeves","ReachHeaven","Blasphemy"],"picked":"SKIP","floor":10.0},{"not_picked":["Weave","BowlingBash","ForeignInfluence"],"picked":"SKIP","floor":14.0},{"not_picked":["Omniscience","DevaForm"],"picked":"LessonLearned","floor":16.0},{"not_picked":["EmptyFist","JustLucky","Worship"],"picked":"SKIP","floor":18.0},{"not_picked":["Conclude","CutThroughFate"],"picked":"InnerPeace","floor":19.0},{"not_picked":["WheelKick","Halt","SashWhip"],"picked":"SKIP","floor":22.0},{"not_picked":["InnerPeace","JustLucky+1"],"picked":"FollowUp","floor":24},{"not_picked":["EmptyFist","Perseverance","WheelKick"],"picked":"SKIP","floor":28},{"not_picked":["FollowUp","PathToVictory+1","Consecrate+1"],"picked":"SKIP","floor":30},{"not_picked":["EmptyMind","ClearTheMind"],"picked":"Tantrum","floor":31},{"not_picked":["LessonLearned","Alpha"],"picked":"Vault","floor":33},{"not_picked":["Consecrate"],"picked":"SKIP","floor":35},{"not_picked":[],"picked":"Deep Breath","floor":38},{"not_picked":[],"picked":"FlurryOfBlows","floor":40},{"not_picked":["PathToVictory+1","CarveReality+1"],"picked":"SKIP","floor":41},{"not_picked":["BowlingBash","FlyingSleeves+1"],"picked":"SKIP","floor":42},{"not_picked":["Weave","EmptyBody"],"picked":"SKIP","floor":45},{"not_picked":["Study","BowlingBash+1"],"picked":"SKIP","floor":46},{"not_picked":["FollowUp","Perseverance+1"],"picked":"SKIP","floor":47}],"player_experience":309572,"relics_obtained":[{"floor":0.0,"key":"Regal Pillow"},{"floor":0.0,"key":"White Beast Statue"},{"floor":0.0,"key":"Old Coin"},{"floor":7.0,"key":"Bag of Preparation"},{"floor":9.0,"key":"Nunchaku"},{"floor":10.0,"key":"Blood Vial"},{"floor":14.0,"key":"Damaru"},{"floor":24,"key":"Bag of Marbles"},{"floor":24,"key":"Whetstone"},{"floor":26,"key":"Unceasing Top"},{"floor":40,"key":"Question Card"},{"floor":40,"key":"HornCleat"},{"floor":43,"key":"Dream Catcher"},{"floor":46,"key":"The Courier"},{"floor":46,"key":"Toy Ornithopter"}],"event_choices":[{"damage_healed":0.0,"max_hp_gain":0.0,"max_hp_loss":0.0,"gold_gain":100.0,"event_name":"Golden Shrine","player_choice":"Pray","floor":2.0,"gold_loss":0.0,"damage_taken":0.0},{"damage_healed":0.0,"max_hp_gain":0.0,"max_hp_loss":0.0,"gold_gain":0.0,"event_name":"Living Wall","player_choice":"Grow","floor":12.0,"gold_loss":0.0,"damage_taken":0.0,"cards_upgraded":["LessonLearned"]},{"damage_healed":0.0,"max_hp_gain":5.0,"max_hp_loss":0.0,"gold_gain":0.0,"event_name":"Forgotten Altar","player_choice":"Shed Blood","floor":20.0,"gold_loss":0.0,"damage_taken":20.0},{"damage_healed":0.0,"max_hp_gain":0.0,"max_hp_loss":0.0,"gold_gain":0.0,"event_name":"Duplicator","player_choice":"Copied","floor":21.0,"gold_loss":0.0,"damage_taken":0.0,"cards_obtained":["Eruption"]},{"damage_healed":0,"gold_gain":0,"player_choice":"Got Potions","damage_taken":0,"max_hp_gain":0,"max_hp_loss":0,"event_name":"Lab","floor":25,"gold_loss":0},{"cards_removed":["Defend_P"],"damage_healed":0,"gold_gain":0,"player_choice":"Removed Skill","damage_taken":0,"max_hp_gain":0,"max_hp_loss":0,"event_name":"Falling","floor":37,"gold_loss":0},{"damage_healed":0,"gold_gain":0,"player_choice":"Memory 1","damage_taken":0,"max_hp_gain":0,"max_hp_loss":0,"event_name":"SensoryStone","floor":38,"gold_loss":0},{"damage_healed":0,"gold_gain":0,"player_choice":"Embrace Madness","damage_taken":11,"max_hp_gain":0,"max_hp_loss":0,"event_name":"Winding Halls","floor":48,"gold_loss":0,"cards_obtained":["Madness","Madness"]}],"is_beta":false,"boss_relics":[{"not_picked":["Runic Dome","Snecko Eye"],"picked":"Black Star"},{"not_picked":["Astrolabe","Velvet Choker"],"picked":"Busted Crown"}],"items_purged_floors":[29],"is_endless":false,"potions_floor_spawned":[1,4,5,7,8,10,14,16,18,19,22,24,28,30,31,33,35,40,41,42,45,46,47],"killed_by":"Time Eater","ascension_level":1}}