{"host":"lhth1efayex2023z","time":1611022457,"event":{"mods":["BaseMod","Colored Map","Googly Eyes","Minty Spire (QoL Compilation)","StSLib"],"gold_per_floor":[118,83,8,18,35,67,67,85,85,85,95,120,120,134,134,212,212,228,228,188,188],"floor_reached":20,"language":"ENG","playtime":706,"items_purged":["Strike_G"],"score":340,"play_id":"f4870cf8-97ae-4170-a87b-de5955efa721","local_time":"20210118191417","is_ascension_mode":true,"campfire_choices":[{"data":"A Thousand Cuts","floor":7,"key":"SMITH"},{"floor":10,"key":"REST"},{"floor":15,"key":"REST"}],"circlet_count":0,"master_deck":["AscendersBane","Strike_G","Strike_G","Defend_G","Defend_G","Defend_G","Defend_G","Defend_G","Survivor","Neutralize","A Thousand Cuts+1","Deflect","Blade Dance","Finisher+1","Slice","Infinite Blades","Endless Agony","Phantasmal Killer","Choke"],"relics":["Ring of the Snake","Bottled Flame","Unceasing Top","WingedGreaves","Empty Cage"],"acts_visited":["Exordium","TheCity"],"potions_floor_usage":[11,12,16,18,20],"damage_taken":[{"damage":3.0,"enemies":"2 Louse","floor":1.0,"turns":3.0},{"damage":3.0,"enemies":"Cultist","floor":4.0,"turns":6.0},{"damage":4.0,"enemies":"Jaw Worm","floor":5.0,"turns":4.0},{"damage":16.0,"enemies":"3 Sentries","floor":6.0,"turns":7.0},{"damage":10,"enemies":"Gremlin Gang","floor":8,"turns":3},{"damage":12,"enemies":"Exordium Wildlife","floor":11,"turns":4},{"damage":11,"enemies":"Lagavulin","floor":12,"turns":6},{"damage":0,"enemies":"Large Slime","floor":14,"turns":5},{"damage":28,"enemies":"The Guardian","floor":16,"turns":11},{"damage":1,"enemies":"Spheric Guardian","floor":18,"turns":3},{"damage":18,"enemies":"2 Thieves","floor":20,"turns":2}],"seed_played":"-4819856307606082266","potions_obtained":[{"floor":4.0,"key":"Weak Potion"},{"floor":8,"key":"CunningPotion"},{"floor":12,"key":"SneckoOil"},{"floor":14,"key":"ColorlessPotion"},{"floor":16,"key":"DistilledChaos"},{"floor":19,"key":"SkillPotion"}],"is_trial":false,"path_per_floor":["M","?","$","M","M","E","R","M","T","R","M","E","?","M","R","B",null,"M","?","M"],"character_chosen":"THE_SILENT","items_purchased":[],"campfire_rested":2,"item_purchase_floors":[],"current_hp_per_floor":[41,57,57,54,50,34,34,24,24,43,31,20,20,20,39,11,52,51,51,33,33],"gold":188,"neow_bonus":"THREE_RARE_CARDS","is_daily":false,"chose_seed":false,"campfire_upgraded":1,"win_rate":0.0,"timestamp":1611022457,"path_taken":["M","?","$","M","M","E","R","M","T","R","M","E","?","?","R","BOSS","M","?","?"],"items_purchased_type":[],"build_version":"2020-12-22","purchased_purges":1,"victory":false,"max_hp_per_floor":[66,66,66,66,66,66,66,66,66,66,66,66,66,66,66,66,66,66,66,66,66],"card_choices":[{"not_picked":["Unload","Corpse Explosion"],"picked":"A Thousand Cuts","floor":0.0},{"not_picked":["Underhanded Strike","Outmaneuver"],"picked":"Deflect","floor":1.0},{"not_picked":["Infinite Blades","Prepared"],"picked":"Blade Dance","floor":4.0},{"not_picked":["Deflect","Dash"],"picked":"Finisher","floor":5.0},{"not_picked":["Concentrate","Bane"],"picked":"Slice","floor":6},{"not_picked":["Heel Hook","Noxious Fumes"],"picked":"Infinite Blades","floor":8},{"not_picked":["Quick Slash","Infinite Blades","Outmaneuver"],"picked":"SKIP","floor":11},{"not_picked":["Malaise","Poisoned Stab","Catalyst"],"picked":"SKIP","floor":12},{"not_picked":["Caltrops","Outmaneuver","Endless Agony"],"picked":"SKIP","floor":14},{"not_picked":["Caltrops","Outmaneuver"],"picked":"Endless Agony","floor":14},{"not_picked":["Glass Knife","Doppelganger"],"picked":"Phantasmal Killer","floor":16},{"not_picked":["Masterful Stab","Bouncing Flask"],"picked":"Choke","floor":18}],"player_experience":461789,"relics_obtained":[{"floor":6,"key":"Bottled Flame"},{"floor":9,"key":"Unceasing Top"},{"floor":12,"key":"WingedGreaves"}],"event_choices":[{"damage_healed":16.0,"max_hp_gain":0.0,"max_hp_loss":0.0,"gold_gain":0.0,"event_name":"The Cleric","player_choice":"Healed","floor":2.0,"gold_loss":35.0,"damage_taken":0.0},{"damage_healed":0,"gold_gain":0,"player_choice":"Upgraded","damage_taken":0,"max_hp_gain":0,"max_hp_loss":0,"event_name":"Upgrade Shrine","floor":13,"gold_loss":0,"cards_upgraded":["Finisher"]},{"damage_healed":0,"gold_gain":0,"player_choice":"Got Potions","damage_taken":0,"max_hp_gain":0,"max_hp_loss":0,"event_name":"Lab","floor":19,"gold_loss":0}],"is_beta":false,"boss_relics":[{"not_picked":["Velvet Choker","Ectoplasm"],"picked":"Empty Cage"}],"items_purged_floors":[3],"is_endless":false,"potions_floor_spawned":[4,8,12,14,16],"killed_by":"2 Thieves","ascension_level":17}}