{"host":"r53pw7z744tg3fxg","time":1611023915,"event":{"mods":["AchievementEnabler","BaseMod","Colored Map","Colored Powertips","Highlight Path","Minty Spire (QoL Compilation)","Quick Restart","Transform Curses"],"gold_per_floor":[115,127,127,145,163,193,193,219,219,229,229,229,229,67,67,160,160,176,176,59,80,80,80,80],"floor_reached":23,"language":"ENG","playtime":760,"items_purged":["Injury"],"score":428,"play_id":"3da16612-b9a5-4f29-87b5-6b577a143141","local_time":"20210118193835","is_ascension_mode":true,"campfire_choices":[{"floor":7,"key":"REST"},{"floor":11,"key":"REST"},{"data":"Eruption","floor":13,"key":"SMITH"},{"data":"Devotion","floor":15,"key":"SMITH"}],"circlet_count":0,"master_deck":["AscendersBane","Strike_P+1","Strike_P+1","Strike_P+1","Strike_P+1","Defend_P+1","Defend_P+1","Defend_P+1","Defend_P+1","Eruption+1","Vigilance","FollowUp","TalkToTheHand","Consecrate","Devotion+1","WheelKick","BowlingBash","WindmillStrike","DevaForm","Fasting2","Necronomicurse","Prostrate","Panacea","PathToVictory"],"relics":["HolyWater","HornCleat","Mango","Pantograph","Golden Idol","Necronomicon"],"acts_visited":["Exordium","TheCity"],"potions_floor_usage":[6,8,16],"damage_taken":[{"damage":7,"enemies":"Jaw Worm","floor":1,"turns":4},{"damage":0,"enemies":"Small Slimes","floor":2,"turns":2},{"damage":0,"enemies":"2 Louse","floor":4,"turns":2},{"damage":1,"enemies":"Blue Slaver","floor":5,"turns":4},{"damage":28,"enemies":"Lagavulin","floor":6,"turns":3},{"damage":7,"enemies":"Gremlin Nob","floor":8,"turns":5},{"damage":10,"enemies":"Large Slime","floor":10,"turns":5},{"damage":22,"enemies":"The Guardian","floor":16,"turns":7},{"damage":9,"enemies":"Shell Parasite","floor":18,"turns":3},{"damage":11,"enemies":"3 Byrds","floor":21,"turns":6},{"damage":47,"enemies":"Gremlin Leader","floor":23,"turns":4}],"seed_played":"4503474408556146758","potions_obtained":[{"floor":1,"key":"Strength Potion"},{"floor":6,"key":"DistilledChaos"},{"floor":10,"key":"FearPotion"}],"is_trial":false,"path_per_floor":["M","M","?","M","M","E","R","E","T","M","R","?","R","$","R","B",null,"M","?","$","M","?","E"],"character_chosen":"WATCHER","items_purchased":["WindmillStrike","Prostrate","Panacea"],"campfire_rested":2,"item_purchase_floors":[14,20,20],"current_hp_per_floor":[60,60,60,60,59,31,53,60,60,50,76,76,76,76,76,66,83,74,53,53,42,42,0,0],"gold":80,"neow_bonus":"TEN_PERCENT_HP_BONUS","is_daily":false,"chose_seed":false,"campfire_upgraded":2,"win_rate":0.0,"timestamp":1611023915,"path_taken":["M","M","?","M","M","E","R","E","T","M","R","?","R","$","R","BOSS","M","?","$","M","?","E"],"items_purchased_type":["Card","Card","Card"],"build_version":"2020-12-22","purchased_purges":1,"victory":false,"max_hp_per_floor":[74,74,74,74,74,74,74,88,88,88,88,88,88,88,88,88,88,88,88,88,88,88,88,88],"card_choices":[{"not_picked":["Halt","SashWhip"],"picked":"FollowUp","floor":1},{"not_picked":["EmptyFist","ThirdEye"],"picked":"TalkToTheHand","floor":2},{"not_picked":["EmptyBody","MentalFortress"],"picked":"Consecrate","floor":4},{"not_picked":["JustLucky","WheelKick"],"picked":"Devotion","floor":5},{"not_picked":["LikeWater","EmptyFist","WreathOfFlame"],"picked":"SKIP","floor":6},{"not_picked":["Consecrate","Collect"],"picked":"WheelKick","floor":8},{"not_picked":["Weave","EmptyBody"],"picked":"BowlingBash","floor":10},{"not_picked":["SpiritShield","Alpha"],"picked":"DevaForm","floor":16},{"not_picked":["ThirdEye","EmptyBody"],"picked":"Fasting2","floor":18},{"not_picked":["FlyingSleeves","SashWhip"],"picked":"PathToVictory","floor":21}],"player_experience":1306019,"relics_obtained":[{"floor":6,"key":"HornCleat"},{"floor":8,"key":"Mango"},{"floor":9,"key":"Pantograph"},{"floor":19,"key":"Necronomicon"}],"event_choices":[{"damage_healed":0,"gold_gain":0,"player_choice":"Ignored","damage_taken":0,"max_hp_gain":0,"max_hp_loss":0,"event_name":"Golden Wing","floor":3,"gold_loss":0},{"damage_healed":0,"gold_gain":0,"player_choice":"Take Wound","damage_taken":0,"relics_obtained":["Golden Idol"],"max_hp_gain":0,"max_hp_loss":0,"event_name":"Golden Idol","floor":12,"gold_loss":0,"cards_obtained":["Injury"]},{"damage_healed":0,"gold_gain":0,"player_choice":"Obtained Book","damage_taken":21,"max_hp_gain":0,"max_hp_loss":0,"event_name":"Cursed Tome","floor":19,"gold_loss":0},{"damage_healed":0,"gold_gain":0,"player_choice":"Simplicity","damage_taken":0,"max_hp_gain":0,"max_hp_loss":0,"event_name":"Back to Basics","floor":22,"gold_loss":0,"cards_upgraded":["Strike_P","Strike_P","Strike_P","Strike_P","Defend_P","Defend_P","Defend_P","Defend_P"]}],"is_beta":false,"boss_relics":[{"not_picked":["VioletLotus","Runic Dome"],"picked":"HolyWater"}],"items_purged_floors":[14],"is_endless":false,"potions_floor_spawned":[1,6,10],"killed_by":"Gremlin Leader","ascension_level":16}}