{"host":"28p8ce41sjwa6lzf","time":1611088431,"event":{"mods":["BaseMod","Bestiary","Colored Map","Colored Powertips","Dark Map","Highlight Path","Minty Spire (QoL Compilation)","Permanent Neow","Quick Restart","Random Character Button","Rare Cards Sparkle","Relic Stats","StSLib","Unceasing Turn Reminder"],"gold_per_floor":[117,137,155,155,29,55,73,73,100,111,144,144,156,156,156,156,156],"floor_reached":16,"language":"ENG","playtime":525,"items_purged":["Strike_R"],"score":224,"play_id":"635732ec-093b-41dd-84b3-8bfd168c7ebe","local_time":"20210119143351","is_ascension_mode":true,"campfire_choices":[{"data":"Spot Weakness","floor":12.0,"key":"SMITH"},{"floor":15,"key":"REST"}],"circlet_count":0,"master_deck":["AscendersBane","Strike_R","Strike_R","Strike_R","Strike_R","Defend_R+1","Defend_R","Defend_R","Defend_R","Bash","Pommel Strike","Spot Weakness+1","Flame Barrier","Shrug It Off+1","Cleave","Pommel Strike","Spot Weakness+1","Thunderclap"],"relics":["Burning Blood","Pocketwatch","Bag of Preparation","PreservedInsect","War Paint","Matryoshka"],"acts_visited":["Exordium"],"potions_floor_usage":[16],"damage_taken":[{"damage":9.0,"enemies":"Jaw Worm","floor":1.0,"turns":4.0},{"damage":1.0,"enemies":"Cultist","floor":2.0,"turns":3.0},{"damage":9.0,"enemies":"2 Louse","floor":3.0,"turns":4.0},{"damage":32.0,"enemies":"Lagavulin","floor":6.0,"turns":6.0},{"damage":14.0,"enemies":"Large Slime","floor":7.0,"turns":5.0},{"damage":3.0,"enemies":"3 Louse","floor":10.0,"turns":2.0},{"damage":7.0,"enemies":"3 Sentries","floor":11.0,"turns":3.0},{"damage":9,"enemies":"2 Fungi Beasts","floor":13,"turns":3},{"damage":36,"enemies":"Slime Boss","floor":16,"turns":7}],"seed_played":"6370619105386277958","potions_obtained":[{"floor":3.0,"key":"Swift Potion"},{"floor":10.0,"key":"DuplicationPotion"},{"floor":11.0,"key":"EssenceOfSteel"}],"is_trial":false,"path_per_floor":["M","M","M","?","$","E","M","$","T","M","E","R","M","?","R","B"],"character_chosen":"IRONCLAD","items_purchased":["Shrug It Off"],"campfire_rested":1,"item_purchase_floors":[5],"current_hp_per_floor":[65,68,65,65,65,39,31,31,31,34,33,33,30,12,32,0,0],"gold":156,"neow_bonus":"ONE_RARE_RELIC","is_daily":false,"chose_seed":false,"campfire_upgraded":1,"win_rate":0.0,"timestamp":1611088431,"path_taken":["M","M","M","?","$","E","M","?","T","M","E","R","?","?","R","BOSS"],"items_purchased_type":["Card"],"build_version":"2020-12-22","purchased_purges":1,"victory":false,"max_hp_per_floor":[68,68,68,68,68,68,68,68,68,68,68,68,68,68,68,68,68],"relic_stats":{"counters":[9,37],"PreservedInsect":33,"Bag of Preparation":[10],"War Paint":["Shrug It Off","Defend_R"],"obtain_stats":[{"Matryoshka":14,"PreservedInsect":9,"Bag of Preparation":6,"War Paint":11,"Burning Blood":0,"Pocketwatch":0},{"Matryoshka":8,"PreservedInsect":5,"Bag of Preparation":4,"War Paint":7,"Burning Blood":0,"Pocketwatch":0},{"Matryoshka":30,"PreservedInsect":22,"Bag of Preparation":17,"War Paint":27,"Burning Blood":0,"Pocketwatch":0}],"Burning Blood":46,"Pocketwatch":[84]},"card_choices":[{"not_picked":["True Grit","Armaments"],"picked":"Pommel Strike","floor":1.0},{"not_picked":["Seeing Red","Perfected Strike"],"picked":"Spot Weakness","floor":2.0},{"not_picked":["Anger","Clash"],"picked":"Flame Barrier","floor":3.0},{"not_picked":["Dark Embrace","Twin Strike"],"picked":"Cleave","floor":6.0},{"not_picked":["Havoc","Wild Strike"],"picked":"Pommel Strike","floor":7.0},{"not_picked":["Havoc","Headbutt"],"picked":"Spot Weakness","floor":10.0},{"not_picked":["Bludgeon","Hemokinesis"],"picked":"Thunderclap","floor":11.0},{"not_picked":["Thunderclap","Pommel Strike","Cleave"],"picked":"SKIP","floor":13}],"player_experience":1154286,"relics_obtained":[{"floor":6.0,"key":"Bag of Preparation"},{"floor":9.0,"key":"PreservedInsect"},{"floor":11.0,"key":"War Paint"}],"event_choices":[{"damage_healed":0.0,"max_hp_gain":0.0,"max_hp_loss":0.0,"gold_gain":0.0,"event_name":"Upgrade Shrine","player_choice":"Upgraded","floor":4.0,"gold_loss":0.0,"damage_taken":0.0,"cards_upgraded":["Spot Weakness"]},{"damage_healed":0,"gold_gain":0,"player_choice":"Success","damage_taken":18,"relics_obtained":["Matryoshka"],"max_hp_gain":0,"max_hp_loss":0,"event_name":"Scrap Ooze","floor":14,"gold_loss":0}],"is_beta":false,"boss_relics":[],"items_purged_floors":[5],"is_endless":false,"potions_floor_spawned":[3,10,11],"killed_by":"Slime Boss","ascension_level":20}}