{"host":"omsykib0woddca32","time":1611037057,"event":{"mods":["BaseMod","Colored Powertips","Lobotomy","Minty Spire (QoL Compilation)","Random Character Button","Shop Mod","StSLib"],"gold_per_floor":[111,122,136,147,163,198,163,176,176,189,213,57,67,82,82,183,183,200,200,216,229,229,229,256,256,256,273,273,273],"floor_reached":28,"language":"ZHS","playtime":2273,"items_purged":["Strike_P"],"score":246,"play_id":"4794d009-2dda-4bdf-9a19-fdc9a58cc97b","local_time":"20210119141737","is_ascension_mode":false,"campfire_choices":[{"floor":15.0,"key":"REST"},{"data":"Blasphemy","floor":23.0,"key":"SMITH"},{"data":"Eruption","floor":25.0,"key":"SMITH"}],"circlet_count":0,"master_deck":["Strike_P","Strike_P","Strike_P","Defend_P+1","Defend_P","Defend_P","Defend_P","Eruption+1","Vigilance","VoidDream","SpiderBud","ClearTheMind","Crescendo","FearNoEvil","ConjureBlade","Blasphemy+1","LessonLearned","ReachHeaven","Scrawl+1","Study"],"relics":["PureWater","CogitoBucket","Blue Candle","Theresia","Odd Mushroom","Sozu","TreeSap","War Paint","Meat on the Bone"],"acts_visited":["Exordium","TheCity"],"potions_floor_usage":[],"damage_taken":[{"damage":0.0,"enemies":"Cultist","floor":1.0,"turns":4.0},{"damage":0.0,"enemies":"Small Slimes","floor":2.0,"turns":3.0},{"damage":1.0,"enemies":"Jaw Worm","floor":3.0,"turns":5.0},{"damage":4.0,"enemies":"Blue Slaver","floor":4.0,"turns":5.0},{"damage":19.0,"enemies":"Gremlin Gang","floor":5.0,"turns":8.0},{"damage":17.0,"enemies":"3 Sentries","floor":6.0,"turns":11.0},{"damage":38.0,"enemies":"Lots of Slimes","floor":8.0,"turns":8.0},{"damage":3.0,"enemies":"2 Fungi Beasts","floor":10.0,"turns":3.0},{"damage":1.0,"enemies":"The Mushroom Lair","floor":11.0,"turns":5.0},{"damage":2.0,"enemies":"Looter","floor":13.0,"turns":3.0},{"damage":1.0,"enemies":"Blue Slaver","floor":14.0,"turns":2.0},{"damage":22.0,"enemies":"The Guardian","floor":16.0,"turns":8.0},{"damage":42.0,"enemies":"Chosen","floor":18.0,"turns":12.0},{"damage":7.0,"enemies":"Shell Parasite","floor":20.0,"turns":3.0},{"damage":18.0,"enemies":"Snake Plant","floor":21.0,"turns":3.0},{"damage":1.0,"enemies":"Slavers","floor":24.0,"turns":6.0},{"damage":2.0,"enemies":"Cultist and Chosen","floor":27.0,"turns":4.0},{"damage":85,"enemies":"Centurion and Healer","floor":28,"turns":3}],"seed_played":"4051747374748936947","potions_obtained":[{"floor":1.0,"key":"StancePotion"},{"floor":2.0,"key":"GamblersBrew"},{"floor":4.0,"key":"Block Potion"},{"floor":11.0,"key":"Energy Potion"},{"floor":16.0,"key":"SneckoOil"}],"is_trial":false,"path_per_floor":["M","M","M","M","M","E","?","M","T","M","?","$","M","M","R","B",null,"M","?","M","M","?","R","E","R","T","M","M"],"character_chosen":"WATCHER","items_purchased":["ConjureBlade"],"campfire_rested":1,"item_purchase_floors":[12],"current_hp_per_floor":[72,72,71,67,48,31,49,11,11,8,7,7,5,4,25,3,72,30,30,34,27,27,27,26,26,26,36,0,0],"gold":273,"neow_bonus":"","is_daily":false,"chose_seed":false,"campfire_upgraded":2,"win_rate":0.0,"timestamp":1611037057,"path_taken":["M","?","M","M","M","E","?","M","T","M","?","$","M","M","R","BOSS","M","?","M","M","?","R","E","R","T","M","M"],"items_purchased_type":["Card"],"build_version":"2020-12-22","purchased_purges":1,"victory":false,"max_hp_per_floor":[72,72,72,72,72,72,72,72,72,72,72,72,72,72,72,72,72,72,72,72,72,72,72,72,72,72,72,72,72],"card_choices":[{"not_picked":["OSAHOGD","MHz"],"picked":"VoidDream","floor":1.0},{"not_picked":["EmptyBody","PathToVictory","WheelKick"],"picked":"SKIP","floor":1.0},{"not_picked":["PunishingBird","UniverseFragment"],"picked":"SpiderBud","floor":2.0},{"not_picked":["SashWhip","Prostrate"],"picked":"ClearTheMind","floor":2.0},{"not_picked":["Pray","BowlingBash"],"picked":"Crescendo","floor":3.0},{"not_picked":["Worship","EmptyFist","Halt"],"picked":"SKIP","floor":4.0},{"not_picked":["Establishment","EmptyBody"],"picked":"FearNoEvil","floor":5.0},{"not_picked":["SashWhip","FollowUp","Crescendo"],"picked":"SKIP","floor":6.0},{"not_picked":["FollowUp","Evaluate","TalkToTheHand"],"picked":"SKIP","floor":8.0},{"not_picked":["PathToVictory","EmptyFist","FlyingSleeves"],"picked":"SKIP","floor":10.0},{"not_picked":["FlyingSleeves","Study"],"picked":"Blasphemy","floor":13.0},{"not_picked":["Nirvana","ThirdEye","BowlingBash"],"picked":"SKIP","floor":14.0},{"not_picked":["ConjureBlade","Omniscience"],"picked":"LessonLearned","floor":16.0},{"not_picked":["BowlingBash+1","SashWhip","EmptyFist"],"picked":"SKIP","floor":18.0},{"not_picked":["SashWhip","SignatureMove","CrushJoints"],"picked":"SKIP","floor":20.0},{"not_picked":["ForeignInfluence","Fasting2+1"],"picked":"Scrawl","floor":21.0},{"not_picked":["SandsOfTime","FollowUp+1","Tantrum"],"picked":"SKIP","floor":24.0},{"not_picked":["LikeWater+1","Crescendo"],"picked":"Study","floor":27.0}],"player_experience":93061,"relics_obtained":[{"floor":6.0,"key":"Blue Candle"},{"floor":11.0,"key":"Odd Mushroom"},{"floor":24.0,"key":"War Paint"},{"floor":26.0,"key":"Meat on the Bone"}],"event_choices":[{"damage_healed":18.0,"max_hp_gain":0.0,"max_hp_loss":0.0,"gold_gain":0.0,"event_name":"The Cleric","player_choice":"Healed","floor":7.0,"gold_loss":35.0,"damage_taken":0.0},{"damage_healed":0.0,"max_hp_gain":0.0,"max_hp_loss":0.0,"gold_gain":0.0,"event_name":"Mushrooms","player_choice":"Fought Mushrooms","floor":11.0,"gold_loss":0.0,"damage_taken":0.0},{"damage_healed":0.0,"max_hp_gain":0.0,"max_hp_loss":0.0,"gold_gain":0.0,"event_name":"The Library","player_choice":"Read","floor":19.0,"gold_loss":0.0,"damage_taken":0.0,"cards_obtained":["ReachHeaven"]},{"damage_healed":0.0,"max_hp_gain":0.0,"max_hp_loss":0.0,"gold_gain":0.0,"event_name":"NoteForYourself","player_choice":"Ignored","floor":22.0,"gold_loss":0.0,"damage_taken":0.0}],"is_beta":false,"boss_relics":[{"not_picked":["SacredBark","Philosopher\u0027s Stone"],"picked":"Sozu"}],"items_purged_floors":[12],"is_endless":false,"potions_floor_spawned":[1,2,4,11,13,14,16,18,24],"killed_by":"Centurion and Healer","ascension_level":0}}