{"host":"0ueeacaatm8t6jyh","time":1611067843,"event":{"mods":["AchievementEnabler","BaseMod","Colored Powertips","Minty Spire (QoL Compilation)","Quick Restart","Rare Cards Sparkle","Shop Mod","StSLib"],"gold_per_floor":[16,34,34,82,95,126,126,126,126,51,80,91,91,91,91,91,91],"floor_reached":16,"language":"ZHS","playtime":491,"items_purged":["Strike_R"],"score":196,"play_id":"2db7ef14-4b56-498b-8bf1-e0f68912d016","local_time":"20210119225043","is_ascension_mode":true,"campfire_choices":[{"floor":7.0,"key":"REST"},{"floor":13,"key":"REST"},{"floor":15,"key":"REST"}],"circlet_count":0,"master_deck":["AscendersBane","Strike_R","Defend_R","Defend_R","Defend_R","Defend_R","Bash","Shockwave","Power Through","Battle Trance","Cleave+1","Burning Pact"],"relics":["Burning Blood","Juzu Bracelet","Darkstone Periapt","Akabeko","Odd Mushroom"],"acts_visited":["Exordium"],"potions_floor_usage":[],"damage_taken":[{"damage":18.0,"enemies":"Cultist","floor":1.0,"turns":6.0},{"damage":9.0,"enemies":"Jaw Worm","floor":2.0,"turns":5.0},{"damage":0.0,"enemies":"Small Slimes","floor":5.0,"turns":3.0},{"damage":49.0,"enemies":"Lagavulin","floor":6.0,"turns":9.0},{"damage":14.0,"enemies":"The Mushroom Lair","floor":11.0,"turns":3.0},{"damage":10,"enemies":"Blue Slaver","floor":12,"turns":5},{"damage":65,"enemies":"Slime Boss","floor":16,"turns":8}],"seed_played":"-4420736620914437143","potions_obtained":[{"floor":1.0,"key":"Fire Potion"},{"floor":2.0,"key":"SneckoOil"}],"is_trial":false,"path_per_floor":["M","M","?","T","M","E","R","?","T","$","?","M","R","?","R","B"],"character_chosen":"IRONCLAD","items_purchased":[],"campfire_rested":3,"item_purchase_floors":[],"current_hp_per_floor":[56,53,53,53,59,16,38,31,31,31,23,19,41,41,63,0,0],"gold":91,"neow_bonus":"TRANSFORM_TWO_CARDS","is_daily":false,"chose_seed":false,"campfire_upgraded":0,"win_rate":0.0,"timestamp":1611067843,"path_taken":["M","M","?","?","M","E","R","?","T","?","?","M","R","?","R","BOSS"],"items_purchased_type":[],"build_version":"2020-12-22","purchased_purges":1,"victory":false,"max_hp_per_floor":[75,75,75,75,75,75,75,75,75,75,75,75,75,75,75,75,75],"card_choices":[{"not_picked":["Havoc","Clothesline"],"picked":"Power Through","floor":1.0},{"not_picked":["Thunderclap","Rupture"],"picked":"Battle Trance","floor":2.0},{"not_picked":["Twin Strike","Rupture"],"picked":"Burning Pact","floor":5.0},{"not_picked":["Searing Blow","Battle Trance","Thunderclap"],"picked":"SKIP","floor":6.0},{"not_picked":["Clothesline","Bloodletting","Dropkick"],"picked":"SKIP","floor":12}],"player_experience":410123,"relics_obtained":[{"floor":4.0,"key":"Juzu Bracelet"},{"floor":6.0,"key":"Darkstone Periapt"},{"floor":9.0,"key":"Akabeko"},{"floor":11.0,"key":"Odd Mushroom"}],"event_choices":[{"damage_healed":0.0,"max_hp_gain":0.0,"max_hp_loss":0.0,"gold_gain":0.0,"cards_transformed":["Dual Wield"],"event_name":"Living Wall","player_choice":"Change","floor":3.0,"gold_loss":0.0,"damage_taken":0.0,"cards_obtained":["Cleave"]},{"cards_removed":["Strike_R"],"damage_healed":0.0,"max_hp_gain":0.0,"max_hp_loss":0.0,"gold_gain":0.0,"event_name":"Golden Wing","player_choice":"Card Removal","floor":8.0,"gold_loss":0.0,"damage_taken":7.0},{"damage_healed":0.0,"max_hp_gain":0.0,"max_hp_loss":0.0,"gold_gain":0.0,"event_name":"Mushrooms","player_choice":"Fought Mushrooms","floor":11.0,"gold_loss":0.0,"damage_taken":0.0},{"damage_healed":0,"gold_gain":0,"player_choice":"Forge","damage_taken":0,"max_hp_gain":0,"max_hp_loss":0,"event_name":"Accursed Blacksmith","floor":14,"gold_loss":0,"cards_upgraded":["Cleave"]}],"is_beta":false,"boss_relics":[],"items_purged_floors":[10],"is_endless":false,"potions_floor_spawned":[1,2],"killed_by":"Slime Boss","ascension_level":20}}