{"host":"c44ey07ufggfw2m8","time":1611066297,"event":{"mods":["2.2 Compatiblity","BaseMod","Colored Map","DeckTracker","Highlight Path","Keyboard Shortcuts","Minty Spire (QoL Compilation)","Permanent Neow","Quick Restart","StSLib","SuperFastMode","UnlockEverythingMod"],"gold_per_floor":[117,127,127,144,159,159,188,188,188,199,199,217,251,262,262,357,357,367,188,188,207,225,225,250,250,298,315,325,338,89,89,89,89,89],"floor_reached":33,"language":"KOR","playtime":1344,"items_purged":["Strike_R","Defend_R"],"score":401,"play_id":"625766ff-5b84-4575-946f-0810f655469d","local_time":"20210119232457","is_ascension_mode":true,"campfire_choices":[{"data":"Armaments","floor":6.0,"key":"SMITH"},{"data":"Feed","floor":11,"key":"SMITH"},{"data":"1","floor":15,"key":"LIFT"},{"data":"2","floor":23,"key":"LIFT"},{"data":"Seeing Red","floor":25,"key":"SMITH"},{"data":"True Grit","floor":32,"key":"SMITH"}],"circlet_count":0,"master_deck":["Strike_R","Strike_R","Defend_R","Defend_R","Bash","Shrug It Off","Flex","Sever Soul","Armaments+1","Wild Strike","Feed+1","Purity","Wild Strike+1","Pommel Strike+1","Evolve","Feed+1","Seeing Red+1","Inflame","Sentinel","Power Through+1","True Grit+1","Sever Soul+1","Wild Strike+1","Uppercut+1"],"relics":["Burning Blood","Regal Pillow","Molten Egg 2","Girya","Coffee Dripper","InkBottle","Orichalcum","Orrery","Letter Opener"],"acts_visited":["Exordium","TheCity"],"potions_floor_usage":[12,13,22,24,33],"damage_taken":[{"damage":6.0,"enemies":"2 Louse","floor":1.0,"turns":3.0},{"damage":15.0,"enemies":"Jaw Worm","floor":2.0,"turns":9.0},{"damage":0.0,"enemies":"Cultist","floor":4.0,"turns":3.0},{"damage":1.0,"enemies":"Exordium Wildlife","floor":5.0,"turns":3.0},{"damage":50.0,"enemies":"Lagavulin","floor":7.0,"turns":9.0},{"damage":2,"enemies":"Red Slaver","floor":10,"turns":5},{"damage":1,"enemies":"Exordium Thugs","floor":12,"turns":4},{"damage":12,"enemies":"Gremlin Nob","floor":13,"turns":3},{"damage":6,"enemies":"Looter","floor":14,"turns":2},{"damage":9,"enemies":"Slime Boss","floor":16,"turns":6},{"damage":20,"enemies":"2 Thieves","floor":18,"turns":4},{"damage":13,"enemies":"Shell Parasite","floor":21,"turns":3},{"damage":25,"enemies":"Snake Plant","floor":22,"turns":4},{"damage":42,"enemies":"Gremlin Leader","floor":24,"turns":6},{"damage":13,"enemies":"Chosen and Byrds","floor":27,"turns":5},{"damage":0,"enemies":"Centurion and Healer","floor":28,"turns":8},{"damage":40,"enemies":"Snake Plant","floor":29,"turns":5},{"damage":9,"enemies":"Automaton","floor":33,"turns":6}],"seed_played":"-7124102762194249833","potions_obtained":[{"floor":7.0,"key":"AttackPotion"},{"floor":12,"key":"FearPotion"},{"floor":13,"key":"GamblersBrew"},{"floor":16,"key":"BloodPotion"},{"floor":21,"key":"Explosive Potion"},{"floor":22,"key":"LiquidMemories"},{"floor":28,"key":"Weak Potion"}],"is_trial":false,"path_per_floor":["M","M","?","M","M","R","E","?","T","M","R","M","E","M","R","B",null,"M","$","?","M","M","R","E","R","T","M","M","M","$","T","R","B"],"character_chosen":"IRONCLAD","items_purchased":["Seeing Red","Inflame","Orrery"],"campfire_rested":0,"item_purchase_floors":[19,19,30],"current_hp_per_floor":[80,71,64,70,75,75,31,31,31,39,39,44,42,46,46,47,84,74,74,74,71,77,77,45,45,45,42,56,26,26,26,26,17,17],"gold":89,"neow_bonus":"REMOVE_CARD","is_daily":false,"chose_seed":false,"campfire_upgraded":4,"win_rate":0.0,"timestamp":1611066297,"path_taken":["M","M","?","M","M","R","E","?","T","?","R","M","E","M","R","BOSS","M","$","?","M","M","R","E","R","T","?","M","M","?","?","R","BOSS"],"items_purchased_type":["Card","Card","Relic"],"build_version":"2020-12-22","purchased_purges":2,"victory":false,"max_hp_per_floor":[80,80,80,80,80,80,80,80,80,84,84,84,88,92,92,96,96,100,100,100,104,108,108,112,112,112,116,124,128,128,128,128,128,128],"card_choices":[{"not_picked":["Heavy Blade","Pommel Strike"],"picked":"Shrug It Off","floor":1.0},{"not_picked":["Body Slam","Headbutt"],"picked":"Flex","floor":2.0},{"not_picked":["Anger","Clash"],"picked":"Sever Soul","floor":4.0},{"not_picked":["Rupture","Thunderclap"],"picked":"Armaments","floor":5.0},{"not_picked":["Iron Wave","Exhume"],"picked":"Wild Strike","floor":7.0},{"not_picked":["Twin Strike+1","Warcry"],"picked":"Wild Strike+1","floor":10},{"not_picked":["Anger+1","Heavy Blade+1","Perfected Strike+1"],"picked":"SKIP","floor":12},{"not_picked":["Intimidate","Twin Strike+1"],"picked":"Pommel Strike+1","floor":13},{"not_picked":["Metallicize","Pummel+1"],"picked":"Evolve","floor":14},{"not_picked":["Limit Break","Juggernaut"],"picked":"Feed+1","floor":16},{"not_picked":["Hemokinesis+1","Iron Wave+1","Sword Boomerang+1"],"picked":"SKIP","floor":18},{"not_picked":["Pommel Strike+1","Evolve"],"picked":"Sentinel","floor":21},{"not_picked":["Anger+1","Armaments","Flex"],"picked":"SKIP","floor":22},{"not_picked":["Twin Strike+1","Double Tap"],"picked":"Power Through+1","floor":24},{"not_picked":["Havoc","Body Slam+1","Armaments"],"picked":"SKIP","floor":27},{"not_picked":["Whirlwind+1","Wild Strike+1","Dropkick+1"],"picked":"SKIP","floor":28},{"not_picked":["Havoc+1","Headbutt+1"],"picked":"True Grit","floor":29},{"not_picked":["Warcry","Carnage+1"],"picked":"Sever Soul+1","floor":30},{"not_picked":["Reckless Charge+1","Barricade"],"picked":"Wild Strike+1","floor":30},{"not_picked":["Hemokinesis+1","Shrug It Off+1"],"picked":"Uppercut+1","floor":30}],"player_experience":41753,"relics_obtained":[{"floor":7.0,"key":"Regal Pillow"},{"floor":9,"key":"Molten Egg 2"},{"floor":13,"key":"Girya"},{"floor":24,"key":"InkBottle"},{"floor":26,"key":"Orichalcum"},{"floor":31,"key":"Letter Opener"}],"event_choices":[{"cards_removed":["Defend_R"],"damage_healed":0.0,"max_hp_gain":0.0,"max_hp_loss":0.0,"gold_gain":0.0,"event_name":"Golden Wing","player_choice":"Card Removal","floor":3.0,"gold_loss":0.0,"damage_taken":7.0},{"damage_healed":0,"gold_gain":0,"player_choice":"2 cards matched","damage_taken":0,"max_hp_gain":0,"max_hp_loss":0,"event_name":"Match and Keep!","floor":8,"gold_loss":0,"cards_obtained":["Feed","Purity"]},{"cards_removed":["Strike_R"],"damage_healed":0,"gold_gain":0,"player_choice":"Card Removal","damage_taken":0,"max_hp_gain":0,"max_hp_loss":0,"event_name":"Wheel of Change","floor":20,"gold_loss":0}],"is_beta":false,"boss_relics":[{"not_picked":["Busted Crown","Black Blood"],"picked":"Coffee Dripper"}],"items_purged_floors":[19,30],"is_endless":false,"potions_floor_spawned":[7,12,13,16,21,22,28,29],"killed_by":"Automaton","ascension_level":5}}