{"host":"r6jigiblrojhp6xe","time":1611093954,"event":{"mods":["AchievementEnabler","BaseMod","DeckTracker","Hermit","Minty Spire (QoL Compilation)","Quick Restart","Rare Cards Sparkle","Relic Stats","StSLib","SuperFastMode","The Cursed","The Hierophant","everything is the same but u backflip on backflip"],"gold_per_floor":[118,136,136,150,165,180,180,248,248,248,267,267,299,344,344,351,351],"floor_reached":16,"language":"KOR","playtime":617,"items_purged":[],"score":94,"play_id":"1018e6b0-8cf4-4e2e-892e-c31d4e89fd17","local_time":"20210120070554","is_ascension_mode":false,"campfire_choices":[{"data":"hermit:ItchyTrigger","floor":7,"key":"SMITH"},{"data":"hermit:Snapshot","floor":10,"key":"SMITH"},{"data":"hermit:Scavenge","floor":12,"key":"SMITH"},{"data":"hermit:TrackingShot","floor":15,"key":"SMITH"}],"circlet_count":0,"master_deck":["hermit:Strike_Hermit","hermit:Strike_Hermit","hermit:Strike_Hermit","hermit:Strike_Hermit","hermit:Defend_Hermit","hermit:Defend_Hermit","hermit:Defend_Hermit","hermit:Defend_Hermit","hermit:Snapshot+1","hermit:Covet","hermit:GhostlyPresence","hermit:Midnight","hermit:TrackingShot+1","hermit:ItchyTrigger+1","hermit:Scavenge+1"],"relics":["hermit:Momento","NeowsBlessing","Golden Idol","MealTicket","Anchor","Odd Mushroom"],"acts_visited":["Exordium"],"potions_floor_usage":[8,8,14,16],"damage_taken":[{"damage":0,"enemies":"Cultist","floor":1,"turns":1},{"damage":0,"enemies":"Small Slimes","floor":2,"turns":1},{"damage":0,"enemies":"2 Louse","floor":4,"turns":2},{"damage":18,"enemies":"Large Slime","floor":5,"turns":4},{"damage":2,"enemies":"Exordium Wildlife","floor":6,"turns":4},{"damage":16,"enemies":"Gremlin Nob","floor":8,"turns":4},{"damage":0,"enemies":"Red Slaver","floor":11,"turns":3},{"damage":4,"enemies":"Exordium Thugs","floor":13,"turns":6},{"damage":4,"enemies":"The Mushroom Lair","floor":14,"turns":4},{"damage":15,"enemies":"Hexaghost","floor":16,"turns":9}],"seed_played":"6743638549597214080","potions_obtained":[{"floor":4,"key":"AttackPotion"},{"floor":6,"key":"Block Potion"},{"floor":11,"key":"FearPotion"},{"floor":13,"key":"hermit:Tonic"}],"is_trial":false,"path_per_floor":["M","M","?","M","M","M","R","?","T","R","M","R","M","?","R","B"],"character_chosen":"HERMIT","items_purchased":[],"campfire_rested":0,"item_purchase_floors":[],"current_hp_per_floor":[75,75,57,57,39,37,37,21,21,21,21,21,17,13,13,0,0],"gold":351,"neow_bonus":"THREE_ENEMY_KILL","is_daily":false,"chose_seed":false,"campfire_upgraded":4,"win_rate":0.0,"timestamp":1611093954,"path_taken":["M","?","?","M","M","M","R","?","T","R","M","R","M","?","R","BOSS"],"items_purchased_type":[],"build_version":"2020-12-22","purchased_purges":0,"victory":false,"max_hp_per_floor":[75,75,75,75,75,75,75,75,75,75,75,75,75,75,75,75,75],"relic_stats":{"counters":[10,38],"Golden Idol":33,"MealTicket":0,"obtain_stats":[{"Anchor":9,"NeowsBlessing":0,"Golden Idol":3,"MealTicket":8,"Odd Mushroom":14,"hermit:Momento":0},{"Anchor":6,"NeowsBlessing":0,"Golden Idol":2,"MealTicket":5,"Odd Mushroom":9,"hermit:Momento":0},{"Anchor":16,"NeowsBlessing":0,"Golden Idol":2,"MealTicket":12,"Odd Mushroom":29,"hermit:Momento":0}]},"card_choices":[{"not_picked":["hermit:Glare","hermit:EyeOfTheStorm"],"picked":"hermit:GhostlyPresence","floor":1},{"not_picked":["hermit:TakeCover","hermit:GhostlyPresence"],"picked":"hermit:Midnight","floor":2},{"not_picked":["hermit:Vantage","hermit:Feint"],"picked":"hermit:TrackingShot","floor":4},{"not_picked":["hermit:HighCaliber","hermit:Horror"],"picked":"hermit:ItchyTrigger","floor":5},{"not_picked":["hermit:ItchyTrigger","hermit:Adapt","hermit:EyeOfTheStorm"],"picked":"SKIP","floor":6},{"not_picked":["hermit:Misfire","hermit:LowProfile"],"picked":"hermit:Scavenge","floor":8},{"not_picked":["hermit:Grudge","hermit:Cheat","hermit:Misfire"],"picked":"SKIP","floor":11},{"not_picked":["hermit:PistolWhip","hermit:BodyArmor","hermit:Roulette"],"picked":"SKIP","floor":13}],"player_experience":587351,"relics_obtained":[{"floor":9,"key":"Anchor"},{"floor":14,"key":"Odd Mushroom"}],"event_choices":[{"damage_healed":0,"gold_gain":0,"player_choice":"Take Damage","damage_taken":18,"relics_obtained":["Golden Idol"],"max_hp_gain":0,"max_hp_loss":0,"event_name":"Golden Idol","floor":3,"gold_loss":0},{"damage_healed":0,"gold_gain":30,"player_choice":"Searched \u00273\u0027 times","damage_taken":0,"relics_obtained":["MealTicket"],"max_hp_gain":0,"max_hp_loss":0,"event_name":"Dead Adventurer","floor":8,"gold_loss":0},{"damage_healed":0,"gold_gain":0,"player_choice":"Fought Mushrooms","damage_taken":0,"max_hp_gain":0,"max_hp_loss":0,"event_name":"Mushrooms","floor":14,"gold_loss":0}],"is_beta":false,"boss_relics":[],"items_purged_floors":[],"is_endless":false,"potions_floor_spawned":[4,6,11,13],"killed_by":"Hexaghost","ascension_level":0}}