{"host":"8d3fefv2347kqkpz","time":1611025891,"event":{"mods":["100% Spire Juice","AchievementEnabler","Act Like it!","Aspiration","BaseMod","Better Vampires","Colored Map","Colored Powertips","Conspire","GifTheSpireLib","Highlight Path","Mimic Mod","Minty Spire (QoL Compilation)","Quick Restart","Reimu£®≤©¿ˆ¡È√Œ£©","Relic Stats","Remilia£®¿Ÿ√◊¿Ú—«£©","Replay The Spire","Spicy Shops","StSLib","The Gatherer","The Jungle","The Senshi","The Servant 0.9.4","Waifu the Spire","vexMod"],"gold_per_floor":[118,132,181,181,256,256,272,43,91,91,101,101,115,134,134,237,237,257,13,30,30,30,30,30,30],"floor_reached":24,"language":"ZHS","playtime":739,"items_purged":["Strike_B","Strike_B"],"score":186,"play_id":"31c13151-aced-43b2-aa62-4b60ab1fb831","local_time":"20210119111131","is_ascension_mode":false,"campfire_choices":[{"data":"Zap","floor":6,"key":"SMITH"},{"data":"Go for the Eyes","floor":12,"key":"SMITH"},{"floor":15,"key":"REST"},{"floor":23,"key":"REST"}],"circlet_count":0,"master_deck":["Strike_B","Strike_B","Defend_B","Defend_B","Defend_B","Defend_B","Zap+1","Dualcast","Hologram+1","Gash","Gash","Go for the Eyes+1","Reboot","CurseOfTheBell","Self Repair"],"relics":["Cracked Core","aspiration:Nostalgia","PureWater","aspiration:Lifesprig","DollysMirror","Ancient Tea Set","Calling Bell","RuthlessExorcism:ReiMu","vexMod:InvisibilityCloak","Shovel","Sling","MutagenicStrength","Nilry\u0027s Codex"],"acts_visited":["Exordium","TheCity"],"potions_floor_usage":[],"damage_taken":[{"damage":3,"enemies":"2 Louse","floor":1,"turns":2},{"damage":0,"enemies":"Small Slimes","floor":2,"turns":4},{"damage":1,"enemies":"Jaw Worm","floor":7,"turns":3},{"damage":4,"enemies":"3 Louse","floor":11,"turns":3},{"damage":6,"enemies":"2 Fungi Beasts","floor":13,"turns":3},{"damage":0,"enemies":"Blue Slaver","floor":14,"turns":3},{"damage":50,"enemies":"Hexaghost","floor":16,"turns":11},{"damage":14,"enemies":"Spheric Guardian","floor":18,"turns":4},{"damage":6,"enemies":"3 Byrds","floor":20,"turns":5},{"damage":12,"enemies":"3 Cultists","floor":24,"turns":4}],"seed_played":"-2523903742300307298","potions_obtained":[{"floor":1,"key":"SpeedPotion"},{"floor":3,"key":"Energy Potion"},{"floor":3,"key":"Weak Potion"}],"is_trial":false,"path_per_floor":["M","M","?","?","?","R","M","$","T","?","M","R","M","M","R","B",null,"M","$","M","?","?","R","M"],"character_chosen":"DEFECT","items_purchased":["DollysMirror","Sling"],"campfire_rested":2,"item_purchase_floors":[8,19],"current_hp_per_floor":[72,72,72,72,61,61,60,60,60,65,61,61,55,55,79,29,80,66,66,60,60,44,68,56,56],"gold":30,"neow_bonus":"NOSTALGIA","is_daily":false,"chose_seed":false,"campfire_upgraded":2,"win_rate":0.0,"timestamp":1611025891,"path_taken":["M","M","?","?","?","R","M","$","T","?","?","R","M","M","R","BOSS","M","$","M","?","?","R","M"],"items_purchased_type":["Relic","Relic"],"build_version":"2020-12-22","purchased_purges":2,"victory":false,"max_hp_per_floor":[75,75,75,75,75,75,75,75,75,80,80,80,80,80,80,80,80,80,80,80,80,80,80,80,80],"relic_stats":{"Shovel":0,"counters":[10,42],"obtain_stats":[{"aspiration:Lifesprig":3,"aspiration:Nostalgia":0,"Nilry\u0027s Codex":22,"Ancient Tea Set":9,"Sling":19,"Calling Bell":17,"vexMod:InvisibilityCloak":17,"Shovel":17,"DollysMirror":8,"MutagenicStrength":21,"PureWater":0,"Cracked Core":0,"RuthlessExorcism:ReiMu":17},{"aspiration:Lifesprig":2,"aspiration:Nostalgia":0,"Nilry\u0027s Codex":9,"Ancient Tea Set":3,"Sling":8,"Calling Bell":7,"vexMod:InvisibilityCloak":7,"Shovel":7,"DollysMirror":3,"MutagenicStrength":9,"PureWater":0,"Cracked Core":0,"RuthlessExorcism:ReiMu":7},{"aspiration:Lifesprig":6,"aspiration:Nostalgia":0,"Nilry\u0027s Codex":38,"Ancient Tea Set":9,"Sling":33,"Calling Bell":29,"vexMod:InvisibilityCloak":29,"Shovel":29,"DollysMirror":9,"MutagenicStrength":38,"PureWater":0,"Cracked Core":0,"RuthlessExorcism:ReiMu":29}]},"card_choices":[{"not_picked":["Rebound","Tempest","Scrape"],"picked":"SKIP","floor":1},{"not_picked":["Doom and Gloom","Panic Button"],"picked":"Hologram","floor":2},{"not_picked":["Turbo","Beam Cell"],"picked":"Gash","floor":7},{"not_picked":["ReplayTheSpireMod:Calculation Training","Ball Lightning"],"picked":"Go for the Eyes","floor":11},{"not_picked":["Rebound","Force Field","Leap"],"picked":"SKIP","floor":13},{"not_picked":["ReplayTheSpireMod:Omega Cannon","BasicCrystalCard","Coolheaded"],"picked":"SKIP","floor":14},{"not_picked":["Multi-Cast","Hyperbeam"],"picked":"Reboot","floor":16},{"not_picked":["Steam","Ball Lightning+1","ReplayRNGCard"],"picked":"SKIP","floor":18},{"not_picked":["Auto Shields+1","Ball Lightning+1"],"picked":"Self Repair","floor":20}],"player_experience":118662,"relics_obtained":[{"floor":3,"key":"aspiration:Lifesprig"},{"floor":9,"key":"Ancient Tea Set"},{"floor":17,"key":"RuthlessExorcism:ReiMu"},{"floor":17,"key":"vexMod:InvisibilityCloak"},{"floor":17,"key":"Shovel"},{"floor":22,"key":"Nilry\u0027s Codex"}],"event_choices":[{"damage_healed":0,"gold_gain":75,"player_choice":"Gather Gold","damage_taken":11,"max_hp_gain":0,"max_hp_loss":0,"event_name":"World of Goop","floor":5,"gold_loss":0},{"damage_healed":0,"gold_gain":0,"player_choice":"Donut","damage_taken":0,"max_hp_gain":5,"max_hp_loss":0,"event_name":"Big Fish","floor":10,"gold_loss":0},{"damage_healed":0,"gold_gain":0,"player_choice":"Inject Mutagens","damage_taken":0,"relics_obtained":["MutagenicStrength"],"max_hp_gain":0,"max_hp_loss":0,"event_name":"Drug Dealer","floor":21,"gold_loss":0},{"damage_healed":0,"gold_gain":0,"player_choice":"Obtained Book","damage_taken":16,"max_hp_gain":0,"max_hp_loss":0,"event_name":"Cursed Tome","floor":22,"gold_loss":0}],"is_beta":false,"boss_relics":[{"not_picked":["aspiration:RandomNobGenerator","vexMod:CursedCompass"],"picked":"Calling Bell"}],"items_purged_floors":[8,19],"is_endless":false,"potions_floor_spawned":[1,7,16,20],"killed_by":"3 Cultists","ascension_level":0}}