{"host":"oehe2dxjvdgux73m","time":1611065219,"event":{"mods":["AchievementEnabler","BaseMod","Colored Map","Colored Powertips","DeckTracker","Keyboard Shortcuts","Minty Spire (QoL Compilation)","Permanent Neow","Quick Restart","StSLib","SuperFastMode"],"gold_per_floor":[115,115,134,134,154,154,174,174,174,174,174,194,194,194],"floor_reached":13,"language":"KOR","playtime":294,"items_purged":[],"score":150,"play_id":"381ec677-3d72-4483-a24a-5060f8c5eb95","local_time":"20210119230659","is_ascension_mode":true,"campfire_choices":[{"data":"Riddle With Holes","floor":6,"key":"SMITH"},{"data":"Terror","floor":8,"key":"SMITH"},{"data":"After Image","floor":10,"key":"SMITH"}],"circlet_count":0,"master_deck":["AscendersBane","Strike_G","Strike_G","Strike_G","Strike_G","Defend_G","Defend_G","Defend_G","Defend_G","Defend_G","Survivor","Neutralize","Terror+1","Backflip","After Image+1","Riddle With Holes+1","Eviscerate"],"relics":["Ring of the Snake","Golden Idol","Pear","Pantograph"],"acts_visited":[],"potions_floor_usage":[5,13],"damage_taken":[{"damage":11,"enemies":"Jaw Worm","floor":1,"turns":7},{"damage":5,"enemies":"Small Slimes","floor":3,"turns":5},{"damage":12,"enemies":"Cultist","floor":5,"turns":4},{"damage":12,"enemies":"Exordium Wildlife","floor":7,"turns":5},{"damage":2,"enemies":"Red Slaver","floor":12,"turns":6},{"damage":33,"enemies":"Gremlin Nob","floor":13,"turns":3}],"seed_played":"8151521083923625051","potions_obtained":[{"floor":1,"key":"SpeedPotion"},{"floor":5,"key":"Fruit Juice"}],"is_trial":false,"path_per_floor":["M","?","M","?","M","R","M","R","T","R","T","M","E"],"character_chosen":"THE_SILENT","items_purchased":[],"campfire_rested":0,"item_purchase_floors":[],"current_hp_per_floor":[48,48,43,43,36,36,24,24,34,34,34,32,0,0],"gold":194,"neow_bonus":"REMOVE_CARD","is_daily":false,"chose_seed":false,"campfire_upgraded":3,"win_rate":0.0,"timestamp":1611065219,"path_taken":["M","?","M","?","M","R","?","R","T","R","?","?","E"],"items_purchased_type":[],"build_version":"2020-12-22","purchased_purges":0,"victory":false,"max_hp_per_floor":[66,60,60,60,65,65,65,65,75,75,75,75,75,75],"card_choices":[{"not_picked":["Caltrops","Flechettes"],"picked":"Terror","floor":1},{"not_picked":["Bane","Accuracy"],"picked":"Backflip","floor":3},{"not_picked":["Outmaneuver","Slice"],"picked":"Riddle With Holes","floor":5},{"not_picked":["Accuracy","Bane","Acrobatics"],"picked":"SKIP","floor":7},{"not_picked":["Accuracy","Bane"],"picked":"Eviscerate","floor":12}],"player_experience":288184,"relics_obtained":[{"floor":9,"key":"Pear"},{"floor":11,"key":"Pantograph"}],"event_choices":[{"damage_healed":0,"gold_gain":0,"player_choice":"Lose Max HP","damage_taken":0,"relics_obtained":["Golden Idol"],"max_hp_gain":0,"max_hp_loss":6,"event_name":"Golden Idol","floor":2,"gold_loss":0},{"damage_healed":0,"gold_gain":0,"player_choice":"1 cards matched","damage_taken":0,"max_hp_gain":0,"max_hp_loss":0,"event_name":"Match and Keep!","floor":4,"gold_loss":0,"cards_obtained":["After Image"]}],"is_beta":false,"boss_relics":[],"items_purged_floors":[],"is_endless":false,"potions_floor_spawned":[1,5],"killed_by":"Gremlin Nob","ascension_level":20}}