{"host":"tjq6rykv202u6iqx","time":1611083358,"event":{"mods":["AchievementEnabler","BaseMod","Minty Spire (QoL Compilation)","Rare Cards Sparkle","Relic Stats"],"gold_per_floor":[316,591,607,298,314,347,361,6,6,41,64,76,119,147,159,250,262,286,317,329,354,366,366],"floor_reached":22,"language":"ENG","playtime":1814,"items_purged":["Regret"],"score":441,"play_id":"4e46686d-340b-4139-8f36-dca020732836","local_time":"20210119130918","is_ascension_mode":true,"campfire_choices":[{"data":"Zap","floor":12.0,"key":"SMITH"},{"data":"Turbo","floor":15.0,"key":"SMITH"}],"circlet_count":0,"master_deck":["AscendersBane","Strike_B","Strike_B","Strike_B","Strike_B","Defend_B","Defend_B","Defend_B","Defend_B","Zap+1","Dualcast","Genetic Algorithm","Rebound","Coolheaded","Core Surge","Go for the Eyes","Beam Cell","All For One","Turbo+1","Sweeping Beam","BootSequence","Self Repair","Electrodynamics","Gash+1","Capacitor"],"relics":["Cracked Core","Old Coin","Emotion Chip","DataDisk","Bag of Preparation","Shovel","Ice Cream","MawBank","Omamori","SlaversCollar"],"acts_visited":["Exordium","TheCity"],"potions_floor_usage":[22],"damage_taken":[{"damage":7.0,"enemies":"Jaw Worm","floor":1.0,"turns":3.0},{"damage":7.0,"enemies":"Cultist","floor":3.0,"turns":4.0},{"damage":5.0,"enemies":"2 Louse","floor":5.0,"turns":3.0},{"damage":24.0,"enemies":"3 Sentries","floor":6.0,"turns":6.0},{"damage":1.0,"enemies":"Looter","floor":7.0,"turns":4.0},{"damage":7.0,"enemies":"Lagavulin","floor":10.0,"turns":6.0},{"damage":0.0,"enemies":"Gremlin Nob","floor":13.0,"turns":3.0},{"damage":0.0,"enemies":"2 Fungi Beasts","floor":14.0,"turns":2.0},{"damage":10.0,"enemies":"Slime Boss","floor":16.0,"turns":8.0},{"damage":15.0,"enemies":"2 Thieves","floor":18.0,"turns":4.0},{"damage":19.0,"enemies":"Spheric Guardian","floor":19.0,"turns":4.0},{"damage":12,"enemies":"3 Cultists","floor":21,"turns":4},{"damage":31,"enemies":"Snake Plant","floor":22,"turns":3}],"seed_played":"-2240568417791587619","potions_obtained":[{"floor":1.0,"key":"DistilledChaos"},{"floor":6.0,"key":"Swift Potion"},{"floor":13.0,"key":"Strength Potion"}],"is_trial":false,"path_per_floor":["M","?","M","$","M","E","M","$","T","E","T","R","E","M","R","B",null,"M","M","?","M","M"],"character_chosen":"DEFECT","items_purchased":["Coolheaded","Core Surge","Go for the Eyes","DataDisk","Bag of Preparation","Sweeping Beam"],"campfire_rested":0,"item_purchase_floors":[4,4,4,8,8,8],"current_hp_per_floor":[57,57,50,50,45,21,20,20,20,13,13,13,13,13,13,10,56,48,36,36,31,0,0],"gold":366,"neow_bonus":"ONE_RARE_RELIC","is_daily":false,"chose_seed":false,"campfire_upgraded":2,"win_rate":0.0,"timestamp":1611083358,"path_taken":["M","?","M","$","M","E","?","$","T","E","?","R","E","M","R","BOSS","M","M","?","M","M"],"items_purchased_type":["Card","Card","Card","Relic","Relic","Card"],"build_version":"2020-12-22","purchased_purges":1,"victory":false,"max_hp_per_floor":[71,71,71,71,71,71,71,71,71,71,71,71,71,71,71,71,71,71,71,71,71,71,71],"relic_stats":{"Emotion Chip":[22,16,6,0,0],"Shovel":0,"counters":[13,54],"Bag of Preparation":[16],"MawBank":132,"obtain_stats":[{"Ice Cream":10,"SlaversCollar":17,"Emotion Chip":6,"DataDisk":8,"Shovel":9,"Bag of Preparation":8,"Omamori":13,"Cracked Core":0,"MawBank":11,"Old Coin":0},{"Ice Cream":6,"SlaversCollar":9,"Emotion Chip":4,"DataDisk":5,"Shovel":5,"Bag of Preparation":5,"Omamori":7,"Cracked Core":0,"MawBank":6,"Old Coin":0},{"Ice Cream":26,"SlaversCollar":39,"Emotion Chip":16,"DataDisk":20,"Shovel":20,"Bag of Preparation":20,"Omamori":29,"Cracked Core":0,"MawBank":26,"Old Coin":0}]},"card_choices":[{"not_picked":["Streamline","Cold Snap"],"picked":"Genetic Algorithm","floor":1.0},{"not_picked":["Leap","Melter"],"picked":"Rebound","floor":3.0},{"not_picked":["Streamline","Storm"],"picked":"Beam Cell","floor":5.0},{"not_picked":["Stack","Gash"],"picked":"All For One","floor":6.0},{"not_picked":["Lockon","Gash"],"picked":"Turbo","floor":7.0},{"not_picked":["Steam","Turbo"],"picked":"BootSequence","floor":10.0},{"not_picked":["Barrage","Hologram","Redo"],"picked":"SKIP","floor":13.0},{"not_picked":["Double Energy","Skim"],"picked":"Self Repair","floor":14.0},{"not_picked":["Rainbow","Machine Learning"],"picked":"Electrodynamics","floor":16.0},{"not_picked":["Streamline","Redo"],"picked":"Gash+1","floor":18.0},{"not_picked":["Hologram","Rebound","Stack"],"picked":"SKIP","floor":19.0},{"not_picked":["Gash","Sunder"],"picked":"Capacitor","floor":21}],"player_experience":835100,"relics_obtained":[{"floor":6.0,"key":"Emotion Chip"},{"floor":9.0,"key":"Shovel"},{"floor":10.0,"key":"Ice Cream"},{"floor":11.0,"key":"MawBank"},{"floor":13.0,"key":"Omamori"}],"event_choices":[{"damage_healed":0.0,"max_hp_gain":0.0,"max_hp_loss":0.0,"gold_gain":275.0,"event_name":"Golden Shrine","player_choice":"Desecrate","floor":2.0,"gold_loss":0.0,"damage_taken":0.0,"cards_obtained":["Regret"]},{"damage_healed":0.0,"max_hp_gain":0.0,"max_hp_loss":0.0,"gold_gain":0.0,"event_name":"The Mausoleum","player_choice":"Ignored","floor":20.0,"gold_loss":0.0,"damage_taken":0.0}],"is_beta":false,"boss_relics":[{"not_picked":["Ectoplasm","Busted Crown"],"picked":"SlaversCollar"}],"items_purged_floors":[4],"is_endless":false,"potions_floor_spawned":[1,6,13,16,21],"killed_by":"Snake Plant","ascension_level":16}}