{"host":"ebj6lkgm8suah319","time":1611018069,"event":{"mods":["2.2 Compatiblity","AchievementEnabler","BaseMod","Block Reminder","Colored Map","Colored Powertips","Minty Spire (QoL Compilation)","Quick Restart","Rare Cards Sparkle","Relic Stats","SuperFastMode"],"gold_per_floor":[12,24,24,39,39,39,65,65,65,99,114,79,91,91,91,215,215,228,228,248,248,248],"floor_reached":21,"language":"ENG","playtime":555,"items_purged":[],"score":274,"play_id":"80f856af-0793-4c5d-b64c-92bad852c70a","local_time":"20210118200109","is_ascension_mode":true,"campfire_choices":[{"data":"The Bomb","floor":6,"key":"SMITH"},{"floor":8,"key":"REST"},{"data":"Armaments","floor":15,"key":"SMITH"}],"circlet_count":0,"master_deck":["Strike_R","Strike_R","Strike_R","Strike_R","Strike_R","Defend_R","Defend_R","Defend_R","Defend_R","Bash","The Bomb+1","True Grit+1","Reaper","Metallicize","Armaments+1","Evolve+1","Feed","Barricade+1","Spot Weakness","Shrug It Off"],"relics":["Burning Blood","Question Card","Toy Ornithopter","Frozen Egg 2","White Beast Statue","Golden Idol","SlaversCollar"],"acts_visited":["Exordium","TheCity"],"potions_floor_usage":[11,16,18,20,21,21,21],"damage_taken":[{"damage":6,"enemies":"Cultist","floor":1,"turns":4},{"damage":19,"enemies":"Jaw Worm","floor":2,"turns":4},{"damage":0,"enemies":"Small Slimes","floor":4,"turns":3},{"damage":30,"enemies":"3 Sentries","floor":7,"turns":5},{"damage":37,"enemies":"Gremlin Nob","floor":10,"turns":4},{"damage":32,"enemies":"3 Louse","floor":11,"turns":3},{"damage":10,"enemies":"Blue Slaver","floor":13,"turns":10},{"damage":26,"enemies":"Slime Boss","floor":16,"turns":7},{"damage":62,"enemies":"Spheric Guardian","floor":18,"turns":11},{"damage":30,"enemies":"2 Thieves","floor":20,"turns":4},{"damage":58,"enemies":"Shelled Parasite and Fungi","floor":21,"turns":5}],"seed_played":"-8521003424060598280","potions_obtained":[{"floor":2,"key":"AttackPotion"},{"floor":10,"key":"DuplicationPotion"},{"floor":11,"key":"ElixirPotion"},{"floor":13,"key":"DuplicationPotion"},{"floor":16,"key":"FearPotion"},{"floor":18,"key":"FearPotion"},{"floor":20,"key":"LiquidBronze"}],"is_trial":false,"path_per_floor":["M","M","?","M","?","R","E","R","T","E","M","?","M","?","R","B",null,"M","?","M","M"],"character_chosen":"IRONCLAD","items_purchased":[],"campfire_rested":1,"item_purchase_floors":[],"current_hp_per_floor":[72,59,59,65,62,62,38,62,62,31,10,30,30,30,30,23,64,13,39,36,0,0],"gold":248,"neow_bonus":"RANDOM_COLORLESS_2","is_daily":false,"chose_seed":false,"campfire_upgraded":2,"win_rate":0.0,"timestamp":1611018069,"path_taken":["M","M","?","M","?","R","E","R","T","E","M","?","M","?","R","BOSS","M","?","M","M"],"items_purchased_type":[],"build_version":"2020-12-22","purchased_purges":0,"victory":false,"max_hp_per_floor":[80,80,80,80,80,80,80,80,80,80,80,80,80,74,74,78,78,78,78,78,81,81],"relic_stats":{"counters":[11,60],"Golden Idol":32,"Question Card":7,"obtain_stats":[{"SlaversCollar":17,"Golden Idol":14,"Frozen Egg 2":9,"Question Card":5,"Burning Blood":0,"Toy Ornithopter":7,"White Beast Statue":10},{"SlaversCollar":8,"Golden Idol":7,"Frozen Egg 2":4,"Question Card":3,"Burning Blood":0,"Toy Ornithopter":4,"White Beast Statue":5},{"SlaversCollar":40,"Golden Idol":33,"Frozen Egg 2":16,"Question Card":11,"Burning Blood":0,"Toy Ornithopter":16,"White Beast Statue":20}],"Burning Blood":60,"Toy Ornithopter":35},"card_choices":[{"not_picked":["Secret Weapon","Secret Technique"],"picked":"The Bomb","floor":0},{"not_picked":["Clash","Heavy Blade"],"picked":"True Grit","floor":1},{"not_picked":["Clash","Hemokinesis","Flex"],"picked":"SKIP","floor":2},{"not_picked":["Flex","Anger"],"picked":"Reaper","floor":4},{"not_picked":["Perfected Strike","Entrench","Clothesline"],"picked":"Metallicize","floor":7},{"not_picked":["Heavy Blade","Headbutt","Iron Wave"],"picked":"Armaments","floor":10},{"not_picked":["Flex","Rupture+1","Rampage"],"picked":"Evolve+1","floor":11},{"not_picked":["Shockwave","Sword Boomerang","Armaments"],"picked":"Feed","floor":13},{"not_picked":["Juggernaut+1","Reaper","Fiend Fire"],"picked":"Barricade+1","floor":16},{"not_picked":["Combust+1","Iron Wave","Body Slam"],"picked":"Spot Weakness","floor":18},{"not_picked":["Iron Wave","Headbutt","Sentinel"],"picked":"Shrug It Off","floor":20}],"player_experience":26899,"relics_obtained":[{"floor":7,"key":"Toy Ornithopter"},{"floor":9,"key":"Frozen Egg 2"},{"floor":10,"key":"White Beast Statue"}],"event_choices":[{"damage_healed":0,"gold_gain":0,"player_choice":"Grow","damage_taken":0,"max_hp_gain":0,"max_hp_loss":0,"event_name":"Living Wall","floor":3,"gold_loss":0,"cards_upgraded":["True Grit"]},{"damage_healed":0,"gold_gain":0,"player_choice":"Success","damage_taken":3,"relics_obtained":["Question Card"],"max_hp_gain":0,"max_hp_loss":0,"event_name":"Scrap Ooze","floor":5,"gold_loss":0},{"damage_healed":20,"gold_gain":0,"player_choice":"Healed","damage_taken":0,"max_hp_gain":0,"max_hp_loss":0,"event_name":"The Cleric","floor":12,"gold_loss":35},{"damage_healed":0,"gold_gain":0,"player_choice":"Lose Max HP","damage_taken":0,"relics_obtained":["Golden Idol"],"max_hp_gain":0,"max_hp_loss":6,"event_name":"Golden Idol","floor":14,"gold_loss":0},{"damage_healed":26,"gold_gain":0,"player_choice":"Heal","damage_taken":0,"max_hp_gain":0,"max_hp_loss":0,"event_name":"The Library","floor":19,"gold_loss":0}],"is_beta":false,"boss_relics":[{"not_picked":["Tiny House","Black Star"],"picked":"SlaversCollar"}],"items_purged_floors":[],"is_endless":false,"potions_floor_spawned":[2,10,11,13,16,18,20],"killed_by":"Shelled Parasite and Fungi","ascension_level":9}}