{"host":"tjq6rykv202u6iqx","time":1611090586,"event":{"mods":["AchievementEnabler","BaseMod","Minty Spire (QoL Compilation)","Rare Cards Sparkle","Relic Stats"],"gold_per_floor":[213,213,225,48,66,95,107,151,189,201,213,205,229,261,273,285,285],"floor_reached":16,"language":"ENG","playtime":720,"items_purged":["Strike_B"],"score":198,"play_id":"e07f5dc7-1e16-4409-8bf4-a55a1f71e945","local_time":"20210119150946","is_ascension_mode":true,"campfire_choices":[{"data":"Rip and Tear","floor":7.0,"key":"SMITH"},{"data":"Machine Learning","floor":11.0,"key":"SMITH"},{"floor":15.0,"key":"REST"}],"circlet_count":0,"master_deck":["AscendersBane","Strike_B","Strike_B","Strike_B","Defend_B","Defend_B","Defend_B","Defend_B","Zap+1","Dualcast","Rebound","Rip and Tear+1","Steam","Hologram","Ball Lightning","Machine Learning+1","FTL"],"relics":["Cracked Core","MawBank","Regal Pillow","Toy Ornithopter"],"acts_visited":["Exordium"],"potions_floor_usage":[],"damage_taken":[{"damage":0.0,"enemies":"2 Louse","floor":1.0,"turns":2.0},{"damage":0.0,"enemies":"Cultist","floor":3.0,"turns":3.0},{"damage":7.0,"enemies":"Jaw Worm","floor":5.0,"turns":2.0},{"damage":17.0,"enemies":"Lagavulin","floor":6.0,"turns":6.0},{"damage":18.0,"enemies":"3 Sentries","floor":8.0,"turns":6.0},{"damage":10.0,"enemies":"Gremlin Gang","floor":13.0,"turns":3.0},{"damage":18.0,"enemies":"Exordium Thugs","floor":14.0,"turns":4.0},{"damage":51,"enemies":"Slime Boss","floor":16,"turns":7}],"seed_played":"-3044209587471706597","potions_obtained":[{"floor":3.0,"key":"Dexterity Potion"},{"floor":5.0,"key":"EssenceOfSteel"},{"floor":8.0,"key":"CultistPotion"},{"floor":12.0,"key":"SkillPotion"}],"is_trial":false,"path_per_floor":["M","?","M","$","M","E","R","E","T","$","R","?","M","M","R","B"],"character_chosen":"DEFECT","items_purchased":["Rip and Tear","Steam"],"campfire_rested":1,"item_purchase_floors":[4,4],"current_hp_per_floor":[64,64,64,64,57,40,40,22,22,22,22,22,17,4,40,0,0],"gold":285,"neow_bonus":"HUNDRED_GOLD","is_daily":false,"chose_seed":false,"campfire_upgraded":2,"win_rate":0.0,"timestamp":1611090586,"path_taken":["M","?","M","$","?","E","R","E","T","?","R","?","M","?","R","BOSS"],"items_purchased_type":["Card","Card"],"build_version":"2020-12-22","purchased_purges":1,"victory":false,"max_hp_per_floor":[71,71,71,71,71,71,71,71,71,71,71,71,71,71,71,71,71],"relic_stats":{"Regal Pillow":15,"counters":[8,33],"MawBank":120,"obtain_stats":[{"Regal Pillow":8,"Cracked Core":0,"MawBank":6,"Toy Ornithopter":9},{"Regal Pillow":5,"Cracked Core":0,"MawBank":4,"Toy Ornithopter":5},{"Regal Pillow":19,"Cracked Core":0,"MawBank":13,"Toy Ornithopter":19}],"Toy Ornithopter":10},"card_choices":[{"not_picked":["Redo","Hologram"],"picked":"Rebound","floor":1.0},{"not_picked":["Barrage","Gash","Turbo"],"picked":"SKIP","floor":3.0},{"not_picked":["Stack","Static Discharge"],"picked":"Hologram","floor":5.0},{"not_picked":["Steam","Streamline"],"picked":"Ball Lightning","floor":6.0},{"not_picked":["Darkness","BootSequence"],"picked":"Machine Learning","floor":8.0},{"not_picked":["Barrage","Redo","BootSequence"],"picked":"SKIP","floor":13.0},{"not_picked":["Gash","Hello World"],"picked":"FTL","floor":14.0}],"player_experience":841543,"relics_obtained":[{"floor":6.0,"key":"MawBank"},{"floor":8.0,"key":"Regal Pillow"},{"floor":9.0,"key":"Toy Ornithopter"}],"event_choices":[{"damage_healed":0.0,"max_hp_gain":0.0,"max_hp_loss":0.0,"gold_gain":0.0,"event_name":"Accursed Blacksmith","player_choice":"Forge","floor":2.0,"gold_loss":0.0,"damage_taken":0.0,"cards_upgraded":["Zap"]},{"damage_healed":0.0,"max_hp_gain":0.0,"max_hp_loss":0.0,"gold_gain":0.0,"event_name":"The Woman in Blue","player_choice":"Bought 1 Potion","floor":12.0,"gold_loss":0.0,"damage_taken":0.0}],"is_beta":false,"boss_relics":[],"items_purged_floors":[4],"is_endless":false,"potions_floor_spawned":[3,5,8],"killed_by":"Slime Boss","ascension_level":16}}