{"host":"Ringo","time":1611064602,"event":{"mods":["BaseMod","Colored Map","Conspire","Dota2Spire","Minty Spire (QoL Compilation)","StSLib","[IsaacMod]ÒÔÈö¼âËþ","¡¾ÒÅÎï¿¨ÅÆ¡¿REMEMod"],"gold_per_floor":[117,137,148,206,232,274,307,307,387,418,445,464,497,534,546,633,645,670,1000,1025,1037,1049,1104,1141,1179,1267,1335,636,668,49,83,83,102,120,139,149,193,245,274,306,306,331,331,366,366,392,392,463,463,476,487,503,519,6,34,64,97,97,122,148,181,181,214,214,214,214],"floor_reached":52,"language":"ZHS","playtime":1341,"items_purged":[],"score":4437,"play_id":"f07f0932-ab24-439f-ab64-fbe74559c328","local_time":"20210119215642","daily_mods":["SealedDeck","Vintage","Colorless Cards","Heirloom","Time Dilation","Flight","DeadlyEvents","Elite Swarm","Lethality","Binary"],"is_ascension_mode":true,"campfire_choices":[{"data":"Seeing Red","floor":8,"key":"SMITH"},{"data":"Armaments","floor":15,"key":"SMITH"},{"data":"Clothesline","floor":32,"key":"SMITH"},{"data":"Spot Weakness","floor":30,"key":"SMITH"},{"data":"Swift Strike","floor":32,"key":"SMITH"},{"data":"1","floor":47,"key":"LIFT"},{"data":"2","floor":49,"key":"LIFT"}],"circlet_count":0,"master_deck":["AscendersBane","BettingIsNotGood+1","Iron Wave","Clothesline+1","Swift Strike+1","Thunderclap","Twin Strike","Spot Weakness+1","Armaments+1","Anger","Anger","Seeing Red+1","Master of Strategy+1"],"relics":["Burning Blood","Busted Crown","HushsDoor","REME_ComplimentaryCards","Ginger","BookOfRevelations","conspire:DeflatedDodgeball","PunchingBag","BookofShadows","BloodBag","Pear","Incense Burner","conspire:Flyswatter","Dota2Spire:BattleFury","Sundial","DeathBook","Dota2Spire:DivineRapier","MawBank","MoneyPower","SacredBark","GuppysTail","Bottled Flame","Old Coin","UnicornStump","SharpPlug","War Paint","AnarchistCookbook","DoctorsRemote","Sling","HornCleat","Self Forming Clay","FossilizedHelix","HowToJump","InkBottle","Medical Kit","Dota2Spire:PhaseBoots","Singing Bowl","Question Card","REME_IWantAll","Red Skull","Dota2Spire:EtherealBlade","Dota2Spire:MonkeyKingBar","Dota2Spire:ArcaneBoots","Art of War","Letter Opener","Dota2Spire:DrumOfEndurance","Darkstone Periapt","Paper Frog","Coffee Dripper","Pocketwatch","TuHaoJin","Dota2Spire:ShivaGuard","Dota2Spire:OctarineCore","Girya","PreservedInsect","Boot","SalivaCoin","GnawedLeaf","Kunai","Void","conspire:Dentures","Bottled Lightning","Charon\u0027s Ashes"],"acts_visited":["Exordium","TheCity","TheBeyond"],"potions_floor_usage":[4,29,22,51,51],"damage_taken":[{"damage":0,"enemies":"2 Louse","floor":1,"turns":1},{"damage":0,"enemies":"Jaw Worm","floor":2,"turns":1},{"damage":0,"enemies":"Small Slimes","floor":3,"turns":2},{"damage":0,"enemies":"Exordium Thugs","floor":4,"turns":2},{"damage":0,"enemies":"Lots of Slimes","floor":5,"turns":2},{"damage":0,"enemies":"Gremlin Nob","floor":6,"turns":2},{"damage":0,"enemies":"Lagavulin","floor":7,"turns":2},{"damage":0,"enemies":"3 Sentries","floor":10,"turns":2},{"damage":0,"enemies":"Lagavulin","floor":11,"turns":2},{"damage":0,"enemies":"Red Slaver","floor":12,"turns":1},{"damage":0,"enemies":"3 Sentries","floor":13,"turns":1},{"damage":0,"enemies":"Gremlin Nob","floor":14,"turns":1},{"damage":0,"enemies":"Slime Boss","floor":16,"turns":1},{"damage":0,"enemies":"3 Byrds","floor":18,"turns":1},{"damage":0,"enemies":"Spheric Guardian","floor":19,"turns":1},{"damage":0,"enemies":"Snake Plant","floor":20,"turns":1},{"damage":0,"enemies":"REME_1_Revenger","floor":23,"turns":1},{"damage":0,"enemies":"Book of Stabbing","floor":24,"turns":1},{"damage":0,"enemies":"Slavers","floor":25,"turns":1},{"damage":0,"enemies":"Gremlin Leader","floor":27,"turns":1},{"damage":0,"enemies":"Slavers","floor":29,"turns":1},{"damage":0,"enemies":"conspire:SneckoGhost","floor":31,"turns":1},{"damage":0,"enemies":"3 Byrds","floor":18,"turns":1},{"damage":0,"enemies":"Shell Parasite","floor":19,"turns":1},{"damage":0,"enemies":"Snecko","floor":20,"turns":1},{"damage":0,"enemies":"3 Cultists","floor":21,"turns":1},{"damage":0,"enemies":"Cultist and Chosen","floor":22,"turns":1},{"damage":0,"enemies":"Book of Stabbing","floor":23,"turns":1},{"damage":0,"enemies":"Slavers","floor":24,"turns":1},{"damage":0,"enemies":"Gremlin Leader","floor":25,"turns":1},{"damage":0,"enemies":"Slavers","floor":27,"turns":1},{"damage":0,"enemies":"Book of Stabbing","floor":29,"turns":1},{"damage":0,"enemies":"Slavers","floor":31,"turns":1},{"damage":0,"enemies":"conspire:MysteriousRune","floor":33,"turns":1},{"damage":0,"enemies":"3 Darklings","floor":35,"turns":1},{"damage":0,"enemies":"Orb Walker","floor":36,"turns":1},{"damage":0,"enemies":"Jaw Worm Horde","floor":37,"turns":1},{"damage":0,"enemies":"3 Darklings","floor":38,"turns":1},{"damage":0,"enemies":"Nemesis","floor":40,"turns":1},{"damage":0,"enemies":"Giant Head","floor":41,"turns":1},{"damage":0,"enemies":"Reptomancer","floor":42,"turns":1},{"damage":0,"enemies":"Nemesis","floor":44,"turns":1},{"damage":0,"enemies":"Reptomancer","floor":45,"turns":1},{"damage":0,"enemies":"Nemesis","floor":46,"turns":1},{"damage":0,"enemies":"Reptomancer","floor":48,"turns":1},{"damage":0,"enemies":"Awakened One","floor":50,"turns":2},{"damage":0,"enemies":"Time Eater","floor":51,"turns":1}],"seed_played":"1914504065597424264","potions_obtained":[{"floor":2,"key":"Fruit Juice"},{"floor":5,"key":"EssenceOfSteel"},{"floor":6,"key":"SneckoOil"},{"floor":23,"key":"FearPotion"},{"floor":29,"key":"BloodPotion"},{"floor":19,"key":"Strength Potion"},{"floor":22,"key":"Fruit Juice"},{"floor":24,"key":"Weak Potion"}],"is_trial":true,"path_per_floor":["M","M","M","M","M","E","E","R","T","E","E","M","E","E","R","B",null,"M","M","M","$","?","E","E","E","T","E","$","E","$","E","R","M","M","M","M","M","E","E","E","T","E","?","E","R","E","R","B",null,"M","M","M","M","$","E","E","E","T","E","E","E","R","E","R","B","B",null],"character_chosen":"IRONCLAD","items_purchased":["GuppysTail","Sling","HornCleat","Self Forming Clay","HowToJump","InkBottle","Medical Kit","Girya","PreservedInsect"],"campfire_rested":0,"item_purchase_floors":[17,28,28,28,30,30,30,39,39],"current_hp_per_floor":[74,75,75,81,97,97,97,97,97,97,97,97,97,97,97,97,87,87,87,87,87,82,87,87,7,7,13,13,53,53,59,80,86,87,87,13,29,37,55,63,63,71,39,47,47,55,55,63,103,109,115,14,20,20,28,36,44,44,62,70,78,78,86,86,92,98],"gold":214,"neow_bonus":"","is_daily":false,"chose_seed":false,"campfire_upgraded":5,"win_rate":0.0,"timestamp":1611064602,"path_taken":["M","M","M","M","M","E","E","R","T","E","E","M","E","E","R","BOSS","M","M","M","$","?","E","E","E","T","E","$","E","?","E","R","M","M","M","M","M","E","E","E","T","E","?","E","R","E","R","BOSS","M","M","M","M","$","E","E","E","T","E","E","E","R","E","R","BOSS","BOSS"],"items_purchased_type":["Relic","Relic","Relic","Relic","Relic","Relic","Relic","Relic","Relic"],"build_version":"2020-12-18","purchased_purges":0,"victory":true,"max_hp_per_floor":[75,75,75,87,97,97,97,97,97,97,97,97,97,97,97,97,87,87,87,87,87,87,87,87,87,87,87,87,87,87,87,87,87,87,87,87,97,99,101,103,103,105,110,112,112,114,114,116,116,116,116,116,116,116,118,120,122,122,124,126,128,128,130,130,130,130],"card_choices":[{"not_picked":[],"picked":"BettingIsNotGood","floor":0},{"not_picked":["conspire:HitWhereItHurts"],"picked":"Singing Bowl","floor":23},{"not_picked":["REME_ProfessionalPlagiarism"],"picked":"Singing Bowl","floor":24},{"not_picked":["Secret Weapon"],"picked":"Singing Bowl","floor":25},{"not_picked":["REME_Flogging"],"picked":"Singing Bowl","floor":27},{"not_picked":["Exhume"],"picked":"Singing Bowl","floor":29},{"not_picked":["REME_BuildACard"],"picked":"Singing Bowl","floor":31},{"not_picked":["REME_PuzzleBox"],"picked":"Singing Bowl","floor":33},{"not_picked":["ChaosCard"],"picked":"Singing Bowl","floor":40},{"not_picked":["REME_AllRoundStrike"],"picked":"Singing Bowl","floor":41},{"not_picked":["REME_ProfessionalPlagiarism"],"picked":"Singing Bowl","floor":42},{"not_picked":["REME_TheLastStrike"],"picked":"Singing Bowl","floor":44},{"not_picked":["Apotheosis"],"picked":"Singing Bowl","floor":45},{"not_picked":["Corruption"],"picked":"Singing Bowl","floor":46},{"not_picked":["Fiend Fire"],"picked":"Singing Bowl","floor":48}],"player_experience":530515,"relics_obtained":[{"floor":1,"key":"conspire:DeflatedDodgeball"},{"floor":2,"key":"PunchingBag"},{"floor":3,"key":"BookofShadows"},{"floor":4,"key":"BloodDonationMachine"},{"floor":5,"key":"Pear"},{"floor":6,"key":"Incense Burner"},{"floor":7,"key":"conspire:Flyswatter"},{"floor":9,"key":"Dota2Spire:BattleFury"},{"floor":10,"key":"Sundial"},{"floor":11,"key":"DeathBook"},{"floor":12,"key":"Dota2Spire:DivineRapier"},{"floor":13,"key":"MawBank"},{"floor":14,"key":"MoneyPower"},{"floor":18,"key":"Bottled Flame"},{"floor":19,"key":"Old Coin"},{"floor":20,"key":"ForgetMeNow"},{"floor":23,"key":"UnicornStump"},{"floor":24,"key":"SharpPlug"},{"floor":25,"key":"War Paint"},{"floor":26,"key":"AnarchistCookbook"},{"floor":27,"key":"DoctorsRemote"},{"floor":29,"key":"FossilizedHelix"},{"floor":31,"key":"Dota2Spire:PhaseBoots"},{"floor":18,"key":"Singing Bowl"},{"floor":19,"key":"Question Card"},{"floor":20,"key":"REME_IWantAll"},{"floor":21,"key":"Red Skull"},{"floor":22,"key":"Dota2Spire:EtherealBlade"},{"floor":23,"key":"Dota2Spire:MonkeyKingBar"},{"floor":24,"key":"Dota2Spire:ArcaneBoots"},{"floor":25,"key":"Art of War"},{"floor":26,"key":"Letter Opener"},{"floor":27,"key":"Dota2Spire:DrumOfEndurance"},{"floor":29,"key":"Darkstone Periapt"},{"floor":31,"key":"Paper Frog"},{"floor":35,"key":"Pocketwatch"},{"floor":36,"key":"TuHaoJin"},{"floor":37,"key":"Dota2Spire:ShivaGuard"},{"floor":38,"key":"Dota2Spire:OctarineCore"},{"floor":40,"key":"Boot"},{"floor":41,"key":"SalivaCoin"},{"floor":42,"key":"GnawedLeaf"},{"floor":43,"key":"Kunai"},{"floor":44,"key":"Void"},{"floor":45,"key":"conspire:Dentures"},{"floor":46,"key":"Bottled Lightning"},{"floor":48,"key":"Charon\u0027s Ashes"}],"event_choices":[{"damage_healed":0,"gold_gain":0,"player_choice":"Leave","damage_taken":0,"max_hp_gain":0,"max_hp_loss":0,"event_name":"conspire:Investor","floor":22,"gold_loss":0},{"damage_healed":0,"gold_gain":0,"player_choice":"Shed Blood","damage_taken":37,"max_hp_gain":5,"max_hp_loss":0,"event_name":"Forgotten Altar","floor":28,"gold_loss":0}],"is_beta":true,"boss_relics":[{"not_picked":["Velvet Choker","conspire:SlowCooker"],"picked":"SacredBark"},{"not_picked":[]},{"not_picked":["REME_DemonsWealth","Snecko Eye"],"picked":"Coffee Dripper"},{"not_picked":[]}],"items_purged_floors":[],"is_endless":false,"potions_floor_spawned":[2,5,6,10,11,13,23,24,29,19,20,22,24,31,36,38,42,48],"ascension_level":20}}