{"host":"foq4mrde4mssg7vt","time":1611069449,"event":{"mods":["AchievementEnabler","BaseMod","Colored Map","Colored Powertips","Highlight Path","Minty Spire (QoL Compilation)","Relic Stats","everything is the same but u backflip on backflip"],"gold_per_floor":[216,77,97,114,132,132,159,159,159,159,159,179,214,214,214,214,214],"floor_reached":16,"language":"ENG","playtime":482,"items_purged":[],"score":215,"play_id":"c7aa9bf8-e63d-42ba-b7d1-ec1423db714e","local_time":"20210119231729","is_ascension_mode":true,"campfire_choices":[{"data":"Defragment","floor":6.0,"key":"SMITH"},{"data":"Go for the Eyes","floor":8.0,"key":"SMITH"},{"floor":11.0,"key":"REST"},{"floor":15.0,"key":"REST"}],"circlet_count":0,"master_deck":["AscendersBane","Strike_B","Strike_B","Strike_B","Strike_B","Defend_B","Defend_B","Defend_B","Defend_B","Zap","Dualcast","Lockon","Cold Snap","Hologram","Gash","Defragment+1","Go for the Eyes+1","Sweeping Beam+1","Biased Cognition"],"relics":["Cracked Core","MealTicket","Centennial Puzzle","Question Card"],"acts_visited":["Exordium"],"potions_floor_usage":[],"damage_taken":[{"damage":1.0,"enemies":"2 Louse","floor":1.0,"turns":3.0},{"damage":10.0,"enemies":"Small Slimes","floor":3.0,"turns":2.0},{"damage":0.0,"enemies":"Cultist","floor":4.0,"turns":3.0},{"damage":14.0,"enemies":"Gremlin Gang","floor":5.0,"turns":6.0},{"damage":30.0,"enemies":"Gremlin Nob","floor":7.0,"turns":5.0},{"damage":0.0,"enemies":"2 Fungi Beasts","floor":12.0,"turns":3.0},{"damage":14.0,"enemies":"3 Sentries","floor":13.0,"turns":6.0},{"damage":38,"enemies":"Slime Boss","floor":16,"turns":5}],"seed_played":"6195525699846066737","potions_obtained":[{"floor":3.0,"key":"GamblersBrew"},{"floor":12.0,"key":"Swift Potion"}],"is_trial":false,"path_per_floor":["M","$","M","M","M","R","E","R","T","?","R","M","E","?","R","B"],"character_chosen":"DEFECT","items_purchased":["Cold Snap","Fire Potion","Hologram"],"campfire_rested":2,"item_purchase_floors":[2,2,2],"current_hp_per_floor":[63,63,53,53,39,39,9,9,9,9,30,30,16,16,37,0,0],"gold":214,"neow_bonus":"HUNDRED_GOLD","is_daily":false,"chose_seed":false,"campfire_upgraded":2,"win_rate":0.0,"timestamp":1611069449,"path_taken":["M","$","M","M","M","R","E","R","T","?","R","M","E","?","R","BOSS"],"items_purchased_type":["Card","Potion","Card"],"build_version":"2020-12-22","purchased_purges":0,"victory":false,"max_hp_per_floor":[71,71,71,71,71,71,71,71,71,71,71,71,71,71,71,71,71],"relic_stats":{"Centennial Puzzle":[6],"counters":[8,33],"MealTicket":0,"Question Card":0,"obtain_stats":[{"Centennial Puzzle":9,"MealTicket":7,"Cracked Core":0,"Question Card":13},{"Centennial Puzzle":5,"MealTicket":5,"Cracked Core":0,"Question Card":7},{"Centennial Puzzle":19,"MealTicket":19,"Cracked Core":0,"Question Card":28}]},"card_choices":[{"not_picked":["Coolheaded","Turbo"],"picked":"Lockon","floor":1.0},{"not_picked":["Rebound","Steam"],"picked":"Gash","floor":3.0},{"not_picked":["Chaos","Capacitor"],"picked":"Defragment","floor":4.0},{"not_picked":["Steam Power","Blizzard"],"picked":"Go for the Eyes","floor":5.0},{"not_picked":["Rebound","Storm"],"picked":"Sweeping Beam","floor":7.0},{"not_picked":["Hello World","Auto Shields"],"picked":"Biased Cognition","floor":12.0},{"not_picked":["Leap","Beam Cell","Sweeping Beam"],"picked":"SKIP","floor":13.0}],"player_experience":497548,"relics_obtained":[{"floor":7.0,"key":"MealTicket"},{"floor":9.0,"key":"Centennial Puzzle"},{"floor":13.0,"key":"Question Card"}],"event_choices":[{"damage_healed":0.0,"max_hp_gain":0.0,"max_hp_loss":0.0,"gold_gain":0.0,"event_name":"Living Wall","player_choice":"Grow","floor":10.0,"gold_loss":0.0,"damage_taken":0.0,"cards_upgraded":["Sweeping Beam"]},{"damage_healed":0.0,"max_hp_gain":0.0,"max_hp_loss":0.0,"gold_gain":0.0,"event_name":"Scrap Ooze","player_choice":"Fled","floor":14.0,"gold_loss":0.0,"damage_taken":0.0}],"is_beta":false,"boss_relics":[],"items_purged_floors":[],"is_endless":false,"potions_floor_spawned":[3,12],"killed_by":"Slime Boss","ascension_level":19}}