{"host":"cyg2l0kxxafiqofp","time":1611018774,"event":{"mods":["BaseMod","Colored Map","Colored Powertips","Highlight Path","Minty Spire (QoL Compilation)","Permanent Neow","Quick Restart","Replay The Spire","StSLib"],"gold_per_floor":[113,123,135,147,222,222,253,253,253,282,293,311,328,362,362,457,457,470,489,489,489,8,8,36,53,53,72,101,101,101,130,130,235,235,245,245,245,270,283,310,310,357,428,428,453,140,185,185,185,215,215,215,17,80,96,96],"floor_reached":55,"language":"ENG","playtime":5939,"items_purged":["Underhanded Strike","Amnesia","Flying Knee"],"score":989,"play_id":"9e56e3c6-b7e1-404c-9b9b-68c6b6fed669","local_time":"20210118201254","is_ascension_mode":true,"campfire_choices":[{"floor":6.0,"key":"RECALL"},{"data":"Backflip","floor":8.0,"key":"SMITH"},{"floor":15.0,"key":"DIG"},{"floor":23.0,"key":"REST"},{"floor":30.0,"key":"REST"},{"floor":32.0,"key":"REST"},{"floor":41.0,"key":"REST"}],"circlet_count":0,"master_deck":["Survivor","Tactician","Endless Agony","Bullet Time+1","Sneak Up","Unload+1","PiercingWail","Bouncing Flask","Dodge and Roll","Phantasmal Killer+1","Catalyst","Hidden Blade+1","Cloak And Dagger","Blade Dance","Backflip+1","Flying Knee","Quick Slash","Replay:Poison Smokescreen","Envenom","Expertise+1","Draining Mist","Catalyst","Corpse Explosion","Bane+1","Slice+1","Blade Dance","Envenom","ReplayTheSpireMod:Scrap Shanks+1","Trip","Caltrops+1","Poisoned Stab","Noxious Fumes","Toxin Wave+1","Accuracy","Crippling Poison+1"],"relics":["Pandora\u0027s Box","Eternal Feather","Bottled Lightning","Lantern","Replay:Baseball","Regal Pillow","Fusion Hammer","Gremlin Horn","Bronze Scales","Replay:Ringing Soul","FossilizedHelix","MutagenicStrength","War Paint","Replay:Bronze Core","Ring of Chaos","Gremlin Food","Vajra","Chameleon Ring","Potion Belt","Replay:Bandana","Whetstone","Art of War"],"acts_visited":["Exordium","TheCity","TheBeyond","TheEnding"],"potions_floor_usage":[45,50,50,50,54,55,55],"damage_taken":[{"damage":1.0,"enemies":"Jaw Worm","floor":1.0,"turns":4.0},{"damage":2.0,"enemies":"Cultist","floor":2.0,"turns":3.0},{"damage":2.0,"enemies":"2 Louse","floor":3.0,"turns":3.0},{"damage":4.0,"enemies":"Blue Slaver","floor":4.0,"turns":4.0},{"damage":5.0,"enemies":"Lagavulin","floor":7.0,"turns":3.0},{"damage":23.0,"enemies":"3 Sentries","floor":10.0,"turns":9.0},{"damage":0.0,"enemies":"3 Louse","floor":11.0,"turns":4.0},{"damage":19.0,"enemies":"Exordium Thugs","floor":12.0,"turns":4.0},{"damage":2.0,"enemies":"2 Fungi Beasts","floor":13.0,"turns":2.0},{"damage":4.0,"enemies":"Gremlin Nob","floor":14.0,"turns":3.0},{"damage":6.0,"enemies":"Hexaghost","floor":16.0,"turns":6.0},{"damage":0.0,"enemies":"Spheric Guardian","floor":18.0,"turns":3.0},{"damage":6.0,"enemies":"Shell Parasite","floor":19.0,"turns":4.0},{"damage":2.0,"enemies":"Gremlin Leader","floor":24.0,"turns":6.0},{"damage":4.0,"enemies":"Centurion and Healer","floor":25.0,"turns":4.0},{"damage":2.0,"enemies":"Cultist and Chosen","floor":27.0,"turns":3.0},{"damage":24.0,"enemies":"Book of Stabbing","floor":28.0,"turns":4.0},{"damage":20.0,"enemies":"Slavers","floor":31.0,"turns":3.0},{"damage":1.0,"enemies":"Champ","floor":33.0,"turns":5.0},{"damage":10.0,"enemies":"3 Darklings","floor":35.0,"turns":3.0},{"damage":15.0,"enemies":"Orb Walker","floor":39.0,"turns":3.0},{"damage":31.0,"enemies":"Nemesis","floor":40.0,"turns":5.0},{"damage":0,"enemies":"Giant Head","floor":45,"turns":5},{"damage":37,"enemies":"Nemesis","floor":47,"turns":5},{"damage":57,"enemies":"Donu and Deca","floor":50,"turns":6},{"damage":32,"enemies":"Shield and Spear","floor":54,"turns":3},{"damage":80,"enemies":"The Heart","floor":55,"turns":4}],"seed_played":"-4200805214553805284","potions_obtained":[{"floor":1.0,"key":"FearPotion"},{"floor":7.0,"key":"SteroidPotion"},{"floor":10.0,"key":"Elixir"},{"floor":12.0,"key":"Fire Potion"},{"floor":14.0,"key":"Reflective Coating"},{"floor":19.0,"key":"Elixir"},{"floor":25.0,"key":"AttackPotion"},{"floor":27.0,"key":"Venom Potion"},{"floor":28.0,"key":"Death Potion"},{"floor":33.0,"key":"SkillPotion"},{"floor":35.0,"key":"Ancient Potion"},{"floor":39.0,"key":"Adrenaline Potion"},{"floor":42.0,"key":"Cursed Concoction"},{"floor":42.0,"key":"Toxic Potion"},{"floor":42.0,"key":"ColorlessPotion"},{"floor":49,"key":"Adrenaline Potion"},{"floor":49,"key":"Venom Potion"},{"floor":52,"key":"AttackPotion"},{"floor":52,"key":"Fire Potion"},{"floor":54,"key":"DuplicationPotion"}],"is_trial":false,"path_per_floor":["M","M","M","M","?","R","E","R","T","E","M","M","M","E","R_BF","B",null,"M","M","?","?","$","R","E","M","T","M","E","?","R","E","R","B",null,"M","?","?","T","M","E","R","?","T","?","E","$","E","$","R","B",null,"R","$","E","B"],"character_chosen":"THE_SILENT","items_purchased":["Gremlin Horn","Bronze Scales","Noxious Fumes","Replay:Bandana","Accuracy"],"campfire_rested":4,"item_purchase_floors":[22,22,46,46,53],"current_hp_per_floor":[69,67,65,61,54,54,49,58,58,35,35,16,14,10,22,16,70,70,64,64,64,64,70,71,70,70,68,47,47,79,62,82,84,85,78,81,84,84,72,44,100,75,75,75,75,78,44,44,62,5,106,106,109,80,0,0],"gold":96,"neow_bonus":"BOSS_RELIC","is_daily":false,"chose_seed":false,"campfire_upgraded":1,"win_rate":0.0,"timestamp":1611018774,"path_taken":["M","M","M","M","?","R","E","R","T","E","M","M","?","E","R_BF","BOSS","M","M","?","?","$","R","E","M","T","M","E","?","R","E","R","BOSS","M","?","?","?","?","E","R","?","T","?","E","$","E","$","R","BOSS","R","$","E","BOSS"],"items_purchased_type":["Relic","Relic","Card","Relic","Card"],"build_version":"2020-12-22","purchased_purges":3,"victory":false,"max_hp_per_floor":[70,70,70,70,70,70,70,70,70,70,70,70,70,70,70,70,70,70,70,70,70,70,70,73,76,76,76,79,79,79,82,82,85,85,88,91,94,94,97,100,100,100,100,100,100,103,106,106,106,106,106,106,109,112,112,112],"card_choices":[{"not_picked":["Sneak Up","Blade Dance"],"picked":"Catalyst","floor":1.0},{"not_picked":["PiercingWail","Masterful Stab"],"picked":"Hidden Blade","floor":2.0},{"not_picked":["Caltrops","Sucker Punch"],"picked":"Cloak And Dagger","floor":3.0},{"not_picked":["Deflect","Finisher"],"picked":"Blade Dance","floor":4.0},{"not_picked":["Infinite Blades","Finisher"],"picked":"Backflip","floor":7.0},{"not_picked":["Masterful Stab","Dagger Spray"],"picked":"Underhanded Strike","floor":10.0},{"not_picked":["Reflex","Dagger Spray"],"picked":"Flying Knee","floor":11.0},{"not_picked":["Concentrate","Poisoned Stab"],"picked":"Flying Knee","floor":12.0},{"not_picked":["Storm of Steel","Predator"],"picked":"Quick Slash","floor":13.0},{"not_picked":["Acrobatics","Backflip"],"picked":"Replay:Poison Smokescreen","floor":14.0},{"not_picked":["Bullet Time","Poison Darts"],"picked":"Envenom","floor":16.0},{"not_picked":["Deadly Poison","Sucker Punch"],"picked":"Expertise+1","floor":18.0},{"not_picked":["Deadly Poison","Skewer"],"picked":"Draining Mist","floor":19.0},{"not_picked":["ReplayTheSpireMod:Exploit Weakness+1","Blur+1"],"picked":"Corpse Explosion","floor":24.0},{"not_picked":["Predator","Cloak And Dagger"],"picked":"Bane+1","floor":25.0},{"not_picked":["Setup","Cloak And Dagger","Outmaneuver"],"picked":"SKIP","floor":27.0},{"not_picked":["Dagger Spray","Underhanded Strike"],"picked":"Slice","floor":28.0},{"not_picked":["Deflect","Hidden Blade"],"picked":"Blade Dance","floor":31.0},{"not_picked":["A Thousand Cuts","Die Die Die"],"picked":"Envenom","floor":33.0},{"not_picked":["Replay:Poison Smokescreen+1","Dagger Throw"],"picked":"ReplayTheSpireMod:Scrap Shanks+1","floor":35.0},{"not_picked":["ReplayUltimateDefense","Replay:Sssssssssstrike"],"picked":"Trip","floor":36.0},{"not_picked":["Sucker Punch+1","Riddle With Holes+1"],"picked":"Caltrops+1","floor":39.0},{"not_picked":["Backflip","Atom Bomb"],"picked":"Poisoned Stab","floor":40.0},{"not_picked":["Dagger Throw+1","Acrobatics","Skewer+1"],"picked":"SKIP","floor":45},{"not_picked":["Dagger Spray","Expertise"],"picked":"Toxin Wave+1","floor":47},{"not_picked":["ReplayTheSpireMod:The Works","Cloak And Dagger"],"picked":"Crippling Poison+1","floor":54}],"player_experience":263405,"relics_obtained":[{"floor":7.0,"key":"Eternal Feather"},{"floor":9.0,"key":"Bottled Lightning"},{"floor":10.0,"key":"Lantern"},{"floor":14.0,"key":"Replay:Baseball"},{"floor":15.0,"key":"Regal Pillow"},{"floor":24.0,"key":"Replay:Ringing Soul"},{"floor":28.0,"key":"FossilizedHelix"},{"floor":31.0,"key":"War Paint"},{"floor":37.0,"key":"Ring of Chaos"},{"floor":38.0,"key":"Gremlin Food"},{"floor":40.0,"key":"Vajra"},{"floor":43.0,"key":"Chameleon Ring"},{"floor":45,"key":"Potion Belt"},{"floor":47,"key":"Whetstone"},{"floor":54,"key":"Art of War"}],"event_choices":[{"damage_healed":0.0,"max_hp_gain":0.0,"max_hp_loss":0.0,"gold_gain":75.0,"event_name":"FaceTrader","player_choice":"Touch","floor":5.0,"gold_loss":0.0,"damage_taken":7.0},{"cards_removed":["Sucker Punch"],"damage_healed":0.0,"max_hp_gain":0.0,"max_hp_loss":0.0,"gold_gain":0.0,"event_name":"Back to Basics","player_choice":"Elegance","floor":20.0,"gold_loss":0.0,"damage_taken":0.0},{"damage_healed":0.0,"max_hp_gain":0.0,"max_hp_loss":0.0,"gold_gain":0.0,"event_name":"The Library","player_choice":"Read","floor":21.0,"gold_loss":0.0,"damage_taken":0.0,"cards_obtained":["Catalyst"]},{"damage_healed":0.0,"max_hp_gain":0.0,"max_hp_loss":0.0,"gold_gain":0.0,"event_name":"Drug Dealer","player_choice":"Inject Mutagens","floor":29.0,"gold_loss":0.0,"damage_taken":0.0,"relics_obtained":["MutagenicStrength"]},{"damage_healed":0.0,"max_hp_gain":0.0,"max_hp_loss":0.0,"gold_gain":0.0,"event_name":"SensoryStone","player_choice":"Memory 1","floor":36.0,"gold_loss":0.0,"damage_taken":0.0},{"cards_removed":["Neutralize"],"damage_healed":0.0,"max_hp_gain":0.0,"max_hp_loss":0.0,"gold_gain":0.0,"event_name":"Falling","player_choice":"Removed Attack","floor":44.0,"gold_loss":0.0,"damage_taken":0.0}],"is_beta":false,"boss_relics":[{"not_picked":["Ectoplasm","Coffee Dripper"],"picked":"Fusion Hammer"},{"not_picked":["Replay:Wanted Poster","ReplayTheSpireMod:DimensionalGlitch"],"picked":"Replay:Bronze Core"}],"items_purged_floors":[22,46,53],"is_endless":false,"potions_floor_spawned":[1,7,10,12,14,19,25,27,28,33,35,39,54],"killed_by":"The Heart","ascension_level":2}}