{"host":"h4qgcirtxz6qax9j","time":1611060296,"event":{"mods":["AchievementEnabler","BaseMod","Colored Powertips","Hermit","Minty Spire (QoL Compilation)","StSLib","SuperFastMode","The Servant 0.9.4"],"gold_per_floor":[214,190,206,206,79,79,32,32,59,79,91,91,91,108,108,108,108],"floor_reached":16,"language":"KOR","playtime":346,"items_purged":[],"score":104,"play_id":"72ecf778-dc63-47bd-948b-8006c20f876f","local_time":"20210119214456","is_ascension_mode":true,"campfire_choices":[{"data":"SilverBlades","floor":6,"key":"SMITH"},{"data":"Ricochet","floor":8,"key":"SMITH"},{"floor":12,"key":"REST"},{"floor":15,"key":"REST"}],"circlet_count":0,"master_deck":["Strike_S","Strike_S","Strike_S","Strike_S","Defend_S","Defend_S","Defend_S","Defend_S","KidneyShot","Exchange","Replace","Rearm","Rearm","Rearm+1","SilverBlades+1","Ricochet+1","GearUp+1","Potential"],"relics":["Uniform","Juzu Bracelet"],"acts_visited":["Exordium"],"potions_floor_usage":[16],"damage_taken":[{"damage":11,"enemies":"Jaw Worm","floor":1,"turns":4},{"damage":1,"enemies":"Small Slimes","floor":3,"turns":4},{"damage":0,"enemies":"2 Louse","floor":10,"turns":2},{"damage":17,"enemies":"Exordium Thugs","floor":11,"turns":7},{"damage":18,"enemies":"3 Louse","floor":14,"turns":5},{"damage":44,"enemies":"Hexaghost","floor":16,"turns":12}],"seed_played":"8167733230441740989","potions_obtained":[{"floor":1,"key":"Energy Potion"},{"floor":14,"key":"LiquidMemories"}],"is_trial":false,"path_per_floor":["M","$","M","?","$","R","$","R","T","M","M","R","?","M","R","B"],"character_chosen":"THE_SERVANT","items_purchased":["Rearm","Rearm","SilverBlades","Ricochet"],"campfire_rested":2,"item_purchase_floors":[2,5,5,7],"current_hp_per_floor":[54,54,53,53,53,53,53,53,53,53,36,55,42,24,43,0,0],"gold":108,"neow_bonus":"HUNDRED_GOLD","is_daily":false,"chose_seed":false,"campfire_upgraded":2,"win_rate":0.0,"timestamp":1611060296,"path_taken":["M","$","M","?","$","R","$","R","T","M","M","R","?","M","R","BOSS"],"items_purchased_type":["Card","Card","Card","Card"],"build_version":"2020-12-22","purchased_purges":0,"victory":false,"max_hp_per_floor":[65,65,65,65,65,65,65,65,65,65,65,65,65,65,65,65,65],"card_choices":[{"not_picked":["ShiftingGears","Shuttle"],"picked":"Replace","floor":1},{"not_picked":["Potential","BottledTime"],"picked":"Rearm","floor":3},{"not_picked":["Alleviate","Moonlight"],"picked":"GearUp","floor":10},{"not_picked":["DoubleEdge","Spin"],"picked":"Potential","floor":11},{"not_picked":["Replace","Shuttle","Rearm"],"picked":"SKIP","floor":14}],"player_experience":72579,"relics_obtained":[{"floor":9,"key":"Juzu Bracelet"}],"event_choices":[{"damage_healed":0,"gold_gain":0,"player_choice":"Ignored","damage_taken":0,"max_hp_gain":0,"max_hp_loss":0,"event_name":"Liars Game","floor":4,"gold_loss":0},{"damage_healed":0,"gold_gain":0,"player_choice":"Entered Light","damage_taken":13,"max_hp_gain":0,"max_hp_loss":0,"event_name":"Shining Light","floor":13,"gold_loss":0,"cards_upgraded":["Rearm","GearUp"]}],"is_beta":false,"boss_relics":[],"items_purged_floors":[],"is_endless":false,"potions_floor_spawned":[1,14],"killed_by":"Hexaghost","ascension_level":3}}