{"host":"3xls0xm49ftugio7","time":1611056378,"event":{"mods":["2.2 Compatiblity","AchievementEnabler","Act Like it!","BaseMod","Colored Powertips","Downfall","GifTheSpireLib","Minty Spire (QoL Compilation)","Quick Restart","Relic Stats","StSLib"],"gold_per_floor":[0,11,29,29,40,74,74,94,94,94],"floor_reached":9,"language":"ENG","playtime":352,"items_purged":[],"score":79,"play_id":"87926804-081e-4ced-9ffc-0aa5521aa74e","local_time":"20210119133938","is_ascension_mode":true,"campfire_choices":[{"data":"sneckomod:Transmogrify","floor":1,"key":"SMITH"}],"circlet_count":0,"master_deck":["sneckomod:Strike","sneckomod:Strike","sneckomod:Strike","sneckomod:Defend","sneckomod:Defend","sneckomod:Defend","sneckomod:TailWhip","sneckomod:SnekBite","sneckomod:Unknown","sneckomod:Unknown","sneckomod:Transmogrify+1","sneckomod:SlitherStrike","sneckomod:UnknownUncommonPower","sneckomod:SoulExchange","sneckomod:SnekBeam","sneckomod:UnknownStrike"],"relics":["sneckomod:SneckoSoul","Mummified Hand","The Courier"],"acts_visited":["Exordium"],"potions_floor_usage":[9],"damage_taken":[{"damage":0,"enemies":"Cultist","floor":2,"turns":3},{"damage":2,"enemies":"Jaw Worm","floor":3,"turns":3},{"damage":3,"enemies":"2 Louse","floor":5,"turns":2},{"damage":21,"enemies":"3 Sentries","floor":6,"turns":7},{"damage":53,"enemies":"Gremlin Gang","floor":8,"turns":5},{"damage":19,"enemies":"Gremlin Nob","floor":9,"turns":3}],"seed_played":"2821188717902368674","potions_obtained":[{"floor":5,"key":"Guardian:BlockOnCardUsePotion"},{"floor":6,"key":"Strength Potion"}],"is_trial":false,"path_per_floor":["R","M","M","?","M","E","T","M","E"],"character_chosen":"THE_SNECKO","items_purchased":[],"campfire_rested":0,"item_purchase_floors":[],"current_hp_per_floor":[90,90,88,93,90,69,69,16,0,0],"gold":94,"neow_bonus":"THREE_RARE_CARDS","is_daily":false,"chose_seed":false,"campfire_upgraded":1,"win_rate":0.0,"timestamp":1611056378,"path_taken":["R","?","M","?","M","E","T","M","E"],"items_purchased_type":[],"build_version":"2020-12-22","purchased_purges":0,"victory":false,"max_hp_per_floor":[90,90,90,95,95,95,95,95,95,95],"relic_stats":{"counters":[6,23],"Mummified Hand":[1],"obtain_stats":[{"Mummified Hand":7,"The Courier":8,"Bottled Tornado":6,"sneckomod:SneckoSoul":0},{"Mummified Hand":4,"The Courier":5,"Bottled Tornado":4,"sneckomod:SneckoSoul":0},{"Mummified Hand":15,"The Courier":20,"Bottled Tornado":15,"sneckomod:SneckoSoul":0}]},"card_choices":[{"not_picked":["sneckomod:UnknownRareSkill","sneckomod:UnknownBoss"],"picked":"sneckomod:Transmogrify","floor":0},{"not_picked":["sneckomod:Memorize","sneckomod:QuickBite"],"picked":"sneckomod:SlitherStrike","floor":2},{"not_picked":["sneckomod:UnknownBlock","sneckomod:ImprovisedGuard"],"picked":"sneckomod:UnknownUncommonPower","floor":3},{"not_picked":["sneckomod:DefensiveFlair","sneckomod:DiceCrush"],"picked":"sneckomod:SoulExchange","floor":5},{"not_picked":["sneckomod:RainOfDice","sneckomod:SoulRoll"],"picked":"sneckomod:SnekBeam","floor":6},{"not_picked":["sneckomod:DiceBlock","sneckomod:WideSting"],"picked":"sneckomod:UnknownStrike","floor":8}],"player_experience":919473,"relics_obtained":[{"floor":6,"key":"Bottled Tornado"},{"floor":7,"key":"Mummified Hand"},{"floor":8,"key":"The Courier"}],"event_choices":[{"damage_healed":0,"gold_gain":0,"player_choice":"Donut","damage_taken":0,"max_hp_gain":5,"max_hp_loss":0,"event_name":"Big Fish","floor":4,"gold_loss":0}],"is_beta":false,"boss_relics":[],"items_purged_floors":[],"is_endless":false,"potions_floor_spawned":[5,6],"killed_by":"Gremlin Nob","ascension_level":5}}