{"host":"640uue19m79c7wbt","time":1611020074,"event":{"mods":["BaseMod","Colored Map","Googly Eyes","Highlight Path","Minty Spire (QoL Compilation)","Quick Restart","StSLib"],"gold_per_floor":[110,110,123,123,123,158,175,175,224,237,268,286,298,313,313,391,391,410,410,0,13,13,13,13,13],"floor_reached":24,"language":"ENG","playtime":692,"items_purged":[],"score":396,"play_id":"114b7f82-662b-41f1-a434-4aa16bff8007","local_time":"20210118203434","is_ascension_mode":true,"campfire_choices":[{"data":"Terror","floor":8.0,"key":"SMITH"},{"floor":15.0,"key":"REST"},{"floor":23,"key":"REST"}],"circlet_count":0,"master_deck":["AscendersBane","Defend_G","Defend_G","Defend_G","Defend_G","Defend_G","Survivor","Neutralize","Dagger Spray","PiercingWail","Terror+1","Accuracy","Skewer+1","Blade Dance","Riddle With Holes+1","Envenom","Dagger Spray+1","Outmaneuver+1","Bane+1","Cloak And Dagger","Accuracy"],"relics":["Ring of the Snake","NeowsBlessing","WarpedTongs","Boot","Nunchaku","Molten Egg 2","Astrolabe"],"acts_visited":["Exordium","TheCity"],"potions_floor_usage":[],"damage_taken":[{"damage":0.0,"enemies":"2 Louse","floor":1.0,"turns":1.0},{"damage":1.0,"enemies":"Cultist","floor":3.0,"turns":1.0},{"damage":0.0,"enemies":"Gremlin Nob","floor":6.0,"turns":1.0},{"damage":0.0,"enemies":"Jaw Worm","floor":7.0,"turns":4.0},{"damage":1.0,"enemies":"Exordium Thugs","floor":10.0,"turns":4.0},{"damage":12.0,"enemies":"Lagavulin","floor":11.0,"turns":5.0},{"damage":0.0,"enemies":"Large Slime","floor":12.0,"turns":3.0},{"damage":5.0,"enemies":"Blue Slaver","floor":13.0,"turns":3.0},{"damage":10.0,"enemies":"Exordium Wildlife","floor":14.0,"turns":4.0},{"damage":28.0,"enemies":"The Guardian","floor":16.0,"turns":7.0},{"damage":28.0,"enemies":"Shell Parasite","floor":18.0,"turns":7.0},{"damage":0,"enemies":"3 Byrds","floor":21,"turns":2},{"damage":46,"enemies":"Slavers","floor":24,"turns":3}],"seed_played":"-2575718020091644567","potions_obtained":[{"floor":1.0,"key":"Fire Potion"},{"floor":6.0,"key":"Explosive Potion"},{"floor":10.0,"key":"CunningPotion"},{"floor":12.0,"key":"LiquidBronze"}],"is_trial":false,"path_per_floor":["M","?","M","?","?","E","M","R","T","M","E","M","M","M","R","B",null,"M","?","?","M","$","R","E"],"character_chosen":"THE_SILENT","items_purchased":[],"campfire_rested":2,"item_purchase_floors":[],"current_hp_per_floor":[59,59,58,58,58,58,58,58,58,57,45,45,40,30,49,21,55,27,27,27,27,27,46,0,0],"gold":13,"neow_bonus":"THREE_ENEMY_KILL","is_daily":false,"chose_seed":false,"campfire_upgraded":1,"win_rate":0.0,"timestamp":1611020074,"path_taken":["M","?","?","?","?","E","?","R","T","M","E","M","M","M","R","BOSS","M","?","?","M","?","R","E"],"items_purchased_type":[],"build_version":"2020-12-22","purchased_purges":0,"victory":false,"max_hp_per_floor":[66,66,66,66,66,66,66,66,66,66,66,66,66,66,66,66,66,66,66,66,66,66,66,66,66],"card_choices":[{"not_picked":["Concentrate","Deflect","Sucker Punch"],"picked":"SKIP","floor":1.0},{"not_picked":["Deadly Poison","Leg Sweep"],"picked":"Dagger Spray","floor":3.0},{"not_picked":["Backflip","Dagger Throw"],"picked":"PiercingWail","floor":6.0},{"not_picked":["Expertise","PiercingWail"],"picked":"Terror","floor":7.0},{"not_picked":["Flying Knee","PiercingWail"],"picked":"Accuracy","floor":10.0},{"not_picked":["Distraction","Backstab+1"],"picked":"Skewer+1","floor":11.0},{"not_picked":["Reflex","Deadly Poison","Prepared"],"picked":"SKIP","floor":12.0},{"not_picked":["Outmaneuver","Sucker Punch+1"],"picked":"Blade Dance","floor":13.0},{"not_picked":["Terror","Outmaneuver"],"picked":"Riddle With Holes+1","floor":14.0},{"not_picked":["Adrenaline","Venomology"],"picked":"Envenom","floor":16.0},{"not_picked":["Flying Knee+1","Expertise"],"picked":"Cloak And Dagger","floor":18.0},{"not_picked":["Prepared","Slice+1"],"picked":"Accuracy","floor":21}],"player_experience":615174,"relics_obtained":[{"floor":6.0,"key":"Boot"},{"floor":9.0,"key":"Nunchaku"},{"floor":11.0,"key":"Molten Egg 2"}],"event_choices":[{"damage_healed":0.0,"max_hp_gain":0.0,"max_hp_loss":0.0,"gold_gain":0.0,"event_name":"Accursed Blacksmith","player_choice":"Rummage","floor":2.0,"gold_loss":0.0,"damage_taken":0.0,"relics_obtained":["WarpedTongs"],"cards_obtained":["Pain"]},{"cards_removed":["Pain"],"damage_healed":0.0,"max_hp_gain":0.0,"max_hp_loss":0.0,"gold_gain":0.0,"event_name":"Living Wall","player_choice":"Forget","floor":4.0,"gold_loss":0.0,"damage_taken":0.0},{"cards_removed":["Strike_G"],"damage_healed":0.0,"max_hp_gain":0.0,"max_hp_loss":0.0,"gold_gain":0.0,"event_name":"Bonfire Elementals","player_choice":"Offered Basic","floor":5.0,"gold_loss":0.0,"damage_taken":0.0},{"cards_removed":["Strike_G"],"damage_healed":0.0,"max_hp_gain":0.0,"max_hp_loss":0.0,"gold_gain":0.0,"event_name":"Back to Basics","player_choice":"Elegance","floor":19.0,"gold_loss":0.0,"damage_taken":0.0},{"damage_healed":0,"gold_gain":0,"player_choice":"Paid Fearfully","damage_taken":0,"max_hp_gain":0,"max_hp_loss":0,"event_name":"Masked Bandits","floor":20,"gold_loss":410}],"is_beta":false,"boss_relics":[{"not_picked":["Velvet Choker","Empty Cage"],"picked":"Astrolabe"}],"items_purged_floors":[],"is_endless":false,"potions_floor_spawned":[1,6,10,12],"killed_by":"Slavers","ascension_level":14}}