{"host":"i9wanet4r0ff4t9y","time":1611071454,"event":{"mods":["2.2 Compatiblity","Act Like it!","BaseMod","Bestiary","Better Altar","Better Match","Better Note","Better Sensory Stone","Better Skull","Better Third Choice","Better Vampires","BetterRewards","CapriCore","Curses Come First","Downfall","Minty Spire (QoL Compilation)","Quick Restart","READ ME - Guardian Mod","READ ME - Snecko Mod","Relic Stats","Say the Spire","Spicy Shops","StSLib","The Disciple","Waifu the Spire"],"gold_per_floor":[113,113,4,24,24,24,58,58,111,141,158,170,145,145,145,242,242,255,255,272,20,20,20,20,20,20,20,20,20,40,60,60,60,60],"floor_reached":33,"language":"POL","playtime":779,"items_purged":[],"score":377,"play_id":"866a3d8d-98e3-4213-8cfc-8ca2654781f0","local_time":"20210119165054","is_ascension_mode":true,"campfire_choices":[{"data":"Burst","floor":6,"key":"SMITH"},{"data":"Distraction","floor":8,"key":"SMITH"},{"floor":15,"key":"REST"},{"floor":23,"key":"REST"},{"data":"Envenom","floor":25,"key":"SMITH"},{"data":"Apotheosis","floor":27,"key":"SMITH"},{"floor":32,"key":"REST"}],"circlet_count":0,"master_deck":["AscendersBane","Strike_G","Strike_G","Strike_G","Strike_G","Strike_G","Defend_G","Defend_G","Defend_G","Defend_G","Defend_G","Survivor","Neutralize","Flechettes","Trip","Dagger Spray","Distraction+1","Burst+1","Storm of Steel","Noxious Fumes","Predator","Bane","Envenom+1","Predator","hexamod:SoulSteal","Distraction","Apotheosis+1","downfall:Bewildered","All Out Attack+1","Concentrate+1"],"relics":["Ring of the Snake","Orichalcum","Bottled Lightning","Regal Pillow","Happy Flower","Philosopher\u0027s Stone","Cauldron","sneckomod:BabySnecko","Eternal Feather","betterThird:NestCultRelic"],"acts_visited":["Exordium","TheCity"],"potions_floor_usage":[7,10,20,30,31,31,33],"damage_taken":[{"damage":0,"enemies":"2 Louse","floor":1,"turns":5},{"damage":4,"enemies":"Jaw Worm","floor":4,"turns":3},{"damage":22,"enemies":"Lagavulin","floor":7,"turns":5},{"damage":22,"enemies":"3 Sentries","floor":10,"turns":8},{"damage":0,"enemies":"Small Slimes","floor":11,"turns":3},{"damage":6,"enemies":"3 Louse","floor":12,"turns":2},{"damage":43,"enemies":"The Guardian","floor":16,"turns":10},{"damage":22,"enemies":"Chosen","floor":18,"turns":5},{"damage":18,"enemies":"2 Thieves","floor":20,"turns":3},{"damage":39,"enemies":"Snake Plant","floor":30,"turns":4},{"damage":21,"enemies":"Cultist and Chosen","floor":31,"turns":6},{"damage":70,"enemies":"Collector","floor":33,"turns":7}],"seed_played":"589622110293820910","potions_obtained":[{"floor":1,"key":"Strength Potion"},{"floor":4,"key":"Strength Potion"},{"floor":18,"key":"GamblersBrew"},{"floor":21,"key":"DistilledChaos"},{"floor":21,"key":"Regen Potion"},{"floor":21,"key":"bronze:BurnAndBuffPotion"},{"floor":30,"key":"Swift Potion"}],"is_trial":false,"path_per_floor":["M","?","$","M","$","R","E","R","T","E","M","M","?","?","R","B",null,"M","?","M","$","?","R","?","R","T","R","?","$","M","M","R","B"],"character_chosen":"THE_SILENT","items_purchased":["Orichalcum","Dagger Spray","Distraction","Apotheosis","Cauldron"],"campfire_rested":3,"item_purchase_floors":[0,3,3,21,21],"current_hp_per_floor":[63,63,63,59,59,59,37,37,37,15,15,9,9,32,68,25,59,37,37,19,19,19,55,70,70,70,70,70,70,31,25,70,0,0],"gold":60,"neow_bonus":"","is_daily":false,"chose_seed":false,"campfire_upgraded":4,"win_rate":0.0,"timestamp":1611071454,"path_taken":["M","?","?","?","$","R","E","R","T","E","M","M","?","?","R","BOSS","M","?","M","$","?","R","?","R","T","R","?","$","?","M","R","BOSS"],"items_purchased_type":["Relic","Card","Card","Card","Relic"],"build_version":"2020-12-22","purchased_purges":0,"victory":false,"max_hp_per_floor":[70,70,70,70,70,70,70,70,70,70,70,70,70,70,70,70,70,70,70,70,70,70,70,70,70,70,70,70,70,70,70,70,70,70],"relic_stats":{"Regal Pillow":36,"Happy Flower":[13],"counters":[19,89],"Eternal Feather":18,"Orichalcum":[138],"obtain_stats":[{"Regal Pillow":9,"Happy Flower":10,"Eternal Feather":26,"betterThird:NestCultRelic":28,"Orichalcum":0,"Question Card":9,"Cauldron":21,"sneckomod:BabySnecko":22,"Matryoshka":6,"Bronze Scales":9,"Philosopher\u0027s Stone":17,"Bottled Lightning":7,"Ring of the Snake":0},{"Regal Pillow":10,"Happy Flower":11,"Eternal Feather":16,"betterThird:NestCultRelic":16,"Orichalcum":7,"Question Card":6,"Cauldron":16,"sneckomod:BabySnecko":16,"Matryoshka":6,"Bronze Scales":6,"Philosopher\u0027s Stone":14,"Bottled Lightning":10,"Ring of the Snake":0},{"Regal Pillow":41,"Happy Flower":49,"Eternal Feather":72,"betterThird:NestCultRelic":72,"Orichalcum":28,"Question Card":24,"Cauldron":72,"sneckomod:BabySnecko":72,"Matryoshka":24,"Bronze Scales":24,"Philosopher\u0027s Stone":64,"Bottled Lightning":41,"Ring of the Snake":0}],"Ring of the Snake":[36]},"card_choices":[{"not_picked":["Acrobatics","Backflip"],"picked":"Flechettes","floor":1},{"not_picked":["Impatience","Deep Breath"],"picked":"Trip","floor":2},{"not_picked":["Sucker Punch","PiercingWail"],"picked":"Burst","floor":4},{"not_picked":["Bouncing Flask","Masterful Stab"],"picked":"Storm of Steel","floor":7},{"not_picked":["Poisoned Stab","Dagger Spray"],"picked":"Noxious Fumes","floor":10},{"not_picked":["Eviscerate","Choke"],"picked":"Predator","floor":11},{"not_picked":["Dagger Throw","Predator"],"picked":"Bane","floor":12},{"not_picked":["After Image","Tools of the Trade"],"picked":"Envenom","floor":16},{"not_picked":["Calculated Gamble","Prepared"],"picked":"Predator","floor":18},{"not_picked":["Dodge and Roll+1","Deadly Poison"],"picked":"Distraction","floor":20},{"not_picked":["Backflip","Dagger Throw"],"picked":"All Out Attack+1","floor":30},{"not_picked":["Tools of the Trade","Deflect"],"picked":"Concentrate+1","floor":31}],"player_experience":413082,"relics_obtained":[{"floor":7,"key":"Bottled Lightning"},{"floor":9,"key":"Regal Pillow"},{"floor":10,"key":"Happy Flower"},{"floor":26,"key":"Eternal Feather"}],"event_choices":[{"damage_healed":0,"gold_gain":1,"player_choice":"1","damage_taken":0,"max_hp_gain":0,"max_hp_loss":0,"event_name":"betterStone:BetterStone","floor":2,"gold_loss":0},{"damage_healed":0,"gold_gain":0,"player_choice":"Left","damage_taken":0,"max_hp_gain":0,"max_hp_loss":0,"event_name":"betterThird:BetterGoop","floor":13,"gold_loss":25},{"damage_healed":23,"gold_gain":0,"player_choice":"Banana","damage_taken":0,"max_hp_gain":0,"max_hp_loss":0,"event_name":"Big Fish","floor":14,"gold_loss":0},{"cards_removed":["Envenom"],"damage_healed":0,"gold_gain":0,"player_choice":"Take \u0026 Give","damage_taken":0,"max_hp_gain":0,"max_hp_loss":0,"event_name":"betterNote:BetterNote","floor":19,"gold_loss":0,"cards_obtained":["hexamod:SoulSteal"]},{"damage_healed":23,"gold_gain":0,"player_choice":"Heal","damage_taken":0,"max_hp_gain":0,"max_hp_loss":0,"event_name":"The Library","floor":24,"gold_loss":0},{"damage_healed":0,"gold_gain":0,"player_choice":"Madness","damage_taken":0,"relics_obtained":["betterThird:NestCultRelic"],"max_hp_gain":0,"max_hp_loss":0,"event_name":"betterThird:BetterNest","floor":28,"gold_loss":0}],"is_beta":false,"boss_relics":[{"not_picked":["Pandora\u0027s Box","Velvet Choker"],"picked":"Philosopher\u0027s Stone"}],"items_purged_floors":[],"is_endless":false,"potions_floor_spawned":[1,4,18,30],"killed_by":"Collector","ascension_level":10}}