{"host":"3a1ypf1irl30q4k8","time":1611067831,"event":{"mods":["AchievementEnabler","BaseMod","Bestiary","Colored Map","Minty Spire (QoL Compilation)","Relic Stats"],"gold_per_floor":[119,136,154,172,26,53,53,68,116,116,150,164,164,194,206,316,328,354,366,378,409,421,433,462,506,593,630,642,682,694,80,80,185,185,200,200,211,211,211],"floor_reached":38,"language":"ENG","playtime":3420,"items_purged":["Strike_P","Strike_P"],"score":627,"play_id":"739b9e00-f211-4ad7-b264-15d86fced000","local_time":"20210119145031","is_ascension_mode":true,"campfire_choices":[{"floor":7.0,"key":"REST"},{"floor":13.0,"key":"REST"},{"data":"TalkToTheHand","floor":15.0,"key":"SMITH"},{"data":"EmptyFist","floor":23.0,"key":"SMITH"},{"floor":28.0,"key":"REST"},{"floor":32.0,"key":"REST"}],"circlet_count":0,"master_deck":["Defend_P","Defend_P+1","Defend_P","Eruption","Vigilance","CurseOfTheBell","EmptyFist+1","TalkToTheHand+1","FlurryOfBlows","Consecrate","CarveReality","ThirdEye","EmptyBody+1","Prostrate","CrushJoints","DevaForm","CutThroughFate","J.A.X.","DeceiveReality","ThirdEye","ReachHeaven","LessonLearned+1","Fasting2","Ghostly","Ghostly","Ghostly","Ghostly","Ghostly","Conclude+1","Scrawl","SashWhip+1","ConjureBlade+1","Study+1","Swivel","Swift Strike+1","ClearTheMind+1"],"relics":["Calling Bell","Happy Flower","Blue Candle","Du-Vu Doll","Lizard Tail","Damaru","Mummified Hand","MawBank","Snecko Eye","Pantograph","Molten Egg 2","Smiling Mask","The Courier","Eternal Feather","Akabeko","Centennial Puzzle","Astrolabe"],"acts_visited":["Exordium","TheCity","TheBeyond"],"potions_floor_usage":[38],"damage_taken":[{"damage":1.0,"enemies":"Cultist","floor":1.0,"turns":4.0},{"damage":7.0,"enemies":"Small Slimes","floor":2.0,"turns":2.0},{"damage":0.0,"enemies":"2 Louse","floor":3.0,"turns":4.0},{"damage":5.0,"enemies":"2 Fungi Beasts","floor":4.0,"turns":3.0},{"damage":25.0,"enemies":"3 Sentries","floor":6.0,"turns":5.0},{"damage":20.0,"enemies":"3 Louse","floor":8.0,"turns":3.0},{"damage":4.0,"enemies":"Lagavulin","floor":11.0,"turns":4.0},{"damage":6.0,"enemies":"Exordium Thugs","floor":12.0,"turns":3.0},{"damage":20.0,"enemies":"Gremlin Nob","floor":14.0,"turns":4.0},{"damage":4.0,"enemies":"Hexaghost","floor":16.0,"turns":6.0},{"damage":18.0,"enemies":"Spheric Guardian","floor":18.0,"turns":6.0},{"damage":5.0,"enemies":"3 Byrds","floor":21.0,"turns":5.0},{"damage":30.0,"enemies":"Shelled Parasite and Fungi","floor":24.0,"turns":7.0},{"damage":3.0,"enemies":"Book of Stabbing","floor":25.0,"turns":7.0},{"damage":43.0,"enemies":"Gremlin Leader","floor":27.0,"turns":7.0},{"damage":46.0,"enemies":"Book of Stabbing","floor":29.0,"turns":5.0},{"damage":10.0,"enemies":"Collector","floor":33.0,"turns":8.0},{"damage":12.0,"enemies":"3 Shapes","floor":35.0,"turns":6.0},{"damage":19,"enemies":"3 Darklings","floor":37,"turns":7},{"damage":12,"enemies":"Jaw Worm Horde","floor":38,"turns":1}],"seed_played":"3289069862827237723","potions_obtained":[{"floor":2.0,"key":"DuplicationPotion"},{"floor":8.0,"key":"FearPotion"},{"floor":10.0,"key":"StancePotion"},{"floor":10.0,"key":"PowerPotion"},{"floor":10.0,"key":"CultistPotion"},{"floor":14.0,"key":"Swift Potion"},{"floor":21.0,"key":"EssenceOfSteel"},{"floor":24.0,"key":"BottledMiracle"},{"floor":25.0,"key":"Dexterity Potion"},{"floor":29.0,"key":"SteroidPotion"},{"floor":37,"key":"Weak Potion"}],"is_trial":false,"path_per_floor":["M","M","M","M","$","E","R","M","T","?","E","M","R","E","R","B",null,"M","?","$","M","?","R","M","E","T","E","R","E","?","$","R","B",null,"M","?","M","M"],"character_chosen":"WATCHER","items_purchased":["CarveReality","Eternal Feather","Conclude+1","Akabeko","Centennial Puzzle","EntropicBrew"],"campfire_rested":4,"item_purchase_floors":[5,31,31,31,31,31],"current_hp_per_floor":[71,64,64,59,59,34,55,35,35,35,31,25,46,26,26,22,72,54,54,54,49,72,72,42,39,39,33,54,8,8,8,36,26,36,24,24,5,0,0],"gold":211,"neow_bonus":"BOSS_RELIC","is_daily":false,"chose_seed":false,"campfire_upgraded":2,"win_rate":0.0,"timestamp":1611067831,"path_taken":["M","M","M","?","$","E","R","M","T","?","E","?","R","E","R","BOSS","M","?","$","M","?","R","M","E","T","E","R","E","?","$","R","BOSS","M","?","M","M"],"items_purchased_type":["Card","Relic","Card","Relic","Relic","Potion"],"build_version":"2020-12-22","purchased_purges":2,"victory":false,"max_hp_per_floor":[72,72,72,72,72,72,72,72,72,72,72,72,72,72,72,72,72,72,72,72,72,72,72,72,72,72,72,72,72,36,36,36,36,36,36,36,36,36,36],"relic_stats":{"Happy Flower":[32],"counters":[20,97],"Blue Candle":[11],"Astrolabe":["SashWhip","ConjureBlade","Study"],"Eternal Feather":18,"MawBank":204,"Smiling Mask":30,"Lizard Tail":36,"Centennial Puzzle":[9],"Mummified Hand":[28],"Pantograph":0,"Snecko Eye":[86,125,106,105],"obtain_stats":[{"Happy Flower":0,"Blue Candle":0,"Astrolabe":34,"Damaru":9,"Eternal Feather":31,"The Courier":29,"MawBank":14,"Smiling Mask":27,"Akabeko":31,"Calling Bell":0,"Du-Vu Doll":0,"Lizard Tail":6,"Centennial Puzzle":31,"Mummified Hand":11,"Pantograph":25,"Snecko Eye":17,"Molten Egg 2":26,"PureWater":0},{"Happy Flower":0,"Blue Candle":0,"Astrolabe":17,"Damaru":6,"Eternal Feather":16,"The Courier":16,"MawBank":9,"Smiling Mask":15,"Akabeko":16,"Calling Bell":0,"Du-Vu Doll":0,"Lizard Tail":5,"Centennial Puzzle":16,"Mummified Hand":7,"Pantograph":14,"Snecko Eye":10,"Molten Egg 2":14,"PureWater":0},{"Happy Flower":0,"Blue Candle":0,"Astrolabe":83,"Damaru":21,"Eternal Feather":75,"The Courier":75,"MawBank":32,"Smiling Mask":70,"Akabeko":75,"Calling Bell":0,"Du-Vu Doll":0,"Lizard Tail":18,"Centennial Puzzle":75,"Mummified Hand":25,"Pantograph":63,"Snecko Eye":38,"Molten Egg 2":63,"PureWater":0}]},"card_choices":[{"not_picked":["Protect","SashWhip"],"picked":"EmptyFist","floor":1.0},{"not_picked":["Prostrate","ClearTheMind"],"picked":"TalkToTheHand","floor":2.0},{"not_picked":["JustLucky","EmptyBody"],"picked":"FlurryOfBlows","floor":3.0},{"not_picked":["ThirdEye","Perseverance"],"picked":"Consecrate","floor":4.0},{"not_picked":["Brilliance","ForeignInfluence","Devotion"],"picked":"SKIP","floor":6.0},{"not_picked":["ClearTheMind","Prostrate"],"picked":"ThirdEye","floor":8.0},{"not_picked":["JustLucky","SignatureMove"],"picked":"EmptyBody","floor":11.0},{"not_picked":["FlurryOfBlows","CarveReality"],"picked":"Prostrate","floor":12.0},{"not_picked":["Perseverance","SignatureMove"],"picked":"CrushJoints","floor":14.0},{"not_picked":["Omniscience","Wish"],"picked":"DevaForm","floor":16.0},{"not_picked":["LikeWater","Protect+1"],"picked":"CutThroughFate","floor":18.0},{"not_picked":["PathToVictory","FollowUp"],"picked":"DeceiveReality","floor":21.0},{"not_picked":["EmptyBody","SashWhip"],"picked":"ThirdEye","floor":24.0},{"not_picked":["Consecrate","JustLucky"],"picked":"ReachHeaven","floor":25.0},{"not_picked":["Evaluate","BattleHymn+1"],"picked":"LessonLearned+1","floor":27.0},{"not_picked":["Conclude+1","Evaluate+1"],"picked":"Fasting2","floor":29.0},{"not_picked":["SpiritShield","Judgement"],"picked":"Scrawl","floor":33.0},{"not_picked":["CutThroughFate+1","Protect","FlurryOfBlows+1"],"picked":"SKIP","floor":35},{"not_picked":["FlurryOfBlows+1","FlyingSleeves+1"],"picked":"ClearTheMind+1","floor":37}],"player_experience":1120178,"relics_obtained":[{"floor":0.0,"key":"Happy Flower"},{"floor":0.0,"key":"Blue Candle"},{"floor":0.0,"key":"Du-Vu Doll"},{"floor":6.0,"key":"Lizard Tail"},{"floor":9.0,"key":"Damaru"},{"floor":11.0,"key":"Mummified Hand"},{"floor":14.0,"key":"MawBank"},{"floor":25.0,"key":"Pantograph"},{"floor":26.0,"key":"Molten Egg 2"},{"floor":27.0,"key":"Smiling Mask"},{"floor":29.0,"key":"The Courier"}],"event_choices":[{"damage_healed":0.0,"max_hp_gain":0.0,"max_hp_loss":0.0,"gold_gain":0.0,"event_name":"Lab","player_choice":"Got Potions","floor":10.0,"gold_loss":0.0,"damage_taken":0.0},{"damage_healed":0.0,"max_hp_gain":0.0,"max_hp_loss":0.0,"gold_gain":0.0,"event_name":"Drug Dealer","player_choice":"Obtain J.A.X.","floor":19.0,"gold_loss":0.0,"damage_taken":0.0,"cards_obtained":["J.A.X."]},{"damage_healed":24.0,"max_hp_gain":0.0,"max_hp_loss":0.0,"gold_gain":0.0,"event_name":"The Library","player_choice":"Heal","floor":22.0,"gold_loss":0.0,"damage_taken":0.0},{"damage_healed":0.0,"max_hp_gain":0.0,"max_hp_loss":36.0,"gold_gain":0.0,"event_name":"Ghosts","player_choice":"Became a Ghost","floor":30.0,"gold_loss":0.0,"damage_taken":0.0,"cards_obtained":["Ghostly","Ghostly","Ghostly","Ghostly","Ghostly"]},{"damage_healed":0,"gold_gain":0,"player_choice":"2 cards matched","damage_taken":0,"max_hp_gain":0,"max_hp_loss":0,"event_name":"Match and Keep!","floor":36,"gold_loss":0,"cards_obtained":["Swivel","Swift Strike"]}],"is_beta":false,"boss_relics":[{"not_picked":["VioletLotus","Runic Dome"],"picked":"Snecko Eye"},{"not_picked":["Fusion Hammer","Busted Crown"],"picked":"Astrolabe"}],"items_purged_floors":[5,31],"is_endless":false,"potions_floor_spawned":[2,8,14,21,24,25,29,37],"killed_by":"Jaw Worm Horde","ascension_level":3}}