{"host":"dth8fvkfiulu86fi","time":1611055127,"event":{"mods":["2.2 Compatiblity","AchievementEnabler","BaseMod","Better Third Choice","Colored Map","Colored Powertips","Minty Spire (QoL Compilation)","Rare Cards Sparkle","StSLib","SuperFastMode","Synergy Search"],"gold_per_floor":[144,144,144,189,39,39,84,84,109,109,109,284,382,431,431,431,431],"floor_reached":16,"language":"ENG","playtime":405,"items_purged":[],"score":98,"play_id":"be7b903f-bd6e-4352-8908-eee1eb303561","local_time":"20210119121847","daily_mods":["Allstar","Time Dilation","Midas"],"is_ascension_mode":false,"campfire_choices":[{"floor":6,"key":"REST"},{"floor":8,"key":"REST"},{"floor":15,"key":"REST"}],"circlet_count":0,"master_deck":["Strike_P","Strike_P","Strike_P","Strike_P","Defend_P","Defend_P","Defend_P","Defend_P","Eruption","Vigilance","Impatience","Transmutation","Mind Blast+1","Secret Technique","Bandage Up","Doubt","FlurryOfBlows"],"relics":["PureWater","HandDrill","Boot","Golden Idol","Damaru"],"acts_visited":["Exordium"],"potions_floor_usage":[],"damage_taken":[{"damage":0,"enemies":"Small Slimes","floor":1,"turns":3},{"damage":6,"enemies":"Jaw Worm","floor":4,"turns":4},{"damage":0,"enemies":"2 Louse","floor":7,"turns":2},{"damage":47,"enemies":"3 Sentries","floor":13,"turns":8},{"damage":0,"enemies":"2 Fungi Beasts","floor":14,"turns":2},{"damage":55,"enemies":"Hexaghost","floor":16,"turns":2}],"seed_played":"3706737729498028133","potions_obtained":[{"floor":1,"key":"Strength Potion"},{"floor":4,"key":"FearPotion"},{"floor":14,"key":"LiquidBronze"}],"is_trial":false,"path_per_floor":["M","?","?","M","$","R","M","R","T","$","?","?","E","M","R","B"],"character_chosen":"WATCHER","items_purchased":["HandDrill"],"campfire_rested":3,"item_purchase_floors":[5],"current_hp_per_floor":[72,77,77,72,72,77,77,77,77,77,71,71,28,28,49,0,0],"gold":431,"neow_bonus":"","is_daily":true,"chose_seed":false,"campfire_upgraded":0,"win_rate":0.0,"timestamp":1611055127,"path_taken":["M","?","?","M","$","R","M","R","T","?","?","?","E","M","R","BOSS"],"items_purchased_type":["Relic"],"build_version":"2020-12-22","purchased_purges":0,"victory":false,"max_hp_per_floor":[72,77,77,77,77,77,77,77,77,77,71,71,71,71,71,71,71],"card_choices":[{"not_picked":["Prostrate","SandsOfTime","Evaluate"],"picked":"SKIP","floor":1},{"not_picked":["PathToVictory","DeusExMachina","Weave"],"picked":"SKIP","floor":4},{"not_picked":["Weave","Evaluate","EmptyBody"],"picked":"SKIP","floor":7},{"not_picked":["FlyingSleeves","Evaluate","CutThroughFate"],"picked":"SKIP","floor":13},{"not_picked":["EmptyBody","Consecrate"],"picked":"FlurryOfBlows","floor":14}],"player_experience":1154300,"relics_obtained":[{"floor":9,"key":"Boot"},{"floor":13,"key":"Damaru"}],"event_choices":[{"damage_healed":0,"gold_gain":0,"player_choice":"Donut","damage_taken":0,"max_hp_gain":5,"max_hp_loss":0,"event_name":"Big Fish","floor":2,"gold_loss":0},{"damage_healed":0,"gold_gain":0,"player_choice":"Grow","damage_taken":0,"max_hp_gain":0,"max_hp_loss":0,"event_name":"Living Wall","floor":3,"gold_loss":0,"cards_upgraded":["Mind Blast"]},{"damage_healed":0,"gold_gain":0,"player_choice":"Lose Max HP","damage_taken":0,"relics_obtained":["Golden Idol"],"max_hp_gain":0,"max_hp_loss":6,"event_name":"Golden Idol","floor":11,"gold_loss":0},{"damage_healed":0,"gold_gain":175,"player_choice":"AGREE","damage_taken":109,"max_hp_gain":0,"max_hp_loss":0,"event_name":"betterThird:BetterSerpent","floor":12,"gold_loss":0}],"is_beta":false,"boss_relics":[],"items_purged_floors":[],"is_endless":false,"potions_floor_spawned":[1,4,14],"killed_by":"Hexaghost","ascension_level":0}}