{"host":"7b9o5l52q07whoyx","time":1611019595,"event":{"mods":["BaseMod","Bestiary","BetterRewards","Colored Powertips","Duelist Mod","GifTheSpireLib","JesterMod","Luminous","Minty Spire (QoL Compilation)","Relic Stats","Shop Mod","StSLib","Td1madao Mod","The Cursed","The Exalted","The Necromancer"],"gold_per_floor":[117,117,128,2,17,17,44,60,138,158,169,183,183,198,198,301,301,319,117,131,131,131,131],"floor_reached":22,"language":"ENG","playtime":2044,"items_purged":[],"score":190,"play_id":"65d004fc-5354-4a9e-9885-7bdac3107f2c","local_time":"20210118172635","is_ascension_mode":false,"campfire_choices":[{"floor":6,"key":"REST"},{"floor":13,"key":"REST"},{"floor":15,"key":"REST"}],"circlet_count":0,"master_deck":["Luminous:Light_Flash_Shower","Luminous:Light_Flash_Shower","Luminous:Light_Flash_Shower","Luminous:Dark_Abyssal_Drop","Luminous:Dark_Abyssal_Drop","Luminous:Dark_Abyssal_Drop","Luminous:Defend_Luminous","Luminous:Defend_Luminous","Luminous:Defend_Luminous","Luminous:Defend_Luminous","Luminous:Switch_Luminous","Luminous:Dark_Dim_Erosion","Luminous:Concentrate_Luminous","Luminous:Dark_Pressure_Void","Luminous:Dark_Arcane_Pitch","Luminous:Light_Wash_Luminous","Luminous:Chaos_Field_Luminous","Luminous:Light_Ray_of_Redemption","Luminous:Light_Gather","Luminous:Light_Disperse","Luminous:Balance_Aether_Conduit","Luminous:Dark_Apocalypse","Luminous:Accumulation_Luminous"],"relics":["Luminous:MirrorRelic","Pocketwatch","Ornamental Fan","Bromod:ArcaneGrace","Bromod:ArcaneNullifier","Enchiridion"],"acts_visited":["Exordium","TheCity"],"potions_floor_usage":[],"damage_taken":[{"damage":2,"enemies":"Small Slimes","floor":1,"turns":3},{"damage":6,"enemies":"Cultist","floor":3,"turns":4},{"damage":4,"enemies":"Jaw Worm","floor":5,"turns":3},{"damage":32,"enemies":"3 Sentries","floor":7,"turns":10},{"damage":2,"enemies":"Blue Slaver","floor":8,"turns":2},{"damage":6,"enemies":"3 Louse","floor":10,"turns":3},{"damage":13,"enemies":"Large Slime","floor":11,"turns":6},{"damage":13,"enemies":"Exordium Thugs","floor":12,"turns":5},{"damage":2,"enemies":"Blue Slaver","floor":14,"turns":3},{"damage":41,"enemies":"The Guardian","floor":16,"turns":11},{"damage":35,"enemies":"2 Thieves","floor":18,"turns":4},{"damage":20,"enemies":"Chosen","floor":20,"turns":5},{"damage":35,"enemies":"Sentry and Sphere","floor":22,"turns":3}],"seed_played":"-6817676841920958862","potions_obtained":[{"floor":5,"key":"SkillPotion"},{"floor":8,"key":"DistilledChaos"},{"floor":12,"key":"SpeedPotion"}],"is_trial":false,"path_per_floor":["M","?","M","$","M","R","E","M","T","M","M","M","R","M","R","B",null,"M","$","M","?","M"],"character_chosen":"LuminousClass","items_purchased":["Luminous:Dark_Pressure_Void","Luminous:Dark_Arcane_Pitch","Bromod:ArcaneNullifier","Luminous:Accumulation_Luminous"],"campfire_rested":3,"item_purchase_floors":[4,4,19,19],"current_hp_per_floor":[80,80,74,74,70,82,50,48,48,42,31,21,45,43,67,29,82,52,52,36,20,0,0],"gold":131,"neow_bonus":"TEN_PERCENT_HP_BONUS","is_daily":false,"chose_seed":false,"campfire_upgraded":0,"win_rate":0.0,"timestamp":1611019595,"path_taken":["M","?","M","?","?","R","E","M","T","M","M","M","R","M","R","BOSS","M","$","M","?","M"],"items_purchased_type":["Card","Card","Relic","Card"],"build_version":"2020-12-22","purchased_purges":0,"victory":false,"max_hp_per_floor":[82,82,82,82,82,82,82,82,82,82,82,82,82,82,82,82,82,82,82,82,82,82,82],"relic_stats":{"counters":[13,62],"Ornamental Fan":[36],"obtain_stats":[{"Bromod:ArcaneGrace":17,"Bromod:ArcaneNullifier":19,"Ornamental Fan":9,"Enchiridion":21,"Luminous:MirrorRelic":0,"Pocketwatch":7},{"Bromod:ArcaneGrace":10,"Bromod:ArcaneNullifier":11,"Ornamental Fan":5,"Enchiridion":12,"Luminous:MirrorRelic":0,"Pocketwatch":4},{"Bromod:ArcaneGrace":50,"Bromod:ArcaneNullifier":54,"Ornamental Fan":22,"Enchiridion":59,"Luminous:MirrorRelic":0,"Pocketwatch":20}],"Pocketwatch":[72]},"card_choices":[{"not_picked":["Luminous:Light_Wash_Luminous","Luminous:Blinding_Pillar_Luminous"],"picked":"Luminous:Dark_Dim_Erosion","floor":1},{"not_picked":["Luminous:Mana_Overload_Luminous","Luminous:Dark_Dim_Erosion"],"picked":"Luminous:Concentrate_Luminous","floor":3},{"not_picked":["Luminous:Light_Gather","Luminous:Dark_Pressure_Void"],"picked":"Luminous:Light_Wash_Luminous","floor":5},{"not_picked":["Luminous:Hero_Will_Luminous","Luminous:Balance_Death_Scythe"],"picked":"Luminous:Chaos_Field_Luminous","floor":7},{"not_picked":["Luminous:Dark_Dim_Erosion","Luminous:Sympathy_Luminous","Luminous:Blinding_Pillar_Luminous"],"picked":"SKIP","floor":8},{"not_picked":["Luminous:Blinding_Pillar_Luminous","Luminous:Accumulation_Luminous"],"picked":"Luminous:Light_Ray_of_Redemption","floor":10},{"not_picked":["Luminous:Light_Wash_Luminous","Luminous:Light_Track"],"picked":"Luminous:Light_Gather","floor":11},{"not_picked":["Luminous:Mirror_Force_Luminous","Luminous:Light_Ray_of_Redemption"],"picked":"Luminous:Light_Disperse","floor":12},{"not_picked":["Luminous:Dark_Dim_Erosion","Luminous:Light_Gather","Luminous:Magic_Accelerate_Luminous"],"picked":"SKIP","floor":14},{"not_picked":["Luminous:Balance_Baptism","Luminous:Date_of_Light_Luminous"],"picked":"Luminous:Balance_Aether_Conduit","floor":16},{"not_picked":["Luminous:Light_Wash_Luminous","Luminous:Dark_Dim_Erosion"],"picked":"Luminous:Dark_Apocalypse","floor":18},{"not_picked":["Luminous:Darkness_Mastery_Luminous","Luminous:Light_Wash_Luminous","Luminous:Dark_Apocalypse"],"picked":"SKIP","floor":20}],"player_experience":193583,"relics_obtained":[{"floor":7,"key":"Pocketwatch"},{"floor":9,"key":"Ornamental Fan"},{"floor":21,"key":"Enchiridion"}],"event_choices":[{"damage_healed":0,"gold_gain":0,"player_choice":"Ignored","damage_taken":0,"max_hp_gain":0,"max_hp_loss":0,"event_name":"NoteForYourself","floor":2,"gold_loss":0},{"damage_healed":0,"gold_gain":0,"player_choice":"Obtained Book","damage_taken":16,"max_hp_gain":0,"max_hp_loss":0,"event_name":"Cursed Tome","floor":21,"gold_loss":0}],"is_beta":false,"boss_relics":[{"not_picked":["Sozu","Black Star"],"picked":"Bromod:ArcaneGrace"}],"items_purged_floors":[],"is_endless":false,"potions_floor_spawned":[5,8,12,14],"killed_by":"Sentry and Sphere","ascension_level":0}}