{"host":"h2gxemxa99wv6yfu","time":1611033254,"event":{"mods":["BaseMod","Block Reminder","Colored Powertips","Friendly Minions","Highlight Path","Infinite Spire","Minty Spire (QoL Compilation)","Permanent Neow","Quick Restart","Relic Stats","Replay The Spire","Shop Mod","StSLib"],"gold_per_floor":[118,128,128,128,143,143,143,143,197,197,217,229,76,111,111,214,214,228,228,239,179,189,189,199,199,278,311,62,62,82,102,102,102,102],"floor_reached":33,"language":"ENG","playtime":1453,"items_purged":["Strike_G","Doubt"],"score":280,"play_id":"6a8e7cf0-6125-4777-88a3-6b08ff7ef831","local_time":"20210118231414","is_ascension_mode":true,"campfire_choices":[{"data":"Neutralize","floor":6.0,"key":"SMITH"},{"data":"Crippling Poison","floor":8.0,"key":"SMITH"},{"data":"Survivor","floor":10.0,"key":"SMITH"},{"floor":15.0,"key":"REST"},{"data":"infinitespire:Gouge","floor":23.0,"key":"SMITH"},{"data":"Noxious Fumes","floor":25.0,"key":"SMITH"},{"floor":29.0,"key":"REST"}],"circlet_count":0,"master_deck":["Strike_G","Strike_G","Strike_G","Strike_G+1","Defend_G+1","Defend_G","Defend_G","Defend_G+1","Defend_G","Survivor+1","Neutralize+1","Prepared","Crippling Poison+1","Tactician+1","Dagger Spray","Noxious Fumes","Envenom","Survivor","infinitespire:Neurotoxin","Bandage Up","infinitespire:Gouge+1","Deadly Poison+1","Dagger Spray","Noxious Fumes+1","Toxin Wave+1"],"relics":["SlaversCollar","ReplayTheSpireMod:Shallot","infinitespire:Lucky Rock","Question Card","ReplayTheSpireMod:SealedPack","Sozu","Toxic Egg 2","War Paint"],"acts_visited":["Exordium","TheCity"],"potions_floor_usage":[33],"damage_taken":[{"damage":7.0,"enemies":"Cultist","floor":1.0,"turns":5.0},{"damage":0.0,"enemies":"Small Slimes","floor":2.0,"turns":3.0},{"damage":0.0,"enemies":"2 Louse","floor":5.0,"turns":3.0},{"damage":0.0,"enemies":"Gremlin Gang","floor":11.0,"turns":4.0},{"damage":9.0,"enemies":"Lots of Slimes","floor":12.0,"turns":4.0},{"damage":15.0,"enemies":"Lagavulin","floor":14.0,"turns":7.0},{"damage":31.0,"enemies":"Fading Forest","floor":16.0,"turns":11.0},{"damage":2.0,"enemies":"2 Thieves","floor":18.0,"turns":4.0},{"damage":11.0,"enemies":"Shell Parasite","floor":20.0,"turns":6.0},{"damage":15.0,"enemies":"Cultist and Chosen","floor":22.0,"turns":6.0},{"damage":18.0,"enemies":"Centurion and Healer","floor":24.0,"turns":6.0},{"damage":22.0,"enemies":"Gremlin Leader","floor":27.0,"turns":5.0},{"damage":10.0,"enemies":"Snake Plant","floor":30.0,"turns":5.0},{"damage":7.0,"enemies":"Cultist and Chosen","floor":31.0,"turns":6.0},{"damage":56,"enemies":"Automaton","floor":33,"turns":6}],"seed_played":"1362747779490375353","potions_obtained":[{"floor":2.0,"key":"CunningPotion"},{"floor":11.0,"key":"Languid Potion"}],"is_trial":false,"path_per_floor":["M","M","T","?","M","R","?","R","T","R","M","M","$","E","R","B",null,"M","AVR","M","?","M","R","M","R","T","E","$","R","M","M","R","B"],"character_chosen":"THE_SILENT","items_purchased":["Noxious Fumes","War Paint"],"campfire_rested":2,"item_purchase_floors":[13,28],"current_hp_per_floor":[63,63,63,49,49,49,49,49,49,49,49,40,40,25,46,27,70,68,68,61,61,50,50,36,36,36,18,18,39,33,30,51,0,0],"gold":102,"neow_bonus":"BOSS_RELIC","is_daily":false,"chose_seed":false,"campfire_upgraded":5,"win_rate":0.0,"timestamp":1611033254,"path_taken":["M","M","?","?","M","R","?","R","T","R","?","?","?","E","R","BOSS","M","AVR","M","?","M","R","M","R","T","E","$","R","M","M","R","BOSS"],"items_purchased_type":["Card","Relic"],"build_version":"2020-12-22","purchased_purges":2,"victory":false,"max_hp_per_floor":[70,70,70,70,70,70,70,70,70,70,70,70,70,70,70,70,70,70,70,70,70,70,70,70,70,70,70,70,70,70,70,70,70,70],"relic_stats":{"Sozu":4,"counters":[15,81],"War Paint":["Tactician","Defend_G"],"Question Card":16,"obtain_stats":[{"Sozu":19,"SlaversCollar":0,"ReplayTheSpireMod:Shallot":3,"ReplayTheSpireMod:SealedPack":17,"infinitespire:Lucky Rock":9,"Toxic Egg 2":27,"War Paint":28,"Question Card":14,"Ring of the Snake":0},{"Sozu":8,"SlaversCollar":0,"ReplayTheSpireMod:Shallot":2,"ReplayTheSpireMod:SealedPack":7,"infinitespire:Lucky Rock":3,"Toxic Egg 2":12,"War Paint":12,"Question Card":6,"Ring of the Snake":0},{"Sozu":41,"SlaversCollar":0,"ReplayTheSpireMod:Shallot":8,"ReplayTheSpireMod:SealedPack":37,"infinitespire:Lucky Rock":11,"Toxic Egg 2":64,"War Paint":64,"Question Card":26,"Ring of the Snake":0}]},"card_choices":[{"not_picked":["Escape Plan","ReplayTheSpireMod:Tripwire","Skewer"],"picked":"SKIP","floor":1.0},{"not_picked":["Sucker Punch","Dagger Throw"],"picked":"Prepared","floor":2.0},{"not_picked":["Masterful Stab","Dodge and Roll"],"picked":"Crippling Poison","floor":5.0},{"not_picked":["Choke","Deflect"],"picked":"Tactician","floor":11.0},{"not_picked":["Wraith Form v2","Slice"],"picked":"Dagger Spray","floor":12.0},{"not_picked":["Eviscerate","Heel Hook","ReplayTheSpireMod:From All Sides"],"picked":"SKIP","floor":14.0},{"not_picked":["Die Die Die","Malaise","Unload"],"picked":"Envenom","floor":16.0},{"not_picked":["Eruption","m_Survivalism","Zap"],"picked":"Survivor","floor":17.0},{"not_picked":["Tools of the Trade","Burst","Envenom"],"picked":"infinitespire:Neurotoxin","floor":17.0},{"not_picked":["Replay:Sssssssssshield","ReplayTheSpireMod:Uncanny Aura","Impatience"],"picked":"Bandage Up","floor":17.0},{"not_picked":["infinitespire:TheBestDefense","ReplayTheSpireMod:??????????????????????","infinitespire:SevenWalls"],"picked":"infinitespire:Gouge","floor":17.0},{"not_picked":["Dash","Hidden Blade","Prepared"],"picked":"Deadly Poison","floor":18.0},{"not_picked":["Escape Plan","All Out Attack+1","Underhanded Strike","Heel Hook"],"picked":"SKIP","floor":20.0},{"not_picked":["Finisher","Riddle With Holes","Quick Slash+1"],"picked":"Dagger Spray","floor":22.0},{"not_picked":["Eviscerate","Finisher+1","Blade Dance"],"picked":"Noxious Fumes","floor":24.0},{"not_picked":["Deflect+1","Distraction+1","Toxin Wave+1","Blade Dance+1"],"picked":"SKIP","floor":27.0},{"not_picked":["Reflex+1","Backflip+1","ReplayTheSpireMod:Exploit Weakness+1","Prepared+1"],"picked":"SKIP","floor":30.0},{"not_picked":["ReplayTheSpireMod:Scrap Shanks","Eviscerate+1","Heel Hook"],"picked":"Toxin Wave+1","floor":31.0}],"player_experience":17498,"relics_obtained":[{"floor":3.0,"key":"ReplayTheSpireMod:Shallot"},{"floor":9.0,"key":"infinitespire:Lucky Rock"},{"floor":14.0,"key":"Question Card"},{"floor":27.0,"key":"Toxic Egg 2"}],"event_choices":[{"damage_healed":0.0,"max_hp_gain":0.0,"max_hp_loss":0.0,"gold_gain":0.0,"event_name":"Shining Light","player_choice":"Entered Light","floor":4.0,"gold_loss":0.0,"damage_taken":14.0,"cards_upgraded":["Strike_G","Defend_G"]},{"damage_healed":0.0,"max_hp_gain":0.0,"max_hp_loss":0.0,"gold_gain":0.0,"event_name":"The Woman in Blue","player_choice":"Bought 0 Potions","floor":7.0,"gold_loss":0.0,"damage_taken":0.0}],"is_beta":false,"boss_relics":[{"not_picked":["Replay:Bronze Core","Replay:Drink Me"],"picked":"ReplayTheSpireMod:SealedPack"}],"items_purged_floors":[13,28],"is_endless":false,"potions_floor_spawned":[2,11,24,27,30,31],"killed_by":"Automaton","ascension_level":1}}