{"host":"8i58hvcssdezoe94","time":1611041273,"event":{"mods":["Act Like it!","BaseMod","Colored Map","Conspire","Downfall","Gensokyo","KinomotoSakuraMod(木之本樱)","Marisa（F雨　魔理沙）","Minty Spire (QoL Compilation)","Quick Restart","Remilia（蕾米莉亚）","StSLib","The Animator","The Bug Knight","The Construct","The Cursed","The Hierophant","The Jungle","The Servant 0.9.4"],"gold_per_floor":[111,128,51,61,80,109,109,326,326,326,337,337,337],"floor_reached":12,"language":"ZHS","playtime":438,"items_purged":[],"score":82,"play_id":"e48602bf-c7d1-4fbf-a627-2f820f06de3c","local_time":"20210119152753","is_ascension_mode":false,"campfire_choices":[{"floor":7,"key":"RECALL"},{"data":"Fusion","floor":10,"key":"SMITH"}],"circlet_count":0,"master_deck":["Strike_B","Strike_B","Strike_B","Strike_B","Defend_B","Defend_B","Defend_B","Defend_B","Zap","Dualcast","Ball Lightning","Gash","Turbo","Auto Shields","Capacitor","Fusion+1","Cold Snap"],"relics":["Cracked Core","NeowsBlessing","White Beast Statue","Darkstone Periapt"],"acts_visited":["Gensokyo:Gensokyo"],"potions_floor_usage":[8],"damage_taken":[{"damage":0,"enemies":"Gensokyo:3_Fairies","floor":1,"turns":1},{"damage":0,"enemies":"Gensokyo:Python","floor":2,"turns":1},{"damage":0,"enemies":"Gensokyo:2_Kodama","floor":4,"turns":1},{"damage":0,"enemies":"Gensokyo:LivingMonolith","floor":5,"turns":3},{"damage":18,"enemies":"Gensokyo:Mamizou","floor":6,"turns":6},{"damage":16,"enemies":"Gensokyo:3_Kodama","floor":8,"turns":5},{"damage":14,"enemies":"Gensokyo:CorruptedTreant","floor":11,"turns":3},{"damage":35,"enemies":"Gensokyo:Aya","floor":12,"turns":5}],"seed_played":"1926157917757072508","potions_obtained":[{"floor":1,"key":"Slimebound:ThreeZeroPotion"},{"floor":2,"key":"BlessingOfTheForge"},{"floor":6,"key":"Block Potion"},{"floor":8,"key":"FearPotion"}],"is_trial":false,"path_per_floor":["M","M","COS","M","M","E","R","M","T","R","M","E"],"character_chosen":"DEFECT","items_purchased":[],"campfire_rested":0,"item_purchase_floors":[],"current_hp_per_floor":[75,75,75,75,75,57,57,41,41,41,27,0,0],"gold":337,"neow_bonus":"THREE_ENEMY_KILL","is_daily":false,"chose_seed":false,"campfire_upgraded":1,"win_rate":0.0,"timestamp":1611041273,"path_taken":["M","M","COS","M","?","E","R","M","T","R","M","E"],"items_purchased_type":[],"build_version":"2020-12-22","purchased_purges":0,"victory":false,"max_hp_per_floor":[75,75,75,75,75,75,75,75,75,75,75,75,75],"card_choices":[{"not_picked":["Blizzard","Darkness"],"picked":"Ball Lightning","floor":1},{"not_picked":["Ball Lightning","Darkness"],"picked":"Gash","floor":2},{"not_picked":["Coolheaded","Rip and Tear"],"picked":"Turbo","floor":4},{"not_picked":["Compile Driver","Skim"],"picked":"Auto Shields","floor":5},{"not_picked":["Leap","Lockon"],"picked":"Capacitor","floor":6},{"not_picked":["Streamline","White Noise"],"picked":"Fusion","floor":8},{"not_picked":["Redo","Doom and Gloom"],"picked":"Cold Snap","floor":11}],"player_experience":50670,"relics_obtained":[{"floor":6,"key":"Darkstone Periapt"}],"event_choices":[],"is_beta":false,"boss_relics":[],"items_purged_floors":[],"is_endless":false,"potions_floor_spawned":[1,2,6,8,11],"killed_by":"Gensokyo:Aya","ascension_level":0}}