{"host":"ockkdcgl3b18tfz9","time":1611072693,"event":{"mods":["2.2 Compatiblity","BaseMod","Better Skull","Better Third Choice","BetterRewards","Hermit","Minty Spire (QoL Compilation)","Quick Restart","Replay The Spire","Spicy Shops","StSLib","SuperFastMode","The Jungle"],"gold_per_floor":[115,134,99,99,99,99,99,124,124,124,158,158,158,158,182,182,281,281,306,104,104,122,122,142,186,461,486,509,509,539,575,632,121,121,145,145],"floor_reached":35,"language":"ENG","playtime":625,"items_purged":[],"score":839,"play_id":"57619073-36b0-4fc6-a7f8-be61f362311c","local_time":"20210119231133","is_ascension_mode":true,"campfire_choices":[{"floor":6.0,"key":"REST"},{"data":"Finisher","floor":12.0,"key":"SMITH"},{"data":"PiercingWail","floor":14.0,"key":"SMITH"},{"data":"Sneak Up","floor":16.0,"key":"SMITH"},{"floor":29,"key":"REST"},{"data":"After Image","floor":34,"key":"SMITH"}],"circlet_count":0,"master_deck":["AscendersBane","Strike_G","Strike_G","Strike_G","Defend_G","Defend_G","Defend_G","Defend_G","Defend_G+1","Survivor","Neutralize","Prepared","Footwork","Blade Dance+1","Parasite","Dagger Throw+1","Dodge and Roll","Acrobatics","PiercingWail+1","Dagger Spray","Injury","Hallucinations","Backflip","Finisher+1","Sneak Up+1","Wraith Form v2","ReplayTheSpireMod:Speed Training","Cloak And Dagger","Decay","Escape Plan","Adrenaline","Regret","Blur","Hidden Blade","Wraith Form v2","After Image+1","Accuracy"],"relics":["Ring of the Snake","ClockworkSouvenir","Regal Pillow","Gremlin Food","Du-Vu Doll","Medical Kit","Golden Idol","Ring of Fury","Lantern","Replay:Bottled Eggs","Byrd Skull","WristBlade","Bag of Marbles","Kunai","Replay:Bandana","Toy Ornithopter","PreservedInsect","Dead Branch"],"acts_visited":["Exordium","TheCity"],"potions_floor_usage":[27],"damage_taken":[{"damage":1.0,"enemies":"Small Slimes","floor":1.0,"turns":3.0},{"damage":0.0,"enemies":"2 Louse","floor":2.0,"turns":3.0},{"damage":0.0,"enemies":"Cultist","floor":8.0,"turns":2.0},{"damage":13.0,"enemies":"3 Sentries","floor":11.0,"turns":4.0},{"damage":0.0,"enemies":"2 Fungi Beasts","floor":15.0,"turns":2.0},{"damage":9.0,"enemies":"Hexaghost","floor":17.0,"turns":7.0},{"damage":0.0,"enemies":"Spheric Guardian","floor":19.0,"turns":2.0},{"damage":2.0,"enemies":"2 Thieves","floor":22.0,"turns":2.0},{"damage":3.0,"enemies":"Sentry and Sphere","floor":24.0,"turns":3.0},{"damage":27.0,"enemies":"Book of Stabbing","floor":25.0,"turns":4.0},{"damage":0,"enemies":"Shelled Parasite and Fungi","floor":27,"turns":1},{"damage":23,"enemies":"Centurion and Healer","floor":30,"turns":5},{"damage":0,"enemies":"3 Cultists","floor":31,"turns":2},{"damage":0,"enemies":"Gremlin Leader","floor":32,"turns":5},{"damage":43,"enemies":"Automaton","floor":35,"turns":6}],"seed_played":"1196082015969620397","potions_obtained":[{"floor":1.0,"key":"Fire Potion"},{"floor":11.0,"key":"Reflective Coating"},{"floor":19.0,"key":"SteroidPotion"},{"floor":27,"key":"BlessingOfTheForge"},{"floor":32,"key":"Strength Potion"}],"is_trial":false,"path_per_floor":["M","M","?","?","?","R","?","M","T","T","E","R","?","R","M","R","B",null,"M","$","?","M","?","M","E","?","M","T","R","M","M","E","$","R","B"],"character_chosen":"THE_SILENT","items_purchased":["Prepared","Footwork","Blade Dance","ClockworkSouvenir","Regal Pillow","Gremlin Food","Dagger Throw","Du-Vu Doll","Medical Kit","Dodge and Roll","Acrobatics","Bag of Marbles","Cloak And Dagger","PreservedInsect","Accuracy","Dead Branch"],"campfire_rested":2,"item_purchase_floors":[0,0,0,0,0,0,0,0,0,0,0,20,20,33,33,33],"current_hp_per_floor":[19,19,35,35,35,66,66,66,66,66,53,53,53,53,53,53,44,61,61,61,61,59,59,56,29,29,29,29,63,40,40,40,40,40,0,0],"gold":145,"neow_bonus":"","is_daily":false,"chose_seed":false,"campfire_upgraded":4,"win_rate":0.0,"timestamp":1611072693,"path_taken":["M","M","?","?","?","R","?","M","T","T","E","R","?","R","M","R","BOSS","M","$","?","?","?","?","E","?","?","T","R","M","M","E","?","R","BOSS"],"items_purchased_type":["Card","Card","Card","Relic","Relic","Relic","Card","Relic","Relic","Card","Card","Relic","Card","Relic","Card","Relic"],"build_version":"2020-12-22","purchased_purges":0,"victory":false,"max_hp_per_floor":[66,66,66,66,66,66,66,66,66,66,66,66,66,66,66,66,66,66,66,66,66,66,66,66,66,66,66,66,66,66,66,66,66,66,66,66],"card_choices":[{"not_picked":["Acrobatics","Poisoned Stab"],"picked":"PiercingWail","floor":1.0},{"not_picked":["Riddle With Holes","ReplayTheSpireMod:Tripwire"],"picked":"Dagger Spray","floor":2.0},{"not_picked":["Escape Plan","Predator"],"picked":"Backflip","floor":8.0},{"not_picked":["Backstab","Catalyst"],"picked":"Finisher","floor":11.0},{"not_picked":["Flying Knee","Fluid Movement"],"picked":"Sneak Up","floor":15.0},{"not_picked":["A Thousand Cuts","Venomology"],"picked":"Wraith Form v2","floor":17.0},{"not_picked":["Underhanded Strike","Quick Slash+1"],"picked":"ReplayTheSpireMod:Speed Training","floor":19.0},{"not_picked":["Flechettes","Noxious Fumes","Flying Knee"],"picked":"SKIP","floor":22.0},{"not_picked":["Draining Mist","Reflex"],"picked":"Escape Plan","floor":24.0},{"not_picked":["Prepared","Concentrate"],"picked":"Adrenaline","floor":25.0},{"not_picked":["Sucker Punch+1","Dagger Throw"],"picked":"Blur","floor":27},{"not_picked":["Deadly Poison","Infinite Blades"],"picked":"Hidden Blade","floor":30},{"not_picked":["Backflip","ReplayTheSpireMod:Exploit Weakness"],"picked":"Wraith Form v2","floor":31},{"not_picked":["Bane","Quick Slash"],"picked":"After Image","floor":32}],"player_experience":293531,"relics_obtained":[{"floor":7.0,"key":"Ring of Fury"},{"floor":9.0,"key":"Lantern"},{"floor":10.0,"key":"Replay:Bottled Eggs"},{"floor":11.0,"key":"Byrd Skull"},{"floor":25.0,"key":"Kunai"},{"floor":28,"key":"Replay:Bandana"},{"floor":32,"key":"Toy Ornithopter"}],"event_choices":[{"damage_healed":16.0,"max_hp_gain":0.0,"max_hp_loss":0.0,"gold_gain":0.0,"event_name":"The Cleric","player_choice":"Healed","floor":3.0,"gold_loss":35.0,"damage_taken":0.0},{"damage_healed":0.0,"max_hp_gain":0.0,"max_hp_loss":0.0,"gold_gain":0.0,"event_name":"Golden Wing","player_choice":"Ignored","floor":4.0,"gold_loss":0.0,"damage_taken":0.0},{"damage_healed":0.0,"max_hp_gain":0.0,"max_hp_loss":0.0,"gold_gain":0.0,"event_name":"Golden Idol","player_choice":"Take Wound","floor":5.0,"gold_loss":0.0,"damage_taken":0.0,"relics_obtained":["Golden Idol"],"cards_obtained":["Injury"]},{"cards_removed":["Strike_G"],"damage_healed":0.0,"max_hp_gain":0.0,"max_hp_loss":0.0,"gold_gain":0.0,"event_name":"Living Wall","player_choice":"Forget","floor":13.0,"gold_loss":0.0,"damage_taken":0.0},{"damage_healed":0.0,"max_hp_gain":0.0,"max_hp_loss":0.0,"gold_gain":0.0,"event_name":"Wheel of Change","player_choice":"Cursed","floor":21.0,"gold_loss":0.0,"damage_taken":0.0,"cards_obtained":["Decay"]},{"cards_removed":["Strike_G"],"damage_healed":0.0,"max_hp_gain":0.0,"max_hp_loss":0.0,"gold_gain":0.0,"event_name":"Purifier","player_choice":"Purged","floor":23.0,"gold_loss":0.0,"damage_taken":0.0},{"damage_healed":0.0,"max_hp_gain":0.0,"max_hp_loss":0.0,"gold_gain":275.0,"event_name":"Golden Shrine","player_choice":"Desecrate","floor":26.0,"gold_loss":0.0,"damage_taken":0.0,"cards_obtained":["Regret"]}],"is_beta":false,"boss_relics":[{"not_picked":["Snecko Eye","Replay:Grab Bag"],"picked":"WristBlade"}],"items_purged_floors":[],"is_endless":false,"potions_floor_spawned":[1,11,15,19,22,27,32],"killed_by":"Automaton","ascension_level":14}}