{"host":"kdt6w7ix8lwe69i9","time":1611035124,"event":{"mods":["100% Spire Juice","Bartender","BaseMod","ChefMod","Downfall","Evolution","Fiend Mod","Jorbs\u0027s Wanderer Trilogy","Minty Spire (QoL Compilation)","Reimu（博丽灵梦）","Robot Space Explorer","Shade Mod","StSLib","The Caster","The Cursed","The Disciple","The Dragon Tamer","The Druid","The Fake Hero","The Forsaken","The Gatherer","The Marked","TheBandit","TheSwordswoman"],"gold_per_floor":[112,112,112,112,112,139,158,158,158,174,208,222,269,18,18,117,117,126,12,12,12,24,52,65,0,69,69,96,56,65,27,27,24,24],"floor_reached":33,"language":"ENG","playtime":5624,"items_purged":[],"score":316,"play_id":"6dad81cd-e71b-469b-9e40-b3ae363dc007","local_time":"20210119004524","is_ascension_mode":false,"campfire_choices":[{"floor":8,"key":"REST"},{"data":"blazmod:GlasswingWaltz","floor":15,"key":"SMITH"},{"floor":27,"key":"REST"},{"floor":32,"key":"REST"}],"circlet_count":0,"master_deck":["blazmod:KatanaStrike","blazmod:KatanaStrike+1","blazmod:Strike","blazmod:Strike+1","blazmod:Defend","blazmod:Defend","blazmod:Defend","blazmod:ButterflyEffect+1","blazmod:Kyokasuigetsu+1","blazmod:OpenSpirit","blazmod:BlindingFlash","blazmod:TrueOfHeart","blazmod:QuickBlade","blazmod:FortifiedVigor","blazmod:GlasswingWaltz+1","blazmod:FlyFlyAgain+1","blazmod:Valiance","blazmod:BoulderFlash","blazmod:FlashRock","blazmod:AlmightyPassage","blazmod:BeTheBlade","blazmod:LoveAndHonor","blazmod:LoveAndHonor","blazmod:MoonlightBlossoms","blazmod:StanceChange","blazmod:FleetingDawn","blazmod:BoulderFlash+1","blazmod:PhoenixPlume+1","blazmod:FleetingDawn"],"relics":["blazmod:Venustas","EVO:Axolotl","YidongShenshe:ReiMu","Anchor","theForsaken:ScaryMask","Sundial","Membership Card","Philosopher\u0027s Stone","Vajra","Gremlin Horn","Molten Egg 2","Blue Candle"],"acts_visited":["Exordium","TheCity"],"potions_floor_usage":[6,11,11,11,16,24,28,28],"damage_taken":[{"damage":0,"enemies":"2 Louse","floor":1,"turns":2},{"damage":4,"enemies":"Gremlin Nob","floor":6,"turns":3},{"damage":7,"enemies":"Jaw Worm","floor":7,"turns":4},{"damage":0,"enemies":"Small Slimes","floor":10,"turns":2},{"damage":13,"enemies":"3 Sentries","floor":11,"turns":6},{"damage":0,"enemies":"Exordium Wildlife","floor":12,"turns":2},{"damage":39,"enemies":"Slime Boss","floor":16,"turns":11},{"damage":4,"enemies":"3 Byrds","floor":18,"turns":4},{"damage":0,"enemies":"Chosen","floor":22,"turns":6},{"damage":32,"enemies":"Book of Stabbing","floor":23,"turns":5},{"damage":1,"enemies":"Snake Plant","floor":24,"turns":5},{"damage":0,"enemies":"Gremlin Leader","floor":28,"turns":6},{"damage":9,"enemies":"Shelled Parasite and Fungi","floor":30,"turns":5},{"damage":33,"enemies":"Collector","floor":33,"turns":5}],"seed_played":"589582889031605773","potions_obtained":[{"floor":0,"key":"Explosive Potion"},{"floor":0,"key":"Block Potion"},{"floor":0,"key":"SpeedPotion"},{"floor":7,"key":"Regen Potion"},{"floor":10,"key":"Regen Potion"},{"floor":11,"key":"SpeedPotion"},{"floor":18,"key":"Guardian:BlockOnCardUsePotion"},{"floor":23,"key":"SteroidPotion"},{"floor":24,"key":"SneckoOil"}],"is_trial":false,"path_per_floor":["M","?","?","?","?","E","M","R","T","M","E","M","T","$","R","B",null,"M","$","?","?","M","E","M","?","T","R","E","?","M","$","R","B"],"character_chosen":"THE_SWORDSWOMAN","items_purchased":["Membership Card","blazmod:FlyFlyAgain","blazmod:Valiance","blazmod:BoulderFlash","blazmod:FlashRock","Vajra","blazmod:LoveAndHonor","blazmod:FleetingDawn"],"campfire_rested":3,"item_purchase_floors":[14,14,14,14,14,19,19,31],"current_hp_per_floor":[40,40,32,32,32,28,21,33,33,33,40,40,40,40,40,1,40,36,36,36,36,36,4,3,3,3,15,15,15,6,6,18,0,0],"gold":24,"neow_bonus":"THREE_SMALL_POTIONS","is_daily":false,"chose_seed":false,"campfire_upgraded":1,"win_rate":0.0,"timestamp":1611035124,"path_taken":["M","?","?","?","?","E","?","R","T","M","E","M","?","?","R","BOSS","M","?","?","?","?","E","?","?","T","R","E","?","M","$","R","BOSS"],"items_purchased_type":["Relic","Card","Card","Card","Card","Relic","Card","Card"],"build_version":"2020-12-22","purchased_purges":0,"victory":false,"max_hp_per_floor":[40,40,40,40,40,40,40,40,40,40,40,40,40,40,40,40,40,40,40,40,40,40,40,40,40,40,40,40,40,40,40,40,40,40],"card_choices":[{"not_picked":["blazmod:SureOfHand","blazmod:FlashRock"],"picked":"blazmod:OpenSpirit","floor":1},{"not_picked":["blazmod:VisionsOfButterflies","blazmod:PhysicalEndurance"],"picked":"blazmod:BlindingFlash","floor":6},{"not_picked":["blazmod:Trasient","blazmod:UnderPurifyingWaters"],"picked":"blazmod:TrueOfHeart","floor":7},{"not_picked":["blazmod:KatanaStrike","blazmod:MentalFocus"],"picked":"blazmod:QuickBlade","floor":10},{"not_picked":["blazmod:SidewaySolace","blazmod:StanceChange"],"picked":"blazmod:FortifiedVigor","floor":11},{"not_picked":["blazmod:ButterFlutter","blazmod:MentalFocus"],"picked":"blazmod:GlasswingWaltz","floor":12},{"not_picked":["blazmod:MirrorImage","blazmod:Setsuna"],"picked":"blazmod:AlmightyPassage","floor":16},{"not_picked":["blazmod:FlashRock","blazmod:Unrestrained"],"picked":"blazmod:BeTheBlade","floor":18},{"not_picked":["blazmod:DrippingWaterHollowsStone+1","blazmod:FlyFlyAgain"],"picked":"blazmod:MoonlightBlossoms","floor":22},{"not_picked":["blazmod:FlashRock","blazmod:ButterFlutter"],"picked":"blazmod:StanceChange","floor":23},{"not_picked":["blazmod:Trasient+1","blazmod:MyEverything"],"picked":"blazmod:FleetingDawn","floor":24},{"not_picked":["blazmod:ButterFlutter+1","blazmod:SidewaySolace"],"picked":"blazmod:BoulderFlash+1","floor":28},{"not_picked":["blazmod:BlindingFlash+1","blazmod:Valiance"],"picked":"blazmod:PhoenixPlume+1","floor":30}],"player_experience":1863311,"relics_obtained":[{"floor":6,"key":"Anchor"},{"floor":9,"key":"theForsaken:ScaryMask"},{"floor":11,"key":"Sundial"},{"floor":23,"key":"Gremlin Horn"},{"floor":26,"key":"Molten Egg 2"},{"floor":28,"key":"Blue Candle"}],"event_choices":[{"damage_healed":0,"gold_gain":0,"player_choice":"Take Tiny Shrine away","damage_taken":0,"relics_obtained":["YidongShenshe:ReiMu"],"max_hp_gain":0,"max_hp_loss":0,"event_name":"yidonshenshe","floor":2,"gold_loss":0,"cards_obtained":["Poor:ReiMu"]},{"damage_healed":0,"gold_gain":0,"player_choice":"Entered Light","damage_taken":8,"max_hp_gain":0,"max_hp_loss":0,"event_name":"Shining Light","floor":3,"gold_loss":0,"cards_upgraded":["blazmod:KatanaStrike","blazmod:Kyokasuigetsu"]},{"damage_healed":0,"gold_gain":0,"player_choice":"Grow","damage_taken":0,"max_hp_gain":0,"max_hp_loss":0,"event_name":"Living Wall","floor":4,"gold_loss":0,"cards_upgraded":["blazmod:ButterflyEffect"]},{"cards_removed":["Poor:ReiMu"],"damage_healed":0,"gold_gain":0,"player_choice":"Card Removal","damage_taken":0,"max_hp_gain":0,"max_hp_loss":0,"event_name":"Wheel of Change","floor":5,"gold_loss":0},{"damage_healed":0,"gold_gain":0,"player_choice":"Read","damage_taken":0,"max_hp_gain":0,"max_hp_loss":0,"event_name":"The Library","floor":20,"gold_loss":0,"cards_obtained":["blazmod:LoveAndHonor"]},{"cards_removed":["blazmod:Defend"],"damage_healed":0,"gold_gain":0,"player_choice":"Offered Basic","damage_taken":0,"max_hp_gain":0,"max_hp_loss":0,"event_name":"Bonfire Elementals","floor":21,"gold_loss":0},{"damage_healed":0,"gold_gain":0,"player_choice":"Paid Fearfully","damage_taken":0,"max_hp_gain":0,"max_hp_loss":0,"event_name":"Masked Bandits","floor":25,"gold_loss":65},{"damage_healed":0,"gold_gain":0,"player_choice":"Upgraded Two","damage_taken":0,"max_hp_gain":0,"max_hp_loss":0,"event_name":"Designer","floor":29,"gold_loss":40,"cards_upgraded":["blazmod:FlyFlyAgain","blazmod:Strike"]}],"is_beta":false,"boss_relics":[{"not_picked":["Ectoplasm","Busted Crown"],"picked":"Philosopher\u0027s Stone"}],"items_purged_floors":[],"is_endless":false,"potions_floor_spawned":[7,10,11,18,23,24],"killed_by":"Collector","ascension_level":0}}