{"host":"fbrnmnl7irs6wn10","time":1611026725,"event":{"mods":["BaseMod","Custom Start","Friendly Minions","Hero for Fun","Minty Spire (QoL Compilation)","Quick Restart","Relic Stats","Shade Mod","StSLib","The Hierophant","The Necromancer"],"gold_per_floor":[112,125,200,475,491,502,502,206,206,206,206,206,236,248,248,353,353,364,381,381,398,323,323,323],"floor_reached":23,"language":"FRA","playtime":989,"items_purged":[],"score":216,"play_id":"398538f8-867f-4d6c-a52b-388bac0f8dfa","local_time":"20210119042525","is_ascension_mode":false,"campfire_choices":[{"data":"Shade:LichForm","floor":10,"key":"SMITH"},{"data":"Shade:OpenGraves","floor":12,"key":"SMITH"},{"floor":15,"key":"REST"}],"circlet_count":0,"master_deck":["Shade:Strike_Shade","Shade:Strike_Shade","Shade:Defend_Shade","Shade:Defend_Shade","Shade:AnimateDead","Shade:CarefulCut","Shade:OpenGraves+1","Shade:LichForm+1","Shade:CallOfTheGrave","Shade:SensePrey","Shade:Consume+1","Shade:ExtraLimbs+1","Shade:SpectralStrikes+1","Shade:SkeletonArmy","Shade:Bonestorm+1"],"relics":["Shade:YorickSkull","NeowsBlessing","Regal Pillow","Juzu Bracelet","Gambling Chip","Unceasing Top","Astrolabe","Happy Flower"],"acts_visited":["Exordium","TheCity"],"potions_floor_usage":[6,14,18,19,21],"damage_taken":[{"damage":0,"enemies":"Jaw Worm","floor":1,"turns":1},{"damage":0,"enemies":"Cultist","floor":2,"turns":1},{"damage":0,"enemies":"Small Slimes","floor":5,"turns":1},{"damage":0,"enemies":"3 Louse","floor":6,"turns":3},{"damage":0,"enemies":"Lagavulin","floor":13,"turns":5},{"damage":36,"enemies":"Gremlin Gang","floor":14,"turns":5},{"damage":27,"enemies":"Slime Boss","floor":16,"turns":6},{"damage":2,"enemies":"Shell Parasite","floor":18,"turns":8},{"damage":0,"enemies":"3 Byrds","floor":19,"turns":3},{"damage":22,"enemies":"Snake Plant","floor":21,"turns":4},{"damage":43,"enemies":"Slavers","floor":23,"turns":3}],"seed_played":"-7699681332913433058","potions_obtained":[{"floor":2,"key":"Fire Potion"},{"floor":13,"key":"DistilledChaos"},{"floor":16,"key":"SkillPotion"},{"floor":18,"key":"AttackPotion"},{"floor":19,"key":"LiquidBronze"}],"is_trial":false,"path_per_floor":["M","M","?","?","M","M","?","$","T","R","?","R","E","M","R","B",null,"M","M","?","M","?","E"],"character_chosen":"SHADE","items_purchased":["Regal Pillow","Juzu Bracelet"],"campfire_rested":1,"item_purchase_floors":[8,8],"current_hp_per_floor":[65,65,54,54,54,54,47,47,47,47,47,47,47,11,45,18,65,63,63,63,41,41,0,0],"gold":323,"neow_bonus":"THREE_ENEMY_KILL","is_daily":false,"chose_seed":false,"campfire_upgraded":2,"win_rate":0.0,"timestamp":1611026725,"path_taken":["M","M","?","?","M","?","?","$","T","R","?","R","E","M","R","BOSS","M","M","?","M","?","E"],"items_purchased_type":["Relic","Relic"],"build_version":"2020-12-22","purchased_purges":0,"victory":false,"max_hp_per_floor":[65,65,65,65,65,65,65,65,65,65,65,65,65,65,65,65,65,65,65,65,65,65,65,65],"relic_stats":{"Regal Pillow":15,"Happy Flower":[2],"counters":[11,40],"Gambling Chip":[22],"Astrolabe":["Shade:Consume","Shade:ExtraLimbs","Shade:SpectralStrikes"],"Juzu Bracelet":1,"obtain_stats":[{"Regal Pillow":8,"NeowsBlessing":0,"Happy Flower":20,"Shade:YorickSkull":0,"Gambling Chip":9,"Astrolabe":17,"Juzu Bracelet":8,"Unceasing Top":13},{"Regal Pillow":4,"NeowsBlessing":0,"Happy Flower":9,"Shade:YorickSkull":0,"Gambling Chip":4,"Astrolabe":7,"Juzu Bracelet":4,"Unceasing Top":5},{"Regal Pillow":6,"NeowsBlessing":0,"Happy Flower":33,"Shade:YorickSkull":0,"Gambling Chip":6,"Astrolabe":22,"Juzu Bracelet":6,"Unceasing Top":11}],"Unceasing Top":[1]},"card_choices":[{"not_picked":["Shade:FleshToFlesh","Shade:Frenzy"],"picked":"Shade:OpenGraves","floor":1},{"not_picked":["Shade:Haruspicy","Shade:FreshBones","Shade:DangerousRitual"],"picked":"SKIP","floor":2},{"not_picked":["Shade:FuneraryArmor","Shade:WallOfFlesh","Shade:SoulToxin"],"picked":"SKIP","floor":5},{"not_picked":["Shade:WallOfFlesh","Shade:Trample"],"picked":"Shade:LichForm","floor":6},{"not_picked":["Shade:SoulPierce","Shade:Doomsay"],"picked":"Shade:CallOfTheGrave","floor":13},{"not_picked":["Shade:FleshToFlesh","Shade:FleshOffering"],"picked":"Shade:SensePrey","floor":14},{"not_picked":["Shade:FleshOffering","Shade:FreshBones"],"picked":"Shade:SkeletonArmy","floor":18},{"not_picked":["Shade:LyeBath","Shade:Frenzy"],"picked":"Shade:Bonestorm+1","floor":19},{"not_picked":["Shade:PoundOfFlesh","Shade:CommandSoldier","Shade:SkeletonHug"],"picked":"SKIP","floor":21}],"player_experience":542044,"relics_obtained":[{"floor":9,"key":"Gambling Chip"},{"floor":13,"key":"Unceasing Top"}],"event_choices":[{"damage_healed":0,"gold_gain":75,"player_choice":"Gather Gold","damage_taken":11,"max_hp_gain":0,"max_hp_loss":0,"event_name":"World of Goop","floor":3,"gold_loss":0},{"damage_healed":0,"gold_gain":275,"player_choice":"Desecrate","damage_taken":0,"max_hp_gain":0,"max_hp_loss":0,"event_name":"Golden Shrine","floor":4,"gold_loss":0,"cards_obtained":["Regret"]},{"cards_removed":["Regret"],"damage_healed":0,"gold_gain":0,"player_choice":"Card Removal","damage_taken":7,"max_hp_gain":0,"max_hp_loss":0,"event_name":"Golden Wing","floor":7,"gold_loss":0},{"cards_removed":["Shade:Strike_Shade"],"damage_healed":0,"gold_gain":0,"player_choice":"Offered Basic","damage_taken":0,"max_hp_gain":0,"max_hp_loss":0,"event_name":"Bonfire Elementals","floor":11,"gold_loss":0},{"damage_healed":0,"gold_gain":0,"player_choice":"Stole Relic","damage_taken":0,"relics_obtained":["Happy Flower"],"max_hp_gain":0,"max_hp_loss":0,"event_name":"Addict","floor":20,"gold_loss":0,"cards_obtained":["Shame"]},{"cards_removed":["Shame"],"damage_healed":0,"gold_gain":0,"player_choice":"Gave Gold","damage_taken":0,"max_hp_gain":0,"max_hp_loss":0,"event_name":"Beggar","floor":22,"gold_loss":75}],"is_beta":false,"boss_relics":[{"not_picked":["Ectoplasm","Sozu"],"picked":"Astrolabe"}],"items_purged_floors":[],"is_endless":false,"potions_floor_spawned":[2,13,16,18,19],"killed_by":"Slavers","ascension_level":0}}