{"host":"7xbu8gt067z192g2","time":1611026180,"event":{"mods":["BaseMod","Better Note","BetterRewards","Colored Map","Colored Powertips","Googly Eyes","Highlight Path","Infinite Spire","Minty Spire (QoL Compilation)","Rare Cards Sparkle","Replay The Spire","StSLib","The Bladedancer","The Construct","The Cursed","The Hierophant","The Valiant","The Wild Card"],"gold_per_floor":[118,118,132,142,4,39,59,59,83,113,113,138,171,186,186,186,186],"floor_reached":16,"language":"ENG","playtime":707,"items_purged":[],"score":132,"play_id":"51a833d4-0ea9-447a-8651-505874305a64","local_time":"20210118221620","is_ascension_mode":true,"campfire_choices":[{"data":"Accuracy","floor":8,"key":"SMITH"},{"data":"1","floor":11,"key":"LIFT"},{"floor":15,"key":"DIG"}],"circlet_count":0,"master_deck":["Strike_G","Strike_G","Strike_G+1","Strike_G","Strike_G","Defend_G","Defend_G","Defend_G","Defend_G","Defend_G","Survivor","Neutralize","Flying Knee+1","Regret","Accuracy+1","Cloak And Dagger","Infinite Blades","Infinite Blades","Catalyst","A Thousand Cuts","PiercingWail","Prepared","Bouncing Flask"],"relics":["Ring of the Snake","infinitespire:Satchel","Oddly Smooth Stone","Vajra","Girya","Whetstone","ReplayFunnel"],"acts_visited":["Exordium"],"potions_floor_usage":[14,14],"damage_taken":[{"damage":2,"enemies":"Jaw Worm","floor":1,"turns":6},{"damage":5,"enemies":"Cultist","floor":3,"turns":5},{"damage":4,"enemies":"Small Slimes","floor":4,"turns":4},{"damage":27,"enemies":"Replay:BlueRogue","floor":6,"turns":6},{"damage":3,"enemies":"2 Fungi Beasts","floor":7,"turns":4},{"damage":9,"enemies":"Lagavulin","floor":10,"turns":5},{"damage":19,"enemies":"Gremlin Nob","floor":13,"turns":4},{"damage":4,"enemies":"Gremlin Gang","floor":14,"turns":3},{"damage":4,"enemies":"Fading Forest","floor":16,"turns":1}],"seed_played":"-7947907037736395986","potions_obtained":[{"floor":4,"key":"Energy Potion"},{"floor":7,"key":"Fire Potion"},{"floor":10,"key":"EntropicBrew"}],"is_trial":false,"path_per_floor":["M","?","M","M","$","E","M","R","T","E","R","T","E","M","R_BF","B"],"character_chosen":"THE_SILENT","items_purchased":["Infinite Blades","Catalyst"],"campfire_rested":0,"item_purchase_floors":[5,5],"current_hp_per_floor":[75,75,70,66,66,39,36,36,36,27,27,27,8,4,4,0,0],"gold":186,"neow_bonus":"TEN_PERCENT_HP_BONUS","is_daily":false,"chose_seed":false,"campfire_upgraded":1,"win_rate":0.0,"timestamp":1611026180,"path_taken":["M","?","M","M","$","E","M","R","T","E","R","?","E","M","R_BF","BOSS"],"items_purchased_type":["Card","Card"],"build_version":"2020-12-22","purchased_purges":0,"victory":false,"max_hp_per_floor":[77,77,77,77,77,77,77,77,77,77,77,77,77,77,77,77,77],"card_choices":[{"not_picked":["Poisoned Stab","Blade Dance"],"picked":"Flying Knee","floor":1},{"not_picked":["Acrobatics","Deflect"],"picked":"Accuracy","floor":3},{"not_picked":["ReplayTheSpireMod:Scrap Shanks","Outmaneuver"],"picked":"Cloak And Dagger","floor":4},{"not_picked":["Replay:Poison Smokescreen","Toxin Wave"],"picked":"A Thousand Cuts","floor":6},{"not_picked":["Bane","Underhanded Strike"],"picked":"PiercingWail","floor":7},{"not_picked":["ReplayTheSpireMod:Scrap Shanks","Dash"],"picked":"Prepared","floor":10},{"not_picked":["Masterful Stab","Deflect","Footwork"],"picked":"SKIP","floor":13},{"not_picked":["Finisher","Heel Hook"],"picked":"Bouncing Flask","floor":14}],"player_experience":210520,"relics_obtained":[{"floor":6,"key":"Oddly Smooth Stone"},{"floor":9,"key":"Vajra"},{"floor":10,"key":"Girya"},{"floor":13,"key":"Whetstone"},{"floor":15,"key":"ReplayFunnel"}],"event_choices":[{"damage_healed":0,"gold_gain":0,"player_choice":"Box","damage_taken":0,"relics_obtained":["infinitespire:Satchel"],"max_hp_gain":0,"max_hp_loss":0,"event_name":"Big Fish","floor":2,"gold_loss":0,"cards_obtained":["Regret"]}],"is_beta":false,"boss_relics":[],"items_purged_floors":[],"is_endless":false,"potions_floor_spawned":[4,7,10],"killed_by":"Fading Forest","ascension_level":2}}