{"host":"tf5skwcwe0vlu2md","time":1611068511,"event":{"mods":["BaseMod","Downfall","Highlight Path","Minty Spire (QoL Compilation)","Quick Restart","StSLib","The Hierophant"],"gold_per_floor":[110,127,127,137,212,245,245,270,348,348,360,393,405,425,425,530,530,542,555,569,569,585,616,629,655,655,673,707,707,448,482,482,583,583,598,616,635,635,987,1020,1020,1046,1095,1107,1107,1119,1119,1145,1145,1145,1145,1145,313,341,341,341],"floor_reached":55,"playtime":2902,"items_purged":[],"score":992,"play_id":"e186431c-2263-42f9-83da-77fec7159d40","local_time":"20210120020151","is_ascension_mode":true,"campfire_choices":[{"data":"Infernal Blade","floor":10,"key":"SMITH"},{"data":"Heavy Blade","floor":15,"key":"SMITH"},{"data":"Demon Form","floor":29,"key":"SMITH"},{"floor":32,"key":"RECALL"},{"data":"Clash","floor":41,"key":"SMITH"},{"data":"Clash","floor":47,"key":"SMITH"},{"data":"Clash","floor":49,"key":"SMITH"},{"data":"Clash","floor":52,"key":"SMITH"}],"circlet_count":0,"master_deck":["Strike_R","Strike_R","Strike_R+1","Strike_R+1","Strike_R","Defend_R","Defend_R","Defend_R","Defend_R","Bash","Demon Form+1","Clash","Clash+1","Heavy Blade+1","Clash+1","Infernal Blade+1","Clash+1","Reaper","Clash+1","Reaper","Uppercut","Thunderclap","Seeing Red","Flex","Cleave","Feed","Clash+1","Double Tap"],"relics":["Black Blood","Bird Faced Urn","Happy Flower","Pantograph","Meat on the Bone","Coffee Dripper","StrikeDummy","Mummified Hand","Ornamental Fan","Pear","Mercury Hourglass","InkBottle","Old Coin","Kunai","Thread and Needle","Paper Frog","Toy Ornithopter","Ginger","Toolbox","Bronze Scales"],"acts_visited":["Exordium","TheCity","TheBeyond","TheEnding"],"potions_floor_usage":[8,13,14,28,31,42,44,48,54,54,55,55],"damage_taken":[{"damage":10,"enemies":"Cultist","floor":1,"turns":5},{"damage":4,"enemies":"Jaw Worm","floor":2,"turns":3},{"damage":6,"enemies":"2 Louse","floor":4,"turns":3},{"damage":25,"enemies":"3 Sentries","floor":6,"turns":6},{"damage":11,"enemies":"Gremlin Nob","floor":8,"turns":3},{"damage":3,"enemies":"Blue Slaver","floor":11,"turns":2},{"damage":22,"enemies":"3 Sentries","floor":12,"turns":5},{"damage":0,"enemies":"Large Slime","floor":13,"turns":2},{"damage":16,"enemies":"3 Louse","floor":14,"turns":3},{"damage":35,"enemies":"The Guardian","floor":16,"turns":5},{"damage":23,"enemies":"2 Thieves","floor":18,"turns":3},{"damage":9,"enemies":"3 Byrds","floor":19,"turns":4},{"damage":10,"enemies":"Shelled Parasite and Fungi","floor":20,"turns":3},{"damage":25,"enemies":"Centurion and Healer","floor":22,"turns":4},{"damage":46,"enemies":"Gremlin Leader","floor":23,"turns":6},{"damage":17,"enemies":"3 Cultists","floor":24,"turns":4},{"damage":46,"enemies":"Slavers","floor":25,"turns":4},{"damage":26,"enemies":"Snecko","floor":27,"turns":5},{"damage":56,"enemies":"Gremlin Leader","floor":28,"turns":4},{"damage":26,"enemies":"Slavers","floor":31,"turns":3},{"damage":24,"enemies":"Automaton","floor":33,"turns":6},{"damage":10,"enemies":"3 Shapes","floor":35,"turns":2},{"damage":23,"enemies":"3 Darklings","floor":36,"turns":3},{"damage":49,"enemies":"4 Shapes","floor":37,"turns":3},{"damage":7,"enemies":"2 Orb Walkers","floor":39,"turns":3},{"damage":53,"enemies":"Reptomancer","floor":40,"turns":5},{"damage":11,"enemies":"Nemesis","floor":42,"turns":5},{"damage":45,"enemies":"Spire Growth","floor":44,"turns":4},{"damage":7,"enemies":"Jaw Worm Horde","floor":46,"turns":3},{"damage":34,"enemies":"Reptomancer","floor":48,"turns":4},{"damage":66,"enemies":"Donu and Deca","floor":50,"turns":6},{"damage":26,"enemies":"Shield and Spear","floor":54,"turns":5},{"damage":120,"enemies":"The Heart","floor":55,"turns":5}],"seed_played":"5428686456491346253","potions_obtained":[{"floor":2,"key":"LiquidMemories"},{"floor":8,"key":"hexamod:EctoCoolerPotion"},{"floor":12,"key":"ColorlessPotion"},{"floor":13,"key":"sneckomod:MuddlingPotion"},{"floor":18,"key":"Energy Potion"},{"floor":19,"key":"BlessingOfTheForge"},{"floor":28,"key":"sneckomod:MuddlingPotion"},{"floor":31,"key":"Guardian:BlockOnCardUsePotion"},{"floor":35,"key":"Strength Potion"},{"floor":40,"key":"DuplicationPotion"},{"floor":48,"key":"Strength Potion"}],"is_trial":false,"path_per_floor":["M","M","?","M","?","E","?","E","T","R","M","E","M","M","R","B",null,"M","M","M","?","M","E","M","E","T","M","E","R","$","E","R","B",null,"M","M","M","?","?","E","R","E","T","M","?","M","R","E","R","B",null,"R","$","E","B"],"character_chosen":"IRONCLAD","items_purchased":["Mercury Hourglass","Toy Ornithopter","Ginger","Toolbox","EntropicBrew","Double Tap"],"campfire_rested":0,"item_purchase_floors":[30,53,53,53,53,53],"current_hp_per_floor":[76,78,78,78,67,48,32,27,27,27,30,16,36,48,48,58,80,70,77,80,80,72,52,69,49,49,47,40,40,40,41,41,72,90,93,93,62,62,76,76,76,81,81,65,65,73,73,74,74,70,105,105,105,98,0,0],"gold":341,"neow_bonus":"ONE_RANDOM_RARE_CARD","is_daily":false,"chose_seed":false,"campfire_upgraded":7,"win_rate":0.0,"timestamp":1611068511,"path_taken":["M","?","?","M","?","E","?","E","T","R","M","E","M","M","R","BOSS","M","M","M","?","M","E","M","E","T","M","E","R","$","E","R","BOSS","M","M","M","?","?","E","R","E","T","M","?","M","R","E","R","BOSS","R","$","E","BOSS"],"items_purchased_type":["Relic","Relic","Relic","Relic","Potion","Card"],"build_version":"2020-12-13","purchased_purges":0,"victory":false,"max_hp_per_floor":[80,80,80,80,80,80,80,80,80,80,80,80,80,80,80,80,80,80,80,80,80,80,80,80,80,80,80,90,90,90,90,90,90,90,93,93,96,96,99,99,99,99,99,99,99,102,102,105,105,105,105,105,105,105,105,105],"card_choices":[{"not_picked":["Warcry","Wild Strike"],"picked":"Clash","floor":1},{"not_picked":["Flex","Wild Strike"],"picked":"Clash","floor":2},{"not_picked":["Corruption","Spot Weakness"],"picked":"Heavy Blade","floor":4},{"not_picked":["Anger","Flex"],"picked":"Clash","floor":6},{"not_picked":["Brutality","Perfected Strike"],"picked":"Infernal Blade","floor":8},{"not_picked":["Warcry","Reckless Charge"],"picked":"Clash","floor":11},{"not_picked":["Warcry","Flame Barrier"],"picked":"Reaper","floor":12},{"not_picked":["Searing Blow","True Grit","Wild Strike"],"picked":"SKIP","floor":13},{"not_picked":["Anger","Headbutt"],"picked":"Clash","floor":14},{"not_picked":["Berserk","Feed"],"picked":"Reaper","floor":16},{"not_picked":["Twin Strike","Disarm+1"],"picked":"Uppercut","floor":18},{"not_picked":["Sword Boomerang","Havoc"],"picked":"Thunderclap","floor":19},{"not_picked":["Headbutt+1","Second Wind"],"picked":"Seeing Red","floor":20},{"not_picked":["Iron Wave","Seeing Red","Shrug It Off"],"picked":"SKIP","floor":22},{"not_picked":["Wild Strike","Power Through","Clothesline+1"],"picked":"SKIP","floor":23},{"not_picked":["Fire Breathing","Corruption","True Grit"],"picked":"SKIP","floor":24},{"not_picked":["Body Slam+1","Combust","Thunderclap"],"picked":"SKIP","floor":25},{"not_picked":["Hemokinesis","Havoc"],"picked":"Flex","floor":27},{"not_picked":["Iron Wave","Second Wind"],"picked":"Cleave","floor":28},{"not_picked":["Feel No Pain","Rupture","Cleave"],"picked":"SKIP","floor":31},{"not_picked":["Berserk","Fiend Fire"],"picked":"Feed","floor":33},{"not_picked":["Flame Barrier","Cleave+1"],"picked":"Flex","floor":35},{"not_picked":["Wild Strike","Anger+1"],"picked":"Clash+1","floor":36},{"not_picked":["Iron Wave+1","Flex","Thunderclap"],"picked":"SKIP","floor":37},{"not_picked":["Juggernaut","Wild Strike+1","Spot Weakness+1"],"picked":"SKIP","floor":40},{"not_picked":["Armaments","Clothesline","Battle Trance+1"],"picked":"SKIP","floor":42},{"not_picked":["Hemokinesis+1","Sword Boomerang+1","Intimidate+1"],"picked":"SKIP","floor":44},{"not_picked":["Rampage","Warcry+1","Cleave"],"picked":"SKIP","floor":46},{"not_picked":["Feed","Burning Pact+1","Second Wind+1"],"picked":"SKIP","floor":48},{"not_picked":["Body Slam+1","Reckless Charge","Barricade"],"picked":"SKIP","floor":54}],"player_experience":218050,"relics_obtained":[{"floor":6,"key":"Bird Faced Urn"},{"floor":8,"key":"Happy Flower"},{"floor":9,"key":"Pantograph"},{"floor":12,"key":"Meat on the Bone"},{"floor":23,"key":"StrikeDummy"},{"floor":25,"key":"Mummified Hand"},{"floor":26,"key":"Ornamental Fan"},{"floor":28,"key":"Pear"},{"floor":31,"key":"InkBottle"},{"floor":39,"key":"Old Coin"},{"floor":40,"key":"Kunai"},{"floor":42,"key":"Thread and Needle"},{"floor":48,"key":"Paper Frog"},{"floor":54,"key":"Bronze Scales"}],"event_choices":[{"damage_healed":0,"gold_gain":0,"player_choice":"Ignored","damage_taken":0,"max_hp_gain":0,"max_hp_loss":0,"event_name":"Liars Game","floor":3,"gold_loss":0},{"damage_healed":0,"gold_gain":75,"player_choice":"Gather Gold","damage_taken":11,"max_hp_gain":0,"max_hp_loss":0,"event_name":"World of Goop","floor":5,"gold_loss":0},{"damage_healed":0,"gold_gain":0,"player_choice":"Entered Light","damage_taken":16,"max_hp_gain":0,"max_hp_loss":0,"event_name":"Shining Light","floor":7,"gold_loss":0,"cards_upgraded":["Strike_R","Strike_R"]},{"damage_healed":0,"gold_gain":0,"player_choice":"Memory 1","damage_taken":0,"max_hp_gain":0,"max_hp_loss":0,"event_name":"SensoryStone","floor":38,"gold_loss":0},{"damage_healed":0,"gold_gain":0,"player_choice":"Fight","damage_taken":0,"max_hp_gain":0,"max_hp_loss":0,"event_name":"Mysterious Sphere","floor":39,"gold_loss":0},{"cards_removed":["Flex"],"damage_healed":0,"gold_gain":0,"player_choice":"Removed Skill","damage_taken":0,"max_hp_gain":0,"max_hp_loss":0,"event_name":"Falling","floor":45,"gold_loss":0}],"is_beta":false,"boss_relics":[{"not_picked":["Cursed Key","Pandora\u0027s Box"],"picked":"Coffee Dripper"},{"not_picked":["Runic Dome","Snecko Eye"],"picked":"Black Blood"}],"items_purged_floors":[],"is_endless":false,"potions_floor_spawned":[2,8,12,13,18,19,20,27,28,31,35,36,40,48],"killed_by":"The Heart","ascension_level":2}}