{"host":"5mo0809oo9tcrmpl","time":1611023261,"event":{"mods":["BaseMod","Highlight Path","Minty Spire (QoL Compilation)","Relic Stats","Slay the Relics Exporter"],"gold_per_floor":[110,130,149,224,244,244,273,273,299,313,332,332,344,40,40,40,40],"floor_reached":16,"language":"ENG","playtime":682,"items_purged":[],"score":208,"play_id":"66666067-22c6-4347-810a-089294b72fa7","local_time":"20210118202741","is_ascension_mode":true,"campfire_choices":[{"data":"Eruption","floor":6,"key":"SMITH"},{"data":"Wallop","floor":8,"key":"SMITH"},{"data":"CrushJoints","floor":12,"key":"SMITH"},{"floor":15,"key":"REST"}],"circlet_count":0,"master_deck":["AscendersBane","Strike_P","Strike_P","Strike_P","Strike_P","Defend_P","Defend_P","Defend_P","Defend_P","Eruption+1","Vigilance","EmptyBody","Wallop+1","JustLucky","ClearTheMind","CrushJoints+1","WaveOfTheHand","Study","TalkToTheHand","Devotion"],"relics":["PureWater","Blood Vial","Nunchaku","Membership Card"],"acts_visited":["Exordium"],"potions_floor_usage":[7,7,10,16,16],"damage_taken":[{"damage":0.0,"enemies":"Cultist","floor":1.0,"turns":3.0},{"damage":0.0,"enemies":"Jaw Worm","floor":2.0,"turns":6.0},{"damage":1.0,"enemies":"Small Slimes","floor":3.0,"turns":3.0},{"damage":3,"enemies":"Blue Slaver","floor":5,"turns":5},{"damage":21,"enemies":"Gremlin Nob","floor":7,"turns":5},{"damage":7,"enemies":"Exordium Wildlife","floor":10,"turns":4},{"damage":15,"enemies":"Exordium Thugs","floor":11,"turns":4},{"damage":3,"enemies":"3 Louse","floor":13,"turns":5},{"damage":38,"enemies":"Slime Boss","floor":16,"turns":8}],"seed_played":"9079468594590265003","potions_obtained":[{"floor":1.0,"key":"Weak Potion"},{"floor":3.0,"key":"Block Potion"},{"floor":7,"key":"Fire Potion"},{"floor":11,"key":"LiquidMemories"}],"is_trial":false,"path_per_floor":["M","M","M","?","M","R","E","R","T","M","M","R","M","$","R","B"],"character_chosen":"WATCHER","items_purchased":["Membership Card","TalkToTheHand","Devotion","AttackPotion"],"campfire_rested":1,"item_purchase_floors":[14,14,14,14],"current_hp_per_floor":[67,67,66,55,52,52,31,31,31,26,13,13,12,12,34,0,0],"gold":40,"neow_bonus":"TEN_PERCENT_HP_BONUS","is_daily":false,"chose_seed":false,"campfire_upgraded":3,"win_rate":0.0,"timestamp":1611023261,"path_taken":["M","?","M","?","M","R","E","R","T","M","M","R","M","$","R","BOSS"],"items_purchased_type":["Relic","Card","Card","Potion"],"build_version":"2020-12-22","purchased_purges":0,"victory":false,"max_hp_per_floor":[74,74,74,74,74,74,74,74,74,74,74,74,74,74,74,74,74],"relic_stats":{"Blood Vial":8,"Nunchaku":[4],"counters":[9,43],"obtain_stats":[{"Blood Vial":7,"Nunchaku":9,"Membership Card":14,"PureWater":0},{"Blood Vial":5,"Nunchaku":5,"Membership Card":8,"PureWater":0},{"Blood Vial":22,"Nunchaku":22,"Membership Card":35,"PureWater":0}]},"card_choices":[{"not_picked":["Nirvana","BowlingBash"],"picked":"EmptyBody","floor":1.0},{"not_picked":["ForeignInfluence","Collect"],"picked":"Wallop","floor":2.0},{"not_picked":["Collect","EmptyBody"],"picked":"JustLucky","floor":3.0},{"not_picked":["FlyingSleeves","PathToVictory"],"picked":"ClearTheMind","floor":5},{"not_picked":["Ragnarok","Fasting2","Vengeance"],"picked":"SKIP","floor":7},{"not_picked":["Halt","EmptyBody"],"picked":"CrushJoints","floor":10},{"not_picked":["ClearTheMind","PathToVictory"],"picked":"WaveOfTheHand","floor":11},{"not_picked":["EmptyBody","JustLucky"],"picked":"Study","floor":13}],"player_experience":1214938,"relics_obtained":[{"floor":7,"key":"Blood Vial"},{"floor":9,"key":"Nunchaku"}],"event_choices":[{"damage_healed":0.0,"max_hp_gain":0.0,"max_hp_loss":0.0,"gold_gain":75.0,"event_name":"World of Goop","player_choice":"Gather Gold","floor":4.0,"gold_loss":0.0,"damage_taken":11.0}],"is_beta":false,"boss_relics":[],"items_purged_floors":[],"is_endless":false,"potions_floor_spawned":[1,3,7,11],"killed_by":"Slime Boss","ascension_level":20}}