{"host":"yyl3r9ibd7qwlswm","time":1611050355,"event":{"mods":["BaseMod","Minty Spire (QoL Compilation)","Quick Restart","StSLib"],"gold_per_floor":[410,425,405,415,162,188,207,207,233,233,267,287,303,303,303,380,380,400,400,350,364,383,2,2,14,50,89,112,151,163,175,175],"floor_reached":31,"language":"ZHS","playtime":1195,"items_purged":[],"score":774,"play_id":"48b21e3f-5c73-454c-8883-160463dc3277","local_time":"20210119175915","daily_mods":["Vintage","Heirloom","Uncertain Future"],"is_ascension_mode":true,"campfire_choices":[{"data":"Cloak And Dagger","floor":8,"key":"SMITH"},{"data":"Neutralize","floor":10,"key":"SMITH"},{"floor":15,"key":"REST"},{"data":"Adrenaline","floor":24,"key":"SMITH"},{"data":"All Out Attack","floor":30,"key":"SMITH"}],"circlet_count":0,"master_deck":["AscendersBane","Strike_G","Strike_G","Strike_G","Strike_G","Strike_G","Defend_G","Defend_G+1","Defend_G","Defend_G+1","Defend_G","Survivor","Neutralize+1","Cloak And Dagger+1","Flying Knee","Backstab","All Out Attack+1","Adrenaline+1","Bane+1","Finisher+1"],"relics":["Ring of the Snake","Old Coin","Vajra","Boot","Paper Crane","Toy Ornithopter","Omamori","Happy Flower","Art of War","Regal Pillow","Molten Egg 2","Nunchaku","The Specimen","Coffee Dripper","InkBottle","Blood Vial","PreservedInsect","Darkstone Periapt","MawBank","Dream Catcher","Mummified Hand","Singing Bowl","Akabeko"],"acts_visited":["Exordium","TheCity"],"potions_floor_usage":[6,6,13,13,16,21,22,23,27],"damage_taken":[{"damage":10,"enemies":"2 Louse","floor":1,"turns":3},{"damage":4,"enemies":"Cultist","floor":2,"turns":4},{"damage":7,"enemies":"Small Slimes","floor":4,"turns":4},{"damage":7,"enemies":"Lagavulin","floor":6,"turns":5},{"damage":0,"enemies":"Exordium Wildlife","floor":7,"turns":3},{"damage":20,"enemies":"3 Sentries","floor":11,"turns":9},{"damage":9,"enemies":"Red Slaver","floor":12,"turns":2},{"damage":0,"enemies":"Gremlin Gang","floor":13,"turns":2},{"damage":44,"enemies":"Hexaghost","floor":16,"turns":14},{"damage":19,"enemies":"Spheric Guardian","floor":18,"turns":4},{"damage":15,"enemies":"Shell Parasite","floor":21,"turns":4},{"damage":6,"enemies":"Snake Plant","floor":22,"turns":4},{"damage":4,"enemies":"Snecko","floor":25,"turns":5},{"damage":14,"enemies":"Slavers","floor":27,"turns":3},{"damage":11,"enemies":"Cultist and Chosen","floor":28,"turns":7},{"damage":5,"enemies":"Gremlin Leader","floor":29,"turns":6},{"damage":0,"enemies":"Sentry and Sphere","floor":31,"turns":3}],"seed_played":"2039846422094759659","potions_obtained":[{"floor":3,"key":"FearPotion"},{"floor":4,"key":"Explosive Potion"},{"floor":11,"key":"ColorlessPotion"},{"floor":12,"key":"PowerPotion"},{"floor":13,"key":"ColorlessPotion"},{"floor":16,"key":"PowerPotion"},{"floor":21,"key":"ColorlessPotion"},{"floor":25,"key":"ColorlessPotion"},{"floor":29,"key":"DuplicationPotion"}],"is_trial":true,"path_per_floor":["M","M","?","M","$","E","M","R","T","R","E","M","M","?","R","B",null,"M","?","?","M","M","$","R","M","T","E","M","E","R","M"],"character_chosen":"THE_SILENT","items_purchased":["Cloak And Dagger","Toy Ornithopter","Flying Knee","Fruit Juice","Darkstone Periapt"],"campfire_rested":1,"item_purchase_floors":[5,5,5,23,23],"current_hp_per_floor":[49,45,45,38,38,41,41,41,41,41,21,12,22,11,45,6,51,32,32,32,22,23,33,33,31,31,24,15,12,12,14,14],"gold":175,"neow_bonus":"","is_daily":false,"chose_seed":false,"campfire_upgraded":4,"win_rate":0.0,"timestamp":1611050355,"path_taken":["M","M","?","?","$","E","M","R","T","R","E","M","M","?","R","BOSS","M","?","?","?","M","$","R","M","T","E","M","E","R","M"],"items_purchased_type":["Card","Relic","Card","Potion","Relic"],"build_version":"2020-12-22","purchased_purges":0,"victory":false,"max_hp_per_floor":[66,66,66,66,66,66,66,66,66,66,66,66,66,66,66,66,66,66,66,66,66,66,71,71,71,71,71,71,71,71,71,71],"card_choices":[{"not_picked":["Endless Agony","Deflect"],"picked":"Backstab","floor":6},{"not_picked":["Escape Plan","Underhanded Strike"],"picked":"All Out Attack","floor":11},{"not_picked":["Doppelganger","Corpse Explosion"],"picked":"Adrenaline","floor":16},{"not_picked":["Blade Dance","Acrobatics"],"picked":"Bane+1","floor":27},{"not_picked":["Blur","Underhanded Strike+1"],"picked":"Finisher+1","floor":29}],"player_experience":151354,"relics_obtained":[{"floor":1,"key":"Vajra"},{"floor":2,"key":"Boot"},{"floor":4,"key":"Paper Crane"},{"floor":6,"key":"Omamori"},{"floor":7,"key":"Happy Flower"},{"floor":9,"key":"Art of War"},{"floor":11,"key":"Regal Pillow"},{"floor":12,"key":"Molten Egg 2"},{"floor":13,"key":"Nunchaku"},{"floor":18,"key":"InkBottle"},{"floor":21,"key":"Blood Vial"},{"floor":22,"key":"PreservedInsect"},{"floor":25,"key":"MawBank"},{"floor":26,"key":"Dream Catcher"},{"floor":27,"key":"Mummified Hand"},{"floor":28,"key":"Singing Bowl"},{"floor":29,"key":"Akabeko"}],"event_choices":[{"damage_healed":0,"gold_gain":0,"player_choice":"Bought 1 Potion","damage_taken":0,"max_hp_gain":0,"max_hp_loss":0,"event_name":"The Woman in Blue","floor":3,"gold_loss":0},{"damage_healed":0,"gold_gain":0,"player_choice":"Success","damage_taken":11,"relics_obtained":["The Specimen"],"max_hp_gain":0,"max_hp_loss":0,"event_name":"Scrap Ooze","floor":14,"gold_loss":0},{"damage_healed":0,"gold_gain":0,"player_choice":"Ignored","damage_taken":0,"max_hp_gain":0,"max_hp_loss":0,"event_name":"Ghosts","floor":19,"gold_loss":0},{"damage_healed":0,"gold_gain":0,"player_choice":"Upgraded Two","damage_taken":0,"max_hp_gain":0,"max_hp_loss":0,"event_name":"Designer","floor":20,"gold_loss":50,"cards_upgraded":["Defend_G","Defend_G"]}],"is_beta":false,"boss_relics":[{"not_picked":["Snecko Eye","Empty Cage"],"picked":"Coffee Dripper"}],"items_purged_floors":[],"is_endless":true,"potions_floor_spawned":[4,11,12,13,16,21,25,29],"killed_by":"Sentry and Sphere","ascension_level":20}}