{"host":"lxpbhjtp8ycf0c4w","time":1611040850,"event":{"mods":["BaseMod","Minty Spire (QoL Compilation)","StSLib"],"gold_per_floor":[115,39,39,39,59,91,91,111,111,111,138,157,157,157,157,256,256,266,266,18,37,55,55,82,82,82,172,172,206,217,242,242,345,345,358,368,368,388,388,388,11,41,66,66,77,104,104,123,123,123,123,123,45,73,73],"floor_reached":56,"language":"ZHS","playtime":2996,"items_purged":["Sucker Punch"],"score":1373,"play_id":"986093ba-2cbf-4b58-9bf5-3db009b6fd1d","local_time":"20210119152050","is_ascension_mode":true,"campfire_choices":[{"data":"Neutralize","floor":7.0,"key":"SMITH"},{"floor":10.0,"key":"RECALL"},{"data":"Well Laid Plans","floor":13.0,"key":"SMITH"},{"data":"Dagger Spray","floor":15.0,"key":"SMITH"},{"data":"After Image","floor":23.0,"key":"SMITH"},{"data":"Blade Dance","floor":25.0,"key":"SMITH"},{"floor":28.0,"key":"REST"},{"data":"1","floor":32,"key":"LIFT"},{"data":"2","floor":40,"key":"LIFT"},{"data":"Tools of the Trade","floor":44,"key":"SMITH"},{"data":"3","floor":47,"key":"LIFT"},{"floor":49,"key":"REST"},{"data":"Finisher","floor":52,"key":"SMITH"}],"circlet_count":0,"master_deck":["Survivor","Neutralize+1","Dagger Spray+1","Noxious Fumes+1","Escape Plan","Acrobatics","Well Laid Plans+1","After Image+1","Tools of the Trade+1","Finisher+1","Wraith Form v2","Die Die Die","Blade Dance+1","Reflex","Sucker Punch","Malaise","Escape Plan","Infinite Blades","PiercingWail","Terror+1","Tactician+1","Cloak And Dagger+1","Footwork","Cloak And Dagger+1","Flash of Steel","Secret Technique+1","Reflex+1","Cloak And Dagger+1","Choke","Accuracy","A Thousand Cuts"],"relics":["Ring of the Snake","NeowsBlessing","Potion Belt","Darkstone Periapt","Snake Skull","Pandora\u0027s Box","Sundial","Thread and Needle","Girya","Toxic Egg 2","Strawberry","HoveringKite","Bottled Tornado","TungstenRod","Regal Pillow","Centennial Puzzle","Toy Ornithopter","Shuriken"],"acts_visited":["Exordium","TheCity","TheBeyond","TheEnding"],"potions_floor_usage":[30,31,31,50,55,55],"damage_taken":[{"damage":0.0,"enemies":"Jaw Worm","floor":1.0,"turns":1.0},{"damage":0.0,"enemies":"Cultist","floor":5.0,"turns":1.0},{"damage":0.0,"enemies":"Gremlin Nob","floor":6.0,"turns":1.0},{"damage":0.0,"enemies":"2 Louse","floor":8.0,"turns":2.0},{"damage":16.0,"enemies":"3 Sentries","floor":11.0,"turns":6.0},{"damage":0.0,"enemies":"Looter","floor":12.0,"turns":4.0},{"damage":25.0,"enemies":"Slime Boss","floor":16.0,"turns":10.0},{"damage":0.0,"enemies":"Shell Parasite","floor":18.0,"turns":5.0},{"damage":6.0,"enemies":"Chosen","floor":21.0,"turns":6.0},{"damage":8.0,"enemies":"Centurion and Healer","floor":22.0,"turns":5.0},{"damage":34.0,"enemies":"Slavers","floor":24.0,"turns":5.0},{"damage":12.0,"enemies":"Gremlin Leader","floor":29.0,"turns":5.0},{"damage":0,"enemies":"Shelled Parasite and Fungi","floor":30,"turns":4},{"damage":19,"enemies":"Slavers","floor":31,"turns":4},{"damage":0,"enemies":"Collector","floor":33,"turns":7},{"damage":0,"enemies":"3 Darklings","floor":35,"turns":4},{"damage":0,"enemies":"Orb Walker","floor":36,"turns":3},{"damage":24,"enemies":"Writhing Mass","floor":38,"turns":7},{"damage":9,"enemies":"Nemesis","floor":42,"turns":7},{"damage":3,"enemies":"Sphere and 2 Shapes","floor":45,"turns":4},{"damage":0,"enemies":"Reptomancer","floor":46,"turns":4},{"damage":6,"enemies":"4 Shapes","floor":48,"turns":3},{"damage":53,"enemies":"Time Eater","floor":50,"turns":10},{"damage":18,"enemies":"Shield and Spear","floor":54,"turns":5},{"damage":41,"enemies":"The Heart","floor":55,"turns":6}],"seed_played":"-2410590876546453001","potions_obtained":[{"floor":5.0,"key":"Swift Potion"},{"floor":8.0,"key":"CunningPotion"},{"floor":16.0,"key":"SteroidPotion"},{"floor":21.0,"key":"SkillPotion"},{"floor":22.0,"key":"SteroidPotion"},{"floor":29.0,"key":"SpeedPotion"},{"floor":35,"key":"CultistPotion"},{"floor":45,"key":"Block Potion"}],"is_trial":false,"path_per_floor":["M","$","?","T","M","E","R","M","T","R","E","M","R","?","R","B",null,"M","?","$","M","M","R","E","R","T","?","R","E","M","E","R","B",null,"M","M","T","M","?","R","$","E","T","R","M","E","R","M","R","B",null,"R","$","E","B",null],"character_chosen":"THE_SILENT","items_purchased":["Noxious Fumes","Sundial","TungstenRod","Accuracy"],"campfire_rested":2,"item_purchase_floors":[2,20,41,53],"current_hp_per_floor":[70,70,56,56,56,56,56,56,56,56,40,40,40,45,45,20,75,75,75,75,69,61,61,27,27,27,15,37,25,25,13,13,13,82,82,82,82,58,48,48,48,39,39,39,36,36,36,30,69,21,82,82,82,64,33],"gold":73,"neow_bonus":"THREE_ENEMY_KILL","is_daily":false,"chose_seed":false,"campfire_upgraded":7,"win_rate":0.0,"timestamp":1611040850,"path_taken":["M","$","?","?","?","E","R","M","T","R","E","M","R","?","R","BOSS","M","?","$","M","M","R","E","R","T","?","R","E","M","E","R","BOSS","M","?","?","?","?","R","$","E","T","R","M","E","R","M","R","BOSS","R","$","E","BOSS"],"items_purchased_type":["Card","Relic","Relic","Card"],"build_version":"2020-12-22","purchased_purges":1,"victory":true,"max_hp_per_floor":[70,70,70,70,70,70,70,70,70,70,70,70,70,75,75,75,75,75,75,75,75,75,75,75,75,75,75,75,75,75,82,82,82,82,82,82,82,82,82,82,82,82,82,82,82,82,82,82,82,82,82,82,82,82,82],"card_choices":[{"not_picked":["Dodge and Roll","PiercingWail"],"picked":"Dagger Spray","floor":1.0},{"not_picked":["Concentrate","Outmaneuver","Dagger Spray"],"picked":"SKIP","floor":5.0},{"not_picked":["Riddle With Holes","Skewer","Concentrate"],"picked":"SKIP","floor":6.0},{"not_picked":["Expertise","Outmaneuver"],"picked":"Escape Plan","floor":8.0},{"not_picked":["Underhanded Strike","Calculated Gamble"],"picked":"Acrobatics","floor":11.0},{"not_picked":["Masterful Stab","Sucker Punch"],"picked":"Well Laid Plans","floor":12.0},{"not_picked":["Doppelganger","Wraith Form v2"],"picked":"After Image","floor":16.0},{"not_picked":["PiercingWail+1","Eviscerate"],"picked":"Infinite Blades","floor":18.0},{"not_picked":["Endless Agony","Poisoned Stab+1","Setup"],"picked":"SKIP","floor":21.0},{"not_picked":["Escape Plan","Underhanded Strike+1"],"picked":"PiercingWail","floor":22.0},{"not_picked":["Finisher","Outmaneuver+1"],"picked":"Terror+1","floor":24.0},{"not_picked":["Slice","Poisoned Stab"],"picked":"Tactician+1","floor":29.0},{"not_picked":["Prepared+1","Finisher","Sucker Punch"],"picked":"SKIP","floor":30},{"not_picked":["Flying Knee","Bouncing Flask+1","Grand Finale"],"picked":"SKIP","floor":31},{"not_picked":["Bouncing Flask+1","Poisoned Stab"],"picked":"Cloak And Dagger+1","floor":35},{"not_picked":["Riddle With Holes+1","Dodge and Roll+1"],"picked":"Footwork","floor":36},{"not_picked":["Terror+1","Finisher+1"],"picked":"Cloak And Dagger+1","floor":38},{"not_picked":["Trip+1","Good Instincts+1"],"picked":"Flash of Steel","floor":39},{"not_picked":["Dramatic Entrance","Panacea+1"],"picked":"Secret Technique+1","floor":39},{"not_picked":["Underhanded Strike","Bouncing Flask+1","Slice"],"picked":"SKIP","floor":42},{"not_picked":["Deadly Poison+1","Cloak And Dagger+1"],"picked":"Reflex+1","floor":45},{"not_picked":["Skewer+1","Deflect+1"],"picked":"Cloak And Dagger+1","floor":46},{"not_picked":["Dagger Spray","Heel Hook+1"],"picked":"Choke","floor":48},{"not_picked":["Glass Knife","Prepared+1"],"picked":"A Thousand Cuts","floor":54}],"player_experience":85921,"relics_obtained":[{"floor":6.0,"key":"Potion Belt"},{"floor":9.0,"key":"Darkstone Periapt"},{"floor":11.0,"key":"Snake Skull"},{"floor":24.0,"key":"Thread and Needle"},{"floor":26.0,"key":"Girya"},{"floor":29.0,"key":"Toxic Egg 2"},{"floor":31,"key":"Strawberry"},{"floor":37,"key":"Bottled Tornado"},{"floor":42,"key":"Regal Pillow"},{"floor":43,"key":"Centennial Puzzle"},{"floor":46,"key":"Toy Ornithopter"},{"floor":54,"key":"Shuriken"}],"event_choices":[{"damage_healed":0.0,"max_hp_gain":0.0,"max_hp_loss":0.0,"gold_gain":0.0,"event_name":"Shining Light","player_choice":"Entered Light","floor":3.0,"gold_loss":0.0,"damage_taken":14.0,"cards_upgraded":["Strike_G","Noxious Fumes"]},{"damage_healed":0.0,"max_hp_gain":5.0,"max_hp_loss":0.0,"gold_gain":0.0,"event_name":"Big Fish","player_choice":"Donut","floor":14.0,"gold_loss":0.0,"damage_taken":0.0},{"damage_healed":0.0,"max_hp_gain":0.0,"max_hp_loss":0.0,"gold_gain":0.0,"event_name":"Ghosts","player_choice":"Ignored","floor":19.0,"gold_loss":0.0,"damage_taken":0.0},{"damage_healed":0.0,"max_hp_gain":0.0,"max_hp_loss":0.0,"gold_gain":90.0,"event_name":"Knowing Skull","player_choice":"GOLD ","floor":27.0,"potions_obtained":[],"gold_loss":0.0,"damage_taken":12.0,"cards_obtained":[]},{"damage_healed":0,"gold_gain":0,"player_choice":"Memory 3","damage_taken":10,"max_hp_gain":0,"max_hp_loss":0,"event_name":"SensoryStone","floor":39,"gold_loss":0}],"is_beta":false,"boss_relics":[{"not_picked":["Black Star","Fusion Hammer"],"picked":"Pandora\u0027s Box"},{"not_picked":["Cursed Key","WristBlade"],"picked":"HoveringKite"}],"items_purged_floors":[41],"is_endless":false,"potions_floor_spawned":[5,8,16,21,22,29,35,45],"ascension_level":1}}