{"host":"684z1xpuwaoqmmh1","time":1611048351,"event":{"mods":["Bard","BaseMod","Downfall","Hermit","Jorbs\u0027s Wanderer Trilogy","Marisa????????","Minty Spire (QoL Compilation)","Robot Space Explorer","Shade Mod","StSLib","The Bug Knight","The Cursed","The Hayseed","The Hierophant","The Marked","The Mystic","The Runesmith","The Senshi","The Spell Scribe"],"gold_per_floor":[219,219,238,0,17,43,55,89,114,140,152,171,203,213,213,308,308,321,335,349,381,381,381,408,418,418,418,45,45,45,75,75,173,173,193,193,206,218,231,256,256,286,365,365,375,375,76,91,91,91,91,91,16,50,50,50],"floor_reached":55,"language":"ENG","playtime":3109,"items_purged":["TheSimpletonMod:Strike_TheSimpleton"],"score":984,"play_id":"9006a2c4-ec85-4971-80a7-3b2eafd35b84","local_time":"20210119112551","is_ascension_mode":true,"campfire_choices":[{"data":"TheSimpletonMod:Chilis","floor":15,"key":"SMITH"},{"data":"TheSimpletonMod:SeedCoat","floor":23,"key":"SMITH"},{"floor":29,"key":"REST"},{"floor":32,"key":"REST"},{"floor":41,"key":"RECALL"},{"data":"TheSimpletonMod:Fecundity","floor":49,"key":"SMITH"},{"data":"TheSimpletonMod:Swelter","floor":52,"key":"SMITH"}],"circlet_count":0,"master_deck":["TheSimpletonMod:Haymaker","TheSimpletonMod:ReapAndSow","TheSimpletonMod:BumperCrop","TheSimpletonMod:PestManagement+1","TheSimpletonMod:CloseScrape","TheSimpletonMod:Thresh","TheSimpletonMod:OnionBloom","TheSimpletonMod:Coffee","TheSimpletonMod:Rake","TheSimpletonMod:Sunseed","TheSimpletonMod:Chilis","TheSimpletonMod:Aerate","TheSimpletonMod:Chilis+1","TheSimpletonMod:Chilis","TheSimpletonMod:RootDown","TheSimpletonMod:SeedCoat+1","TheSimpletonMod:ResearchGrant","TheSimpletonMod:Turnips","TheSimpletonMod:Sunchoke","TheSimpletonMod:Rake","TheSimpletonMod:RootDown","TheSimpletonMod:Aerate","TheSimpletonMod:SeedCoat+1","TheSimpletonMod:Aerate+1","TheSimpletonMod:Fecundity+1","TheSimpletonMod:SeedCoat+1","TheSimpletonMod:Swelter+1","TheSimpletonMod:OnionBloom"],"relics":["TheSimpletonMod:SpudOfTheInnocent","TheSimpletonMod:NightSoil","TheSimpletonMod:TheHarvester","Sling","Art of War","Nunchaku","Oddly Smooth Stone","Whetstone","Ancient Tea Set","Busted Crown","Red Mask","Boot","StoneCalendar","theSenshi:SailorFukuRelic","Unceasing Top","Ginger","Bottled Flame","Pandora\u0027s Box","Bag of Preparation","Strawberry","Potion Belt","Runesmith:AutoHammer","TheSimpletonMod:Honeycomb"],"acts_visited":["Exordium","TheCity","TheBeyond","TheEnding"],"potions_floor_usage":[16,20,20,39,40,54,55,55,55],"damage_taken":[{"damage":4.0,"enemies":"2 Louse","floor":1.0,"turns":3.0},{"damage":2.0,"enemies":"Cultist","floor":3.0,"turns":4.0},{"damage":5.0,"enemies":"Jaw Worm","floor":5.0,"turns":4.0},{"damage":4.0,"enemies":"Lagavulin","floor":6.0,"turns":7.0},{"damage":1.0,"enemies":"2 Fungi Beasts","floor":7.0,"turns":5.0},{"damage":35.0,"enemies":"3 Sentries","floor":8.0,"turns":7.0},{"damage":7.0,"enemies":"Gremlin Nob","floor":10.0,"turns":3.0},{"damage":3.0,"enemies":"Exordium Thugs","floor":11.0,"turns":5.0},{"damage":0.0,"enemies":"Exordium Wildlife","floor":12.0,"turns":4.0},{"damage":2.0,"enemies":"Lagavulin","floor":13.0,"turns":6.0},{"damage":0.0,"enemies":"Looter","floor":14.0,"turns":3.0},{"damage":17,"enemies":"Hexaghost","floor":16,"turns":9},{"damage":12,"enemies":"3 Byrds","floor":18,"turns":3},{"damage":0,"enemies":"Chosen","floor":19,"turns":3},{"damage":21,"enemies":"Snecko","floor":20,"turns":4},{"damage":11,"enemies":"Masked Bandits","floor":21,"turns":4},{"damage":16,"enemies":"Slavers","floor":24,"turns":4},{"damage":21,"enemies":"Sentry and Sphere","floor":25,"turns":4},{"damage":14,"enemies":"Gremlin Leader","floor":31,"turns":4},{"damage":26,"enemies":"Champ","floor":33,"turns":7},{"damage":0,"enemies":"Orb Walker","floor":35,"turns":2},{"damage":0,"enemies":"3 Shapes","floor":37,"turns":4},{"damage":0,"enemies":"Jaw Worm Horde","floor":38,"turns":2},{"damage":15,"enemies":"3 Darklings","floor":39,"turns":3},{"damage":0,"enemies":"Reptomancer","floor":40,"turns":4},{"damage":1,"enemies":"Giant Head","floor":42,"turns":6},{"damage":6,"enemies":"Sphere and 2 Shapes","floor":45,"turns":5},{"damage":0,"enemies":"Spire Growth","floor":48,"turns":4},{"damage":48,"enemies":"Time Eater","floor":50,"turns":11},{"damage":0,"enemies":"Shield and Spear","floor":54,"turns":3},{"damage":80,"enemies":"The Heart","floor":55,"turns":5}],"seed_played":"-7416582208309662362","potions_obtained":[{"floor":1.0,"key":"SkillPotion"},{"floor":3.0,"key":"SteroidPotion"},{"floor":6.0,"key":"TheSimpletonMod:MoonshinePotion"},{"floor":12.0,"key":"EssenceOfSteel"},{"floor":13.0,"key":"Swift Potion"},{"floor":16,"key":"sneckomod:MuddlingPotion"},{"floor":18,"key":"SkillPotion"},{"floor":21,"key":"champ:CounterPotion"},{"floor":31,"key":"Swift Potion"},{"floor":38,"key":"Block Potion"},{"floor":39,"key":"LiquidBronze"},{"floor":40,"key":"Fire Potion"},{"floor":42,"key":"Dexterity Potion"}],"is_trial":false,"path_per_floor":["M","?","M","$","M","E","M","E","T","E","M","M","E","M","R","B",null,"M","M","M","?","?","R","E","M","T","T","$","R","?","E","R","B",null,"M","?","M","M","M","E","R","E","T","?","M","?","$","M","R","B",null,"R","$","E","B"],"character_chosen":"THE_SIMPLETON","items_purchased":["Sling","TheSimpletonMod:Thresh","hexamod:SoulburnPotion","Unceasing Top","Potion Belt","Runesmith:AutoHammer","DistilledChaos"],"campfire_rested":2,"item_purchase_floors":[4,4,4,28,47,47,53],"current_hp_per_floor":[75,75,73,73,72,68,71,40,40,37,38,38,40,40,40,27,75,63,67,50,43,43,43,27,10,10,10,10,32,32,22,44,22,75,75,75,75,75,60,60,60,70,70,70,68,68,68,72,72,28,78,78,78,78,0,0],"gold":50,"neow_bonus":"HUNDRED_GOLD","is_daily":false,"chose_seed":false,"campfire_upgraded":4,"win_rate":0.0,"timestamp":1611048351,"path_taken":["M","?","?","$","M","E","M","E","T","E","M","M","E","M","R","BOSS","M","M","M","?","?","R","E","?","T","?","?","R","?","E","R","BOSS","M","?","M","M","M","E","R","E","T","?","?","?","$","M","R","BOSS","R","$","E","BOSS"],"items_purchased_type":["Relic","Card","Potion","Relic","Relic","Relic","Potion"],"build_version":"2020-12-22","purchased_purges":1,"victory":false,"max_hp_per_floor":[75,75,75,75,75,75,75,75,75,75,75,75,75,75,75,75,75,75,75,75,75,75,75,75,75,75,75,75,75,75,75,75,75,75,75,75,75,75,75,75,75,82,82,82,82,78,78,78,78,78,78,78,78,78,78,78],"card_choices":[{"not_picked":["TheSimpletonMod:GoToMarket","TheSimpletonMod:ControlledBurn"],"picked":"TheSimpletonMod:BumperCrop","floor":1.0},{"not_picked":["TheSimpletonMod:DoubleBarrel","TheSimpletonMod:Fertilaser"],"picked":"TheSimpletonMod:CloseScrape","floor":3.0},{"not_picked":["TheSimpletonMod:Ferment","TheSimpletonMod:Mulch"],"picked":"TheSimpletonMod:OnionBloom","floor":5.0},{"not_picked":["TheSimpletonMod:Aerate","TheSimpletonMod:Rake"],"picked":"TheSimpletonMod:Coffee","floor":6.0},{"not_picked":["TheSimpletonMod:Rototilling","TheSimpletonMod:BumperCrop"],"picked":"TheSimpletonMod:Rake","floor":7.0},{"not_picked":["TheSimpletonMod:Innovate","TheSimpletonMod:SlashAndBurn"],"picked":"TheSimpletonMod:Sunseed","floor":8.0},{"not_picked":["TheSimpletonMod:Germinate","TheSimpletonMod:Swelter"],"picked":"TheSimpletonMod:Chilis","floor":10.0},{"not_picked":["TheSimpletonMod:ControlledBurn","TheSimpletonMod:Innovate"],"picked":"TheSimpletonMod:Aerate","floor":11.0},{"not_picked":["TheSimpletonMod:CropRotation","TheSimpletonMod:DoubleBarrel","TheSimpletonMod:VineRipen"],"picked":"SKIP","floor":12.0},{"not_picked":["TheSimpletonMod:Mulch","TheSimpletonMod:RootDown"],"picked":"TheSimpletonMod:Chilis","floor":13.0},{"not_picked":["TheSimpletonMod:Potatoes","TheSimpletonMod:CropRotation","TheSimpletonMod:BumperCrop"],"picked":"SKIP","floor":14.0},{"not_picked":["TheSimpletonMod:CrackOfDawn","TheSimpletonMod:Surplus"],"picked":"TheSimpletonMod:Chilis","floor":16},{"not_picked":[],"picked":"TheSimpletonMod:RootDown","floor":18},{"not_picked":[],"picked":"TheSimpletonMod:SeedCoat","floor":19},{"not_picked":["TheSimpletonMod:Mulch"],"picked":"SKIP","floor":20},{"not_picked":["TheSimpletonMod:PestManagement"],"picked":"SKIP","floor":24},{"not_picked":["TheSimpletonMod:KeenEdge+1"],"picked":"SKIP","floor":25},{"not_picked":["TheSimpletonMod:ToughenUp"],"picked":"SKIP","floor":31},{"not_picked":[],"picked":"TheSimpletonMod:SeedCoat+1","floor":35},{"not_picked":["TheSimpletonMod:Fertilaser"],"picked":"SKIP","floor":37},{"not_picked":[],"picked":"TheSimpletonMod:Aerate+1","floor":38},{"not_picked":[],"picked":"TheSimpletonMod:Fecundity","floor":39},{"not_picked":["TheSimpletonMod:KeenEdge"],"picked":"SKIP","floor":40},{"not_picked":["TheSimpletonMod:Mulch+1"],"picked":"SKIP","floor":42},{"not_picked":[],"picked":"TheSimpletonMod:SeedCoat+1","floor":45},{"not_picked":[],"picked":"TheSimpletonMod:Swelter","floor":48},{"not_picked":[],"picked":"TheSimpletonMod:OnionBloom","floor":54}],"player_experience":2918867,"relics_obtained":[{"floor":6.0,"key":"Art of War"},{"floor":8.0,"key":"Nunchaku"},{"floor":9.0,"key":"Oddly Smooth Stone"},{"floor":10.0,"key":"Whetstone"},{"floor":13.0,"key":"Ancient Tea Set"},{"floor":21,"key":"Red Mask"},{"floor":24,"key":"Boot"},{"floor":26,"key":"StoneCalendar"},{"floor":27,"key":"theSenshi:SailorFukuRelic"},{"floor":31,"key":"Bottled Flame"},{"floor":40,"key":"Bag of Preparation"},{"floor":42,"key":"Strawberry"},{"floor":54,"key":"TheSimpletonMod:Honeycomb"}],"event_choices":[{"damage_healed":0.0,"max_hp_gain":0.0,"max_hp_loss":0.0,"gold_gain":0.0,"event_name":"Match and Keep!","player_choice":"1 cards matched","floor":2.0,"gold_loss":0.0,"damage_taken":0.0,"cards_obtained":["TheSimpletonMod:PestManagement"]},{"damage_healed":0,"gold_gain":0,"player_choice":"Fought Bandits","damage_taken":0,"max_hp_gain":0,"max_hp_loss":0,"event_name":"Masked Bandits","floor":21,"gold_loss":0},{"damage_healed":0,"gold_gain":0,"player_choice":"Ignored","damage_taken":0,"max_hp_gain":0,"max_hp_loss":0,"event_name":"Transmorgrifier","floor":22,"gold_loss":0},{"damage_healed":0,"gold_gain":0,"player_choice":"Opened","damage_taken":0,"relics_obtained":["Ginger"],"max_hp_gain":0,"max_hp_loss":0,"event_name":"The Mausoleum","floor":30,"gold_loss":0},{"damage_healed":0,"gold_gain":0,"player_choice":"Memory 1","damage_taken":0,"max_hp_gain":0,"max_hp_loss":0,"event_name":"SensoryStone","floor":36,"gold_loss":0},{"cards_removed":["TheSimpletonMod:Mulch"],"damage_healed":0,"gold_gain":0,"player_choice":"Purged","damage_taken":0,"max_hp_gain":0,"max_hp_loss":0,"event_name":"Purifier","floor":44,"gold_loss":0},{"damage_healed":0,"gold_gain":0,"player_choice":"Max HP","damage_taken":0,"max_hp_gain":0,"max_hp_loss":4,"event_name":"Winding Halls","floor":46,"gold_loss":0}],"is_beta":false,"boss_relics":[{"not_picked":["Calling Bell","Ectoplasm"],"picked":"Busted Crown"},{"not_picked":["TheSimpletonMod:OnionBelt","Runic Dome"],"picked":"Pandora\u0027s Box"}],"items_purged_floors":[28],"is_endless":false,"potions_floor_spawned":[1,3,6,8,12,13,16,18,21,31,38,39,40,42],"killed_by":"The Heart","ascension_level":4}}