{"host":"qekv59dthhdg54sz","time":1611040385,"event":{"mods":["AchievementEnabler","BaseMod","Colored Map","DeckTracker","KOR Keyword Fix","Minty Spire (QoL Compilation)","Rare Cards Sparkle","StSLib","SuperFastMode"],"gold_per_floor":[118,136,49,69,82,82,108,118,118,136,155,155,155,165,165,236,236,249,249,266,266,151,151,166,91,140,153,180,180,195,195,195,266,266,279,279,179,190,28,28,28],"floor_reached":40,"language":"KOR","playtime":1079,"items_purged":["Strike_P","Defend_P"],"score":820,"play_id":"1fb1e9a7-ef31-4774-8cc8-fea83fc219c4","local_time":"20210119161305","is_ascension_mode":true,"campfire_choices":[{"data":"ForeignInfluence","floor":6.0,"key":"SMITH"},{"data":"Eruption","floor":12,"key":"SMITH"},{"floor":15,"key":"REST"},{"data":"Scrawl","floor":23,"key":"SMITH"},{"data":"Study","floor":29,"key":"SMITH"},{"floor":32,"key":"REST"}],"circlet_count":0,"master_deck":["AscendersBane","Defend_P","Defend_P","Eruption+1","Vigilance","CrushJoints","ForeignInfluence+1","FollowUp","Study+1","TalkToTheHand","Worship","Scrawl+1","Meditate","Adaptation+1","Pray","CarveReality+1","Establishment+1"],"relics":["PureWater","Letter Opener","Frozen Egg 2","Sozu","Omamori","Pear","VioletLotus","Membership Card"],"acts_visited":["Exordium","TheCity","TheBeyond"],"potions_floor_usage":[8,16],"damage_taken":[{"damage":0.0,"enemies":"2 Louse","floor":1.0,"turns":3.0},{"damage":0.0,"enemies":"Jaw Worm","floor":2.0,"turns":3.0},{"damage":14.0,"enemies":"Small Slimes","floor":4.0,"turns":4.0},{"damage":2.0,"enemies":"Exordium Wildlife","floor":5.0,"turns":3.0},{"damage":17.0,"enemies":"Lagavulin","floor":7.0,"turns":6.0},{"damage":8,"enemies":"Lots of Slimes","floor":8,"turns":4},{"damage":0,"enemies":"Looter","floor":10,"turns":2},{"damage":0,"enemies":"Exordium Wildlife","floor":11,"turns":2},{"damage":13,"enemies":"Red Slaver","floor":14,"turns":5},{"damage":19,"enemies":"The Guardian","floor":16,"turns":9},{"damage":0,"enemies":"Spheric Guardian","floor":18,"turns":2},{"damage":14,"enemies":"3 Byrds","floor":20,"turns":3},{"damage":0,"enemies":"Centurion and Healer","floor":24,"turns":3},{"damage":16,"enemies":"Sentry and Sphere","floor":27,"turns":4},{"damage":21,"enemies":"Gremlin Leader","floor":28,"turns":4},{"damage":11,"enemies":"Snake Plant","floor":30,"turns":3},{"damage":30,"enemies":"Automaton","floor":33,"turns":6},{"damage":35,"enemies":"3 Darklings","floor":35,"turns":4},{"damage":11,"enemies":"3 Shapes","floor":38,"turns":4},{"damage":0,"enemies":"Writhing Mass","floor":40,"turns":1}],"seed_played":"-765390739939960774","potions_obtained":[{"floor":1.0,"key":"GamblersBrew"},{"floor":7.0,"key":"PowerPotion"},{"floor":10,"key":"BlessingOfTheForge"},{"floor":14,"key":"FairyPotion"}],"is_trial":false,"path_per_floor":["M","M","$","M","M","R","E","M","T","M","M","R","?","M","R","B",null,"M","?","M","?","$","R","M","?","T","M","E","R","M","?","R","B",null,"M","?","$","M","$","M"],"character_chosen":"WATCHER","items_purchased":["Study","Adaptation+1","Membership Card"],"campfire_rested":2,"item_purchase_floors":[3,22,39],"current_hp_per_floor":[61,61,61,47,45,45,28,20,20,20,20,20,20,7,25,6,48,48,48,34,34,34,34,34,34,34,18,28,28,17,31,52,22,60,25,25,25,14,14,14,14],"gold":28,"neow_bonus":"TRANSFORM_TWO_CARDS","is_daily":false,"chose_seed":false,"campfire_upgraded":4,"win_rate":0.0,"timestamp":1611040385,"path_taken":["M","M","$","M","M","R","E","M","T","M","M","R","?","M","R","BOSS","M","?","M","?","$","R","M","?","T","M","E","R","M","?","R","BOSS","M","?","$","?","$","M"],"items_purchased_type":["Card","Card","Relic"],"build_version":"2020-12-22","purchased_purges":2,"victory":false,"max_hp_per_floor":[62,62,62,62,62,62,62,62,62,62,62,62,62,62,62,62,62,62,62,62,62,62,62,62,62,62,62,72,72,72,72,72,72,72,72,72,72,72,72,72,72],"card_choices":[{"not_picked":["EmptyBody","PathToVictory"],"picked":"FollowUp","floor":1.0},{"not_picked":["LikeWater","PathToVictory","ReachHeaven"],"picked":"SKIP","floor":2.0},{"not_picked":["FollowUp","FlurryOfBlows","Blasphemy"],"picked":"SKIP","floor":4.0},{"not_picked":["ForeignInfluence","BowlingBash","Collect"],"picked":"SKIP","floor":5.0},{"not_picked":["Perseverance","Indignation"],"picked":"TalkToTheHand","floor":7.0},{"not_picked":["BowlingBash","Halt","ThirdEye"],"picked":"SKIP","floor":8},{"not_picked":["CarveReality","CrushJoints","PathToVictory"],"picked":"SKIP","floor":10},{"not_picked":["ThirdEye","FlyingSleeves"],"picked":"Worship","floor":11},{"not_picked":["JustLucky","CutThroughFate","ReachHeaven"],"picked":"SKIP","floor":14},{"not_picked":["Blasphemy","Vault"],"picked":"Scrawl","floor":16},{"not_picked":["Evaluate","Weave","DeceiveReality"],"picked":"SKIP","floor":18},{"not_picked":["Protect","Evaluate"],"picked":"Meditate","floor":20},{"not_picked":["WaveOfTheHand","JustLucky"],"picked":"Pray","floor":24},{"not_picked":["Crescendo","ThirdEye","JustLucky"],"picked":"SKIP","floor":27},{"not_picked":["SignatureMove+1","FollowUp+1"],"picked":"CarveReality+1","floor":28},{"not_picked":["Worship","Consecrate","CutThroughFate"],"picked":"SKIP","floor":30},{"not_picked":["LessonLearned","Brilliance"],"picked":"Establishment+1","floor":33},{"not_picked":["EmptyFist","Prostrate+1","FollowUp+1"],"picked":"SKIP","floor":35},{"not_picked":["EmptyBody+1","Pray","Adaptation+1"],"picked":"SKIP","floor":38}],"player_experience":773614,"relics_obtained":[{"floor":7.0,"key":"Letter Opener"},{"floor":9,"key":"Frozen Egg 2"},{"floor":26,"key":"Omamori"},{"floor":28,"key":"Pear"}],"event_choices":[{"damage_healed":0,"gold_gain":0,"player_choice":"Ignored","damage_taken":0,"max_hp_gain":0,"max_hp_loss":0,"event_name":"Shining Light","floor":13,"gold_loss":0},{"damage_healed":0,"gold_gain":0,"player_choice":"Ignored","damage_taken":0,"max_hp_gain":0,"max_hp_loss":0,"event_name":"Vampires","floor":19,"gold_loss":0},{"cards_removed":["Strike_P"],"damage_healed":0,"gold_gain":0,"player_choice":"Elegance","damage_taken":0,"max_hp_gain":0,"max_hp_loss":0,"event_name":"Back to Basics","floor":21,"gold_loss":0},{"cards_removed":["Strike_P"],"damage_healed":0,"gold_gain":0,"player_choice":"Gave Gold","damage_taken":0,"max_hp_gain":0,"max_hp_loss":0,"event_name":"Beggar","floor":25,"gold_loss":75},{"damage_healed":14,"gold_gain":0,"player_choice":"Heal","damage_taken":0,"max_hp_gain":0,"max_hp_loss":0,"event_name":"The Library","floor":31,"gold_loss":0},{"damage_healed":0,"gold_gain":0,"player_choice":"Ignored","damage_taken":0,"max_hp_gain":0,"max_hp_loss":0,"event_name":"SecretPortal","floor":36,"gold_loss":0}],"is_beta":false,"boss_relics":[{"not_picked":["Runic Dome","Busted Crown"],"picked":"Sozu"},{"not_picked":["Cursed Key","Black Star"],"picked":"VioletLotus"}],"items_purged_floors":[22,37],"is_endless":false,"potions_floor_spawned":[1,7,10,14,18,20,33],"killed_by":"Writhing Mass","ascension_level":20}}