{"host":"neshiy0twyn5josp","time":1611056800,"event":{"mods":["AchievementEnabler","Act Like it!","AlwaysNeverKeys","Aspiration","BaseMod","Better Note","Better Silent Start","Better Third Choice","Challenge The Spire","Colored Powertips","Conspire","Emptier Cage","Energized Spire","GifTheSpireLib","Hubris","Minty Spire (QoL Compilation)","Pale of the Ancients","Permanent Neow","Quick Restart","Rare Cards Sparkle","Replay The Spire","Reworked Bosses","StSLib","Stuff the Spire"],"gold_per_floor":[113,113,127,227,204,204,237,250,250,250,279,279,310,235,235,235,235],"floor_reached":16,"language":"ENG","playtime":542,"items_purged":["Defend_R"],"score":169,"play_id":"3d2c2ecb-fedd-4b00-b7aa-15382670d7fc","local_time":"20210119034640","is_ascension_mode":true,"campfire_choices":[{"data":"Armaments","floor":6,"key":"SMITH"},{"data":"Bash","floor":10,"key":"SMITH"},{"data":"Flex","floor":12,"key":"SMITH"},{"data":"Cleave","floor":15,"key":"SMITH"}],"circlet_count":0,"master_deck":["Strike_R","Strike_R","Strike_R","Strike_R","Strike_R","Defend_R","Defend_R","Bash+1","Flex+1","Armaments+1","Cleave+1","Clash"],"relics":["Burning Blood","NeowsBlessing","ReplayTheSpireMod:Lightbulb","CeramicFish","King of Hearts","Replay:Baseball"],"acts_visited":["Exordium"],"potions_floor_usage":[7,11],"damage_taken":[{"damage":0,"enemies":"2 Louse","floor":1,"turns":1},{"damage":0,"enemies":"Cultist","floor":3,"turns":1},{"damage":0,"enemies":"Gremlin Nob","floor":7,"turns":1},{"damage":0,"enemies":"Small Slimes","floor":8,"turns":2},{"damage":28,"enemies":"3 Sentries","floor":11,"turns":8},{"damage":19,"enemies":"Lagavulin","floor":13,"turns":6},{"damage":47,"enemies":"The Guardian","floor":16,"turns":7}],"seed_played":"-7622717804472768887","potions_obtained":[{"floor":1,"key":"SkillPotion"},{"floor":3,"key":"Strength Potion"},{"floor":8,"key":"SkillPotion"}],"is_trial":false,"path_per_floor":["M","?","M","?","$","R","E","M","T","R","E","R","E","$","R","B"],"character_chosen":"IRONCLAD","items_purchased":["Armaments"],"campfire_rested":0,"item_purchase_floors":[5],"current_hp_per_floor":[80,80,80,80,80,80,80,80,80,80,58,58,45,45,45,0,0],"gold":235,"neow_bonus":"THREE_ENEMY_KILL","is_daily":false,"chose_seed":false,"campfire_upgraded":4,"win_rate":0.0,"timestamp":1611056800,"path_taken":["M","?","?","?","$","R","E","M","T","R","E","R","E","$","R","BOSS"],"items_purchased_type":["Card"],"build_version":"2020-12-22","purchased_purges":1,"victory":false,"max_hp_per_floor":[80,80,80,80,80,80,80,80,80,80,80,80,80,80,80,80,80],"card_choices":[{"not_picked":["hubris:CleavingFinish","Thunderclap","Havoc"],"picked":"SKIP","floor":1},{"not_picked":["StuffTheSpire:Slingshot","Reckless Charge"],"picked":"Flex","floor":3},{"not_picked":["Dark Embrace","hubris:ReadiedAction"],"picked":"Cleave","floor":7},{"not_picked":["Wild Strike","Dual Wield"],"picked":"Clash","floor":8},{"not_picked":["Iron Wave","Pommel Strike","StuffTheSpire:Incineration"],"picked":"SKIP","floor":11},{"not_picked":["Sentinel","Fire Breathing","conspire:ExplosiveBarrier"],"picked":"SKIP","floor":13}],"player_experience":296917,"relics_obtained":[{"floor":7,"key":"ReplayTheSpireMod:Lightbulb"},{"floor":9,"key":"CeramicFish"},{"floor":11,"key":"King of Hearts"},{"floor":13,"key":"Replay:Baseball"}],"event_choices":[{"cards_removed":["Defend_R"],"damage_healed":0,"gold_gain":0,"player_choice":"Purged","damage_taken":0,"max_hp_gain":0,"max_hp_loss":0,"event_name":"Purifier","floor":2,"gold_loss":0},{"damage_healed":0,"gold_gain":100,"player_choice":"Pray","damage_taken":0,"max_hp_gain":0,"max_hp_loss":0,"event_name":"Golden Shrine","floor":4,"gold_loss":0}],"is_beta":false,"boss_relics":[],"items_purged_floors":[14],"is_endless":false,"potions_floor_spawned":[1,3,8],"killed_by":"The Guardian","ascension_level":4}}