{"host":"exhp4inpfmbngj23","time":1611032303,"event":{"mods":["Abigail Mod","BaseMod","Beaked The Cultist","Downfall","Friendly Minions","Gremlin Mod","Kiyohime????","Minty Spire (QoL Compilation)","StSLib","The Alterego"],"gold_per_floor":[99,114,130,130,141,155,155,140,170,170,270,289,37,137,156,258,258,58,69,89,189,274,117,140,472,490,390,402,402,122,132,145,240,240,240,254,254,40,90,90,90,90,107,125,142,142,160,185,195,195,195],"floor_reached":50,"language":"ENG","playtime":3486,"items_purged":[],"score":621,"play_id":"e765534a-54e2-41b4-b690-58dbc7c61c27","local_time":"20210118205823","is_ascension_mode":false,"campfire_choices":[{"floor":1,"key":"RECALL"},{"data":"bronze:Flail","floor":18,"key":"SMITH"},{"data":"bronze:Boost","floor":27,"key":"SMITH"},{"data":"bronze:Format","floor":29,"key":"SMITH"},{"data":"bronze:ChosenStrike","floor":35,"key":"SMITH"},{"floor":42,"key":"REST"},{"data":"bronze:AlphaBuild","floor":46,"key":"SMITH"}],"circlet_count":0,"master_deck":["bronze:Strike","bronze:Strike","bronze:Strike","bronze:Defend","bronze:Defend","bronze:Defend","bronze:Replicate+1","bronze:ChosenStrike+1","bronze:DelayedSlice","bronze:Boost+1","bronze:FineTuning","bronze:Virus","bronze:FineTuning","bronze:CloningBeam","bronze:Flail+1","bronze:Replicate+1","bronze:CutThrough","bronze:Format+1","bronze:Frontload+1","bronze:Iterate+1","bronze:FineTuning","bronze:Verify","bronze:Boost+1","bronze:ThunderWave+1","bronze:ThunderWave+1","bronze:Fortify+1","bronze:Optimize","bronze:FineTuning","bronze:AlphaBuild+1"],"relics":["bronze:BronzeCore","PreservedInsect","HornCleat","Happy Flower","DollysMirror","Sozu","downfall:HeartBlessingRed","downfall:HeartBlessingGreen","Dead Branch","Singing Bowl","Torii","Akabeko","Old Coin","downfall:HeartBlessingBlue","Membership Card","bronze:CableSpool","Astrolabe","Blood Vial","Bag of Marbles","Ginger","bronze:ProtectiveGoggles","Art of War"],"acts_visited":["Exordium","TheCity","TheBeyond"],"potions_floor_usage":[4,16,16,16,23],"damage_taken":[{"damage":3,"enemies":"2 Louse","floor":2,"turns":3},{"damage":1,"enemies":"Cultist","floor":3,"turns":3},{"damage":7,"enemies":"Small Slimes","floor":5,"turns":2},{"damage":0,"enemies":"3 Louse","floor":6,"turns":2},{"damage":2,"enemies":"downfall:FleeingMerchant","floor":8,"turns":4},{"damage":19,"enemies":"Lagavulin","floor":9,"turns":4},{"damage":0,"enemies":"Blue Slaver","floor":12,"turns":3},{"damage":0,"enemies":"downfall:FleeingMerchant","floor":13,"turns":4},{"damage":8,"enemies":"Exordium Wildlife","floor":15,"turns":3},{"damage":31,"enemies":"SI_SHIV_ARCHETYPE","floor":16,"turns":6},{"damage":0,"enemies":"Spheric Guardian","floor":19,"turns":3},{"damage":0,"enemies":"Chosen","floor":20,"turns":3},{"damage":0,"enemies":"IC_STATUS_ARCHETYPE","floor":21,"turns":4},{"damage":0,"enemies":"downfall:FleeingMerchant","floor":23,"turns":2},{"damage":0,"enemies":"Book of Stabbing","floor":25,"turns":2},{"damage":0,"enemies":"Centurion and Healer","floor":26,"turns":3},{"damage":1,"enemies":"Cultist and Chosen","floor":28,"turns":3},{"damage":2,"enemies":"Chosen and Byrds","floor":31,"turns":3},{"damage":0,"enemies":"Sentry and Sphere","floor":32,"turns":1},{"damage":9,"enemies":"DF_ARCHETYPE_CLAW","floor":33,"turns":6},{"damage":24,"enemies":"3 Shapes","floor":36,"turns":1},{"damage":1,"enemies":"3 Shapes","floor":39,"turns":5},{"damage":1,"enemies":"3 Darklings","floor":43,"turns":6},{"damage":0,"enemies":"Jaw Worm Horde","floor":44,"turns":1},{"damage":6,"enemies":"4 Shapes","floor":45,"turns":1},{"damage":0,"enemies":"Writhing Mass","floor":47,"turns":1},{"damage":14,"enemies":"Giant Head","floor":48,"turns":6},{"damage":31,"enemies":"Maw","floor":49,"turns":7},{"damage":74,"enemies":"IC_BLOCK_ARCHETYPE","floor":50,"turns":4}],"seed_played":"51901792037809361","potions_obtained":[{"floor":2,"key":"Weak Potion"},{"floor":3,"key":"Strength Potion"},{"floor":4,"key":"Fruit Juice"},{"floor":4,"key":"Slimebound:ThreeZeroPotion"},{"floor":15,"key":"BlessingOfTheForge"},{"floor":16,"key":"FearPotion"}],"is_trial":false,"path_per_floor":["R","M","M","?","M","M","T","$","E","T","?","M","$","?","M","B",null,"R","M","M","?","?","$","T","E","M","R","M","R","$","M","M","B",null,"R","M","?","$","?","?","T","R","M","M","M","R","M","E","M","B"],"character_chosen":"THE_AUTOMATON","items_purchased":["bronze:Flail","DollysMirror","Torii","Akabeko","bronze:FineTuning","Membership Card","bronze:CableSpool","bronze:Optimize","bronze:FineTuning","Blood Vial","Bag of Marbles"],"campfire_rested":1,"item_purchase_floors":[13,13,23,23,23,30,30,38,38,38,38],"current_hp_per_floor":[70,67,66,71,64,64,64,62,43,43,43,43,43,43,35,4,75,75,75,75,75,61,63,63,65,67,77,78,78,78,78,80,71,97,97,73,73,73,76,76,76,99,100,103,97,97,101,91,64,0,0],"gold":195,"neow_bonus":"UPGRADE_CARD","is_daily":false,"chose_seed":false,"campfire_upgraded":5,"win_rate":0.0,"timestamp":1611032303,"path_taken":["R","M","M","?","?","?","T","$","E","?","?","M","$","?","M","BOSS","R","M","M","?","?","$","T","E","M","R","M","R","?","M","M","BOSS","R","M","?","$","?","?","T","R","?","M","?","R","M","E","M","BOSS"],"items_purchased_type":["Card","Relic","Relic","Relic","Card","Relic","Relic","Card","Card","Relic","Relic"],"build_version":"2020-12-22","purchased_purges":0,"victory":false,"max_hp_per_floor":[70,70,70,75,75,75,75,75,75,75,75,75,75,75,75,75,75,75,75,75,75,75,77,77,79,81,91,93,93,93,95,97,97,97,97,97,97,97,99,99,99,99,101,103,103,103,105,107,109,109,109],"card_choices":[{"not_picked":["bronze:Shell","bronze:Overheat"],"picked":"bronze:ChosenStrike","floor":2},{"not_picked":["bronze:DelayedGuard","bronze:ForLoop"],"picked":"bronze:DelayedSlice","floor":3},{"not_picked":["bronze:NullPointer","bronze:Shell"],"picked":"bronze:Boost","floor":5},{"not_picked":["bronze:ChosenStrike","bronze:DelayedGuard"],"picked":"bronze:FineTuning","floor":6},{"not_picked":["bronze:Fortify","bronze:FollowUp"],"picked":"bronze:Virus","floor":8},{"not_picked":["bronze:DarkDash","bronze:Deprecate","bronze:Invalidate"],"picked":"SKIP","floor":9},{"not_picked":["bronze:Frontload","bronze:WildBeam"],"picked":"bronze:FineTuning","floor":12},{"not_picked":["bronze:BronzeOrb","bronze:BitShift"],"picked":"bronze:CloningBeam","floor":13},{"not_picked":["bronze:Branch","bronze:ItsAFeature"],"picked":"bronze:CutThrough","floor":15},{"not_picked":["bronze:HardenedForm","bronze:AlphaBuild"],"picked":"bronze:Format","floor":16},{"not_picked":["bronze:ClassDefault","bronze:OilSpill"],"picked":"bronze:Frontload+1","floor":19},{"not_picked":["bronze:Deprecate+1","bronze:NullPointer+1","bronze:WildBeam+1"],"picked":"SKIP","floor":20},{"not_picked":["bronze:DelayedGuard","bronze:BugBarrage+1"],"picked":"bronze:Iterate+1","floor":21},{"not_picked":["bronze:DarkDash","bronze:RecursiveStrike","bronze:Iterate"],"picked":"Singing Bowl","floor":23},{"not_picked":["bronze:BronzeOrb+1","bronze:FindAndReplace","bronze:Deprecate"],"picked":"Singing Bowl","floor":25},{"not_picked":["bronze:Deprecate+1","bronze:GetLatest+1","bronze:Iterate"],"picked":"Singing Bowl","floor":26},{"not_picked":["bronze:GetLatest","bronze:BronzeArmor","bronze:Turbo"],"picked":"Singing Bowl","floor":28},{"not_picked":["bronze:Iterate","bronze:Shield","bronze:BugBarrage"],"picked":"Singing Bowl","floor":31},{"not_picked":["bronze:ItsAFeature","bronze:ForceShield","bronze:Invalidate+1"],"picked":"Singing Bowl","floor":32},{"not_picked":["bronze:Assembly","bronze:ThunderWave"],"picked":"bronze:Verify","floor":33},{"not_picked":["bronze:Shell+1","bronze:Branch"],"picked":"bronze:Fortify+1","floor":36},{"not_picked":["bronze:BronzeOrb+1","bronze:NullPointer+1","bronze:Deprecate"],"picked":"Singing Bowl","floor":39},{"not_picked":["bronze:OilSpill+1","bronze:DarkDash","bronze:NullPointer"],"picked":"Singing Bowl","floor":43},{"not_picked":["bronze:Return+1","bronze:WildBeam+1","bronze:Invalidate"],"picked":"Singing Bowl","floor":44},{"not_picked":["bronze:DelayedGuard","bronze:ChildClass"],"picked":"bronze:AlphaBuild","floor":45},{"not_picked":["bronze:Deprecate+1","bronze:BronzeArmor+1","bronze:Backtrace"],"picked":"Singing Bowl","floor":47},{"not_picked":["bronze:Flail+1","bronze:Boost","bronze:Shell+1"],"picked":"Singing Bowl","floor":48},{"not_picked":["bronze:FineTuning","bronze:Boost","bronze:BugBarrage+1"],"picked":"Singing Bowl","floor":49}],"player_experience":2006302,"relics_obtained":[{"floor":7,"key":"PreservedInsect"},{"floor":9,"key":"HornCleat"},{"floor":10,"key":"Happy Flower"},{"floor":21,"key":"Dead Branch"},{"floor":21,"key":"Singing Bowl"},{"floor":25,"key":"Old Coin"},{"floor":39,"key":"Ginger"},{"floor":41,"key":"bronze:ProtectiveGoggles"},{"floor":48,"key":"Art of War"}],"event_choices":[{"damage_healed":0,"gold_gain":0,"player_choice":"Got Potions","damage_taken":0,"max_hp_gain":0,"max_hp_loss":0,"event_name":"Lab","floor":4,"gold_loss":0},{"damage_healed":0,"gold_gain":0,"player_choice":"Ignored","damage_taken":0,"max_hp_gain":0,"max_hp_loss":0,"event_name":"Mysterious Sphere","floor":37,"gold_loss":0}],"is_beta":false,"boss_relics":[{"not_picked":["Busted Crown","Runic Pyramid"],"picked":"Sozu"},{"not_picked":["Black Star","Philosopher\u0027s Stone"],"picked":"Astrolabe"}],"items_purged_floors":[],"is_endless":false,"potions_floor_spawned":[2,3,9,15,16,19,25,26,28,32,33,39,43,45,49],"killed_by":"IC_BLOCK_ARCHETYPE","ascension_level":0}}