{"host":"nbmmy2ys5j9alw05","time":1611048027,"event":{"mods":["AchievementEnabler","BaseMod","Bestiary","Better Vampires","Colored Map","Colored Powertips","Googly Eyes","Minty Spire (QoL Compilation)","Quick Restart","StSLib","The Hierophant","The IronCluck","everything is the same but u backflip on backflip"],"gold_per_floor":[116,125,123,73,148,148,172,172,172,68,91,91,91,91,91,52,52],"floor_reached":16,"language":"ENG","playtime":506,"items_purged":[],"score":101,"play_id":"3b8ad360-ad55-4ee9-af30-46b243ed2dea","local_time":"20210119012027","is_ascension_mode":true,"campfire_choices":[{"data":"hierophant:FlamingChariot","floor":6,"key":"SMITH"},{"data":"Madness","floor":8,"key":"SMITH"},{"data":"hierophant:CursedGold","floor":12,"key":"SMITH"},{"data":"hierophant:Remorse","floor":15,"key":"SMITH"}],"circlet_count":0,"master_deck":["hierophant:Strike_Hierophant","hierophant:Strike_Hierophant","hierophant:Punish","hierophant:Defend_Hierophant","hierophant:Defend_Hierophant","hierophant:Defend_Hierophant","hierophant:Defend_Hierophant","hierophant:ChurchCoffers","Madness+1","hierophant:FlamingChariot+1","hierophant:AuricBeam","hierophant:Doubloon","hierophant:Remorse+1","hierophant:CursedGold+1","hierophant:Doubloon","hierophant:ThreeLashes"],"relics":["hierophant:PropheticMaskRelic","Sundial","Darkstone Periapt","Ancient Tea Set","Juzu Bracelet"],"acts_visited":["Exordium"],"potions_floor_usage":[],"damage_taken":[{"damage":0,"enemies":"Small Slimes","floor":1,"turns":3},{"damage":3,"enemies":"Jaw Worm","floor":2,"turns":3},{"damage":1,"enemies":"2 Louse","floor":3,"turns":3},{"damage":17,"enemies":"Gremlin Nob","floor":7,"turns":4},{"damage":44,"enemies":"Hexaghost","floor":16,"turns":9}],"seed_played":"2401915383316442459","potions_obtained":[{"floor":1,"key":"SteroidPotion"}],"is_trial":false,"path_per_floor":["M","M","M","?","?","R","E","R","T","$","T","R","?","?","R","B"],"character_chosen":"HIEROPHANT","items_purchased":["hierophant:CursedGold","hierophant:ThreeLashes"],"campfire_rested":0,"item_purchase_floors":[10,10],"current_hp_per_floor":[75,72,71,71,60,60,43,43,43,43,43,43,43,43,43,0,0],"gold":52,"neow_bonus":"RANDOM_COLORLESS","is_daily":false,"chose_seed":false,"campfire_upgraded":4,"win_rate":0.0,"timestamp":1611048027,"path_taken":["M","M","M","?","?","R","E","R","T","$","?","R","?","?","R","BOSS"],"items_purchased_type":["Card","Card"],"build_version":"2020-12-22","purchased_purges":0,"victory":false,"max_hp_per_floor":[75,75,75,75,75,75,75,75,75,75,75,75,75,75,75,75,75],"card_choices":[{"not_picked":["Panacea","Impatience"],"picked":"Madness","floor":0},{"not_picked":["hierophant:Encroach","hierophant:Sermon"],"picked":"hierophant:FlamingChariot","floor":1},{"not_picked":["hierophant:Remorse","hierophant:Smite"],"picked":"hierophant:AuricBeam","floor":2},{"not_picked":["hierophant:RepressedViolence","hierophant:DisplayOfPower"],"picked":"hierophant:Remorse","floor":3},{"not_picked":["hierophant:AuricBeam","hierophant:Flagellation","hierophant:TollTheBells"],"picked":"SKIP","floor":7}],"player_experience":467420,"relics_obtained":[{"floor":7,"key":"Sundial"},{"floor":9,"key":"Darkstone Periapt"},{"floor":11,"key":"Ancient Tea Set"}],"event_choices":[{"cards_removed":["hierophant:Strike_Hierophant"],"damage_healed":0,"gold_gain":0,"player_choice":"Card Removal","damage_taken":0,"max_hp_gain":0,"max_hp_loss":0,"event_name":"The Cleric","floor":4,"gold_loss":50},{"damage_healed":0,"gold_gain":75,"player_choice":"Gather Gold","damage_taken":11,"max_hp_gain":0,"max_hp_loss":0,"event_name":"World of Goop","floor":5,"gold_loss":0},{"cards_removed":["hierophant:Strike_Hierophant"],"damage_healed":0,"gold_gain":0,"player_choice":"Forget","damage_taken":0,"max_hp_gain":0,"max_hp_loss":0,"event_name":"Living Wall","floor":13,"gold_loss":0},{"damage_healed":0,"gold_gain":0,"player_choice":"Searched \u00271\u0027 times","damage_taken":0,"relics_obtained":["Juzu Bracelet"],"max_hp_gain":0,"max_hp_loss":0,"event_name":"Dead Adventurer","floor":14,"gold_loss":0}],"is_beta":false,"boss_relics":[],"items_purged_floors":[],"is_endless":false,"potions_floor_spawned":[1],"killed_by":"Hexaghost","ascension_level":1}}