{"host":"jgqxb38yl0c1w101","time":1611031445,"event":{"mods":["2.2 Compatiblity","AchievementEnabler","BaseMod","Colored Map","Downfall","Hermit","Hubris","Minty Spire (QoL Compilation)","StSLib"],"gold_per_floor":[99,111,127,127,143,178,178,194,220,234,250,283,283,418,432,536,536,336,354,374,393,409,409,409,309,337,337,349,374,390,422,438,438,438,438],"floor_reached":33,"language":"ENG","playtime":2462,"items_purged":[],"score":442,"play_id":"3a17c49d-e8a2-4f2d-a723-15ea356065ec","local_time":"20210118234405","is_ascension_mode":true,"campfire_choices":[{"floor":1,"key":"RECALL"},{"data":"champ:StrikeOfGenius","floor":18,"key":"SMITH"},{"data":"champ:ArenaPreparation","floor":25,"key":"SMITH"}],"circlet_count":0,"master_deck":["champ:Strike","champ:Strike","champ:Strike","champ:Defend","champ:Defend","champ:Defend","champ:Execute","champ:Taunt","champ:PreciseThrust","champ:Duel","champ:FancyFootwork","champ:ShieldWall","champ:Haymaker","champ:ArenaPreparation+1","champ:CrookedStrike+1","champ:BladeFlurry+1","champ:StanceDance","champ:FaceSlap+1","champ:Backstep","champ:StrikeOfGenius+1","champ:EnchantCrown","CurseOfTheBell","champ:MurderStrike+1","champ:PerfectedStrike+1","champ:SwordSigil","J.A.X.","champ:ArenaPreparation","champ:BladeFlurry+1","champ:TripleStrike+1","champ:FanOfKnives+1","champ:ViciousMockery+1","champ:RapidStrikes+1"],"relics":["champ:ChampionCrown","hubris:SphereOfDissonance","Molten Egg 2","Blood Vial","hubris:MysteriousPyramids","hubris:Icosahedron","hubris:DeckOfHolding","Calling Bell","Oddly Smooth Stone","Ice Cream","hubris:Reverence","downfall:HeartBlessingRed","downfall:HeartBlessingGreen","downfall:HeartBlessingBlue","Sundial","Mummified Hand","Omamori"],"acts_visited":["Exordium","TheCity"],"potions_floor_usage":[6,12,15,22,29,30,31,32,33,33],"damage_taken":[{"damage":12,"enemies":"Jaw Worm","floor":2,"turns":4},{"damage":10,"enemies":"Small Slimes","floor":3,"turns":3},{"damage":0,"enemies":"2 Louse","floor":5,"turns":1},{"damage":40,"enemies":"Gremlin Nob","floor":6,"turns":5},{"damage":13,"enemies":"Blue Slaver","floor":8,"turns":3},{"damage":33,"enemies":"Lagavulin","floor":9,"turns":6},{"damage":31,"enemies":"Gremlin Gang","floor":10,"turns":4},{"damage":26,"enemies":"Exordium Wildlife","floor":11,"turns":4},{"damage":0,"enemies":"Gremlin Nob","floor":12,"turns":2},{"damage":30,"enemies":"3 Sentries","floor":14,"turns":5},{"damage":10,"enemies":"Gremlin Gang","floor":15,"turns":3},{"damage":21,"enemies":"IC_STATUS_ARCHETYPE","floor":16,"turns":5},{"damage":0,"enemies":"Shell Parasite","floor":19,"turns":2},{"damage":27,"enemies":"Sentry and Sphere","floor":20,"turns":5},{"damage":5,"enemies":"Shelled Parasite and Fungi","floor":21,"turns":3},{"damage":32,"enemies":"Chosen and Byrds","floor":22,"turns":3},{"damage":52,"enemies":"Book of Stabbing","floor":26,"turns":4},{"damage":32,"enemies":"Sentry and Sphere","floor":28,"turns":4},{"damage":11,"enemies":"Gremlin Leader","floor":29,"turns":3},{"damage":10,"enemies":"Snecko","floor":30,"turns":3},{"damage":23,"enemies":"Slavers","floor":31,"turns":4},{"damage":8,"enemies":"Cultist and Chosen","floor":32,"turns":3},{"damage":5,"enemies":"DF_ARCHETYPE_CLAW","floor":33,"turns":3}],"seed_played":"-7545887760442375520","potions_obtained":[{"floor":3,"key":"SkillPotion"},{"floor":5,"key":"Ancient Potion"},{"floor":6,"key":"Fire Potion"},{"floor":8,"key":"Fire Potion"},{"floor":14,"key":"SkillPotion"},{"floor":20,"key":"Explosive Potion"},{"floor":26,"key":"EssenceOfSteel"},{"floor":30,"key":"AttackPotion"},{"floor":31,"key":"ColorlessPotion"},{"floor":32,"key":"PowerPotion"}],"is_trial":false,"path_per_floor":["R","M","M","?","M","E","T","M","E","M","M","E","?","E","M","B",null,"R","M","M","M","M","?","T","R","E","?","M","E","M","E","M","B"],"character_chosen":"THE_CHAMP","items_purchased":[],"campfire_rested":0,"item_purchase_floors":[],"current_hp_per_floor":[90,88,88,88,88,68,68,65,57,53,54,56,56,38,40,26,90,90,90,68,65,55,55,55,65,50,50,30,21,23,7,1,0,0,0],"gold":438,"neow_bonus":"THREE_CARDS","is_daily":false,"chose_seed":false,"campfire_upgraded":2,"win_rate":0.0,"timestamp":1611031445,"path_taken":["R","M","M","?","M","E","T","M","E","M","M","E","?","E","M","BOSS","R","M","M","M","M","?","T","R","E","?","?","E","M","E","M","BOSS"],"items_purchased_type":[],"build_version":"2020-12-22","purchased_purges":0,"victory":false,"max_hp_per_floor":[90,90,90,90,90,90,90,90,90,90,90,90,90,90,90,90,90,90,90,90,90,90,90,90,100,100,100,100,100,100,100,100,100,100,100],"card_choices":[{"not_picked":["champ:Backstep","champ:DeathBlow"],"picked":"champ:PreciseThrust","floor":0},{"not_picked":["champ:BerserkerStyle","champ:Circumvent"],"picked":"champ:Duel","floor":2},{"not_picked":["champ:BladeFlurry","champ:CrownThrow"],"picked":"champ:FancyFootwork","floor":3},{"not_picked":["champ:AdrenalArmor","champ:Shatter"],"picked":"champ:ShieldWall","floor":5},{"not_picked":["champ:FanOfKnives","champ:FancyFootwork"],"picked":"champ:Haymaker","floor":6},{"not_picked":["champ:RapidStrikes+1","champ:LastStand"],"picked":"champ:ArenaPreparation","floor":8},{"not_picked":["champ:DefensiveShout","champ:BerserkersShout"],"picked":"champ:CrookedStrike+1","floor":9},{"not_picked":["champ:FlashCut+1","champ:EnragedBash+1"],"picked":"champ:BladeFlurry+1","floor":10},{"not_picked":["champ:DefensiveShout","champ:FalseCounter"],"picked":"champ:StanceDance","floor":11},{"not_picked":["champ:GladiatorStyle","champ:RapidStrikes+1"],"picked":"champ:FaceSlap+1","floor":12},{"not_picked":["champ:SetATrap","champ:Circumvent"],"picked":"champ:Backstep","floor":14},{"not_picked":["champ:EnGarde","champ:FanOfKnives+1"],"picked":"champ:StrikeOfGenius","floor":15},{"not_picked":["champ:SwordThrow+1","champ:Improvising"],"picked":"champ:EnchantCrown","floor":16},{"not_picked":["champ:ShieldSigil+1","champ:FaceSlap+1"],"picked":"champ:MurderStrike+1","floor":19},{"not_picked":["champ:RapidStrikes+1","champ:HeartStrike+1"],"picked":"champ:PerfectedStrike+1","floor":20},{"not_picked":["champ:CrownThrow+1","champ:BringItOn","champ:IronFortress+1"],"picked":"SKIP","floor":21},{"not_picked":["champ:CrownThrow+1","champ:ShieldSigil+1"],"picked":"champ:SwordSigil","floor":22},{"not_picked":["champ:IronFortress","champ:Circumvent+1"],"picked":"champ:ArenaPreparation","floor":26},{"not_picked":["champ:DefensiveShout","champ:ViciousMockery"],"picked":"champ:TripleStrike+1","floor":28},{"not_picked":["champ:Duel+1","champ:EnGarde","champ:BerserkerStyle"],"picked":"SKIP","floor":29},{"not_picked":["champ:ShieldWall","champ:BerserkersShout"],"picked":"champ:FanOfKnives+1","floor":30},{"not_picked":["champ:Haymaker+1","champ:BladeFlurry+1"],"picked":"champ:ViciousMockery+1","floor":31},{"not_picked":["champ:Lariat","champ:HeartStrike+1"],"picked":"champ:RapidStrikes+1","floor":32}],"player_experience":181585,"relics_obtained":[{"floor":6,"key":"hubris:SphereOfDissonance"},{"floor":7,"key":"Molten Egg 2"},{"floor":9,"key":"Blood Vial"},{"floor":12,"key":"hubris:MysteriousPyramids"},{"floor":14,"key":"hubris:DeckOfHolding"},{"floor":17,"key":"Oddly Smooth Stone"},{"floor":17,"key":"Ice Cream"},{"floor":17,"key":"hubris:Reverence"},{"floor":26,"key":"Sundial"},{"floor":29,"key":"Mummified Hand"},{"floor":31,"key":"Omamori"}],"event_choices":[{"damage_healed":0,"gold_gain":0,"player_choice":"Obtain J.A.X.","damage_taken":0,"max_hp_gain":0,"max_hp_loss":0,"event_name":"Drug Dealer","floor":23,"gold_loss":0,"cards_obtained":["J.A.X."]}],"is_beta":false,"boss_relics":[{"not_picked":["Snecko Eye","Velvet Choker"],"picked":"Calling Bell"}],"items_purged_floors":[],"is_endless":false,"potions_floor_spawned":[3,5,6,8,14,20,26,30,31,32],"killed_by":"DF_ARCHETYPE_CLAW","ascension_level":4}}