{"host":"rnys9sj607vajavv","time":1611053585,"event":{"mods":["BaseMod","Colored Map","Downfall","Minty Spire (QoL Compilation)","StSLib"],"gold_per_floor":[99,113,58,58,43,59,59,87,97,115,15,28,28,46,60,60,60],"floor_reached":16,"language":"ENG","playtime":1363,"items_purged":[],"score":104,"play_id":"8d653d34-e228-44d1-aa91-97b907a27011","local_time":"20210119025305","is_ascension_mode":false,"campfire_choices":[{"data":"bronze:Goto","floor":1,"key":"SMITH"},{"data":"bronze:ClassDefault","floor":11,"key":"SMITH"},{"data":"bronze:Fortify","floor":13,"key":"SMITH"}],"circlet_count":0,"master_deck":["bronze:Strike","bronze:Strike","bronze:Strike","bronze:Strike","bronze:Defend","bronze:Defend","bronze:Defend","bronze:Defend","bronze:Replicate","bronze:Goto+1","bronze:Frontload","bronze:Fortify+1","bronze:ChosenStrike","bronze:Return","bronze:ClassDefault+1","bronze:Branch"],"relics":["bronze:BronzeCore","Kunai","Ginger","downfall:HeartBlessingGreen"],"acts_visited":["Exordium"],"potions_floor_usage":[16],"damage_taken":[{"damage":1,"enemies":"Cultist","floor":2,"turns":3},{"damage":0,"enemies":"downfall:FleeingMerchant","floor":3,"turns":4},{"damage":10,"enemies":"downfall:FleeingMerchant","floor":5,"turns":4},{"damage":14,"enemies":"Jaw Worm","floor":6,"turns":4},{"damage":6,"enemies":"3 Sentries","floor":8,"turns":12},{"damage":10,"enemies":"Small Slimes","floor":9,"turns":3},{"damage":12,"enemies":"Gremlin Gang","floor":10,"turns":5},{"damage":11,"enemies":"Large Slime","floor":12,"turns":8},{"damage":7,"enemies":"2 Fungi Beasts","floor":14,"turns":3},{"damage":2,"enemies":"Red Slaver","floor":15,"turns":3},{"damage":11,"enemies":"IC_STATUS_ARCHETYPE","floor":16,"turns":4}],"seed_played":"-4723139839103377213","potions_obtained":[{"floor":2,"key":"hexamod:SoulburnPotion"},{"floor":6,"key":"sneckomod:MuddlingPotion"},{"floor":10,"key":"bronze:FreeFunctionsPotion"},{"floor":14,"key":"LiquidBronze"}],"is_trial":false,"path_per_floor":["R","M","$","?","$","M","T","E","M","M","R","M","R","M","M","B"],"character_chosen":"THE_AUTOMATON","items_purchased":["bronze:Fortify"],"campfire_rested":0,"item_purchase_floors":[3],"current_hp_per_floor":[77,76,76,81,71,57,57,51,41,29,29,18,18,11,9,0,0],"gold":60,"neow_bonus":"TEN_PERCENT_HP_BONUS","is_daily":false,"chose_seed":false,"campfire_upgraded":3,"win_rate":0.0,"timestamp":1611053585,"path_taken":["R","M","?","?","$","M","T","E","M","M","R","M","R","M","M","BOSS"],"items_purchased_type":["Card"],"build_version":"2020-12-22","purchased_purges":0,"victory":false,"max_hp_per_floor":[77,77,77,82,82,82,82,82,82,82,82,82,82,82,82,82,82],"card_choices":[{"not_picked":["bronze:ForceShield","bronze:Iterate"],"picked":"bronze:Frontload","floor":2},{"not_picked":["bronze:Backtrace","bronze:Deprecate","bronze:ForceShield"],"picked":"SKIP","floor":3},{"not_picked":["bronze:Deprecate","bronze:FineTuning"],"picked":"bronze:ChosenStrike","floor":5},{"not_picked":["bronze:ForceShield","bronze:GetLatest"],"picked":"bronze:Return","floor":6},{"not_picked":["bronze:BugBarrage","bronze:MaxOutput","bronze:BurnOut"],"picked":"SKIP","floor":8},{"not_picked":["bronze:BugBarrage","bronze:DigitalCarnage","bronze:BuggyMess"],"picked":"SKIP","floor":9},{"not_picked":["bronze:Frontload","bronze:BuggyMess"],"picked":"bronze:ClassDefault","floor":10},{"not_picked":["bronze:Safeguard","bronze:Boost"],"picked":"bronze:Branch","floor":12},{"not_picked":["bronze:Invalidate","bronze:Deprecate","bronze:Verify"],"picked":"SKIP","floor":14},{"not_picked":["bronze:Overload","bronze:Overheat","bronze:Frontload"],"picked":"SKIP","floor":15}],"player_experience":665407,"relics_obtained":[{"floor":7,"key":"Kunai"},{"floor":8,"key":"Ginger"}],"event_choices":[{"damage_healed":0,"gold_gain":0,"player_choice":"Donut","damage_taken":0,"max_hp_gain":5,"max_hp_loss":0,"event_name":"Big Fish","floor":4,"gold_loss":0}],"is_beta":false,"boss_relics":[],"items_purged_floors":[],"is_endless":false,"potions_floor_spawned":[2,6,10,12,14],"killed_by":"IC_STATUS_ARCHETYPE","ascension_level":0}}