{"host":"obplhmlw33xb91v8","time":1611081470,"event":{"mods":["BaseMod","Block Reminder","Curses Come First","Evolution","Minty Spire (QoL Compilation)","Quick Restart","Relic Stats","Spicy Shops","StSLib","Uncapped","Waifu the Spire","slay the spire mod where everything is the same but ironclad has a cowboy hat"],"gold_per_floor":[115,290,290,7,27,60,74,110,188,219,219,254,254,278,278,406,406,419,453,67,67,83,119,119,159,159,159,200,200,214,239,239,359,359,378,378,378,18,32,66,82,118,145,186,186,219,233,233,233,233],"floor_reached":51,"language":"ENG","playtime":1739,"items_purged":["Doubt"],"score":1182,"play_id":"55db9fab-e6ed-4999-94c2-48d40e51b253","local_time":"20210119133750","is_ascension_mode":true,"campfire_choices":[{"floor":11,"key":"REST"},{"floor":15,"key":"REST"},{"floor":24,"key":"REST"},{"data":"1","floor":27,"key":"LIFT"},{"data":"2","floor":29,"key":"LIFT"},{"floor":32,"key":"REST"},{"floor":49,"key":"REST"}],"circlet_count":0,"master_deck":["Wild Strike","Wild Strike","Wild Strike","Wild Strike","Wild Strike","True Grit","True Grit","True Grit","Bash","Hemokinesis","Metallicize","Cleave","Flex","Twin Strike","Clothesline","Pommel Strike","Reaper","Flame Barrier","Demon Form","CurseOfTheBell","Dual Wield","Cleave","Reaper","Immolate","Bloodletting","Corruption","Disarm","Flex","Seeing Red","Sword Boomerang","Double Tap","Whirlwind","Seeing Red+1","Shrug It Off+1","Exhume","Pummel+1","Apotheosis"],"relics":["EVO:Axolotl","Fusion Hammer","Golden Idol","Bag of Marbles","Du-Vu Doll","Toy Ornithopter","Meat on the Bone","Odd Mushroom","Mercury Hourglass","Calling Bell","Lantern","Darkstone Periapt","Charon\u0027s Ashes","Red Mask","TungstenRod","Champion Belt","Girya","Paper Frog","Nunchaku","Mark of Pain","The Courier","PreservedInsect","Medical Kit","MealTicket","Pocketwatch","Unceasing Top","Bronze Scales","Happy Flower","Blue Candle"],"acts_visited":["Exordium","TheCity","TheBeyond"],"potions_floor_usage":[12,23,25,50],"damage_taken":[{"damage":0,"enemies":"2 Louse","floor":1,"turns":2},{"damage":0,"enemies":"Small Slimes","floor":5,"turns":2},{"damage":13,"enemies":"Gremlin Nob","floor":6,"turns":3},{"damage":0,"enemies":"Jaw Worm","floor":7,"turns":2},{"damage":16,"enemies":"3 Sentries","floor":8,"turns":6},{"damage":10,"enemies":"The Mushroom Lair","floor":10,"turns":3},{"damage":21,"enemies":"Lagavulin","floor":12,"turns":4},{"damage":6,"enemies":"Red Slaver","floor":14,"turns":3},{"damage":67,"enemies":"The Guardian","floor":16,"turns":8},{"damage":19,"enemies":"Shell Parasite","floor":18,"turns":4},{"damage":14,"enemies":"Masked Bandits","floor":19,"turns":3},{"damage":0,"enemies":"Chosen","floor":22,"turns":2},{"damage":9,"enemies":"Slavers","floor":23,"turns":2},{"damage":39,"enemies":"Book of Stabbing","floor":25,"turns":5},{"damage":9,"enemies":"Gremlin Leader","floor":28,"turns":2},{"damage":2,"enemies":"3 Cultists","floor":30,"turns":3},{"damage":5,"enemies":"Snake Plant","floor":31,"turns":3},{"damage":51,"enemies":"Collector","floor":33,"turns":7},{"damage":7,"enemies":"Orb Walker","floor":35,"turns":3},{"damage":10,"enemies":"3 Shapes","floor":39,"turns":2},{"damage":35,"enemies":"Giant Head","floor":40,"turns":6},{"damage":9,"enemies":"Maw","floor":41,"turns":6},{"damage":16,"enemies":"Nemesis","floor":42,"turns":3},{"damage":1,"enemies":"Reptomancer","floor":44,"turns":2},{"damage":0,"enemies":"Nemesis","floor":46,"turns":1},{"damage":15,"enemies":"Writhing Mass","floor":47,"turns":3},{"damage":71,"enemies":"Time Eater","floor":50,"turns":8}],"seed_played":"4431078587579775169","potions_obtained":[{"floor":1,"key":"SneckoOil"},{"floor":7,"key":"FairyPotion"},{"floor":8,"key":"ElixirPotion"},{"floor":10,"key":"Explosive Potion"},{"floor":23,"key":"LiquidBronze"},{"floor":28,"key":"Strength Potion"},{"floor":30,"key":"GamblersBrew"}],"is_trial":false,"path_per_floor":["M","?","?","$","M","E","M","E","T","?","R","E","?","M","R","B",null,"M","?","$","?","M","E","R","E","T","R","E","R","M","M","R","B",null,"M","T","?","$","M","E","M","E","T","E","?","E","M","?","R","B",null],"character_chosen":"IRONCLAD","items_purchased":["Bag of Marbles","Metallicize","TungstenRod","Reaper","PreservedInsect","Medical Kit","MealTicket"],"campfire_rested":5,"item_purchase_floors":[4,4,20,20,38,38,38],"current_hp_per_floor":[80,80,74,74,74,61,61,45,45,47,69,53,53,53,74,19,74,61,54,54,54,54,50,72,42,42,42,45,45,43,43,65,37,74,67,67,67,67,57,50,58,42,42,65,65,65,55,55,70,26],"gold":233,"neow_bonus":"BOSS_RELIC","is_daily":false,"chose_seed":false,"campfire_upgraded":0,"win_rate":0.0,"timestamp":1611081470,"path_taken":["M","?","?","$","M","E","M","E","T","?","R","E","?","M","R","BOSS","M","?","$","?","M","E","R","E","T","R","E","R","M","M","R","BOSS","M","?","?","$","?","E","M","E","T","E","?","E","M","?","R","BOSS"],"items_purchased_type":["Relic","Card","Relic","Card","Relic","Relic","Relic"],"build_version":"2020-12-22","purchased_purges":1,"victory":true,"max_hp_per_floor":[80,80,74,74,74,74,74,74,74,74,74,74,74,74,74,74,74,74,74,74,74,74,74,74,74,74,74,74,74,74,74,74,74,74,74,74,74,74,74,74,74,74,74,74,70,70,70,70,70,70],"relic_stats":{"Darkstone Periapt":0,"Happy Flower":[4],"counters":[27,98],"Golden Idol":200,"Blue Candle":[1],"Charon\u0027s Ashes":[238],"PreservedInsect":278,"Medical Kit":[14],"Mercury Hourglass":[268],"Nunchaku":[10],"Bronze Scales":[30],"MealTicket":0,"Champion Belt":[27],"obtain_stats":[{"Darkstone Periapt":17,"Lantern":17,"EVO:Axolotl":0,"Burning Blood":0,"Nunchaku":28,"MealTicket":38,"Fusion Hammer":0,"Red Mask":19,"Paper Frog":26,"Girya":25,"Happy Flower":44,"Golden Idol":3,"Blue Candle":46,"Charon\u0027s Ashes":17,"The Courier":36,"PreservedInsect":38,"Odd Mushroom":10,"Medical Kit":38,"Mercury Hourglass":12,"Du-Vu Doll":6,"Calling Bell":17,"Bronze Scales":43,"Mark of Pain":34,"Bag of Marbles":4,"Champion Belt":23,"Toy Ornithopter":8,"TungstenRod":20,"Unceasing Top":42,"Meat on the Bone":9,"Pocketwatch":40},{"Darkstone Periapt":9,"Lantern":9,"EVO:Axolotl":0,"Burning Blood":0,"Nunchaku":15,"MealTicket":19,"Fusion Hammer":0,"Red Mask":11,"Paper Frog":14,"Girya":14,"Happy Flower":24,"Golden Idol":1,"Blue Candle":25,"Charon\u0027s Ashes":9,"The Courier":19,"PreservedInsect":19,"Odd Mushroom":6,"Medical Kit":19,"Mercury Hourglass":7,"Du-Vu Doll":3,"Calling Bell":9,"Bronze Scales":23,"Mark of Pain":18,"Bag of Marbles":1,"Champion Belt":13,"Toy Ornithopter":5,"TungstenRod":11,"Unceasing Top":23,"Meat on the Bone":5,"Pocketwatch":21},{"Darkstone Periapt":33,"Lantern":33,"EVO:Axolotl":0,"Burning Blood":0,"Nunchaku":51,"MealTicket":67,"Fusion Hammer":0,"Red Mask":40,"Paper Frog":49,"Girya":49,"Happy Flower":86,"Golden Idol":2,"Blue Candle":87,"Charon\u0027s Ashes":33,"The Courier":67,"PreservedInsect":67,"Odd Mushroom":18,"Medical Kit":67,"Mercury Hourglass":22,"Du-Vu Doll":7,"Calling Bell":33,"Bronze Scales":84,"Mark of Pain":64,"Bag of Marbles":2,"Champion Belt":44,"Toy Ornithopter":15,"TungstenRod":40,"Unceasing Top":84,"Meat on the Bone":15,"Pocketwatch":75}],"Toy Ornithopter":20,"TungstenRod":59,"Unceasing Top":[16],"Meat on the Bone":60,"Pocketwatch":[6]},"card_choices":[{"not_picked":["Warcry","Battle Trance"],"picked":"Hemokinesis","floor":1},{"not_picked":["Clothesline","Havoc"],"picked":"Cleave","floor":5},{"not_picked":["Cleave","Entrench"],"picked":"Flex","floor":6},{"not_picked":["Havoc","Iron Wave"],"picked":"Twin Strike","floor":7},{"not_picked":["Searing Blow","Ghostly Armor"],"picked":"Clothesline","floor":8},{"not_picked":["True Grit","Reckless Charge"],"picked":"Pommel Strike","floor":10},{"not_picked":["Sword Boomerang","Rampage"],"picked":"Reaper","floor":12},{"not_picked":["Clothesline","Shrug It Off","Havoc"],"picked":"SKIP","floor":14},{"not_picked":["Bludgeon","Berserk"],"picked":"Demon Form","floor":16},{"not_picked":["Flame Barrier","Burning Pact"],"picked":"Dual Wield","floor":18},{"not_picked":["Havoc","Pommel Strike"],"picked":"Cleave","floor":19},{"not_picked":["Ghostly Armor+1","True Grit+1"],"picked":"Bloodletting","floor":22},{"not_picked":["Disarm","Warcry"],"picked":"Corruption","floor":23},{"not_picked":["Flex","Havoc"],"picked":"Disarm","floor":25},{"not_picked":["Sever Soul","True Grit"],"picked":"Flex","floor":28},{"not_picked":["Second Wind","Metallicize"],"picked":"Seeing Red","floor":30},{"not_picked":["Pommel Strike","Clash"],"picked":"Sword Boomerang","floor":31},{"not_picked":["Corruption","Reaper"],"picked":"Double Tap","floor":33},{"not_picked":["Headbutt+1","Disarm+1"],"picked":"Whirlwind","floor":35},{"not_picked":["True Grit","Cleave"],"picked":"Seeing Red+1","floor":39},{"not_picked":["Twin Strike+1","Sentinel+1","True Grit"],"picked":"SKIP","floor":40},{"not_picked":["Perfected Strike","True Grit"],"picked":"Shrug It Off+1","floor":41},{"not_picked":["Sword Boomerang","Rupture"],"picked":"Exhume","floor":42},{"not_picked":["Uppercut","Whirlwind"],"picked":"Pummel+1","floor":44},{"not_picked":["Sword Boomerang+1","Iron Wave+1","Shrug It Off"],"picked":"SKIP","floor":46},{"not_picked":["True Grit","Blood for Blood+1","Second Wind"],"picked":"SKIP","floor":47},{"not_picked":["Discovery","Madness"],"picked":"Apotheosis","floor":48}],"player_experience":205107,"relics_obtained":[{"floor":6,"key":"Du-Vu Doll"},{"floor":8,"key":"Toy Ornithopter"},{"floor":9,"key":"Meat on the Bone"},{"floor":10,"key":"Odd Mushroom"},{"floor":12,"key":"Mercury Hourglass"},{"floor":17,"key":"Lantern"},{"floor":17,"key":"Darkstone Periapt"},{"floor":17,"key":"Charon\u0027s Ashes"},{"floor":19,"key":"Red Mask"},{"floor":23,"key":"Champion Belt"},{"floor":25,"key":"Girya"},{"floor":26,"key":"Paper Frog"},{"floor":28,"key":"Nunchaku"},{"floor":36,"key":"The Courier"},{"floor":40,"key":"Pocketwatch"},{"floor":42,"key":"Unceasing Top"},{"floor":43,"key":"Bronze Scales"},{"floor":44,"key":"Happy Flower"},{"floor":46,"key":"Blue Candle"}],"event_choices":[{"damage_healed":0,"gold_gain":175,"player_choice":"AGREE","damage_taken":0,"max_hp_gain":0,"max_hp_loss":0,"event_name":"Liars Game","floor":2,"gold_loss":0,"cards_obtained":["Doubt"]},{"damage_healed":0,"gold_gain":0,"player_choice":"Lose Max HP","damage_taken":0,"relics_obtained":["Golden Idol"],"max_hp_gain":0,"max_hp_loss":6,"event_name":"Golden Idol","floor":3,"gold_loss":0},{"damage_healed":0,"gold_gain":0,"player_choice":"Fought Mushrooms","damage_taken":0,"max_hp_gain":0,"max_hp_loss":0,"event_name":"Mushrooms","floor":10,"gold_loss":0},{"damage_healed":0,"gold_gain":0,"cards_transformed":["True Grit"],"player_choice":"Change","damage_taken":0,"max_hp_gain":0,"max_hp_loss":0,"event_name":"Living Wall","floor":13,"gold_loss":0,"cards_obtained":["Flame Barrier"]},{"damage_healed":0,"gold_gain":0,"player_choice":"Fought Bandits","damage_taken":0,"max_hp_gain":0,"max_hp_loss":0,"event_name":"Masked Bandits","floor":19,"gold_loss":0},{"damage_healed":0,"gold_gain":0,"player_choice":"1 cards matched","damage_taken":0,"max_hp_gain":0,"max_hp_loss":0,"event_name":"Match and Keep!","floor":21,"gold_loss":0,"cards_obtained":["Immolate"]},{"damage_healed":0,"gold_gain":0,"player_choice":"Ignored","damage_taken":0,"max_hp_gain":0,"max_hp_loss":0,"event_name":"SecretPortal","floor":37,"gold_loss":0},{"damage_healed":0,"gold_gain":0,"player_choice":"Max HP","damage_taken":0,"max_hp_gain":0,"max_hp_loss":4,"event_name":"Winding Halls","floor":45,"gold_loss":0},{"damage_healed":0,"gold_gain":0,"player_choice":"Memory 1","damage_taken":0,"max_hp_gain":0,"max_hp_loss":0,"event_name":"SensoryStone","floor":48,"gold_loss":0}],"is_beta":false,"boss_relics":[{"not_picked":["Sozu","Tiny House"],"picked":"Calling Bell"},{"not_picked":["Pandora\u0027s Box","Busted Crown"],"picked":"Mark of Pain"}],"items_purged_floors":[4],"is_endless":false,"potions_floor_spawned":[1,7,8,10,23,28,30,35,39,42],"ascension_level":4}}