{"host":"7fyy23rucerupe6i","time":1611037474,"event":{"mods":["AchievementEnabler","Act Like it!","BaseMod","BetterRewards","Colored Map","Colored Powertips","Conspire","Custom Start","Downfall","Marisa£®ÏF”Í°°ƒß¿Ì…≥£©","Minty Spire (QoL Compilation)","Quick Restart","Shop Mod","Spicy Shops","StSLib","SuperFastMode","The Factory","The Jungle","UnlockEverythingMod"],"gold_per_floor":[111,123,154,154,1,30,30,30,30],"floor_reached":8,"language":"ZHS","playtime":311,"items_purged":[],"score":73,"play_id":"8a10618b-72d8-4b34-9b17-f4ab67cd31f0","local_time":"20210119142434","is_ascension_mode":true,"campfire_choices":[{"data":"EscapeVelocity","floor":7,"key":"SMITH"}],"circlet_count":0,"master_deck":["Strike_MRS","Strike_MRS","Strike_MRS","Strike_MRS","Defend_MRS","Defend_MRS","Defend_MRS","Defend_MRS","MasterSpark","UpSweep","StarlightTyphoon","MilkyWay","EarthLightRay","EscapeVelocity+1"],"relics":["MiniHakkero","hexamod:Sixitude","Strawberry","Membership Card","champ:DuelingGlove"],"acts_visited":["Exordium"],"potions_floor_usage":[8],"damage_taken":[{"damage":0,"enemies":"2 Louse","floor":1,"turns":2},{"damage":12,"enemies":"Small Slimes","floor":2,"turns":2},{"damage":24,"enemies":"conspire:MimicChest","floor":3,"turns":4},{"damage":30,"enemies":"Lagavulin","floor":6,"turns":7},{"damage":20,"enemies":"3 Sentries","floor":8,"turns":3}],"seed_played":"5216509759469748020","potions_obtained":[{"floor":3,"key":"PowerPotion"}],"is_trial":false,"path_per_floor":["M","M","?","?","$","E","R","E"],"character_chosen":"MARISA","items_purchased":["Membership Card"],"campfire_rested":0,"item_purchase_floors":[5],"current_hp_per_floor":[75,63,39,39,39,13,13,0,0],"gold":30,"neow_bonus":"TEN_PERCENT_HP_BONUS","is_daily":false,"chose_seed":false,"campfire_upgraded":1,"win_rate":0.0,"timestamp":1611037474,"path_taken":["M","M","?","?","$","E","R","E"],"items_purchased_type":["Relic"],"build_version":"2020-12-22","purchased_purges":0,"victory":false,"max_hp_per_floor":[82,82,82,89,89,89,89,89,89],"card_choices":[{"not_picked":["MysteriousBeam","PulseMagic"],"picked":"StarlightTyphoon","floor":1},{"not_picked":["LuminesStrike","UnstableBomb"],"picked":"MilkyWay","floor":2},{"not_picked":["LuminesStrike","GrandCross"],"picked":"EarthLightRay","floor":3},{"not_picked":["GrandCross","Singularity"],"picked":"EscapeVelocity","floor":6}],"player_experience":349442,"relics_obtained":[{"floor":3,"key":"hexamod:Sixitude"},{"floor":6,"key":"champ:DuelingGlove"}],"event_choices":[{"damage_healed":0,"gold_gain":0,"player_choice":"Success","damage_taken":7,"relics_obtained":["Strawberry"],"max_hp_gain":0,"max_hp_loss":0,"event_name":"Scrap Ooze","floor":4,"gold_loss":0}],"is_beta":false,"boss_relics":[],"items_purged_floors":[],"is_endless":false,"potions_floor_spawned":[3],"killed_by":"3 Sentries","ascension_level":7}}