{"host":"dn75ecfuf46shptz","time":1611075404,"event":{"mods":["AchievementEnabler","Arknights The Spire","BaseMod","Bestiary","Better Match","Better Note","Better Sensory Stone","Better Third Choice","Better Vampires","Card Forge","Colored Powertips","Custom Start","Defuse TimeMaze Blight","Displayed Cursed Tome","Ekko","Emptier Cage","Hermit","Highlight Path","Jorbs\u0027s Wanderer Trilogy","Minty Spire (QoL Compilation)","Potionbrewer","Rare Cards Sparkle","Relic Filter","Shade Mod","Spicy Shops","StSLib","The Blue Laboratory","The Disciple","The Dragon Tamer","The Hayseed","The Hierophant","The Judge","The Marked","The Mystic","The Necromancer","The Runesmith","The Valiant","TheFirefly","TheWitcher","Unceasing Turn Reminder"],"gold_per_floor":[251,36,36,198,352,524,589,664,688,769,848,928,991,1067,1067,1179,1179,1200,1210,667,561,588,623,649,687,687,739,381,406,436,458,458,560,560,576,593,608,319,594,630,667,709,735,760,787,818,852,877,877,882],"floor_reached":51,"language":"ENG","playtime":23785,"items_purged":[],"score":2015,"play_id":"438846dd-8229-4af2-b291-e84ec7760be6","local_time":"20210119105644","daily_mods":["Diverse","Flight","Elite Swarm"],"is_ascension_mode":false,"campfire_choices":[{"data":"SnafuTest:LeadingCharge+1","floor":15,"key":"PURGE"},{"floor":32,"key":"DIG"},{"floor":49,"key":"DIG"}],"circlet_count":0,"master_deck":["ekkoTheBoyWhoShatteredTime:BansheesVeil+1","ekkoTheBoyWhoShatteredTime:Unleashed+1","ekkoTheBoyWhoShatteredTime:Knowledge+1","SnafuTest:LastWish+1","SnafuTest:LastWish+1","SnafuTest:SpellGloemGuard+1","SnafuTest:PowerLadyOfLake+1","SnafuTest:PowerEquilibrium+1","thefirefly:CreateClone+1","thefirefly:CreateClone+1","thefirefly:CreateClone+1","thefirefly:Regeneration+1","thefirefly:ShieldGenerator+1","thefirefly:ShieldGenerator+1","thefirefly:Unburden+1","thefirefly:StoredPower+1","thefirefly:StoredPower+1","stsjorbsmod:Ritual+1","stsjorbsmod:OldBook+1","Grave+1","TheSimpletonMod:FlashPasteurize+1","TheSimpletonMod:SoilSample+1","ats:Thorns+1","ats:Roar Of Ursus+1","Life_Tap+1","Shade_Step+1","Spectral_Armor+1","Siphon_Strength+1","Siphon_Strength+1","Siphon_Strength+1","hierophant:ChurchCoffers+1","hierophant:Invocation+1","ArcaneHealing+1","Quickstep+1","FullAwakening+1","WordoMod:Rise+1","WordoMod:Resurrection+1","WordoMod:Resurrection+1","WordoMod:Resurrection+1","DTMod:Haste+1","DTMod:Adaptation+1","DTMod:Observe+1","DTMod:OpeningTactic+1","DTMod:BalancedStrike+1","hermit:Deadeye+1","hermit:Scavenge+1","hermit:TakeAim+1","hermit:Brawl+1","stsjorbsmod:SmithingStrike+1","stsjorbsmod:EnergyBulb+1","stsjorbsmod:Aid+1","stsjorbsmod:OldPocket+1","stsjorbsmod:Thorns+1","stsjorbsmod:Withdraw+1","stsjorbsmod:GatherPower+1","stsjorbsmod:OakLeaf+1","stsjorbsmod:ArcaneWeapon+1","stsjorbsmod:Prestidigitation+1","stsjorbsmod:FindFamiliar+1","Shade:Patience+1","Shade:SanguineRitual+1","Shade:SanguineRitual+1","Shade:ClawBack+1","Shade:ClawBack+1","Shade:ClawBack+1","Shade:ScuttlingHand+1","Shade:ScuttlingHand+1","Shade:UnbarTheGrave+1","Shade:UnbarTheGrave+1","Shade:UnbarTheGrave+1","Shade:UnbarTheGrave+1","potionbrewer:PotentialEnergy+1","potionbrewer:IronHeart+1","potionbrewer:BalancedFormula+1","potionbrewer:Contingency+1","potionbrewer:Contingency+1","Runesmith:CreatorForm+1","Mayhem+1","Deep Breath+1","potionbrewer:Reaction+1","potionbrewer:Reaction+1","Bandage Up+1","Panacea+1","Deep Breath+1","DevaForm+1","MasterReality+1","Omniscience+1","Vault+1","DeusExMachina+1","Backflip+1","Burst+1","Adrenaline+1","Well Laid Plans+1","Footwork+1","After Image+1","Juggernaut+1","Barricade+1","Demon Form+1","Inflame+1","Seeing Red+1","Pommel Strike+1","Self Repair+1","Heatsinks+1","Loop+1","Amplify+1","Seek+1","Double Energy+1","Conserve Battery+1","All For One+1","Core Surge+1","DTMod:Prediction+1","SnafuTest:PowerAlwaysAWay+1"],"relics":["Chronometer","Hammer of Thor","Seething Fire","Anvil of the Gods","Ice Cream","Membership Card","Unceasing Top","Potion Belt","Strawberry","Turnip","Lee\u0027s Waffle","Eternal Feather","Peace Pipe","SpringShield","Smiling Mask","Archangels Feather","HornCleat","potionbrewer:MortarAndPestle","Runesmith:AutoHammer","Mango","Metronome","SnafuTest:CatRelic","Frozen Eye","Tiny Chest","Shovel","MealTicket","Medical Kit","Sling","OrangePellets","potionbrewer:ToyAutogyro","Oddly Smooth Stone","CaptainsWheel","Bird Faced Urn","Torii","Omamori","InkBottle","Thread and Needle","Centennial Puzzle","TheAbacus","potionbrewer:DrinkingBird","CeramicFish","Matryoshka","Black Star","Anchor","Ancient Tea Set","Molten Egg 2","War Paint","Paper Turtyl","Bottled Tornado","Whetstone","Dream Catcher","Bag of Marbles","Happy Flower","Question Card","Lantern","Art of War","Bottled Lightning","Toxic Egg 2","Winged Necklace","PreservedInsect","Runesmith:Nanobots","potionbrewer:Torch","Bronze Scales","Runesmith:Locket"],"acts_visited":["Exordium","TheCity","TheBeyond"],"potions_floor_usage":[23],"damage_taken":[{"damage":0,"enemies":"Jaw Worm","floor":1,"turns":2},{"damage":0,"enemies":"Cultist","floor":4,"turns":1},{"damage":0,"enemies":"2 Louse","floor":5,"turns":2},{"damage":0,"enemies":"3 Sentries","floor":6,"turns":2},{"damage":0,"enemies":"Lagavulin","floor":7,"turns":1},{"damage":0,"enemies":"3 Sentries","floor":8,"turns":2},{"damage":0,"enemies":"Gremlin Nob","floor":10,"turns":1},{"damage":0,"enemies":"3 Sentries","floor":11,"turns":1},{"damage":0,"enemies":"Gremlin Nob","floor":12,"turns":1},{"damage":3,"enemies":"3 Sentries","floor":13,"turns":2},{"damage":0,"enemies":"Gremlin Nob","floor":14,"turns":1},{"damage":0,"enemies":"Slime Boss","floor":16,"turns":2},{"damage":0,"enemies":"3 Byrds","floor":18,"turns":1},{"damage":0,"enemies":"Spheric Guardian","floor":19,"turns":1},{"damage":1,"enemies":"3 Cultists","floor":22,"turns":2},{"damage":0,"enemies":"Book of Stabbing","floor":23,"turns":2},{"damage":0,"enemies":"Slavers","floor":24,"turns":2},{"damage":0,"enemies":"Gremlin Leader","floor":25,"turns":1},{"damage":0,"enemies":"Slavers","floor":27,"turns":2},{"damage":0,"enemies":"Book of Stabbing","floor":29,"turns":1},{"damage":1,"enemies":"Gremlin Leader","floor":30,"turns":1},{"damage":0,"enemies":"Chosen and Byrds","floor":31,"turns":1},{"damage":0,"enemies":"Collector","floor":33,"turns":2},{"damage":0,"enemies":"3 Shapes","floor":35,"turns":1},{"damage":0,"enemies":"3 Darklings","floor":36,"turns":1},{"damage":1,"enemies":"4 Shapes","floor":37,"turns":1},{"damage":0,"enemies":"Giant Head","floor":40,"turns":1},{"damage":2,"enemies":"Reptomancer","floor":41,"turns":1},{"damage":5,"enemies":"Nemesis","floor":42,"turns":3},{"damage":2,"enemies":"Giant Head","floor":44,"turns":1},{"damage":0,"enemies":"Reptomancer","floor":45,"turns":1},{"damage":17,"enemies":"Giant Head","floor":46,"turns":1},{"damage":2,"enemies":"Reptomancer","floor":47,"turns":2},{"damage":4,"enemies":"Nemesis","floor":48,"turns":1},{"damage":6,"enemies":"Time Eater","floor":50,"turns":5}],"seed_played":"-1222250659916741919","potions_obtained":[{"floor":1,"key":"blueLaboratory:StoneskinPotion"},{"floor":7,"key":"Strength Potion"},{"floor":8,"key":"blueLaboratory:BottleOfVodka"},{"floor":10,"key":"blueLaboratory:FruitPunch"},{"floor":11,"key":"potionbrewer:BarricadePotion"},{"floor":24,"key":"HastePotion"},{"floor":27,"key":"potionbrewer:BoundlessPotion"}],"is_trial":true,"path_per_floor":["M","$","?","M","M","E","E","E","T","E","E","E","E","E","R","B",null,"M","M","$","$","M","E","E","E","T","E","$","E","E","M","R","B",null,"M","M","M","$","?","E","E","E","T","E","E","E","E","E","R","B",null],"character_chosen":"CHRONO_CLASS","items_purchased":["Turnip","Lee\u0027s Waffle","SnafuTest:CatRelic","Frozen Eye","Tiny Chest","Shovel","MealTicket","Medical Kit","Sling","OrangePellets","Omamori","InkBottle","Thread and Needle","Centennial Puzzle","TheAbacus","Anchor","Ancient Tea Set","Molten Egg 2","SnafuTest:PowerAlwaysAWay"],"campfire_rested":0,"item_purchase_floors":[2,2,20,20,20,20,20,20,21,21,28,28,28,28,28,38,38,38,38],"current_hp_per_floor":[72,79,79,79,79,73,73,79,79,51,83,87,35,103,111,117,117,119,119,119,119,119,123,125,125,125,127,127,129,129,129,129,129,129,131,135,137,137,137,137,139,149,149,149,149,157,167,173,173,175],"gold":882,"neow_bonus":"","is_daily":false,"chose_seed":false,"campfire_upgraded":0,"win_rate":0.0,"timestamp":1611075404,"path_taken":["M","$","?","M","M","E","E","E","T","E","E","E","E","E","R","BOSS","M","M","$","$","M","E","E","E","T","E","$","E","E","M","R","BOSS","M","M","M","$","?","E","E","E","T","E","E","E","E","E","R","BOSS"],"items_purchased_type":["Relic","Relic","Relic","Relic","Relic","Relic","Relic","Relic","Relic","Relic","Relic","Relic","Relic","Relic","Relic","Relic","Relic","Relic","Card"],"build_version":"2020-12-22","purchased_purges":0,"victory":true,"max_hp_per_floor":[72,79,79,79,79,79,79,79,79,81,83,87,95,111,111,117,117,119,119,119,119,119,123,125,125,125,127,127,129,129,129,129,129,129,131,135,137,137,137,137,139,149,149,149,149,157,167,173,173,175],"card_choices":[{"not_picked":["hierophant:Martyrdom","potionbrewer:QuickStep","Consecrate"],"picked":"SKIP","floor":1},{"not_picked":["theMarked:ElementalBlade","Shade:SpectralStrikes","hermit:Dive"],"picked":"SKIP","floor":4},{"not_picked":["potionbrewer:BlindingMist","DTMod:Feint","hermit:Snipe"],"picked":"SKIP","floor":5},{"not_picked":["stsjorbsmod:SiphonEnergy","AlmightySmite","hermit:FatalDesire"],"picked":"SKIP","floor":6},{"not_picked":["ConjureBlade","Blasphemy","hierophant:AuricForm"],"picked":"SKIP","floor":7},{"not_picked":["Shade:SoulPierce","thefirefly:TachyonBeam","Thunder Strike"],"picked":"SKIP","floor":8},{"not_picked":["Envenom","DeusExMachina","hierophant:MintersHammer"],"picked":"SKIP","floor":10},{"not_picked":["Runesmith:CreatorForm","stsjorbsmod:GatherPower","hierophant:Kindle"],"picked":"SKIP","floor":11},{"not_picked":["Runesmith:CreatorForm","stsjorbsmod:GatherPower","hierophant:Kindle"],"picked":"SKIP","floor":11},{"not_picked":["Core Surge","ats:Shadow Assault","hermit:FromBeyond"],"picked":"SKIP","floor":12},{"not_picked":["Runesmith:FissionHammer","theMarked:Defy","RageCommand"],"picked":"SKIP","floor":13},{"not_picked":["stsjorbsmod:PurgeMind","Juggernaut","ekkoTheBoyWhoShatteredTime:URF"],"picked":"SKIP","floor":14},{"not_picked":["stsjorbsmod:TrueStrike","ats:Thermite Blade+1","SnafuTest:SpellArcaneDomain+1"],"picked":"SKIP","floor":18},{"not_picked":["Bone_Bullets+1","SnafuTest:BombDevilsPuffball","Shade:ClawBack"],"picked":"SKIP","floor":19},{"not_picked":["Shade:ExtraLimbs","SnafuTest:SpellTelekinesis","potionbrewer:TestFormula+1"],"picked":"SKIP","floor":22},{"not_picked":["Die Die Die","ats:Disruption Kick"],"picked":"DTMod:Prediction","floor":23},{"not_picked":["DTMod:EchoTactic","potionbrewer:IronFlesh","hermit:EternalForm"],"picked":"SKIP","floor":24},{"not_picked":["TheSimpletonMod:FlashPasteurize","SnafuTest:PowerRhymeBeyondTime","Runesmith:Duplicate"],"picked":"SKIP","floor":25},{"not_picked":["After Image","ats:Ambush","DTMod:SealedStrike"],"picked":"SKIP","floor":27},{"not_picked":["thefirefly:ParadoxEngine","ats:Disruption Kick","LockedCalendar"],"picked":"SKIP","floor":29},{"not_picked":["ekkoTheBoyWhoShatteredTime:URF","Ragnarok","mysticmod:ClosingBarrage"],"picked":"SKIP","floor":30},{"not_picked":["potionbrewer:Smokescreen+1","LockedScales","hierophant:DisplayOfPower"],"picked":"SKIP","floor":31},{"not_picked":["LockedBlood","potionbrewer:Backhand","mysticmod:StyleChange"],"picked":"SKIP","floor":35},{"not_picked":["hermit:TakeCover+1","hermit:EyeOfTheStorm","TheSimpletonMod:SlashAndBurn"],"picked":"SKIP","floor":36},{"not_picked":["SnafuTest:BombNorthernWind","hierophant:OrnateBuckler+1","stsjorbsmod:Prestidigitation+1"],"picked":"SKIP","floor":37},{"not_picked":["Runesmith:UnlimitedPower","DTMod:Safeguard","ats:Nebulous Foxfire"],"picked":"SKIP","floor":40},{"not_picked":["DTMod:ShadowImage","mysticmod:KnowledgePool","After Image"],"picked":"SKIP","floor":41},{"not_picked":["DTMod:Outburst","SnafuTest:AssassinOfKings+1","potionbrewer:IronFlesh"],"picked":"SKIP","floor":42},{"not_picked":["stsjorbsmod:PurgeMind+1","TheSimpletonMod:ResearchGrant","TheSimpletonMod:Surplus"],"picked":"SKIP","floor":44},{"not_picked":["theMarked:Snap+1","Judgement","stsjorbsmod:Pyromancy","hierophant:WrathOfGod+1"],"picked":"SKIP","floor":45},{"not_picked":["Devotion","SnafuTest:PowerEternalFlame","potionbrewer:BeatDown+1","hermit:Reprieve+1"],"picked":"SKIP","floor":46},{"not_picked":["SnafuTest:PayExoticTreasure+1","Shade:GreaterAnimation","TheSimpletonMod:BuzzBomb+1","Electrodynamics"],"picked":"SKIP","floor":47},{"not_picked":["Berserk","BackFourSeconds+1","Devotion","SnafuTest:Awake+1"],"picked":"SKIP","floor":48}],"player_experience":149910,"relics_obtained":[{"floor":6,"key":"Eternal Feather"},{"floor":7,"key":"Peace Pipe"},{"floor":8,"key":"SpringShield"},{"floor":9,"key":"Smiling Mask"},{"floor":10,"key":"Archangels Feather"},{"floor":11,"key":"HornCleat"},{"floor":12,"key":"potionbrewer:MortarAndPestle"},{"floor":13,"key":"Runesmith:AutoHammer"},{"floor":14,"key":"Mango"},{"floor":23,"key":"potionbrewer:ToyAutogyro"},{"floor":24,"key":"Oddly Smooth Stone"},{"floor":25,"key":"CaptainsWheel"},{"floor":26,"key":"Bird Faced Urn"},{"floor":27,"key":"Torii"},{"floor":29,"key":"potionbrewer:DrinkingBird"},{"floor":30,"key":"CeramicFish"},{"floor":32,"key":"Matryoshka"},{"floor":40,"key":"War Paint"},{"floor":41,"key":"Paper Turtyl"},{"floor":41,"key":"Bottled Tornado"},{"floor":42,"key":"Whetstone"},{"floor":42,"key":"Dream Catcher"},{"floor":43,"key":"Bag of Marbles"},{"floor":43,"key":"Happy Flower"},{"floor":44,"key":"Question Card"},{"floor":44,"key":"Lantern"},{"floor":45,"key":"Art of War"},{"floor":45,"key":"Bottled Lightning"},{"floor":46,"key":"Toxic Egg 2"},{"floor":46,"key":"Winged Necklace"},{"floor":47,"key":"PreservedInsect"},{"floor":47,"key":"Runesmith:Nanobots"},{"floor":48,"key":"potionbrewer:Torch"},{"floor":48,"key":"Bronze Scales"},{"floor":49,"key":"Runesmith:Locket"}],"event_choices":[{"damage_healed":0,"gold_gain":0,"player_choice":"Ignored","damage_taken":0,"max_hp_gain":0,"max_hp_loss":0,"event_name":"Purifier","floor":3,"gold_loss":0},{"damage_healed":0,"gold_gain":275,"player_choice":"Desecrate","damage_taken":0,"max_hp_gain":0,"max_hp_loss":0,"event_name":"Golden Shrine","floor":39,"gold_loss":0,"cards_obtained":["Regret"]}],"is_beta":false,"boss_relics":[{"not_picked":["Tiny House","Empty Cage"],"picked":"Metronome"},{"not_picked":["potionbrewer:BhaskarasWheel","Philosopher\u0027s Stone"],"picked":"Black Star"}],"items_purged_floors":[],"is_endless":false,"potions_floor_spawned":[1,7,8,10,11,14,18,24,27,30,33,36,41,42,47],"ascension_level":0}}