{"host":"fm9e0lfunjlbhzxv","time":1611025182,"event":{"mods":["2.2 Compatiblity","Alarm Clock","Astrologer","BaseMod","Bestiary","Better Match","Better Skull","Better Third Choice","Colored Map","Colored Powertips","Energized Spire","Good Game Mod","Key Reminder","Koishi","Marisa????????","Mimic Mod","Minty Spire (QoL Compilation)","Permanent Neow","Rare Cards Sparkle","Reimu??????","Relic Stats","Remilia??????","Spicy Shops","StSLib","The Administrix","The Blue Laboratory","The Servant 0.9.4","The Vixen","Trackpad","slay the spire mod where everything is the same but ironclad has a cowboy hat"],"gold_per_floor":[117,133,143,143,160,192,203,203,203,236,236,236,261,280,280,375,375,391,404,404,419,99,99,127,147,184,212,212,226,254,336,336,434,434,453,91,132,429,483,516,516,155,155,155,185,185,932,958,958,958,958,958,67,93,93],"floor_reached":56,"language":"ENG","playtime":5775,"items_purged":["Koishi:BasicStrike","Koishi:BasicStrike","Koishi:BasicStrike","Koishi:RorschachInDanmaku","Koishi:BasicDefend"],"score":1526,"play_id":"a93323ec-29b1-4855-b536-365705c510bd","local_time":"20210118185942","is_ascension_mode":true,"campfire_choices":[{"data":"Koishi:SilentAndRestless","floor":8,"key":"SMITH"},{"data":"Infinite Blades","floor":12,"key":"SMITH"},{"data":"Koishi:DanmakuParanoia","floor":15,"key":"SMITH"},{"data":"Koishi:JumpScare","floor":23,"key":"SMITH"},{"data":"Koishi:UnconsciousUrges","floor":28,"key":"SMITH"},{"data":"Koishi:PredatoryInstincts","floor":32,"key":"SMITH"},{"data":"Koishi:MassHysteria","floor":41,"key":"SMITH"},{"floor":44,"key":"RECALL"},{"data":"Koishi:DanmakuParanoia","floor":46,"key":"SMITH"},{"data":"Koishi:EmbersOfLove","floor":49,"key":"SMITH"},{"data":"Koishi:PredatoryInstincts","floor":52,"key":"SMITH"}],"circlet_count":0,"master_deck":["Koishi:BasicDefend","Koishi:BasicDefend","Koishi:BasicDefend","Koishi:Provoke","Koishi:HauntingSlash","Koishi:StingingMind","Koishi:JumpScare+1","Infinite Blades+1","Koishi:UnseenTerror","Koishi:SilentAndRestless+1","Koishi:PhantomBarrier","Koishi:Jaunt+1","Koishi:TraumaticStroke+1","Koishi:DanmakuParanoia+1","Koishi:GrowingPain+1","Koishi:DreadfulBlow+1","Koishi:EmbersOfLove+1","Koishi:PredatoryInstincts+1","Koishi:MindNumbingTerror+1","Koishi:Untouchable","Koishi:UnconsciousUrges+1","Koishi:ParalyzingFear+1","Koishi:PhantomStrike+1","Koishi:GrowingPain+1","Koishi:RoseHell","Koishi:FourthEye","Koishi:BramblyRoseGarden+1","Koishi:Prune+1","Koishi:MassHysteria+1","Koishi:BloodcurdlingScream+1","Koishi:PredatoryInstincts+1","Koishi:DreadfulBlow+1","Koishi:DanmakuParanoia+1","Koishi:Prune+1","Koishi:RuptureMind+1","Koishi:ConfinedInnocent"],"relics":["Koishi:ImaginaryFriend","REME:ComplimentaryCards","Koishi:BloodstainedWhiteRose","The Courier","trackpad:ZombieHeart","Molten Egg 2","trackpad:HandOfMidas","trackpad:Coffee","Nilry\u0027s Codex","OrangePellets","Centennial Puzzle","Ornamental Fan","Bottled Lightning","WingedGreaves","Koishi:ColorfulDays","Strange Spoon","Koishi:ImperfectMetamorphosis","Meat on the Bone","Happy Flower","PreservedInsect","HornCleat","Chemical X","TungstenRod","trackpad:CultistFigurine","Akabeko"],"acts_visited":["Exordium","TheCity","TheBeyond","TheEnding"],"potions_floor_usage":[7,13,18,29,30,35,45,50,54,55],"damage_taken":[{"damage":2,"enemies":"Cultist","floor":1,"turns":4},{"damage":6,"enemies":"Jaw Worm","floor":2,"turns":3},{"damage":6,"enemies":"2 Louse","floor":3,"turns":2},{"damage":5,"enemies":"2 Fungi Beasts","floor":5,"turns":3},{"damage":18,"enemies":"3 Sentries","floor":6,"turns":5},{"damage":5,"enemies":"3 Louse","floor":7,"turns":3},{"damage":24,"enemies":"Gremlin Nob","floor":10,"turns":5},{"damage":20,"enemies":"3 Sentries","floor":13,"turns":6},{"damage":1,"enemies":"Red Slaver","floor":14,"turns":2},{"damage":20,"enemies":"Slime Boss","floor":16,"turns":11},{"damage":5,"enemies":"3 Byrds","floor":18,"turns":5},{"damage":15,"enemies":"Shell Parasite","floor":19,"turns":5},{"damage":24,"enemies":"Sentry and Sphere","floor":21,"turns":6},{"damage":6,"enemies":"Book of Stabbing","floor":24,"turns":6},{"damage":6,"enemies":"Snecko","floor":25,"turns":4},{"damage":2,"enemies":"Centurion and Healer","floor":26,"turns":8},{"damage":18,"enemies":"Centurion and Healer","floor":27,"turns":4},{"damage":13,"enemies":"Chosen and Byrds","floor":29,"turns":5},{"damage":35,"enemies":"Slavers","floor":30,"turns":5},{"damage":14,"enemies":"3 Cultists","floor":31,"turns":5},{"damage":8,"enemies":"Champ","floor":33,"turns":10},{"damage":4,"enemies":"3 Shapes","floor":35,"turns":4},{"damage":0,"enemies":"3 Darklings","floor":37,"turns":6},{"damage":0,"enemies":"Maw","floor":38,"turns":2},{"damage":0,"enemies":"Mind Bloom Boss Battle","floor":39,"turns":8},{"damage":40,"enemies":"Giant Head","floor":40,"turns":9},{"damage":36,"enemies":"Nemesis","floor":45,"turns":7},{"damage":18,"enemies":"Transient","floor":47,"turns":5},{"damage":0,"enemies":"Giant Head","floor":48,"turns":7},{"damage":42,"enemies":"Awakened One","floor":50,"turns":10},{"damage":17,"enemies":"Shield and Spear","floor":54,"turns":6},{"damage":19,"enemies":"The Heart","floor":55,"turns":7}],"seed_played":"3292313656141618545","potions_obtained":[{"floor":5,"key":"SkillPotion"},{"floor":6,"key":"blueLaboratory:ImpenetrablePotion"},{"floor":7,"key":"Regen Potion"},{"floor":14,"key":"ColorlessPotion"},{"floor":16,"key":"Weak Potion"},{"floor":19,"key":"SteroidPotion"},{"floor":21,"key":"Fire Potion"},{"floor":29,"key":"MagicPotion:ReiMu"},{"floor":30,"key":"ZuzhouPotion:ReiMu"},{"floor":31,"key":"Fruit Juice"},{"floor":35,"key":"blueLaboratory:LouseDecoction"},{"floor":54,"key":"blueLaboratory:FruitPunch"}],"is_trial":false,"path_per_floor":["M","M","M","?","M","E","M","R","T","E","?","R","E","M","R","B",null,"M","M","?","M","$","R","E","M","MIM","M","R","M","E","M","R","B",null,"M","$","M","M","?","E","R","$","T","R","E","R","M","E","R","B",null,"R","$","E","B",null],"character_chosen":"KOISHI","items_purchased":["OrangePellets","Koishi:MindNumbingTerror+1","Centennial Puzzle","Koishi:FourthEye","Strange Spoon","Koishi:BramblyRoseGarden","Happy Flower","Koishi:PredatoryInstincts","Koishi:DreadfulBlow+1","Block Potion","Koishi:RuptureMind+1","Chemical X","TungstenRod","trackpad:CultistFigurine","blueLaboratory:FruitPunch"],"campfire_rested":0,"item_purchase_floors":[22,22,22,36,36,36,42,42,42,42,53,53,53,53,53],"current_hp_per_floor":[60,60,57,62,65,57,58,58,58,48,48,48,51,56,56,41,74,74,73,57,38,38,38,53,62,73,76,76,86,77,86,86,78,94,102,102,110,111,111,91,91,91,91,91,80,80,88,111,111,121,123,123,123,123,130],"gold":93,"neow_bonus":"RANDOM_COMMON_RELIC","is_daily":false,"chose_seed":false,"campfire_upgraded":10,"win_rate":0.0,"timestamp":1611025182,"path_taken":["M","M","M","?","M","E","M","R","T","E","?","R","E","M","R","BOSS","M","M","?","M","$","R","E","M","MIM","M","R","M","E","M","R","BOSS","M","$","M","M","?","E","R","$","T","R","E","R","M","E","R","BOSS","R","$","E","BOSS"],"items_purchased_type":["Relic","Card","Relic","Card","Relic","Card","Relic","Card","Card","Potion","Card","Relic","Relic","Relic","Potion"],"build_version":"2020-12-22","purchased_purges":5,"victory":true,"max_hp_per_floor":[60,60,60,65,65,65,65,65,65,66,66,66,69,70,70,74,74,77,78,78,80,80,80,81,82,83,85,85,87,90,93,93,94,94,102,102,110,111,114,115,115,115,115,115,116,116,117,118,118,123,123,123,123,127,130],"relic_stats":{"OrangePellets":[4],"Strange Spoon":[59],"Centennial Puzzle":[45],"Happy Flower":[14],"counters":[32,178],"Ornamental Fan":[232],"PreservedInsect":193,"Chemical X":[2],"obtain_stats":[{"Nilry\u0027s Codex":20,"Koishi:ColorfulDays":34,"trackpad:Coffee":17,"Frozen Eye":24,"trackpad:ZombieHeart":9,"Centennial Puzzle":22,"HornCleat":48,"WingedGreaves":30,"Koishi:ImperfectMetamorphosis":39,"Chemical X":53,"trackpad:CultistFigurine":53,"Koishi:BloodstainedWhiteRose":0,"trackpad:HandOfMidas":13,"Happy Flower":42,"The Courier":6,"PreservedInsect":45,"Akabeko":54,"keyreminder:keyreminder":13,"OrangePellets":22,"Strange Spoon":36,"REME:ComplimentaryCards":0,"Ornamental Fan":24,"Molten Egg 2":10,"Bottled Lightning":26,"TungstenRod":53,"Koishi:ImaginaryFriend":0,"Meat on the Bone":40},{"Nilry\u0027s Codex":12,"Koishi:ColorfulDays":21,"trackpad:Coffee":10,"Frozen Eye":14,"trackpad:ZombieHeart":6,"Centennial Puzzle":13,"HornCleat":29,"WingedGreaves":19,"Koishi:ImperfectMetamorphosis":25,"Chemical X":30,"trackpad:CultistFigurine":30,"Koishi:BloodstainedWhiteRose":0,"trackpad:HandOfMidas":8,"Happy Flower":26,"The Courier":5,"PreservedInsect":27,"Akabeko":31,"keyreminder:keyreminder":8,"OrangePellets":13,"Strange Spoon":22,"REME:ComplimentaryCards":0,"Ornamental Fan":14,"Molten Egg 2":7,"Bottled Lightning":16,"TungstenRod":30,"Koishi:ImaginaryFriend":0,"Meat on the Bone":26},{"Nilry\u0027s Codex":54,"Koishi:ColorfulDays":107,"trackpad:Coffee":44,"Frozen Eye":64,"trackpad:ZombieHeart":20,"Centennial Puzzle":60,"HornCleat":155,"WingedGreaves":92,"Koishi:ImperfectMetamorphosis":127,"Chemical X":165,"trackpad:CultistFigurine":165,"Koishi:BloodstainedWhiteRose":0,"trackpad:HandOfMidas":31,"Happy Flower":136,"The Courier":17,"PreservedInsect":143,"Akabeko":171,"keyreminder:keyreminder":31,"OrangePellets":60,"Strange Spoon":111,"REME:ComplimentaryCards":0,"Ornamental Fan":66,"Molten Egg 2":25,"Bottled Lightning":78,"TungstenRod":165,"Koishi:ImaginaryFriend":0,"Meat on the Bone":136}],"TungstenRod":21,"Meat on the Bone":0},"card_choices":[{"not_picked":["Koishi:CatchAndRose","Koishi:ReleaseOfTheId"],"picked":"Koishi:StingingMind","floor":1},{"not_picked":["Koishi:MassHysteria","Koishi:YoukaiPolygraph"],"picked":"Koishi:JumpScare","floor":2},{"not_picked":["Koishi:UnansweredLove","Koishi:ReflexRadar"],"picked":"Koishi:SubconsciousSweep","floor":3},{"not_picked":["Koishi:SubterraneanRose","Koishi:VengefulSpirit"],"picked":"Koishi:UnseenTerror","floor":5},{"not_picked":["Koishi:PhantomBarrier","Koishi:BloodcurdlingScream"],"picked":"Koishi:SilentAndRestless","floor":6},{"not_picked":["Koishi:RacingHeart","Koishi:EmbryosDream"],"picked":"Koishi:PhantomBarrier","floor":7},{"not_picked":["Koishi:Vanish","Koishi:HeartAttack+1"],"picked":"Koishi:Jaunt+1","floor":10},{"not_picked":["Koishi:GeneticsOfTheUnconscious","Koishi:PhantomBarrier"],"picked":"Koishi:TraumaticStroke+1","floor":13},{"not_picked":["Koishi:FleetingPhantom","Koishi:ApparitionsStalkTheNight"],"picked":"Koishi:DanmakuParanoia","floor":14},{"not_picked":["Koishi:MentalBreakdown+1","Koishi:ConditionedTeleport"],"picked":"Koishi:GrowingPain+1","floor":16},{"not_picked":["Koishi:GhostParty","Koishi:RacingHeart+1"],"picked":"Koishi:DreadfulBlow+1","floor":18},{"not_picked":["Koishi:RacingHeart+1","Koishi:Possession"],"picked":"Koishi:EmbersOfLove","floor":19},{"not_picked":["Koishi:IdleWhim+1","Koishi:ReflexRadar"],"picked":"Koishi:PredatoryInstincts","floor":21},{"not_picked":["Koishi:RorschachInDanmaku+1","Koishi:Jaunt+1","Koishi:EmbersOfLove"],"picked":"SKIP","floor":24},{"not_picked":["Koishi:FreudianInstinct","Koishi:ParalyzingFear+1"],"picked":"Koishi:Untouchable","floor":25},{"not_picked":["Koishi:YoukaiPolygraph+1","Koishi:IdleWhim"],"picked":"Koishi:UnconsciousUrges","floor":26},{"not_picked":["Koishi:UnseenTerror+1","Koishi:UnansweredLove"],"picked":"Koishi:ParalyzingFear+1","floor":27},{"not_picked":["Koishi:PhantomBarrier","Koishi:UnconsciousUrges"],"picked":"Koishi:PhantomStrike+1","floor":29},{"not_picked":["Koishi:StingingMind+1","Koishi:Prune+1"],"picked":"Koishi:GrowingPain+1","floor":30},{"not_picked":["Koishi:RorschachInDanmaku+1","Koishi:ApparitionsStalkTheNight","Koishi:UnansweredLove+1"],"picked":"SKIP","floor":31},{"not_picked":["Koishi:SilentAndRestless+1","Koishi:RuptureMind+1"],"picked":"Koishi:RoseHell","floor":33},{"not_picked":["Koishi:ParalyzingFear+1","Koishi:PredatoryInstincts","Koishi:HeartAttack+1"],"picked":"SKIP","floor":35},{"not_picked":["Koishi:UnconsciousUprising+1","Koishi:HeartAttack+1"],"picked":"Koishi:BramblyRoseGarden+1","floor":37},{"not_picked":["Koishi:EmbryosDream+1","Koishi:StingingMind+1","Koishi:HeartfeltFancy"],"picked":"SKIP","floor":38},{"not_picked":["Koishi:ReleaseOfTheId+1","Koishi:RorschachInDanmaku"],"picked":"Koishi:Prune+1","floor":39},{"not_picked":["Koishi:SilentAndRestless+1","Koishi:Bloodlust+1"],"picked":"Koishi:BloodcurdlingScream+1","floor":40},{"not_picked":["Koishi:ReflexRadar","Koishi:Untouchable+1"],"picked":"Koishi:DanmakuParanoia","floor":45},{"not_picked":["Koishi:HeartfeltFancy","Koishi:EmbersOfLove+1","Koishi:PhantomBarrier"],"picked":"SKIP","floor":47},{"not_picked":["Koishi:SubterraneanRose+1","Koishi:PhantomBarrier+1"],"picked":"Koishi:Prune+1","floor":48},{"not_picked":["Koishi:PhantomBarrier+1","Koishi:StingingMind+1"],"picked":"Koishi:ConfinedInnocent","floor":54}],"player_experience":647679,"relics_obtained":[{"floor":6,"key":"The Courier"},{"floor":9,"key":"trackpad:ZombieHeart"},{"floor":10,"key":"Molten Egg 2"},{"floor":13,"key":"trackpad:HandOfMidas"},{"floor":20,"key":"Nilry\u0027s Codex"},{"floor":24,"key":"Ornamental Fan"},{"floor":26,"key":"Bottled Lightning"},{"floor":30,"key":"WingedGreaves"},{"floor":39,"key":"Koishi:ImperfectMetamorphosis"},{"floor":40,"key":"Meat on the Bone"},{"floor":45,"key":"PreservedInsect"},{"floor":48,"key":"HornCleat"},{"floor":54,"key":"Akabeko"}],"event_choices":[{"damage_healed":0,"gold_gain":0,"player_choice":"Donut","damage_taken":0,"max_hp_gain":5,"max_hp_loss":0,"event_name":"Big Fish","floor":4,"gold_loss":0},{"cards_removed":["Koishi:SubconsciousSweep"],"damage_healed":0,"gold_gain":0,"player_choice":"Forget","damage_taken":0,"max_hp_gain":0,"max_hp_loss":0,"event_name":"Living Wall","floor":11,"gold_loss":0},{"damage_healed":0,"gold_gain":0,"player_choice":"Obtained Book","damage_taken":16,"max_hp_gain":0,"max_hp_loss":0,"event_name":"Cursed Tome","floor":20,"gold_loss":0},{"damage_healed":0,"gold_gain":0,"player_choice":"Fight","damage_taken":0,"max_hp_gain":0,"max_hp_loss":0,"event_name":"MindBloom","floor":39,"gold_loss":0}],"is_beta":false,"boss_relics":[{"not_picked":["energizedSpire:MagnifyingGlass","RedLine:ReiMu"],"picked":"trackpad:Coffee"},{"not_picked":["Calling Bell","Astrolabe"],"picked":"Koishi:ColorfulDays"}],"items_purged_floors":[22,36,36,42,53],"is_endless":false,"potions_floor_spawned":[5,6,7,14,16,19,21,27,29,30,31,33,35,38,39,54],"ascension_level":2}}