{"host":"xxyfyv4t3rs3ce5d","time":1611084954,"event":{"mods":["BaseMod","Hubris","Infinite Spire","Minty Spire (QoL Compilation)","Replay The Spire","Shop Mod","StSLib","The Animator","The Bug Knight","The Jungle"],"gold_per_floor":[211,230,230,230,3,3,29,29,29,29,29,29,45,45,45,142,142,153,167,167,167],"floor_reached":20,"language":"ENG","playtime":966,"items_purged":["Steam"],"score":170,"play_id":"d365effa-ad67-4ab7-a7c6-43019c8ce03e","local_time":"20210119143554","is_ascension_mode":false,"campfire_choices":[{"data":"Vigilance","floor":6,"key":"SMITH"},{"data":"FollowUp","floor":8,"key":"SMITH"},{"floor":10,"key":"RECALL"},{"data":"Replay:Anticipation","floor":12,"key":"SMITH"},{"data":"JustLucky","floor":15,"key":"SMITH"}],"circlet_count":0,"master_deck":["Strike_P","Strike_P","Strike_P","Defend_P","Defend_P","Defend_P","Eruption+1","Vigilance+1","PathToVictory+1","FollowUp+1","ForeignInfluence+1","Replay:Anticipation+1","JustLucky+1","Replay:LoomingThreat","Prostrate"],"relics":["PureWater","Guide Book","Replay:Ringing Soul","Shuriken","Happy Flower","Ring of Chaos"],"acts_visited":["Exordium","TheCity"],"potions_floor_usage":[16,16,19],"damage_taken":[{"damage":2,"enemies":"Jaw Worm","floor":1,"turns":4},{"damage":0,"enemies":"Cultist","floor":2,"turns":2},{"damage":12,"enemies":"3 Sentries","floor":7,"turns":7},{"damage":0,"enemies":"Small Slimes","floor":13,"turns":3},{"damage":2,"enemies":"The Guardian","floor":16,"turns":8},{"damage":10,"enemies":"3 Byrds","floor":18,"turns":3},{"damage":2,"enemies":"Shell Parasite","floor":19,"turns":4},{"damage":18,"enemies":"Chosen and Byrds","floor":20,"turns":6}],"seed_played":"4742413425658404060","potions_obtained":[{"floor":1,"key":"Energy Potion"},{"floor":14,"key":"Dexterity Potion"},{"floor":14,"key":"Ancient Potion"},{"floor":16,"key":"Strength Potion"},{"floor":18,"key":"FearPotion"}],"is_trial":false,"path_per_floor":["M","M","?","?","$","R","E","R","T","R","T","R","M","?","R","B",null,"M","M","M"],"character_chosen":"WATCHER","items_purchased":["Guide Book"],"campfire_rested":0,"item_purchase_floors":[5],"current_hp_per_floor":[70,70,70,70,70,70,61,61,61,61,61,61,64,64,64,65,81,74,72,54,54],"gold":167,"neow_bonus":"HUNDRED_GOLD","is_daily":false,"chose_seed":false,"campfire_upgraded":4,"win_rate":0.0,"timestamp":1611084954,"path_taken":["M","M","?","?","$","R","E","R","T","R","?","R","?","?","R","BOSS","M","M","?"],"items_purchased_type":["Relic"],"build_version":"2020-12-22","purchased_purges":1,"victory":false,"max_hp_per_floor":[72,72,72,72,72,72,75,75,75,75,75,75,78,78,78,81,81,84,84,84,84],"card_choices":[{"not_picked":["Replay:BluntJabs","JustLucky"],"picked":"PathToVictory","floor":1},{"not_picked":["EmptyFist","Replay:BluntJabs"],"picked":"FollowUp","floor":2},{"not_picked":["Tantrum","Replay:Vibes"],"picked":"Replay:Anticipation","floor":7},{"not_picked":["FollowUp","Replay:Anticipation"],"picked":"JustLucky","floor":13},{"not_picked":["Establishment","Brilliance"],"picked":"Replay:LoomingThreat","floor":16},{"not_picked":["PathToVictory","ThirdEye+1"],"picked":"Prostrate","floor":18},{"not_picked":["CarveReality","Halt","FollowUp+1"],"picked":"SKIP","floor":19}],"player_experience":200507,"relics_obtained":[{"floor":7,"key":"Replay:Ringing Soul"},{"floor":9,"key":"Shuriken"},{"floor":11,"key":"Happy Flower"}],"event_choices":[{"damage_healed":0,"gold_gain":0,"player_choice":"Grow","damage_taken":0,"max_hp_gain":0,"max_hp_loss":0,"event_name":"Living Wall","floor":3,"gold_loss":0,"cards_upgraded":["Eruption"]},{"damage_healed":0,"gold_gain":0,"player_choice":"Got Potions","damage_taken":0,"max_hp_gain":0,"max_hp_loss":0,"event_name":"Lab","floor":14,"gold_loss":0}],"is_beta":false,"boss_relics":[{"not_picked":["Velvet Choker","Replay:Fungal Core"],"picked":"Ring of Chaos"}],"items_purged_floors":[5],"is_endless":false,"potions_floor_spawned":[1,16,18],"killed_by":"Chosen and Byrds","ascension_level":0}}