{"host":"sdbg5mnapd0lidz0","time":1611051033,"event":{"mods":["BaseMod","Downfall","Infinite Spire","Minty Spire (QoL Compilation)","StSLib","The Cursed","The Disciple","The Hierophant","Wandering Minibosses"],"gold_per_floor":[110,128,53,68,18,45,45,58,58,68,68,68,81,133,133,231,231,214,228,228,242,253,253,253,253,277,287,287,287],"floor_reached":28,"language":"ITA","playtime":3260,"items_purged":["TheCursedMod:Defend_TheCursed","TheCursedMod:Defend_TheCursed"],"score":224,"play_id":"793f5032-8156-4f3f-8b86-6a71e269cb3b","local_time":"20210119111033","is_ascension_mode":false,"campfire_choices":[{"data":"TheCursedMod:FuryStrike","floor":7,"key":"SMITH"},{"floor":11,"key":"RECALL"},{"data":"TheCursedMod:RavingStaff","floor":15,"key":"SMITH"},{"floor":23,"key":"REST"},{"floor":25,"key":"REST"}],"circlet_count":0,"master_deck":["TheCursedMod:Strike_TheCursed","TheCursedMod:Strike_TheCursed","TheCursedMod:Strike_TheCursed","TheCursedMod:Strike_TheCursed","TheCursedMod:CursedWand","TheCursedMod:CleanUpWorkshop+1","TheCursedMod:Dregs","TheCursedMod:FleshFromBone+1","TheCursedMod:VitalStrike","TheCursedMod:CursedArmor","TheCursedMod:FuryStrike+1","TheCursedMod:Evocation","TheCursedMod:CursedAmulet","TheCursedMod:CursedSpellbook","TheCursedMod:RavingStaff+1","TheCursedMod:Neurasthenia","TheCursedMod:FleshFromBone","TheCursedMod:BlessingInDisguise+1","TheCursedMod:SurpriseAttack","TheCursedMod:Wield+1","TheCursedMod:Torture"],"relics":["TheCursedMod:BlackMagic101","NeowsBlessing","Bag of Preparation","War Paint","TheCursedMod:FourLeafCloverCharm","Ancient Tea Set"],"acts_visited":["Exordium","TheCity"],"potions_floor_usage":[6,16,16,18,22,27,28],"damage_taken":[{"damage":0,"enemies":"Cultist","floor":1,"turns":1},{"damage":0,"enemies":"Small Slimes","floor":2,"turns":1},{"damage":0,"enemies":"Jaw Worm","floor":4,"turns":1},{"damage":21,"enemies":"3 Sentries","floor":6,"turns":8},{"damage":0,"enemies":"Lots of Slimes","floor":8,"turns":3},{"damage":0,"enemies":"Looter","floor":10,"turns":1},{"damage":0,"enemies":"Exordium Wildlife","floor":13,"turns":2},{"damage":0,"enemies":"Red Slaver","floor":14,"turns":3},{"damage":27,"enemies":"Hexaghost","floor":16,"turns":10},{"damage":10,"enemies":"2 Thieves","floor":18,"turns":4},{"damage":16,"enemies":"Spheric Guardian","floor":19,"turns":4},{"damage":28,"enemies":"Shelled Parasite and Fungi","floor":21,"turns":10},{"damage":12,"enemies":"Snake Plant","floor":22,"turns":4},{"damage":6,"enemies":"Cultist and Chosen","floor":27,"turns":7},{"damage":52,"enemies":"3 Cultists","floor":28,"turns":6}],"seed_played":"4150695035579885088","potions_obtained":[{"floor":1,"key":"Fire Potion"},{"floor":6,"key":"DuplicationPotion"},{"floor":14,"key":"hexamod:SoulburnPotion"},{"floor":16,"key":"SkillPotion"},{"floor":18,"key":"Weak Potion"},{"floor":19,"key":"Weak Potion"},{"floor":21,"key":"Energy Potion"}],"is_trial":false,"path_per_floor":["M","M","$","M","?","E","R","M","T","M","R","T","M","M","R","B",null,"M","M","AVR","M","M","R","?","R","T","M","M"],"character_chosen":"THE_CURSED","items_purchased":[],"campfire_rested":2,"item_purchase_floors":[],"current_hp_per_floor":[75,75,75,75,75,54,54,54,54,54,54,54,54,54,54,27,75,65,49,49,21,9,31,31,53,53,47,0,0],"gold":287,"neow_bonus":"THREE_ENEMY_KILL","is_daily":false,"chose_seed":false,"campfire_upgraded":2,"win_rate":0.0,"timestamp":1611051033,"path_taken":["M","?","?","M","?","E","R","M","T","M","R","?","M","M","R","BOSS","M","M","AVR","?","M","R","?","R","T","M","?"],"items_purchased_type":[],"build_version":"2020-12-22","purchased_purges":2,"victory":false,"max_hp_per_floor":[75,75,75,75,75,75,75,75,75,75,75,75,75,75,75,75,75,75,75,75,75,75,75,75,75,75,75,75,75],"card_choices":[{"not_picked":["TheCursedMod:RavingStaff","TheCursedMod:CursedBlade"],"picked":"TheCursedMod:FleshFromBone","floor":1},{"not_picked":["TheCursedMod:CursedMace","TheCursedMod:Wield"],"picked":"TheCursedMod:VitalStrike","floor":2},{"not_picked":["TheCursedMod:CircleOfFlame","TheCursedMod:Stretching"],"picked":"TheCursedMod:CursedArmor","floor":4},{"not_picked":["TheCursedMod:AshesToAshes","TheCursedMod:HellfireBreathing"],"picked":"TheCursedMod:FuryStrike","floor":6},{"not_picked":["TheCursedMod:CircleOfAmplification","TheCursedMod:TacticalStrike"],"picked":"TheCursedMod:Evocation","floor":8},{"not_picked":["TheCursedMod:RapidMovement","TheCursedMod:RavingStaff"],"picked":"TheCursedMod:CursedAmulet","floor":10},{"not_picked":["TheCursedMod:CursedBoomerang","TheCursedMod:DoubleShield"],"picked":"TheCursedMod:CursedSpellbook","floor":13},{"not_picked":["TheCursedMod:CursedBlade","TheCursedMod:CircleOfAmplification"],"picked":"TheCursedMod:RavingStaff","floor":14},{"not_picked":["TheCursedMod:ForbiddenAlchemy","TheCursedMod:ShockAndAwe"],"picked":"TheCursedMod:Neurasthenia","floor":16},{"not_picked":["TheCursedMod:CursedStaff","TheCursedMod:CursedBoomerang"],"picked":"TheCursedMod:FleshFromBone","floor":18},{"not_picked":["TheCursedMod:Wield","TheCursedMod:SaltUponWound"],"picked":"TheCursedMod:BlessingInDisguise+1","floor":19},{"not_picked":["TheCursedMod:CircleOfAmplification+1","TheCursedMod:BloodBarrier+1"],"picked":"TheCursedMod:SurpriseAttack","floor":21},{"not_picked":["TheCursedMod:RavingStaff","TheCursedMod:ManaBullet+1"],"picked":"TheCursedMod:Wield+1","floor":22},{"not_picked":["TheCursedMod:Stretching+1","TheCursedMod:EmpowerCircles"],"picked":"TheCursedMod:Torture","floor":27}],"player_experience":170947,"relics_obtained":[{"floor":6,"key":"Bag of Preparation"},{"floor":9,"key":"War Paint"},{"floor":26,"key":"Ancient Tea Set"}],"event_choices":[{"cards_removed":["TheCursedMod:Defend_TheCursed"],"damage_healed":0,"gold_gain":0,"player_choice":"Card Removal","damage_taken":0,"max_hp_gain":0,"max_hp_loss":0,"event_name":"The Cleric","floor":5,"gold_loss":50},{"cards_removed":["TheCursedMod:Defend_TheCursed"],"damage_healed":0,"gold_gain":0,"player_choice":"Purged","damage_taken":0,"max_hp_gain":0,"max_hp_loss":0,"event_name":"Purifier","floor":24,"gold_loss":0}],"is_beta":false,"boss_relics":[{"not_picked":["Astrolabe","Snecko Eye"],"picked":"TheCursedMod:FourLeafCloverCharm"}],"items_purged_floors":[3,20],"is_endless":false,"potions_floor_spawned":[1,6,14,16,18,19,21],"killed_by":"3 Cultists","ascension_level":0}}