{"host":"5ty8fyb0ngp9gspj","time":1611051293,"event":{"mods":["2.2 Compatiblity","AchievementEnabler","Act Like it!","BaseMod","Colored Map","Downfall","Minty Spire (QoL Compilation)","Rare Cards Sparkle","Relic Stats","StSLib","The Jungle","slay the spire mod where everything is the same but ironclad has a cowboy hat"],"gold_per_floor":[99,115,125,125,62,87,87,102,102,121,6,21,51,51,69,69,69],"floor_reached":16,"language":"ENG","playtime":609,"items_purged":[],"score":123,"play_id":"60c3b904-2323-4b04-b2ca-244ba28a8b28","local_time":"20210119211453","is_ascension_mode":true,"campfire_choices":[{"data":"bronze:BurnOut","floor":1,"key":"SMITH"},{"data":"bronze:Verify","floor":9,"key":"SMITH"}],"circlet_count":0,"master_deck":["bronze:Strike","bronze:Strike","bronze:Strike","bronze:Strike","bronze:Defend+1","bronze:Defend","bronze:Defend","bronze:Defend","bronze:Replicate","bronze:Goto","bronze:BurnOut+1","bronze:Shield+1","bronze:Separator","bronze:Shield","bronze:OilSpill","bronze:Verify+1","bronze:Frontload","bronze:Safeguard","bronze:ItsAFeature","bronze:Shell","bronze:Overheat","bronze:Break","bronze:Constructor","bronze:Turbo"],"relics":["bronze:BronzeCore","War Paint","Matryoshka","hexamod:BolsterEngine"],"acts_visited":["Exordium"],"potions_floor_usage":[6,15],"damage_taken":[{"damage":4,"enemies":"Small Slimes","floor":2,"turns":4},{"damage":12,"enemies":"Jaw Worm","floor":3,"turns":6},{"damage":11,"enemies":"downfall:FleeingMerchant","floor":5,"turns":4},{"damage":24,"enemies":"Lagavulin","floor":6,"turns":8},{"damage":0,"enemies":"Cultist","floor":8,"turns":2},{"damage":6,"enemies":"2 Fungi Beasts","floor":10,"turns":4},{"damage":4,"enemies":"downfall:FleeingMerchant","floor":11,"turns":4},{"damage":9,"enemies":"Red Slaver","floor":12,"turns":4},{"damage":5,"enemies":"Gremlin Nob","floor":13,"turns":3},{"damage":8,"enemies":"Exordium Wildlife","floor":15,"turns":4},{"damage":18,"enemies":"WA_ARCHETYPE_RETAIN","floor":16,"turns":4}],"seed_played":"4297390690288506994","potions_obtained":[{"floor":2,"key":"AttackPotion"},{"floor":3,"key":"bronze:CleanCodePotion"},{"floor":6,"key":"Weak Potion"},{"floor":10,"key":"bronze:FreeFunctionsPotion"}],"is_trial":false,"path_per_floor":["R","M","M","?","$","E","T","M","R","M","$","M","E","?","M","B"],"character_chosen":"THE_AUTOMATON","items_purchased":["bronze:OilSpill","bronze:Shell","bronze:Overheat"],"campfire_rested":0,"item_purchase_floors":[5,11,11],"current_hp_per_floor":[70,66,54,70,59,35,35,35,35,29,25,16,11,11,3,0,0],"gold":69,"neow_bonus":"ONE_RANDOM_RARE_CARD","is_daily":false,"chose_seed":false,"campfire_upgraded":2,"win_rate":0.0,"timestamp":1611051293,"path_taken":["R","M","M","?","?","E","T","M","R","M","$","?","E","?","M","BOSS"],"items_purchased_type":["Card","Card","Card"],"build_version":"2020-12-22","purchased_purges":0,"victory":false,"max_hp_per_floor":[70,70,70,70,70,70,70,70,70,70,70,70,70,70,70,70,70],"relic_stats":{"counters":[11,47],"War Paint":["bronze:Shield","bronze:Defend"],"obtain_stats":[{"bronze:BronzeCore":0,"Matryoshka":7,"War Paint":6,"hexamod:BolsterEngine":13},{"bronze:BronzeCore":0,"Matryoshka":4,"War Paint":4,"hexamod:BolsterEngine":9},{"bronze:BronzeCore":0,"Matryoshka":22,"War Paint":22,"hexamod:BolsterEngine":39}]},"card_choices":[{"not_picked":["bronze:Return","bronze:FineTuning"],"picked":"bronze:Shield","floor":2},{"not_picked":["bronze:Invalidate","bronze:WildBeam"],"picked":"bronze:Separator","floor":3},{"not_picked":["bronze:DigitalCarnage","bronze:FollowUp"],"picked":"bronze:Shield","floor":5},{"not_picked":["bronze:Branch","bronze:FollowUp"],"picked":"bronze:Verify","floor":6},{"not_picked":["bronze:ChildClass","bronze:ForceShield"],"picked":"bronze:Frontload","floor":8},{"not_picked":["bronze:ItsAFeature","bronze:Invalidate"],"picked":"bronze:Safeguard","floor":10},{"not_picked":["bronze:Frontload","bronze:Overheat"],"picked":"bronze:ItsAFeature","floor":11},{"not_picked":["bronze:DelayedGuard","bronze:WhirlingStrike"],"picked":"bronze:Break","floor":12},{"not_picked":["bronze:Iterate","bronze:Frontload"],"picked":"bronze:Constructor","floor":13},{"not_picked":["bronze:BitShift","bronze:ForceShield"],"picked":"bronze:Turbo","floor":15}],"player_experience":408634,"relics_obtained":[{"floor":6,"key":"War Paint"},{"floor":7,"key":"Matryoshka"},{"floor":13,"key":"hexamod:BolsterEngine"}],"event_choices":[{"damage_healed":23,"gold_gain":0,"player_choice":"Banana","damage_taken":0,"max_hp_gain":0,"max_hp_loss":0,"event_name":"Big Fish","floor":4,"gold_loss":0},{"damage_healed":0,"gold_gain":0,"player_choice":"Leave","damage_taken":0,"max_hp_gain":0,"max_hp_loss":0,"event_name":"FaceTrader","floor":14,"gold_loss":0}],"is_beta":false,"boss_relics":[],"items_purged_floors":[],"is_endless":false,"potions_floor_spawned":[2,3,6,10,13],"killed_by":"WA_ARCHETYPE_RETAIN","ascension_level":2}}