{"host":"kq2g769nefmuyn7c","time":1611034866,"event":{"mods":["ATMod(°¢èªMod)","Act Like it!","BaseMod","Gensokyo","Koishi","Minty Spire (QoL Compilation)","Remilia£¨ÀÙÃ×ÀòÑÇ£©","Replay The Spire","StSLib","The Servant 0.9.4"],"gold_per_floor":[111,111,130,140,59,84,84,110,110,123,149,159,188,206,206,303,303,323,323,323],"floor_reached":19,"language":"ZHS","playtime":1597,"items_purged":[],"score":467,"play_id":"2b1034d1-ad46-449d-a7db-409ed5278869","local_time":"20210119134106","is_ascension_mode":true,"campfire_choices":[{"data":"BloodyHallows","floor":7.0,"key":"SMITH"},{"floor":15.0,"key":"REST"}],"circlet_count":0,"master_deck":["AscendersBane","Strike_RM","Strike_RM","Strike_RM","Strike_RM","Defend_RM","Defend_RM+1","Defend_RM","Defend_RM","RedMoon","AT_FamilyPortrait+1","ScarletSymphony","Septette+1","ScarletNetherworld","BloodyHallows+1","NightLord","MiserableFate","MillenniumVampire","EternalNight","AfternoonTea","VampireKiss","BloodAndWine","ScarletCoffin","DiffusionOfMisfortune"],"relics":["ScarletHat","AT_ATBox","Happy Flower","Blood Vial","Bottled Tornado","Question Card","War Paint","Ancient Tea Set","Coffee Dripper","ScarletDevilRocket"],"acts_visited":["Gensokyo:Gensokyo","Gensokyo:Gensokyoer"],"potions_floor_usage":[],"damage_taken":[{"damage":3.0,"enemies":"Gensokyo:Python","floor":1.0,"turns":3.0},{"damage":0.0,"enemies":"Gensokyo:3_Fairies","floor":3.0,"turns":4.0},{"damage":8.0,"enemies":"Gensokyo:Gryphon","floor":4.0,"turns":4.0},{"damage":34.0,"enemies":"Gensokyo:Cirno","floor":6.0,"turns":5.0},{"damage":19.0,"enemies":"Gensokyo:Aya","floor":8.0,"turns":4.0},{"damage":14.0,"enemies":"Gensokyo:5_Fairies","floor":10.0,"turns":4.0},{"damage":13.0,"enemies":"Gensokyo:Mamizou","floor":11.0,"turns":12.0},{"damage":8.0,"enemies":"Gensokyo:3_Kodama","floor":12.0,"turns":4.0},{"damage":8.0,"enemies":"Gensokyo:Aya","floor":13.0,"turns":7.0},{"damage":0.0,"enemies":"Gensokyo:Kitsune","floor":14.0,"turns":5.0},{"damage":40.0,"enemies":"Gensokyo:Kokoro","floor":16.0,"turns":11.0},{"damage":33.0,"enemies":"Gensokyo:2_Gloops","floor":18.0,"turns":6.0},{"damage":0,"enemies":"Gensokyo:Eiki","floor":19,"turns":1}],"seed_played":"-7021040209795463587","potions_obtained":[{"floor":1.0,"key":"EssenceOfSteel"},{"floor":4.0,"key":"Block Potion"},{"floor":6.0,"key":"Languid Potion"},{"floor":10.0,"key":"BlessingOfTheForge"},{"floor":14.0,"key":"ColorlessPotion"}],"is_trial":false,"path_per_floor":["M","?","M","M","$","E","R","E","T","M","E","M","E","M","R","B",null,"M","B"],"character_chosen":"REMILIA","items_purchased":["BloodyHallows"],"campfire_rested":1,"item_purchase_floors":[5],"current_hp_per_floor":[67,67,70,62,62,28,28,13,13,1,16,12,6,10,32,15,60,43,45,45],"gold":323,"neow_bonus":"UPGRADE_CARD","is_daily":false,"chose_seed":false,"campfire_upgraded":1,"win_rate":0.0,"timestamp":1611034866,"path_taken":["M","?","M","M","$","E","R","E","T","M","E","M","E","M","R","BOSS","M","BOSS"],"items_purchased_type":["Card"],"build_version":"2020-12-22","purchased_purges":0,"victory":false,"max_hp_per_floor":[75,75,75,75,75,75,75,75,75,75,75,75,75,75,75,75,75,75,75,75],"card_choices":[{"not_picked":["VampireKiss","RedNightlessCastle"],"picked":"ScarletSymphony","floor":1.0},{"not_picked":["RedNightlessCastle","ScarletDevil"],"picked":"Septette","floor":3.0},{"not_picked":["NightDance","VampireKiss"],"picked":"ScarletNetherworld","floor":4.0},{"not_picked":["EmergencyRegeneration","EndlessAdversity"],"picked":"NightLord","floor":6.0},{"not_picked":["ForbiddenFruit","ScarletSymphony"],"picked":"MiserableFate","floor":8.0},{"not_picked":["CharismaGuard","MiserableFate","FavorOfDestiny"],"picked":"MillenniumVampire","floor":10.0},{"not_picked":["VampireKiss","StarOfDavid","ScarletDevil"],"picked":"EternalNight","floor":11.0},{"not_picked":["UnderTheZenith","ScarletDevilSign","ScarletSymphony"],"picked":"AfternoonTea","floor":12.0},{"not_picked":["MastersStateliness","UnderTheZenith","ScarletDevil"],"picked":"VampireKiss","floor":13.0},{"not_picked":["BloodyMagicSquare","MiserableFate","LeisurelyOfLord"],"picked":"BloodAndWine","floor":14.0},{"not_picked":["BatForm","EquivalentExchange","DemonKingCradle"],"picked":"ScarletCoffin","floor":16.0},{"not_picked":["FavorOfDestiny+1","ScarletDevilSign","RedRainbow"],"picked":"DiffusionOfMisfortune","floor":18.0}],"player_experience":259840,"relics_obtained":[{"floor":6.0,"key":"Blood Vial"},{"floor":8.0,"key":"Bottled Tornado"},{"floor":9.0,"key":"Question Card"},{"floor":11.0,"key":"War Paint"},{"floor":13.0,"key":"Ancient Tea Set"},{"floor":18.0,"key":"ScarletDevilRocket"}],"event_choices":[],"is_beta":false,"boss_relics":[{"not_picked":["Tiny House","ReplayTheSpireMod:DimensionalGlitch"],"picked":"Coffee Dripper"}],"items_purged_floors":[],"is_endless":false,"potions_floor_spawned":[1,4,6,10,14,18],"killed_by":"Gensokyo:Eiki","ascension_level":13}}