{"host":"u9h06qdlnp3wgzsw","time":1611020427,"event":{"mods":["BaseMod","Downfall","Hermit","Minty Spire (QoL Compilation)","Quick Restart","Rare Cards Sparkle","Shop Mod","StSLib","The Hierophant","The Servant 0.9.4"],"gold_per_floor":[112,112,112,112,129,129,143,143,143,156,166,181,256,276,276,276,276],"floor_reached":16,"language":"ENG","playtime":914,"items_purged":[],"score":219,"play_id":"701963cd-37a3-48f0-b1b0-064cc72f3525","local_time":"20210118204027","is_ascension_mode":false,"campfire_choices":[{"data":"Deny","floor":6,"key":"SMITH"},{"data":"Exchange","floor":8,"key":"SMITH"},{"floor":15,"key":"REST"}],"circlet_count":0,"master_deck":["Strike_S","Strike_S","Strike_S","Strike_S","Defend_S","Defend_S","Defend_S","Defend_S","KidneyShot","Exchange+1","BottledTime","Doubt","Shame","Normality","downfall:Aged","Normality","Deny+1","downfall:Bewildered","InstantArmor","downfall:Icky","ForgedInTime","Sabotage","KillingDoll"],"relics":["Uniform","Cursed Key","Ice Cream"],"acts_visited":["Exordium"],"potions_floor_usage":[11,14],"damage_taken":[{"damage":6,"enemies":"Jaw Worm","floor":1,"turns":4},{"damage":8,"enemies":"2 Louse","floor":5,"turns":3},{"damage":0,"enemies":"Small Slimes","floor":7,"turns":5},{"damage":12,"enemies":"3 Louse","floor":10,"turns":6},{"damage":0,"enemies":"Blue Slaver","floor":11,"turns":5},{"damage":3,"enemies":"Red Slaver","floor":12,"turns":6},{"damage":5,"enemies":"Looter","floor":14,"turns":3},{"damage":75,"enemies":"Slime Boss","floor":16,"turns":14}],"seed_played":"1592557969483876758","potions_obtained":[{"floor":1,"key":"FearPotion"},{"floor":7,"key":"Energy Potion"},{"floor":10,"key":"Swift Potion"},{"floor":12,"key":"FairyPotion"}],"is_trial":false,"path_per_floor":["M","?","?","?","M","R","M","R","T","M","M","M","?","M","R","B"],"character_chosen":"THE_SERVANT","items_purchased":[],"campfire_rested":1,"item_purchase_floors":[],"current_hp_per_floor":[65,65,70,75,67,67,67,67,67,55,55,52,41,36,60,16,16],"gold":276,"neow_bonus":"TEN_PERCENT_HP_BONUS","is_daily":false,"chose_seed":false,"campfire_upgraded":2,"win_rate":0.0,"timestamp":1611020427,"path_taken":["M","?","?","?","M","R","M","R","T","M","M","M","?","M","R","BOSS"],"items_purchased_type":[],"build_version":"2020-12-22","purchased_purges":0,"victory":false,"max_hp_per_floor":[71,71,76,81,81,81,81,81,81,81,81,81,81,81,81,81,81],"card_choices":[{"not_picked":["Gouge","Potential"],"picked":"BottledTime","floor":1},{"not_picked":["SpecialFormula","TimeWarp"],"picked":"InstantArmor","floor":5},{"not_picked":["Alleviate","Rearm","Replace"],"picked":"SKIP","floor":7},{"not_picked":["FastForward","TimeWarp"],"picked":"ForgedInTime","floor":10},{"not_picked":["Sabotage","Rewind","SpecialFormula"],"picked":"SKIP","floor":11},{"not_picked":["Rewind","DoubleEdge"],"picked":"Sabotage","floor":12},{"not_picked":["Rewind","Shuttle"],"picked":"KillingDoll","floor":14}],"player_experience":816559,"relics_obtained":[{"floor":9,"key":"Ice Cream"}],"event_choices":[{"damage_healed":0,"gold_gain":0,"player_choice":"Ignored","damage_taken":0,"max_hp_gain":0,"max_hp_loss":0,"event_name":"Golden Wing","floor":2,"gold_loss":0},{"damage_healed":0,"gold_gain":0,"player_choice":"Donut","damage_taken":0,"max_hp_gain":5,"max_hp_loss":0,"event_name":"Big Fish","floor":3,"gold_loss":0},{"damage_healed":0,"gold_gain":75,"player_choice":"Gather Gold","damage_taken":11,"max_hp_gain":0,"max_hp_loss":0,"event_name":"World of Goop","floor":13,"gold_loss":0}],"is_beta":false,"boss_relics":[],"items_purged_floors":[],"is_endless":false,"potions_floor_spawned":[1,7,10,12],"killed_by":"Slime Boss","ascension_level":0}}