{"host":"i0avyit1s6jb1siw","time":1611095732,"event":{"mods":["BaseMod","DeckTracker","Dota2Spire","Highlight Path","Minty Spire (QoL Compilation)","Quick Restart","StSLib","SuperFastMode"],"gold_per_floor":[116,133,45,45,59,59,71,99,173,198,198,198,198,219,244,244,338,338,361,129,147,147,47,47,47,47],"floor_reached":25,"language":"ENG","playtime":378,"items_purged":["Defend_P","Strike_P"],"score":402,"play_id":"09d37779-4404-4c2d-ad26-312d771ca848","local_time":"20210119233532","is_ascension_mode":true,"campfire_choices":[{"data":"Adaptation","floor":6,"key":"SMITH"},{"floor":11,"key":"DIG"},{"data":"ForeignInfluence","floor":16,"key":"SMITH"},{"floor":24,"key":"DIG"}],"circlet_count":0,"master_deck":["AscendersBane","Strike_P","Strike_P","Defend_P","Defend_P","Eruption+1","Vigilance","Adaptation+1","FearNoEvil","Adaptation+1","ClearTheMind","SandsOfTime+1","ForeignInfluence+1","Meditate","Indignation"],"relics":["PureWater","Shovel","Yang","Akabeko","Dota2Spire:ArmletOfMordiggian","Bloody Idol","Empty Cage","Bag of Preparation","Prayer Wheel"],"acts_visited":["Exordium","TheCity"],"potions_floor_usage":[17,25],"damage_taken":[{"damage":0,"enemies":"Small Slimes","floor":1,"turns":2},{"damage":0,"enemies":"Cultist","floor":2,"turns":2},{"damage":0,"enemies":"Jaw Worm","floor":5,"turns":3},{"damage":8,"enemies":"Blue Slaver","floor":7,"turns":4},{"damage":8,"enemies":"Gremlin Nob","floor":8,"turns":3},{"damage":0,"enemies":"3 Louse","floor":14,"turns":3},{"damage":2,"enemies":"Large Slime","floor":15,"turns":3},{"damage":22,"enemies":"Hexaghost","floor":17,"turns":7},{"damage":19,"enemies":"Shell Parasite","floor":19,"turns":3},{"damage":10,"enemies":"2 Thieves","floor":21,"turns":2},{"damage":25,"enemies":"Book of Stabbing","floor":25,"turns":2}],"seed_played":"6830286526156892301","potions_obtained":[{"floor":1,"key":"Dota2Spire:HealingSalve"},{"floor":5,"key":"PowerPotion"},{"floor":15,"key":"StancePotion"}],"is_trial":false,"path_per_floor":["M","M","$","?","M","R","M","E","T","T","R","?","?","M","M","R","B",null,"M","$","M","?","$","R","E"],"character_chosen":"WATCHER","items_purchased":["Adaptation","Bag of Preparation"],"campfire_rested":0,"item_purchase_floors":[3,20],"current_hp_per_floor":[61,61,61,61,61,61,53,45,45,45,45,45,45,45,43,43,21,52,33,33,23,23,23,23,0,0],"gold":47,"neow_bonus":"UPGRADE_CARD","is_daily":false,"chose_seed":false,"campfire_upgraded":2,"win_rate":0.0,"timestamp":1611095732,"path_taken":["M","M","$","?","?","R","M","E","T","T","R","?","?","M","M","R","BOSS","M","$","M","?","$","R","E"],"items_purchased_type":["Card","Relic"],"build_version":"2020-12-22","purchased_purges":2,"victory":false,"max_hp_per_floor":[68,68,68,68,68,68,68,68,68,68,68,62,62,62,62,62,62,62,62,62,62,62,62,62,62,62],"card_choices":[{"not_picked":["Wallop","EmptyBody"],"picked":"Adaptation","floor":1},{"not_picked":["Collect","FlyingSleeves"],"picked":"FearNoEvil","floor":2},{"not_picked":["JustLucky","Study"],"picked":"ClearTheMind","floor":5},{"not_picked":["Halt","FollowUp","Protect"],"picked":"SKIP","floor":7},{"not_picked":["ThirdEye","BowlingBash"],"picked":"SandsOfTime","floor":8},{"not_picked":["Protect","CutThroughFate"],"picked":"ForeignInfluence","floor":14},{"not_picked":["Crescendo","Consecrate"],"picked":"Meditate","floor":15},{"not_picked":["Evaluate","PathToVictory"],"picked":"Indignation","floor":19},{"not_picked":["SashWhip","Vengeance","ThirdEye"],"picked":"SKIP","floor":21}],"player_experience":2298270,"relics_obtained":[{"floor":8,"key":"Shovel"},{"floor":9,"key":"Yang"},{"floor":10,"key":"Akabeko"},{"floor":11,"key":"Dota2Spire:ArmletOfMordiggian"},{"floor":24,"key":"Prayer Wheel"}],"event_choices":[{"damage_healed":0,"gold_gain":0,"player_choice":"Upgraded","damage_taken":0,"max_hp_gain":0,"max_hp_loss":0,"event_name":"Upgrade Shrine","floor":4,"gold_loss":0,"cards_upgraded":["Adaptation"]},{"damage_healed":0,"gold_gain":0,"player_choice":"Lose Max HP","damage_taken":0,"relics_obtained":["Golden Idol"],"max_hp_gain":0,"max_hp_loss":6,"event_name":"Golden Idol","floor":12,"gold_loss":0},{"damage_healed":0,"gold_gain":0,"player_choice":"Grow","damage_taken":0,"max_hp_gain":0,"max_hp_loss":0,"event_name":"Living Wall","floor":13,"gold_loss":0,"cards_upgraded":["SandsOfTime"]},{"damage_healed":0,"gold_gain":0,"player_choice":"Gave Idol","damage_taken":0,"relics_obtained":["Bloody Idol"],"max_hp_gain":0,"max_hp_loss":0,"event_name":"Forgotten Altar","floor":22,"relics_lost":["Golden Idol"],"gold_loss":0}],"is_beta":false,"boss_relics":[{"not_picked":["Snecko Eye","Pandora\u0027s Box"],"picked":"Empty Cage"}],"items_purged_floors":[20,23],"is_endless":false,"potions_floor_spawned":[1,5,15],"killed_by":"Book of Stabbing","ascension_level":20}}