{"host":"tr12w2fixbnujl15","time":1611098317,"event":{"mods":["100% Spire Juice","2.2 Compatiblity","Arknights The Spire","BaseMod","Better Skull","BetterRewards","CapriCore","Clockwork Mod","Colored Powertips","Evolution","Hermit","Hubris","Infinite Spire","JesterMod","Koishi","Mad Scientist","Magitek Elite","Minty Spire (QoL Compilation)","Prisma Mod","Quick Restart","Replay The Spire","Shop Mod","StSLib","SuperFastMode","The Accelerator","The Animator","The Bug Knight","The Construct","The Cursed","The Hierophant","The Immortal","The Mystic","The Necromancer","The Runesmith","The Sage","The Senshi","The Servant 0.9.4","The Spell Scribe","TheFirefly","TheVelvet","WarShipGirlsR/????R mod","Yakumo Yukari mod"],"gold_per_floor":[118,118,118,118,138,165,17,42,65,85,85,98,111,130,130,228,228,245,262,273,273,284,284,284,284,284,295,295,311,311,6,6,20,39,39,142,142,161,171,16,16,31,86,106,106,106],"floor_reached":45,"language":"ENG","playtime":1359,"items_purged":[],"score":521,"play_id":"cbc0cbea-e45f-46a7-b971-37ced8815cf0","local_time":"20210119181837","is_ascension_mode":false,"campfire_choices":[{"floor":15,"key":"REST"},{"floor":23,"key":"REST"},{"data":"hubris:Fate","floor":26,"key":"SMITH"},{"floor":35,"key":"REST"}],"circlet_count":0,"master_deck":["PrismaMod:ChloeCommonAOEAttack","PrismaMod:ChloeCommonAOEAttack","PrismaMod:ChloeCommonAttack","PrismaMod:ChloeCommonAttack","PrismaMod:ChloeCommonAttack","PrismaMod:ChloeCommonDefend","PrismaMod:ChloeCommonDefend","PrismaMod:ChloeCommonDefend","PrismaMod:ChloeCommonDefend","PrismaMod:ChloeCommonDefend","PrismaMod:ChloeCheapAttack","PrismaMod:ChloeCheapDefend","PrismaMod:ChloeExhaustOne+1","PrismaMod:ChloeCheapDefendTwo","PrismaMod:ChloeMaid","PrismaMod:ChloeGaeBolg","PrismaMod:ChloeExhaustTwo","PrismaMod:ChloeCheapAttack","PrismaMod:ChloeCarnivalAttack","PrismaMod:ChloeAnyAttackTrace","PrismaMod:ChloeCheapDefend+1","PrismaMod:ChloeEyeOfTheEuryale","PrismaMod:ChloeMordred+1","PrismaMod:ChloeMordred+1","hubris:Fate+1","PrismaMod:ChloeCheapAttack","PrismaMod:ChloeExhaustTwo+1","PrismaMod:ChloeRuleBreaker","PrismaMod:ChloeBetterTracePools","PrismaMod:ChloeExhaustOne","PrismaMod:ChloeCheapAttack","PrismaMod:ChloeHalloween","PrismaMod:ChloeExcalibur","PrismaMod:ChloeCaladbolg+1","PrismaMod:ChloeRhongomyniad","PrismaMod:ChloeExhaustOne+1","ReplayTheSpireMod:Splinters","PrismaMod:ChloeMaid+1","PrismaMod:ChloeCheapAttack+1","PrismaMod:ChloeDoubleRelicSpeed"],"relics":["PrismaMod:PrismaTraceOn","EVO:Axolotl","NeowsBlessing","Ring of Hypnosis","Runesmith:Locket","Genji_Glove","Tintinnabulum","Ancient Tea Set","construct:WeddingRing","hubris:ScarierMask","MerchantsRug","ChewingGum","Juzu Bracelet","Bronze Scales"],"acts_visited":["Exordium","TheCity","TheBeyond"],"potions_floor_usage":[16,16,16,16,16,20,36,36,45],"damage_taken":[{"damage":0,"enemies":"Small Slimes","floor":1,"turns":1},{"damage":0,"enemies":"Jaw Worm","floor":5,"turns":1},{"damage":0,"enemies":"Lagavulin","floor":6,"turns":1},{"damage":0,"enemies":"2 Louse","floor":10,"turns":1},{"damage":0,"enemies":"Exordium Wildlife","floor":12,"turns":2},{"damage":17,"enemies":"Exordium Thugs","floor":13,"turns":4},{"damage":0,"enemies":"Gremlin Gang","floor":14,"turns":3},{"damage":3,"enemies":"Slime Boss","floor":16,"turns":4},{"damage":12,"enemies":"2 Thieves","floor":18,"turns":3},{"damage":7,"enemies":"3 Byrds","floor":19,"turns":4},{"damage":0,"enemies":"Shelled Parasite and Fungi","floor":20,"turns":1},{"damage":8,"enemies":"Chosen and Byrds","floor":22,"turns":3},{"damage":13,"enemies":"Centurion and Healer","floor":27,"turns":3},{"damage":3,"enemies":"Shelled Parasite and Fungi","floor":29,"turns":2},{"damage":27,"enemies":"Snecko","floor":33,"turns":5},{"damage":0,"enemies":"Centurion and Healer","floor":34,"turns":1},{"damage":42,"enemies":"Collector","floor":36,"turns":4},{"damage":9,"enemies":"3 Darklings","floor":38,"turns":2},{"damage":0,"enemies":"3 Shapes","floor":39,"turns":2},{"damage":17,"enemies":"Sphere and 2 Shapes","floor":42,"turns":3},{"damage":59,"enemies":"Writhing Mass","floor":44,"turns":5},{"damage":9,"enemies":"3 Darklings","floor":45,"turns":2}],"seed_played":"4761551529205548713","potions_obtained":[{"floor":1,"key":"EssenceOfSteel"},{"floor":5,"key":"GamblersBrew"},{"floor":12,"key":"EntropicBrew"},{"floor":16,"key":"SkillPotion"},{"floor":18,"key":"SteroidPotion"},{"floor":22,"key":"PowerPotion"},{"floor":27,"key":"ColorlessPotion"},{"floor":34,"key":"BlessingOfTheForge"},{"floor":42,"key":"Doom Potion"},{"floor":43,"key":"SneckoOil"}],"is_trial":false,"path_per_floor":["M","?","?","?","M","E","$","T","T","M","$","M","M","M","R","B",null,"M","M","M","AVR","M","R","PTL","PTL","R","M","T","M","M","$","?","M","M","R","B",null,"M","M","$","?","M","?","M","M"],"character_chosen":"CHLOE","items_purchased":["Genji_Glove","PrismaMod:ChloeBetterTracePools","MerchantsRug","infinitespire:BlackPotion","Juzu Bracelet"],"campfire_rested":3,"item_purchase_floors":[7,31,31,31,40],"current_hp_per_floor":[75,75,75,75,75,75,75,75,75,75,75,75,58,59,75,75,75,63,57,58,59,52,75,75,75,75,62,73,71,72,73,74,48,49,75,34,85,76,77,78,79,63,64,6,0,0],"gold":106,"neow_bonus":"THREE_ENEMY_KILL","is_daily":false,"chose_seed":false,"campfire_upgraded":1,"win_rate":0.0,"timestamp":1611098317,"path_taken":["M","?","?","?","M","E","?","?","T","M","$","M","?","M","R","BOSS","M","M","M","AVR","M","R","PTL","PTL","R","M","T","M","M","$","?","?","?","R","BOSS","M","M","$","?","M","?","M","M"],"items_purchased_type":["Relic","Card","Relic","Potion","Relic"],"build_version":"2020-12-22","purchased_purges":0,"victory":false,"max_hp_per_floor":[75,75,75,75,75,75,75,75,75,75,75,75,75,75,75,75,75,75,75,75,75,75,75,75,75,75,75,85,85,85,85,85,85,85,85,85,85,85,85,85,85,85,85,85,85,85],"card_choices":[{"not_picked":["PrismaMod:ChloeCheapDefendTwo","PrismaMod:ChloeCheapAttackTwo"],"picked":"PrismaMod:ChloeExhaustOne","floor":1},{"not_picked":["PrismaMod:ChloeDemonicTutor","PrismaMod:ChloeUncommonDefend"],"picked":"PrismaMod:ChloeCheapDefendTwo","floor":5},{"not_picked":["PrismaMod:ChloeDiscardRecovery","PrismaMod:ChloeUncommonAOEAttack"],"picked":"PrismaMod:ChloeMaid","floor":6},{"not_picked":["PrismaMod:ChloeCheapAttack","PrismaMod:ChloeExhaustOne"],"picked":"PrismaMod:ChloeGaeBolg","floor":10},{"not_picked":["PrismaMod:ChloeEyeOfTheEuryale","PrismaMod:ChloeUncommonAttack"],"picked":"PrismaMod:ChloeExhaustTwo","floor":12},{"not_picked":["PrismaMod:ChloeCheapAttackTwo","PrismaMod:ChloeDiscardRecovery"],"picked":"PrismaMod:ChloeCheapAttack","floor":13},{"not_picked":["PrismaMod:ChloeDiscardRecovery","PrismaMod:ChloeCheapAttackTwo"],"picked":"PrismaMod:ChloeCarnivalAttack","floor":14},{"not_picked":["PrismaMod:ChloeReshuffleDiscard","PrismaMod:ChloeAnyCommonTrace"],"picked":"PrismaMod:ChloeAnyAttackTrace","floor":16},{"not_picked":["PrismaMod:ChloeCheapAttack","PrismaMod:ChloeDiscardRecovery"],"picked":"PrismaMod:ChloeCheapDefend+1","floor":18},{"not_picked":["PrismaMod:ChloeCheapDefendTwo","PrismaMod:ChloeCaladbolg"],"picked":"PrismaMod:ChloeEyeOfTheEuryale","floor":19},{"not_picked":["PrismaMod:ChloeExhaustOne+1","PrismaMod:ChloeDemonicTutor"],"picked":"PrismaMod:ChloeMordred+1","floor":20},{"not_picked":["PrismaMod:ChloeCheapDefend+1","PrismaMod:ChloeDiscardRecovery"],"picked":"PrismaMod:ChloeCheapAttack","floor":22},{"not_picked":["PrismaMod:ChloeCheapDefendTwo+1","PrismaMod:ChloeCheapAttack"],"picked":"PrismaMod:ChloeExhaustTwo+1","floor":27},{"not_picked":["PrismaMod:ChloeExhaustOne","PrismaMod:ChloeCheapDefendTwo"],"picked":"PrismaMod:ChloeRuleBreaker","floor":29},{"not_picked":["PrismaMod:ChloeCheapAttackTwo","PrismaMod:ChloeExhaustTwo"],"picked":"PrismaMod:ChloeExhaustOne","floor":33},{"not_picked":["PrismaMod:ChloeChristmas+1","PrismaMod:ChloeDiscardRecovery"],"picked":"PrismaMod:ChloeCheapAttack","floor":34},{"not_picked":["PrismaMod:ChloeAnyCommonTrace","PrismaMod:ChloeUnlimitedBladeWorks"],"picked":"PrismaMod:ChloeHalloween","floor":36},{"not_picked":["PrismaMod:ChloeCheapDefendTwo","PrismaMod:ChloeCheapDefend"],"picked":"PrismaMod:ChloeExcalibur","floor":38},{"not_picked":["PrismaMod:ChloeCheapDefendTwo","PrismaMod:ChloeRuleBreaker+1"],"picked":"PrismaMod:ChloeCaladbolg+1","floor":39},{"not_picked":["PrismaMod:ChloeCommonAOEAttack","PrismaMod:ChloeCheapDefend+1"],"picked":"PrismaMod:ChloeExhaustOne+1","floor":42},{"not_picked":["PrismaMod:ChloeCheapDefendTwo+1","PrismaMod:ChloeCommonAOEAttack"],"picked":"PrismaMod:ChloeMaid+1","floor":43},{"not_picked":["PrismaMod:ChloeDiscardRecovery","PrismaMod:ChloeCheapDefendTwo+1"],"picked":"PrismaMod:ChloeCheapAttack+1","floor":43},{"not_picked":["PrismaMod:ChloeEyeOfTheEuryale+1","PrismaMod:ChloeExhaustOne+1"],"picked":"PrismaMod:ChloeDoubleRelicSpeed","floor":44}],"player_experience":75997,"relics_obtained":[{"floor":4,"key":"Ring of Hypnosis"},{"floor":6,"key":"Runesmith:Locket"},{"floor":8,"key":"Tintinnabulum"},{"floor":9,"key":"Ancient Tea Set"},{"floor":28,"key":"Pear"},{"floor":43,"key":"Bronze Scales"}],"event_choices":[{"damage_healed":0,"gold_gain":0,"player_choice":"Ignored","damage_taken":0,"max_hp_gain":0,"max_hp_loss":0,"event_name":"Golden Wing","floor":3,"gold_loss":0},{"damage_healed":0,"gold_gain":0,"player_choice":"Ignored","damage_taken":0,"max_hp_gain":0,"max_hp_loss":0,"event_name":"Purifier","floor":32,"gold_loss":0}],"is_beta":false,"boss_relics":[{"not_picked":["hubris:VirtuousBlindfold","hubris:TerracottaHorce"],"picked":"construct:WeddingRing"},{"not_picked":["Honey Jar","Runesmith:UraniumAnvil"],"picked":"ChewingGum"}],"items_purged_floors":[],"is_endless":false,"potions_floor_spawned":[1,5,12,13,16,18,22,27,34,42],"killed_by":"3 Darklings","ascension_level":0}}