{"host":"bos5votkudm6su2k","time":1611060546,"event":{"mods":["100% Spire Juice","Act Like it!","AlwaysNeverKeys","Arknights The Spire","BaseMod","Chinese 32Bit Patch","Colored Map","Colored Powertips","DeckTracker","Good Game Mod","Marked Mod","Minty Spire (QoL Compilation)","Quick Restart","StSLib","SuperFastMode","The Invoker Mod","Waifu the Spire"],"gold_per_floor":[111,111,111,125,139,57,57,78,101,101,5,28,51,51,51,175,55,79,97,116,132,153,153,29,29,29,47,11,30,30,48,48,169,49,70,85,105,129,129,129,148,168,194,194,214,214,214,14,14,14,14],"floor_reached":50,"language":"ZHS","playtime":2931,"items_purged":[],"score":529,"play_id":"1ab2087e-8144-4e1e-b039-3272924069db","local_time":"20210119204906","is_ascension_mode":false,"campfire_choices":[{"data":"Moonworks:Ambush","floor":7,"key":"SMITH"},{"floor":10,"key":"REST"},{"floor":15,"key":"REST"},{"floor":23,"key":"REST"},{"floor":25,"key":"REST"},{"floor":32,"key":"REST"},{"floor":40,"key":"REST"},{"floor":44,"key":"REST"},{"data":"Moonworks:NicePresent","floor":47,"key":"SMITH"},{"data":"Moonworks:NicePresent","floor":49,"key":"SMITH"}],"circlet_count":0,"master_deck":["Moonworks:Strike","Moonworks:Strike","Moonworks:Strike","Moonworks:Defend","Moonworks:Defend","Moonworks:Defend","Moonworks:Defend","Moonworks:Ambush+1","Moonworks:LongDistanceShot","Moonworks:ImOnFire","Moonworks:SubspaceTunnel","Moonworks:TreasureThief","Moonworks:BeyondHell+1","Moonworks:NicePresent","Moonworks:DeployBits","Moonworks:BigMagnum","Moonworks:NicePresent+1","Moonworks:SakisCookie+1","Moonworks:ShieldCounter","Moonworks:BackdoorTrade","Moonworks:BigMagnum","Moonworks:BeyondHell","Moonworks:DeployBits","Moonworks:NicePresent+1","Moonworks:AwakeningOfTalent","Moonworks:RedAndBlue","Moonworks:RagingMadness","Moonworks:CloudOfSeagulls","Moonworks:DeployBits+1","Moonworks:RocketCannon","Moonworks:CloudOfSeagulls+1","Moonworks:DeployBits+1","Moonworks:BindingChains+1","Moonworks:BigMagnum+1","Madness","Moonworks:MiracleRedBeanIceCream","Parasite","Moonworks:CloudOfSeagulls+1","Moonworks:TacticalRetreat"],"relics":["Moonworks:SBBomb","Moonworks:Homemark","REME:ComplimentaryCards","NeowsBlessing","Golden Idol","Ancient Tea Set","Tiny Chest","Philosopher\u0027s Stone","Mummified Hand","War Paint","Vajra"],"acts_visited":["Exordium","TheCity","TheBeyond"],"potions_floor_usage":[8,31,31,33,50,50,50],"damage_taken":[{"damage":0,"enemies":"Small Slimes","floor":1,"turns":1},{"damage":0,"enemies":"Cultist","floor":4,"turns":1},{"damage":0,"enemies":"Jaw Worm","floor":5,"turns":1},{"damage":13,"enemies":"Lagavulin","floor":6,"turns":7},{"damage":2,"enemies":"Gremlin Gang","floor":8,"turns":3},{"damage":0,"enemies":"Large Slime","floor":11,"turns":4},{"damage":10,"enemies":"Lots of Slimes","floor":12,"turns":4},{"damage":12,"enemies":"2 Fungi Beasts","floor":13,"turns":3},{"damage":30,"enemies":"The Guardian","floor":16,"turns":10},{"damage":6,"enemies":"2 Thieves","floor":18,"turns":3},{"damage":5,"enemies":"Chosen","floor":19,"turns":2},{"damage":29,"enemies":"Shelled Parasite and Fungi","floor":20,"turns":3},{"damage":15,"enemies":"Snake Plant","floor":21,"turns":2},{"damage":5,"enemies":"Snecko","floor":22,"turns":4},{"damage":30,"enemies":"Centurion and Healer","floor":27,"turns":4},{"damage":0,"enemies":"Sentry and Sphere","floor":29,"turns":2},{"damage":3,"enemies":"Shelled Parasite and Fungi","floor":31,"turns":4},{"damage":21,"enemies":"Champ","floor":33,"turns":6},{"damage":14,"enemies":"Orb Walker","floor":35,"turns":3},{"damage":18,"enemies":"3 Darklings","floor":36,"turns":4},{"damage":12,"enemies":"Transient","floor":37,"turns":5},{"damage":5,"enemies":"Sphere and 2 Shapes","floor":38,"turns":2},{"damage":21,"enemies":"Jaw Worm Horde","floor":41,"turns":5},{"damage":11,"enemies":"Transient","floor":42,"turns":5},{"damage":12,"enemies":"Writhing Mass","floor":45,"turns":5},{"damage":72,"enemies":"Time Eater","floor":50,"turns":7}],"seed_played":"7600154401868868662","potions_obtained":[{"floor":4,"key":"AttackPotion"},{"floor":8,"key":"Dexterity Potion"},{"floor":13,"key":"Energy Potion"},{"floor":16,"key":"Swift Potion"},{"floor":29,"key":"EssenceOfSteel"},{"floor":33,"key":"Weak Potion"},{"floor":35,"key":"DuplicationPotion"},{"floor":42,"key":"BlessingOfTheForge"},{"floor":45,"key":"Weak Potion"}],"is_trial":false,"path_per_floor":["M","?","?","M","M","E","R","M","T","R","M","M","M","$","R","B",null,"M","M","M","M","M","R","$","R","T","M","$","M","T","M","R","B",null,"M","M","M","M","?","R","M","M","T","R","M","?","R","$","R","B"],"character_chosen":"THE_STARBREAKER","items_purchased":["Moonworks:NicePresent","Moonworks:AwakeningOfTalent","Moonworks:RagingMadness","Moonworks:TacticalRetreat"],"campfire_rested":7,"item_purchase_floors":[24,24,28,48],"current_hp_per_floor":[60,45,45,45,45,32,32,30,30,48,48,38,26,26,44,14,60,54,51,22,7,2,20,20,38,38,8,8,10,10,10,28,10,60,49,34,25,20,12,30,12,4,4,22,18,60,60,60,60,0,0],"gold":14,"neow_bonus":"THREE_ENEMY_KILL","is_daily":false,"chose_seed":false,"campfire_upgraded":3,"win_rate":0.0,"timestamp":1611060546,"path_taken":["M","?","?","?","M","E","R","M","T","R","?","M","M","$","R","BOSS","M","M","M","M","M","R","$","R","T","M","?","?","?","M","R","BOSS","M","?","M","M","?","R","M","M","T","R","M","?","R","$","R","BOSS"],"items_purchased_type":["Card","Card","Card","Card"],"build_version":"2020-12-22","purchased_purges":0,"victory":false,"max_hp_per_floor":[60,60,60,60,60,60,60,60,60,60,60,60,60,60,60,60,60,60,60,60,60,60,60,60,60,60,60,60,60,60,60,60,60,60,60,60,60,60,60,60,60,60,60,60,60,60,60,60,60,60,60],"card_choices":[{"not_picked":["Moonworks:BigMagnum","Moonworks:SakisCookie"],"picked":"Moonworks:ImOnFire","floor":1},{"not_picked":["Moonworks:BigMagnum","Moonworks:SweetBattle"],"picked":"Moonworks:TreasureThief","floor":4},{"not_picked":["Moonworks:LulusLuckyEgg","Moonworks:SakisCookie"],"picked":"Moonworks:BeyondHell","floor":5},{"not_picked":["Moonworks:CastOff","Moonworks:AwakeningOfTalent"],"picked":"Moonworks:NicePresent","floor":6},{"not_picked":["Moonworks:Assault","Moonworks:NicePresent"],"picked":"Moonworks:DeployBits","floor":8},{"not_picked":["Moonworks:CloudOfSeagulls","Moonworks:EvilSpyWorkPreparation"],"picked":"Moonworks:BigMagnum","floor":11},{"not_picked":["Moonworks:Assault","Moonworks:FinalSurgery"],"picked":"Moonworks:NicePresent","floor":12},{"not_picked":["Moonworks:ReproductionOfRecords","Moonworks:MetallicMonocoque"],"picked":"Moonworks:SakisCookie","floor":13},{"not_picked":["Moonworks:EvilMastermind","Moonworks:SubspaceTunnel"],"picked":"Moonworks:ShieldCounter","floor":16},{"not_picked":["Moonworks:LulusLuckyEgg","Moonworks:NicePresent+1"],"picked":"Moonworks:BackdoorTrade","floor":18},{"not_picked":["Moonworks:ExtendedPhotonRifle","Moonworks:Flamethrower"],"picked":"Moonworks:BigMagnum","floor":19},{"not_picked":["Moonworks:MiracleRedBeanIceCream","Moonworks:CastOff"],"picked":"Moonworks:BeyondHell","floor":20},{"not_picked":["Moonworks:IndiscriminateFireSupport","Moonworks:JonathanRush+1"],"picked":"Moonworks:DeployBits","floor":21},{"not_picked":["Moonworks:SealedMemories","Moonworks:LulusLuckyEgg","Moonworks:BigMagnum"],"picked":"SKIP","floor":22},{"not_picked":["Moonworks:NicePresent","Moonworks:IndiscriminateFireSupport"],"picked":"Moonworks:RedAndBlue","floor":27},{"not_picked":["Moonworks:IntelligenceOfficer","Moonworks:LulusLuckyEgg"],"picked":"Moonworks:CloudOfSeagulls","floor":29},{"not_picked":["Moonworks:ForcedRevival+1","Moonworks:AngelHand"],"picked":"Moonworks:DeployBits+1","floor":31},{"not_picked":["Moonworks:OutOfAmmo","Moonworks:Gamble"],"picked":"Moonworks:RocketCannon","floor":33},{"not_picked":["Moonworks:DeployBits","Moonworks:IndiscriminateFireSupport+1"],"picked":"Moonworks:CloudOfSeagulls+1","floor":35},{"not_picked":["Moonworks:BeyondHell","Moonworks:ScrambledEve"],"picked":"Moonworks:DeployBits+1","floor":36},{"not_picked":["Moonworks:JonathanRush","Moonworks:AngelHand"],"picked":"Moonworks:BindingChains+1","floor":37},{"not_picked":["Moonworks:DevilHand","Moonworks:SakisCookie+1"],"picked":"Moonworks:BigMagnum+1","floor":38},{"not_picked":["Moonworks:Assault+1","Moonworks:ImmovableObject","Moonworks:Dinner"],"picked":"SKIP","floor":41},{"not_picked":["Moonworks:BigMagnum+1","Moonworks:LulusLuckyEgg"],"picked":"Moonworks:MiracleRedBeanIceCream","floor":42},{"not_picked":["Moonworks:EvilSpyWorkPreparation","Moonworks:ImmovableObject"],"picked":"Moonworks:CloudOfSeagulls+1","floor":45}],"player_experience":436846,"relics_obtained":[{"floor":6,"key":"Ancient Tea Set"},{"floor":9,"key":"Tiny Chest"},{"floor":26,"key":"Mummified Hand"},{"floor":30,"key":"War Paint"},{"floor":43,"key":"Vajra"}],"event_choices":[{"damage_healed":0,"gold_gain":0,"player_choice":"Take Damage","damage_taken":15,"relics_obtained":["Golden Idol"],"max_hp_gain":0,"max_hp_loss":0,"event_name":"Golden Idol","floor":2,"gold_loss":0},{"damage_healed":0,"gold_gain":0,"cards_transformed":["Moonworks:Strike"],"player_choice":"Transformed","damage_taken":0,"max_hp_gain":0,"max_hp_loss":0,"event_name":"Transmorgrifier","floor":3,"gold_loss":0,"cards_obtained":["Moonworks:SubspaceTunnel"]},{"damage_healed":0,"gold_gain":0,"player_choice":"Embrace Madness","damage_taken":8,"max_hp_gain":0,"max_hp_loss":0,"event_name":"Winding Halls","floor":39,"gold_loss":0,"cards_obtained":["Madness","Madness"]},{"cards_removed":["Madness"],"damage_healed":42,"gold_gain":0,"player_choice":"Offered Uncommon","damage_taken":0,"max_hp_gain":0,"max_hp_loss":0,"event_name":"Bonfire Elementals","floor":46,"gold_loss":0}],"is_beta":false,"boss_relics":[{"not_picked":["Pandora\u0027s Box","Velvet Choker"],"picked":"Philosopher\u0027s Stone"},{"not_picked":["SacredBark","Busted Crown"],"picked":"Moonworks:SBBomb"}],"items_purged_floors":[],"is_endless":false,"potions_floor_spawned":[4,8,13,16,19,21,29,33,35,42,45],"killed_by":"Time Eater","ascension_level":0}}