{"host":"6749gst1gzuv21qf","time":1611024335,"event":{"mods":["BaseMod","Better Altar","Better Match","Better Note","Better Sensory Stone","Better Skull","Better Third Choice","BetterRewards","Colored Map","Colored Powertips","Downfall","Hermit","Highlight Path","Minty Spire (QoL Compilation)","Permanent Neow","Shop Mod","Spicy Shops","StSLib","The Cursed"],"gold_per_floor":[99,112,131,143,143,52,52,52,37,99,128,578,578,609,625,720,720,720,733,750,763,763,763,763,781,481,101,101,119,139,139,159,263,263,263,313,73,73,89,118,118,118,128,162,162,162,162,172,191,191,191,219,175,175,175,175],"floor_reached":57,"language":"ENG","playtime":6545,"items_purged":["Normality"],"score":1945,"play_id":"5036b350-f71b-4089-910e-d23a46d0998c","local_time":"20210118214535","is_ascension_mode":false,"campfire_choices":[{"data":"bronze:Replicate","floor":1,"key":"SMITH"},{"data":"bronze:HardenedForm","floor":8,"key":"SMITH"},{"data":"bronze:Optimize","floor":13,"key":"SMITH"},{"floor":18,"key":"RECALL"},{"floor":26,"key":"REST"},{"floor":28,"key":"REST"},{"floor":35,"key":"REST"},{"floor":47,"key":"REST"},{"floor":54,"key":"REST"}],"circlet_count":0,"master_deck":["bronze:Strike","bronze:Strike","bronze:Defend","bronze:Defend","bronze:Defend","bronze:Defend","bronze:Replicate+1","bronze:Goto+1","downfall:Icky","bronze:ClassDefault","bronze:ForLoop","bronze:Constructor","bronze:HardenedForm+1","bronze:Optimize+1","bronze:Deprecate","bronze:Branch","bronze:Shell","downfall:Icky","downfall:Icky","downfall:Icky","bronze:ItsAFeature","bronze:WhirlingStrike","bronze:AlphaBuild","bronze:BugBarrage+1","bronze:Flail","bronze:Invalidate","bronze:MaxOutput+1","bronze:TinkerersToolbox","bronze:BuggyMess","bronze:DelayedGuard","bronze:ClassDefault","bronze:Break","bronze:Branch","bronze:ItsAFeature","bronze:GetLatest","Mayhem+1","bronze:Iterate+1","bronze:ShipIt","bronze:Library+1","bronze:Shell","Bandage Up","bronze:OilSpill+1","expansioncontent:YouAreMine","bronze:Allocate+1","bronze:OilSpill+1","bronze:Return+1","Metamorphosis+1"],"relics":["bronze:BronzeCore","Du-Vu Doll","Dead Branch","TungstenRod","Eternal Feather","downfall:HeartBlessingRed","downfall:HeartBlessingGreen","downfall:HeartBlessingBlue","Membership Card","MerchantsRug","StoneCalendar","Lantern","Fusion Hammer","Ornamental Fan","Ginger","HornCleat","Kunai","Calipers","Pear","Toy Ornithopter"],"acts_visited":["Exordium","TheCity","TheBeyond","TheEnding"],"potions_floor_usage":[14,14,16,19,25,37,40,52,52],"damage_taken":[{"damage":1,"enemies":"Cultist","floor":2,"turns":4},{"damage":1,"enemies":"Jaw Worm","floor":3,"turns":3},{"damage":7,"enemies":"Small Slimes","floor":4,"turns":4},{"damage":0,"enemies":"downfall:FleeingMerchant","floor":6,"turns":4},{"damage":0,"enemies":"downfall:FleeingMerchant","floor":9,"turns":4},{"damage":21,"enemies":"3 Sentries","floor":10,"turns":8},{"damage":0,"enemies":"Lagavulin","floor":11,"turns":8},{"damage":8,"enemies":"3 Sentries","floor":14,"turns":5},{"damage":3,"enemies":"Exordium Wildlife","floor":15,"turns":4},{"damage":0,"enemies":"WA_ARCHETYPE_RETAIN","floor":16,"turns":8},{"damage":18,"enemies":"3 Byrds","floor":19,"turns":8},{"damage":6,"enemies":"Centurion and Healer","floor":20,"turns":6},{"damage":30,"enemies":"Snake Plant","floor":21,"turns":4},{"damage":9,"enemies":"Snecko","floor":25,"turns":4},{"damage":15,"enemies":"downfall:FleeingMerchant","floor":27,"turns":4},{"damage":2,"enemies":"Chosen and Byrds","floor":29,"turns":6},{"damage":34,"enemies":"3 Cultists","floor":30,"turns":4},{"damage":9,"enemies":"Snake Plant","floor":32,"turns":4},{"damage":31,"enemies":"DF_ARCHETYPE_CLAW","floor":33,"turns":8},{"damage":0,"enemies":"DF_ARCHETYPE_CLAW","floor":36,"turns":4},{"damage":7,"enemies":"downfall:FleeingMerchant","floor":37,"turns":4},{"damage":10,"enemies":"3 Shapes","floor":39,"turns":5},{"damage":35,"enemies":"Nemesis","floor":40,"turns":7},{"damage":2,"enemies":"3 Darklings","floor":43,"turns":2},{"damage":10,"enemies":"Giant Head","floor":44,"turns":6},{"damage":1,"enemies":"Transient","floor":48,"turns":5},{"damage":9,"enemies":"Writhing Mass","floor":49,"turns":3},{"damage":19,"enemies":"IC_BLOCK_ARCHETYPE","floor":50,"turns":5},{"damage":122,"enemies":"downfall:CharBossMerchant","floor":52,"turns":8},{"damage":0,"enemies":"downfall:NeowBoss","floor":55,"turns":11},{"damage":35,"enemies":"downfall:NeowBossFinal","floor":56,"turns":7}],"seed_played":"-1740603257465241867","potions_obtained":[{"floor":3,"key":"SteroidPotion"},{"floor":5,"key":"Swift Potion"},{"floor":5,"key":"Guardian:BlockOnCardUsePotion"},{"floor":5,"key":"Weak Potion"},{"floor":10,"key":"Explosive Potion"},{"floor":14,"key":"EssenceOfSteel"},{"floor":15,"key":"SmokeBomb"},{"floor":16,"key":"SpeedPotion"},{"floor":20,"key":"DistilledChaos"},{"floor":33,"key":"LiquidMemories"},{"floor":39,"key":"Block Potion"},{"floor":40,"key":"LiquidBronze"},{"floor":48,"key":"Explosive Potion"},{"floor":52,"key":"Energy Potion"}],"is_trial":false,"path_per_floor":["R","M","M","M","?","$","T","R","$","?","E","?","R","E","M","B",null,"R","M","M","M","?","?","T","M","R","$","R","M","M","?","M","B",null,"R","?","$","?","M","E","T","?","M","E","?","T","R","M","M","B",null,"E","$","R","B","B",null],"character_chosen":"THE_AUTOMATON","items_purchased":["bronze:Optimize","Membership Card","MerchantsRug","StoneCalendar","Lantern","bronze:BuggyMess","Mayhem","Ornamental Fan","Calipers","Pear","DistilledChaos","AttackPotion","Toy Ornithopter","Metamorphosis+1"],"campfire_rested":5,"item_purchase_floors":[6,27,27,27,27,27,37,37,53,53,53,53,53,53],"current_hp_per_floor":[70,69,68,61,61,61,61,61,61,40,40,40,40,32,29,29,70,70,52,46,16,16,16,16,7,56,41,80,78,44,44,35,4,80,80,80,73,73,63,28,28,28,26,20,20,20,68,67,58,43,80,10,20,74,78,47],"gold":175,"neow_bonus":"ONE_RARE_RELIC","is_daily":false,"chose_seed":false,"campfire_upgraded":3,"win_rate":0.0,"timestamp":1611024335,"path_taken":["R","M","M","?","?","$","T","R","?","?","E","?","R","E","M","BOSS","R","M","M","M","?","?","T","M","R","?","R","?","M","?","M","BOSS","R","?","$","?","?","E","T","?","M","E","?","?","R","M","M","BOSS","E","$","R","BOSS","BOSS"],"items_purchased_type":["Card","Relic","Relic","Relic","Relic","Card","Card","Relic","Relic","Relic","Potion","Potion","Relic","Card"],"build_version":"2020-12-22","purchased_purges":1,"victory":true,"max_hp_per_floor":[70,70,70,70,70,70,70,70,70,70,70,70,70,70,70,70,70,70,70,70,70,70,70,70,70,80,80,80,80,80,80,80,80,80,80,80,80,80,80,80,80,80,80,80,80,80,80,80,80,80,80,80,90,90,90,90],"card_choices":[{"not_picked":["bronze:Turbo","bronze:Branch"],"picked":"bronze:ClassDefault","floor":2},{"not_picked":["bronze:Backtrace","bronze:Shield"],"picked":"bronze:ForLoop","floor":3},{"not_picked":["bronze:CutThrough","bronze:FineTuning"],"picked":"bronze:Constructor","floor":4},{"not_picked":["bronze:InfiniteBeams","bronze:Assembly"],"picked":"bronze:HardenedForm","floor":6},{"not_picked":["bronze:InfiniteBeams","bronze:OilSpill"],"picked":"bronze:Deprecate","floor":9},{"not_picked":["bronze:Overheat","bronze:OilSpill"],"picked":"bronze:Branch","floor":10},{"not_picked":["bronze:WhirlingStrike","bronze:DigitalCarnage"],"picked":"bronze:Shell","floor":11},{"not_picked":["bronze:GetLatest","bronze:Frontload"],"picked":"bronze:ItsAFeature","floor":14},{"not_picked":["bronze:DelayedGuard","bronze:BitShift"],"picked":"bronze:WhirlingStrike","floor":15},{"not_picked":["bronze:ShipIt","bronze:SpaghettiCode"],"picked":"bronze:AlphaBuild","floor":16},{"not_picked":["bronze:Constructor","bronze:WhirlingStrike"],"picked":"bronze:BugBarrage+1","floor":19},{"not_picked":["bronze:BugBarrage","bronze:DelayedGuard"],"picked":"bronze:Flail","floor":20},{"not_picked":["bronze:DigitalCarnage","bronze:FineTuning"],"picked":"bronze:Invalidate","floor":21},{"not_picked":["bronze:GetLatest+1","bronze:Separator"],"picked":"bronze:MaxOutput+1","floor":25},{"not_picked":["bronze:WildBeam","bronze:BronzeArmor"],"picked":"bronze:TinkerersToolbox","floor":27},{"not_picked":["bronze:Backtrace","bronze:WhirlingStrike","bronze:BronzeArmor"],"picked":"SKIP","floor":29},{"not_picked":["bronze:Invalidate","bronze:CutThrough"],"picked":"bronze:DelayedGuard","floor":30},{"not_picked":["bronze:BugBarrage","bronze:DelayedSlice"],"picked":"bronze:Branch","floor":32},{"not_picked":["bronze:GetLatest+1","bronze:DigitalCarnage"],"picked":"bronze:ItsAFeature","floor":36},{"not_picked":["bronze:ChosenStrike+1","bronze:FineTuning"],"picked":"bronze:GetLatest","floor":37},{"not_picked":["bronze:BugBarrage+1","bronze:DelayedSlice+1"],"picked":"bronze:Iterate+1","floor":39},{"not_picked":["bronze:BitShift","bronze:Repair"],"picked":"bronze:ShipIt","floor":40},{"not_picked":["bronze:Break","bronze:AlphaBuild"],"picked":"bronze:Library","floor":42},{"not_picked":["bronze:DigitalCarnage","bronze:Flail"],"picked":"bronze:Shell","floor":42},{"not_picked":["Blind","Flash of Steel"],"picked":"Bandage Up","floor":42},{"not_picked":["bronze:WhirlingStrike+1","bronze:DigitalCarnage+1","bronze:NullPointer+1"],"picked":"SKIP","floor":43},{"not_picked":["bronze:FineTuning","bronze:Flail"],"picked":"bronze:OilSpill+1","floor":44},{"not_picked":["expansioncontent:PrepareCrush","expansioncontent:Chronoboost+1"],"picked":"expansioncontent:YouAreMine","floor":45},{"not_picked":["bronze:Return+1","bronze:Constructor+1"],"picked":"bronze:Allocate+1","floor":48},{"not_picked":["bronze:Philosophize+1","bronze:ClassDefault+1"],"picked":"bronze:OilSpill+1","floor":49},{"not_picked":["bronze:Separator+1","bronze:Safeguard+1"],"picked":"bronze:Return+1","floor":52}],"player_experience":727779,"relics_obtained":[{"floor":10,"key":"Dead Branch"},{"floor":11,"key":"TungstenRod"},{"floor":14,"key":"PreservedInsect"},{"floor":24,"key":"Eternal Feather"},{"floor":36,"key":"Lizard Tail"},{"floor":40,"key":"Frozen Egg 2"},{"floor":40,"key":"Centennial Puzzle"},{"floor":41,"key":"Ginger"},{"floor":44,"key":"Omamori"},{"floor":44,"key":"Pocketwatch"},{"floor":46,"key":"Toxic Egg 2"},{"floor":52,"key":"HornCleat"},{"floor":52,"key":"Kunai"}],"event_choices":[{"damage_healed":0,"gold_gain":0,"player_choice":"Got Potions","damage_taken":0,"max_hp_gain":0,"max_hp_loss":0,"event_name":"Lab","floor":5,"gold_loss":0},{"cards_removed":["bronze:HardenedForm"],"damage_healed":0,"gold_gain":0,"player_choice":"Give","damage_taken":0,"max_hp_gain":0,"max_hp_loss":0,"event_name":"betterNote:BetterNote","floor":23,"gold_loss":0,"cards_obtained":["None"]},{"damage_healed":0,"gold_gain":0,"cards_transformed":["bronze:Strike","bronze:Strike"],"player_choice":"Became Test Subject","damage_taken":0,"max_hp_gain":0,"max_hp_loss":0,"event_name":"Drug Dealer","floor":31,"gold_loss":0,"cards_obtained":["bronze:ClassDefault","bronze:Break"]},{"damage_healed":0,"gold_gain":0,"player_choice":"1","damage_taken":0,"max_hp_gain":0,"max_hp_loss":0,"event_name":"betterMatch:BetterMatch","floor":42,"gold_loss":0,"cards_obtained":["betterMatch:RareCard","betterMatch:UncommonCard","betterMatch:ColorlessUncommonCard"]}],"is_beta":false,"boss_relics":[{"not_picked":["Sozu","bronze:PlatinumCore"],"picked":"Black Star"},{"not_picked":["Velvet Choker","SacredBark"],"picked":"Fusion Hammer"}],"items_purged_floors":[53],"is_endless":false,"potions_floor_spawned":[3,10,14,15,16,20,21,33,39,40,48,52],"ascension_level":0}}