{"host":"zzc28wglrg51iog5","time":1611085815,"event":{"mods":["BaseMod","Colored Map","Downfall","GifTheSpireLib","Hermit","Minty Spire (QoL Compilation)","StSLib","The Hierophant"],"gold_per_floor":[99,119,129,140,140,50,125,125,152,164,182,199,99,162,175,280,280,280,380,194,194,210,226,226,126,161,177,177,211,211,59,73,172,172,172,187,237,237,128,142,169,201,51,51,51,51,51,51,61,61],"floor_reached":51,"language":"ENG","playtime":4339,"items_purged":["Shame","bronze:Strike","bronze:Strike","bronze:Strike"],"score":1588,"play_id":"9f6fb594-9c8e-4471-928e-7d1fbdd2c310","local_time":"20210119205015","is_ascension_mode":false,"campfire_choices":[{"data":"bronze:Replicate","floor":1.0,"key":"SMITH"},{"data":"Secret Weapon","floor":8,"key":"SMITH"},{"floor":13,"key":"REST"},{"floor":18,"key":"RECALL"},{"data":"bronze:Repulsor","floor":25,"key":"SMITH"},{"floor":30,"key":"REST"},{"data":"bronze:HardenedForm","floor":35,"key":"SMITH"},{"data":"bronze:Terminator","floor":46,"key":"SMITH"}],"circlet_count":0,"master_deck":["bronze:Strike","bronze:Defend","bronze:Defend","bronze:Defend","bronze:Defend","bronze:Replicate+1","bronze:Goto","Secret Weapon+1","bronze:CloningBeam","bronze:WhirlingStrike","bronze:HardenedForm+1","bronze:DigitalCarnage","bronze:Branch","bronze:ClassDefault","bronze:Turbo","bronze:Repulsor+1","bronze:Terminator+1","bronze:FollowUp","bronze:Return","bronze:Assembly","bronze:Boost+1","bronze:SpaghettiCode","bronze:Optimize","bronze:Shell","bronze:Invalidate","bronze:Turbo","bronze:BronzeArmor","bronze:Constructor+1","bronze:Format","bronze:FollowUp+1","bronze:GetLatest+1","bronze:Constructor+1","Forethought","bronze:Deprecate+1","bronze:Repair","bronze:Virus","bronze:Overload+1"],"relics":["bronze:BronzeCore","Mummified Hand","Prayer Wheel","downfall:HeartBlessingGreen","Happy Flower","Runic Pyramid","Ginger","downfall:HeartBlessingRed","Ornamental Fan","PreservedInsect","SlaversCollar","Incense Burner","Anchor","bronze:CableSpool","Blue Candle"],"acts_visited":["Exordium","TheCity","TheBeyond"],"potions_floor_usage":[23,26,29,33,33,33,33,33,50],"damage_taken":[{"damage":4.0,"enemies":"Cultist","floor":2.0,"turns":4.0},{"damage":5,"enemies":"2 Louse","floor":3,"turns":2},{"damage":10,"enemies":"Small Slimes","floor":4,"turns":2},{"damage":0,"enemies":"downfall:FleeingMerchant","floor":6,"turns":4},{"damage":22,"enemies":"Lagavulin","floor":9,"turns":6},{"damage":5,"enemies":"Exordium Thugs","floor":10,"turns":4},{"damage":2,"enemies":"3 Louse","floor":11,"turns":3},{"damage":2,"enemies":"Blue Slaver","floor":12,"turns":3},{"damage":0,"enemies":"Gremlin Nob","floor":14,"turns":2},{"damage":5,"enemies":"Exordium Wildlife","floor":15,"turns":4},{"damage":31,"enemies":"IC_STATUS_ARCHETYPE","floor":16,"turns":7},{"damage":0,"enemies":"downfall:FleeingMerchant","floor":20,"turns":4},{"damage":1,"enemies":"Chosen","floor":22,"turns":3},{"damage":0,"enemies":"3 Byrds","floor":23,"turns":3},{"damage":21,"enemies":"Gremlin Leader","floor":26,"turns":6},{"damage":20,"enemies":"Shelled Parasite and Fungi","floor":27,"turns":4},{"damage":30,"enemies":"Book of Stabbing","floor":29,"turns":5},{"damage":0,"enemies":"downfall:FleeingMerchant","floor":31,"turns":4},{"damage":0,"enemies":"Snake Plant","floor":32,"turns":3},{"damage":23,"enemies":"DF_ARCHETYPE_CLAW","floor":33,"turns":9},{"damage":11,"enemies":"3 Shapes","floor":36,"turns":3},{"damage":29,"enemies":"2 Orb Walkers","floor":37,"turns":4},{"damage":0,"enemies":"downfall:FleeingMerchant","floor":39,"turns":4},{"damage":14,"enemies":"3 Darklings","floor":40,"turns":3},{"damage":0,"enemies":"Giant Head","floor":42,"turns":6},{"damage":0,"enemies":"Jaw Worm Horde","floor":49,"turns":4},{"damage":0,"enemies":"WA_ARCHETYPE_DIVINITY","floor":50,"turns":10}],"seed_played":"5296339186731597049","potions_obtained":[{"floor":3,"key":"Block Potion"},{"floor":9,"key":"sneckomod:MuddlingPotion"},{"floor":12,"key":"Block Potion"},{"floor":14,"key":"EntropicBrew"},{"floor":23,"key":"Dexterity Potion"},{"floor":26,"key":"Fire Potion"},{"floor":32,"key":"SteroidPotion"},{"floor":37,"key":"LiquidMemories"},{"floor":42,"key":"Explosive Potion"}],"is_trial":false,"path_per_floor":["R","M","M","M","?","$","T","R","E","M","M","M","R","?","M","B",null,"R","?","$","?","M","M","T","R","E","M","?","E","R","$","M","B",null,"R","M","?","?","$","M","T","E","$","T","?","R","?","$","M","B",null],"character_chosen":"THE_AUTOMATON","items_purchased":["bronze:SpaghettiCode","bronze:Format","Anchor","Forethought","CultistPotion"],"campfire_rested":2,"item_purchase_floors":[20,31,39,39,39],"current_hp_per_floor":[70,66,61,51,56,56,56,56,34,29,27,25,47,47,42,11,75,75,75,75,75,74,74,74,74,53,33,33,3,25,25,25,2,75,75,64,35,35,35,21,21,21,21,21,21,21,66,66,66,66],"gold":61,"neow_bonus":"RANDOM_COLORLESS_2","is_daily":false,"chose_seed":false,"campfire_upgraded":5,"win_rate":0.0,"timestamp":1611085815,"path_taken":["R","M","?","M","?","$","T","R","E","M","M","M","R","?","M","BOSS","R","?","?","?","M","M","T","R","E","M","?","E","R","$","M","BOSS","R","M","?","?","?","M","T","E","$","?","?","R","?","?","M","BOSS"],"items_purchased_type":["Card","Card","Relic","Card","Potion"],"build_version":"2020-12-22","purchased_purges":4,"victory":true,"max_hp_per_floor":[70,70,70,70,75,75,75,75,75,75,75,75,75,75,75,75,75,75,75,75,75,75,75,75,75,75,75,75,75,75,75,75,75,75,75,75,75,75,75,75,75,75,75,75,75,75,66,66,66,66],"card_choices":[{"not_picked":["Sadistic Nature","Panache"],"picked":"Secret Weapon","floor":0.0},{"not_picked":["bronze:Frontload","bronze:BitShift"],"picked":"bronze:CloningBeam","floor":2.0},{"not_picked":["bronze:DelayedGuard","bronze:Backtrace"],"picked":"bronze:WhirlingStrike","floor":3},{"not_picked":["bronze:Safeguard","bronze:Deprecate"],"picked":"bronze:HardenedForm","floor":4},{"not_picked":["bronze:DarkDash","bronze:Deprecate"],"picked":"bronze:DigitalCarnage","floor":6},{"not_picked":["bronze:Deprecate","bronze:CloningBeam"],"picked":"bronze:Branch","floor":9},{"not_picked":["bronze:Safeguard","bronze:BugBarrage"],"picked":"bronze:GetLatest","floor":10},{"not_picked":["bronze:CutThrough","bronze:BuggyMess","bronze:DelayedGuard"],"picked":"SKIP","floor":10},{"not_picked":["bronze:Allocate","bronze:WhirlingStrike"],"picked":"bronze:ClassDefault","floor":11},{"not_picked":["bronze:CloningBeam","bronze:ChosenStrike"],"picked":"bronze:Turbo","floor":11},{"not_picked":["bronze:BuggyMess","bronze:CloningBeam"],"picked":"bronze:Repulsor","floor":12},{"not_picked":["bronze:ForceShield","bronze:BurnOut"],"picked":"bronze:Terminator","floor":12},{"not_picked":["bronze:WhirlingStrike","bronze:BitShift"],"picked":"bronze:FollowUp","floor":14},{"not_picked":["bronze:FineTuning","bronze:DigitalCarnage"],"picked":"bronze:Return","floor":15},{"not_picked":["bronze:BitShift","bronze:Safeguard","bronze:WhirlingStrike"],"picked":"SKIP","floor":15},{"not_picked":["bronze:AlphaBuild","bronze:HardenedForm"],"picked":"bronze:Assembly","floor":16},{"not_picked":["bronze:ChildClass","bronze:DelayedGuard"],"picked":"bronze:Boost+1","floor":20},{"not_picked":["bronze:GetLatest+1","bronze:FineTuning"],"picked":"bronze:Shell","floor":22},{"not_picked":["bronze:Shield","bronze:Turbo","bronze:BitShift"],"picked":"SKIP","floor":22},{"not_picked":["bronze:Repair","bronze:MaxOutput"],"picked":"bronze:Invalidate","floor":23},{"not_picked":["bronze:Separator","bronze:AlphaBuild","bronze:Iterate"],"picked":"SKIP","floor":23},{"not_picked":["bronze:Branch+1","bronze:Invalidate+1"],"picked":"bronze:Turbo","floor":26},{"not_picked":["bronze:Constructor","bronze:ClassDefault"],"picked":"bronze:BronzeArmor","floor":27},{"not_picked":["bronze:Invalidate","bronze:Fortify","bronze:DigitalCarnage"],"picked":"SKIP","floor":27},{"not_picked":["bronze:DigitalCarnage","bronze:ItsAFeature+1"],"picked":"bronze:Constructor+1","floor":29},{"not_picked":["bronze:GetLatest","bronze:Shell+1","bronze:WhirlingStrike"],"picked":"SKIP","floor":31},{"not_picked":["bronze:WildBeam","bronze:NullPointer"],"picked":"bronze:FollowUp+1","floor":32},{"not_picked":["bronze:ItsAFeature","bronze:BronzeArmor","bronze:BugBarrage"],"picked":"SKIP","floor":32},{"not_picked":["bronze:BuggyMess","bronze:Constructor"],"picked":"bronze:GetLatest+1","floor":36},{"not_picked":["bronze:Overheat","bronze:OilSpill","bronze:DelayedGuard"],"picked":"SKIP","floor":36},{"not_picked":["bronze:Deprecate","bronze:NullPointer"],"picked":"bronze:Constructor+1","floor":39},{"not_picked":["bronze:BitShift","bronze:Turbo+1"],"picked":"bronze:Deprecate+1","floor":40},{"not_picked":["bronze:ForLoop+1","bronze:Deprecate","bronze:Constructor+1"],"picked":"SKIP","floor":40},{"not_picked":["bronze:WildBeam+1","bronze:Iterate+1"],"picked":"bronze:Repair","floor":42},{"not_picked":["bronze:ClassDefault+1","bronze:Invalidate+1"],"picked":"bronze:Virus","floor":49},{"not_picked":["bronze:Separator","bronze:Backtrace+1"],"picked":"bronze:Overload+1","floor":49}],"player_experience":1607647,"relics_obtained":[{"floor":7,"key":"Mummified Hand"},{"floor":9,"key":"Prayer Wheel"},{"floor":14,"key":"Happy Flower"},{"floor":24,"key":"Ginger"},{"floor":26,"key":"Ornamental Fan"},{"floor":29,"key":"PreservedInsect"},{"floor":37,"key":"Incense Burner"},{"floor":42,"key":"bronze:CableSpool"},{"floor":44,"key":"Blue Candle"}],"event_choices":[{"damage_healed":0,"gold_gain":0,"player_choice":"Donut","damage_taken":0,"max_hp_gain":5,"max_hp_loss":0,"event_name":"Big Fish","floor":5,"gold_loss":0},{"damage_healed":0,"gold_gain":0,"player_choice":"Read","damage_taken":0,"max_hp_gain":0,"max_hp_loss":0,"event_name":"The Library","floor":21,"gold_loss":0,"cards_obtained":["bronze:Optimize"]},{"damage_healed":0,"gold_gain":0,"player_choice":"Fight","damage_taken":0,"max_hp_gain":0,"max_hp_loss":0,"event_name":"Mysterious Sphere","floor":37,"gold_loss":0},{"cards_removed":["bronze:GetLatest"],"damage_healed":0,"gold_gain":0,"player_choice":"Removed Skill","damage_taken":0,"max_hp_gain":0,"max_hp_loss":0,"event_name":"Falling","floor":45,"gold_loss":0}],"is_beta":false,"boss_relics":[{"not_picked":["Calling Bell","Astrolabe"],"picked":"Runic Pyramid"},{"not_picked":["expansioncontent:StudyCardRelic","SacredBark"],"picked":"SlaversCollar"}],"items_purged_floors":[6,20,39,43],"is_endless":false,"potions_floor_spawned":[3,9,12,14,15,16,23,26,32,37,42],"ascension_level":0}}