{"host":"1q02rw1wpi0nrsss","time":1611052607,"event":{"mods":["AchievementEnabler","BaseMod","Better Note","Custom Start","Dark Map","DeckTracker","Disable Question Mark Monsters","Minty Spire (QoL Compilation)","Permanent Neow","Quick Restart","Rare Cards Sparkle","Relic Stats","StSLib"],"gold_per_floor":[216,236,93,107,107,107,118,118,118,118,148,148,163,181,181,279,279,295,2,2,2,2,2,2,35,35,35,35],"floor_reached":27,"language":"ENG","playtime":1177,"items_purged":["Defend_B"],"score":300,"play_id":"83b1f9d5-6af4-48f5-b7c1-4dafbb3794a8","local_time":"20210119023647","is_ascension_mode":true,"campfire_choices":[{"data":"Zap","floor":6,"key":"SMITH"},{"data":"Loop","floor":8,"key":"SMITH"},{"floor":12,"key":"REST"},{"data":"Blizzard","floor":15,"key":"SMITH"},{"data":"Fission","floor":23,"key":"SMITH"}],"circlet_count":0,"master_deck":["Strike_B","Strike_B","Defend_B","Defend_B","Defend_B","Zap+1","Dualcast","Gash","Auto Shields","Glacier","Loop+1","Blizzard+1","Redo","Fission+1","Coolheaded","Hologram","Cold Snap+1","Clumsy"],"relics":["Cracked Core","TungstenRod","Ginger","Cursed Key","Torii","Bag of Preparation","Mummified Hand"],"acts_visited":["Exordium","TheCity"],"potions_floor_usage":[11,21,25],"damage_taken":[{"damage":4,"enemies":"2 Louse","floor":1,"turns":2},{"damage":1,"enemies":"Cultist","floor":2,"turns":3},{"damage":7,"enemies":"Jaw Worm","floor":4,"turns":3},{"damage":7,"enemies":"Large Slime","floor":7,"turns":7},{"damage":18,"enemies":"Gremlin Nob","floor":11,"turns":4},{"damage":0,"enemies":"2 Fungi Beasts","floor":13,"turns":4},{"damage":0,"enemies":"3 Louse","floor":14,"turns":4},{"damage":11,"enemies":"The Guardian","floor":16,"turns":13},{"damage":6,"enemies":"Shell Parasite","floor":18,"turns":10},{"damage":0,"enemies":"Chosen","floor":21,"turns":4},{"damage":50,"enemies":"Slavers","floor":25,"turns":6},{"damage":0,"enemies":"Shelled Parasite and Fungi","floor":27,"turns":3}],"seed_played":"-6969917095274350428","potions_obtained":[{"floor":2,"key":"Strength Potion"},{"floor":4,"key":"FocusPotion"},{"floor":11,"key":"AttackPotion"},{"floor":13,"key":"FearPotion"},{"floor":18,"key":"SmokeBomb"}],"is_trial":false,"path_per_floor":["M","M","$","M","?","R","M","R","T","?","E","R","M","M","R","B",null,"M","$","?","M","?","R","$","E","T","M"],"character_chosen":"DEFECT","items_purchased":["Glacier","Torii"],"campfire_rested":1,"item_purchase_floors":[3,19],"current_hp_per_floor":[64,63,63,56,49,49,42,42,42,42,24,46,46,46,46,35,65,59,59,59,59,59,59,59,9,9,9,9],"gold":35,"neow_bonus":"HUNDRED_GOLD","is_daily":false,"chose_seed":false,"campfire_upgraded":4,"win_rate":0.0,"timestamp":1611052607,"path_taken":["M","M","$","M","?","R","M","R","T","?","E","R","M","?","R","BOSS","M","$","?","M","?","R","?","E","T","M"],"items_purchased_type":["Card","Relic"],"build_version":"2020-12-22","purchased_purges":1,"victory":false,"max_hp_per_floor":[75,75,75,75,75,75,75,75,75,75,75,75,75,75,75,75,75,75,75,75,75,75,75,75,75,75,75,75],"relic_stats":{"Torii":9,"counters":[12,63],"Mummified Hand":[1],"Bag of Preparation":[2],"Ginger":[6],"Cursed Key":1,"obtain_stats":[{"Torii":19,"Mummified Hand":26,"Bag of Preparation":25,"Ginger":11,"Cracked Core":0,"Cursed Key":17,"TungstenRod":9},{"Torii":9,"Mummified Hand":11,"Bag of Preparation":11,"Ginger":5,"Cracked Core":0,"Cursed Key":8,"TungstenRod":4},{"Torii":50,"Mummified Hand":60,"Bag of Preparation":60,"Ginger":19,"Cracked Core":0,"Cursed Key":40,"TungstenRod":15}],"TungstenRod":15},"card_choices":[{"not_picked":["Streamline","Ball Lightning"],"picked":"Gash","floor":1},{"not_picked":["Cold Snap","Go for the Eyes"],"picked":"Auto Shields","floor":2},{"not_picked":["Glacier","Redo","Fusion"],"picked":"SKIP","floor":4},{"not_picked":["Redo","Steam Power"],"picked":"Loop","floor":7},{"not_picked":["Consume","Steam Power"],"picked":"Blizzard","floor":11},{"not_picked":["Barrage","Stack","Go for the Eyes"],"picked":"SKIP","floor":13},{"not_picked":["Steam","Hello World"],"picked":"Redo","floor":14},{"not_picked":["Hyperbeam","All For One"],"picked":"Fission","floor":16},{"not_picked":["Force Field","Go for the Eyes"],"picked":"Coolheaded","floor":18},{"not_picked":["Sweeping Beam","Go for the Eyes"],"picked":"Cold Snap+1","floor":25}],"player_experience":418844,"relics_obtained":[{"floor":9,"key":"TungstenRod"},{"floor":11,"key":"Ginger"},{"floor":25,"key":"Bag of Preparation"},{"floor":26,"key":"Mummified Hand"}],"event_choices":[{"cards_removed":["Strike_B"],"damage_healed":0,"gold_gain":0,"player_choice":"Card Removal","damage_taken":7,"max_hp_gain":0,"max_hp_loss":0,"event_name":"Golden Wing","floor":5,"gold_loss":0},{"cards_removed":["Strike_B"],"damage_healed":0,"gold_gain":0,"player_choice":"Offered Basic","damage_taken":0,"max_hp_gain":0,"max_hp_loss":0,"event_name":"Bonfire Elementals","floor":10,"gold_loss":0},{"damage_healed":0,"gold_gain":0,"player_choice":"Read","damage_taken":0,"max_hp_gain":0,"max_hp_loss":0,"event_name":"The Library","floor":20,"gold_loss":0,"cards_obtained":["Hologram"]},{"damage_healed":0,"gold_gain":0,"player_choice":"Ignored","damage_taken":0,"max_hp_gain":0,"max_hp_loss":0,"event_name":"Ghosts","floor":22,"gold_loss":0}],"is_beta":false,"boss_relics":[{"not_picked":["Astrolabe","Nuclear Battery"],"picked":"Cursed Key"}],"items_purged_floors":[3],"is_endless":false,"potions_floor_spawned":[2,4,11,13,18,21],"killed_by":"Shelled Parasite and Fungi","ascension_level":6}}