{"host":"nnxvcju6x1qybncj","time":1611073369,"event":{"mods":["BaseMod","Block Reminder","Curses Come First","Custom Start","Dark Map","Displayed Cursed Tome","Downfall","Evolution","Jorbs\u0027s Wanderer Trilogy","Minty Spire (QoL Compilation)","Quick Restart","Relic Stats","StSLib"],"gold_per_floor":[111,129,229,242,8,8,33,48,48,64,113,113,144,164,164,239,239,256,256,171,4,103,137,137,167,242,242,252,269,16,31,31,110,110,124,149,149,149,30,30,30,42,42,61,11,24,24,35,35,35,35],"floor_reached":50,"language":"ENG","playtime":2393,"items_purged":["Strike_G","Strike_G+1","Regret"],"score":809,"play_id":"ef817bd1-27a5-49d9-b246-7483398ce38d","local_time":"20210119172249","is_ascension_mode":true,"campfire_choices":[{"data":"Well Laid Plans","floor":6,"key":"SMITH"},{"floor":12,"key":"REST"},{"floor":15,"key":"REST"},{"floor":24,"key":"REST"},{"data":"Wraith Form v2","floor":27,"key":"SMITH"},{"floor":32,"key":"REST"},{"data":"Accuracy","floor":40,"key":"SMITH"},{"data":"After Image","floor":41,"key":"SMITH"},{"floor":47,"key":"REST"},{"floor":49,"key":"REST"}],"circlet_count":0,"master_deck":["AscendersBane","Dagger Spray","Dagger Throw+1","Dagger Spray","Defend_G","Defend_G","Defend_G","Defend_G","Defend_G","Survivor","Neutralize","Deadly Poison","Well Laid Plans+1","Finisher","Infinite Blades","Choke","Backflip","Wraith Form v2+1","Skewer","Blade Dance","Blade Dance","Cloak And Dagger","Dagger Throw","A Thousand Cuts","Crippling Poison","Accuracy+1","Blade Dance","Calculated Gamble","After Image+1","Flechettes","Deflect","Deflect"],"relics":["Ring of the Snake","EVO:Axolotl","Anchor","Boot","Whetstone","Dream Catcher","Sundial","Busted Crown","Smiling Mask","Bottled Lightning","Happy Flower","Ninja Scroll","Kunai","Cursed Key","WingedGreaves","Turnip"],"acts_visited":["Exordium","TheCity","TheBeyond"],"potions_floor_usage":[13,23,25,33,42],"damage_taken":[{"damage":3,"enemies":"Jaw Worm","floor":1,"turns":3},{"damage":0,"enemies":"Cultist","floor":2,"turns":4},{"damage":1,"enemies":"2 Louse","floor":4,"turns":2},{"damage":21,"enemies":"Gremlin Nob","floor":7,"turns":4},{"damage":0,"enemies":"Exordium Wildlife","floor":8,"turns":3},{"damage":0,"enemies":"Blue Slaver","floor":10,"turns":2},{"damage":35,"enemies":"Lagavulin","floor":13,"turns":5},{"damage":0,"enemies":"2 Fungi Beasts","floor":14,"turns":3},{"damage":24,"enemies":"Hexaghost","floor":16,"turns":9},{"damage":6,"enemies":"3 Byrds","floor":18,"turns":3},{"damage":44,"enemies":"Book of Stabbing","floor":23,"turns":7},{"damage":5,"enemies":"Gremlin Leader","floor":25,"turns":4},{"damage":14,"enemies":"2 Thieves","floor":28,"turns":3},{"damage":24,"enemies":"Snake Plant","floor":29,"turns":3},{"damage":3,"enemies":"Snecko","floor":31,"turns":5},{"damage":26,"enemies":"Champ","floor":33,"turns":9},{"damage":8,"enemies":"3 Darklings","floor":35,"turns":3},{"damage":1,"enemies":"Mind Bloom Boss Battle","floor":36,"turns":7},{"damage":0,"enemies":"Orb Walker","floor":42,"turns":2},{"damage":0,"enemies":"Jaw Worm Horde","floor":44,"turns":3},{"damage":7,"enemies":"Transient","floor":46,"turns":5},{"damage":22,"enemies":"Maw","floor":48,"turns":7},{"damage":73,"enemies":"Awakened One","floor":50,"turns":6}],"seed_played":"-2621776159002350621","potions_obtained":[{"floor":1,"key":"Swift Potion"},{"floor":7,"key":"CultistPotion"},{"floor":8,"key":"Energy Potion"},{"floor":13,"key":"Ancient Potion"},{"floor":23,"key":"Fruit Juice"},{"floor":31,"key":"SkillPotion"},{"floor":35,"key":"SneckoOil"}],"is_trial":false,"path_per_floor":["M","M","?","M","$","R","E","M","T","M","T","R","E","M","R","B",null,"M","?","?","$","?","E","R","E","T","R","M","M","$","M","R","B",null,"M","?","?","?","$","R","R","M","T","M","$","M","R","M","R","B"],"character_chosen":"THE_SILENT","items_purchased":["Anchor","Choke","Backflip","Accuracy","Blade Dance","Kunai","Flechettes"],"campfire_rested":6,"item_purchase_floors":[5,5,5,21,21,30,39],"current_hp_per_floor":[60,60,60,59,59,59,38,38,38,38,38,59,24,24,45,21,58,52,70,70,70,70,31,53,48,48,48,34,10,10,7,29,3,57,49,48,48,48,48,48,48,48,48,48,48,41,62,40,61,0,0],"gold":35,"neow_bonus":"THREE_CARDS","is_daily":false,"chose_seed":false,"campfire_upgraded":4,"win_rate":0.0,"timestamp":1611073369,"path_taken":["M","M","?","M","$","R","E","M","T","?","?","R","E","M","R","BOSS","M","?","?","$","?","E","R","E","T","R","M","?","$","M","R","BOSS","M","?","?","?","$","R","R","?","T","M","$","M","R","M","R","BOSS"],"items_purchased_type":["Relic","Card","Card","Card","Card","Relic","Card"],"build_version":"2020-12-22","purchased_purges":3,"victory":false,"max_hp_per_floor":[70,70,70,70,70,70,70,70,70,70,70,70,70,70,70,70,70,70,70,70,70,70,75,75,75,75,75,75,75,75,75,75,75,75,75,75,71,71,71,71,71,71,71,71,71,71,71,71,71,71,71],"relic_stats":{"Happy Flower":[17],"counters":[23,102],"Whetstone":["Dagger Throw","Strike_G"],"Boot":[285],"Smiling Mask":150,"Cursed Key":1,"Dream Catcher":6,"Busted Crown":36,"Sundial":[4],"Turnip":[3],"Kunai":[56],"obtain_stats":[{"Happy Flower":25,"EVO:Axolotl":0,"Whetstone":9,"Boot":7,"Smiling Mask":20,"Cursed Key":34,"Anchor":5,"Dream Catcher":11,"Busted Crown":17,"Sundial":13,"Ninja Scroll":26,"WingedGreaves":36,"Turnip":43,"Bottled Lightning":23,"Kunai":30,"Ring of the Snake":0},{"Happy Flower":12,"EVO:Axolotl":0,"Whetstone":5,"Boot":4,"Smiling Mask":10,"Cursed Key":16,"Anchor":3,"Dream Catcher":6,"Busted Crown":9,"Sundial":7,"Ninja Scroll":12,"WingedGreaves":18,"Turnip":19,"Bottled Lightning":11,"Kunai":14,"Ring of the Snake":0},{"Happy Flower":49,"EVO:Axolotl":0,"Whetstone":16,"Boot":13,"Smiling Mask":38,"Cursed Key":69,"Anchor":9,"Dream Catcher":18,"Busted Crown":35,"Sundial":23,"Ninja Scroll":49,"WingedGreaves":79,"Turnip":81,"Bottled Lightning":45,"Kunai":55,"Ring of the Snake":0}],"Ring of the Snake":[46]},"card_choices":[{"not_picked":["PiercingWail","Outmaneuver"],"picked":"Deadly Poison","floor":0},{"not_picked":["Sucker Punch","Outmaneuver"],"picked":"Well Laid Plans","floor":1},{"not_picked":["Concentrate","Reflex"],"picked":"Finisher","floor":2},{"not_picked":["Prepared","Distraction"],"picked":"Infinite Blades","floor":4},{"not_picked":["Distraction","Deadly Poison"],"picked":"Wraith Form v2","floor":7},{"not_picked":["All Out Attack","Dagger Spray"],"picked":"Skewer","floor":8},{"not_picked":["Cloak And Dagger","Quick Slash"],"picked":"Blade Dance","floor":10},{"not_picked":["Sucker Punch","Tactician"],"picked":"Blade Dance","floor":12},{"not_picked":["Leg Sweep","PiercingWail"],"picked":"Cloak And Dagger","floor":13},{"not_picked":["Quick Slash","Flying Knee"],"picked":"Dagger Throw","floor":14},{"not_picked":["Glass Knife","Venomology"],"picked":"A Thousand Cuts","floor":16},{"not_picked":[],"picked":"Crippling Poison","floor":18},{"not_picked":["Flying Knee"],"picked":"SKIP","floor":23},{"not_picked":[],"picked":"Calculated Gamble","floor":25},{"not_picked":["Sucker Punch"],"picked":"SKIP","floor":28},{"not_picked":["Dodge and Roll"],"picked":"SKIP","floor":29},{"not_picked":["Quick Slash"],"picked":"SKIP","floor":31},{"not_picked":[],"picked":"After Image","floor":33},{"not_picked":["Quick Slash"],"picked":"SKIP","floor":35},{"not_picked":[],"picked":"Deflect","floor":42},{"not_picked":["Dagger Spray"],"picked":"SKIP","floor":44},{"not_picked":[],"picked":"Deflect","floor":46},{"not_picked":["Riddle With Holes"],"picked":"SKIP","floor":48}],"player_experience":694787,"relics_obtained":[{"floor":7,"key":"Boot"},{"floor":9,"key":"Whetstone"},{"floor":11,"key":"Dream Catcher"},{"floor":13,"key":"Sundial"},{"floor":23,"key":"Bottled Lightning"},{"floor":25,"key":"Happy Flower"},{"floor":26,"key":"Ninja Scroll"},{"floor":36,"key":"WingedGreaves"},{"floor":43,"key":"Turnip"}],"event_choices":[{"damage_healed":0,"gold_gain":100,"player_choice":"Pray","damage_taken":0,"max_hp_gain":0,"max_hp_loss":0,"event_name":"Golden Shrine","floor":3,"gold_loss":0},{"damage_healed":23,"gold_gain":0,"player_choice":"Heal","damage_taken":0,"max_hp_gain":0,"max_hp_loss":0,"event_name":"The Library","floor":19,"gold_loss":0},{"damage_healed":0,"gold_gain":0,"player_choice":"Obtained Relic","damage_taken":0,"relics_obtained":["Smiling Mask"],"max_hp_gain":0,"max_hp_loss":0,"event_name":"Addict","floor":20,"gold_loss":85},{"damage_healed":0,"gold_gain":99,"player_choice":"Stole From Cult","damage_taken":0,"max_hp_gain":0,"max_hp_loss":0,"event_name":"Nest","floor":22,"gold_loss":0},{"damage_healed":0,"gold_gain":0,"player_choice":"Fight","damage_taken":0,"max_hp_gain":0,"max_hp_loss":0,"event_name":"MindBloom","floor":36,"gold_loss":0},{"damage_healed":0,"gold_gain":0,"player_choice":"Max HP","damage_taken":0,"max_hp_gain":0,"max_hp_loss":4,"event_name":"Winding Halls","floor":37,"gold_loss":0},{"damage_healed":0,"gold_gain":0,"player_choice":"Memory 1","damage_taken":0,"max_hp_gain":0,"max_hp_loss":0,"event_name":"SensoryStone","floor":38,"gold_loss":0}],"is_beta":false,"boss_relics":[{"not_picked":["Calling Bell","Black Star"],"picked":"Busted Crown"},{"not_picked":["Philosopher\u0027s Stone","Empty Cage"],"picked":"Cursed Key"}],"items_purged_floors":[21,39,45],"is_endless":false,"potions_floor_spawned":[1,7,8,13,18,23,31,35],"killed_by":"Awakened One","ascension_level":13}}