{"host":"8d3fefv2347kqkpz","time":1611028165,"event":{"mods":["100% Spire Juice","AchievementEnabler","Act Like it!","Aspiration","BaseMod","Better Vampires","Colored Map","Colored Powertips","Conspire","GifTheSpireLib","Highlight Path","Mimic Mod","Minty Spire (QoL Compilation)","Quick Restart","Reimu£®≤©¿ˆ¡È√Œ£©","Relic Stats","Remilia£®¿Ÿ√◊¿Ú—«£©","Replay The Spire","Spicy Shops","StSLib","The Gatherer","The Jungle","The Senshi","The Servant 0.9.4","Waifu the Spire","vexMod"],"gold_per_floor":[367,367,145,145,145,180,180,197,235,253,268,268,286,303,303,400,450,462,477,491,7,7,7,24,44,78,78,78,78,78,92,92,190,190,205,220,220,0,17,17,45,56,82,106,117,128,148,1,1,1],"floor_reached":51,"language":"ZHS","playtime":2264,"items_purged":["Pain","Strike_B","Strike_B"],"score":708,"play_id":"fc61ee30-00be-4d10-9e8c-4f7afaf49981","local_time":"20210119114925","is_ascension_mode":false,"campfire_choices":[{"floor":7,"key":"REST"},{"floor":12,"key":"REST"},{"floor":15,"key":"REST"},{"floor":23,"key":"REST"},{"floor":27,"key":"REST"},{"data":"ReplayGash","floor":29,"key":"SMITH"},{"floor":32,"key":"REST"},{"floor":40,"key":"REST"},{"floor":49,"key":"REST"}],"circlet_count":0,"master_deck":["Strike_B+1","Defend_B+1","Defend_B","Defend_B+1","Defend_B","Zap","Dualcast+1","Gash","Go for the Eyes","Genetic Algorithm","Skim+1","Conserve Battery","Go for the Eyes+1","Leap+1","Gash","Genetic Algorithm","Gash+1","ReplayGash+1","Skim","Gash+1","All For One","Hologram+1","Multi-Cast+1","Gash","Parasite","Conserve Battery+1","Hologram+1"],"relics":["FrozenCore","WarpedTongs","Orrery","vexMod:RedPlottingStone","Prayer Wheel","Gremlin Food","Prayer Wheel","Tiny House","aspiration:HummingbirdHeart","MutagenicStrength","conspire:Flyswatter","Centennial Puzzle","Red Mask","Golden Egg","Prayer Wheel","Toy Ornithopter","ReplayTheSpireMod:Lightbulb","ClockworkSouvenir"],"acts_visited":["Exordium","TheCity","TheBeyond"],"potions_floor_usage":[16,18,18,45,50,50],"damage_taken":[{"damage":1,"enemies":"Jaw Worm","floor":1,"turns":4},{"damage":27,"enemies":"Gremlin Nob","floor":6,"turns":5},{"damage":6,"enemies":"Cultist","floor":8,"turns":3},{"damage":12,"enemies":"Small Slimes","floor":9,"turns":7},{"damage":0,"enemies":"Small Slimes","floor":10,"turns":2},{"damage":16,"enemies":"3 Louse","floor":11,"turns":4},{"damage":1,"enemies":"Red Slaver","floor":13,"turns":3},{"damage":6,"enemies":"2 Fungi Beasts","floor":14,"turns":3},{"damage":4,"enemies":"The Guardian","floor":16,"turns":11},{"damage":15,"enemies":"3 Byrds","floor":18,"turns":6},{"damage":20,"enemies":"Spheric Guardian","floor":19,"turns":4},{"damage":17,"enemies":"Snake Plant","floor":20,"turns":8},{"damage":0,"enemies":"Snecko","floor":24,"turns":4},{"damage":2,"enemies":"Shelled Parasite and Fungi","floor":25,"turns":5},{"damage":4,"enemies":"Centurion and Healer","floor":26,"turns":8},{"damage":5,"enemies":"Centurion and Healer","floor":31,"turns":5},{"damage":14,"enemies":"conspire:MysteriousRune","floor":33,"turns":7},{"damage":0,"enemies":"Orb Walker","floor":35,"turns":4},{"damage":15,"enemies":"3 Shapes","floor":36,"turns":5},{"damage":16,"enemies":"Maw","floor":39,"turns":6},{"damage":13,"enemies":"Nemesis","floor":41,"turns":7},{"damage":12,"enemies":"Spire Growth","floor":42,"turns":6},{"damage":18,"enemies":"4 Shapes","floor":45,"turns":6},{"damage":0,"enemies":"Writhing Mass","floor":46,"turns":7},{"damage":0,"enemies":"3 Darklings","floor":47,"turns":5},{"damage":37,"enemies":"Time Eater","floor":50,"turns":10}],"seed_played":"7005306121417416365","potions_obtained":[{"floor":1,"key":"Strength Potion"},{"floor":6,"key":"Block Potion"},{"floor":11,"key":"AttackPotion"},{"floor":16,"key":"PowerPotion"},{"floor":20,"key":"PotionOfCapacity"},{"floor":24,"key":"Explosive Potion"}],"is_trial":false,"path_per_floor":["M","?","$","?","?","E","R","M","MIM","M","M","R","M","M","R","B",null,"M","M","M","$","?","R","M","M","MIM","R","T","R","?","M","R","B",null,"M","M","?","?","M","R","E","M","T","T","M","M","M","$","R","B",null],"character_chosen":"DEFECT","items_purchased":["Orrery","aspiration:HummingbirdHeart","ClockworkSouvenir"],"campfire_rested":8,"item_purchase_floors":[3,21,48],"current_hp_per_floor":[53,53,53,53,53,26,48,42,30,30,14,36,35,29,51,47,80,65,45,28,28,28,52,52,50,46,70,70,70,70,65,80,66,80,80,65,65,65,49,71,58,46,46,46,33,33,33,33,55,28],"gold":1,"neow_bonus":"TWO_FIFTY_GOLD","is_daily":false,"chose_seed":false,"campfire_upgraded":1,"win_rate":0.0,"timestamp":1611028165,"path_taken":["M","?","?","?","?","E","R","?","MIM","M","M","R","M","?","R","BOSS","M","M","M","?","?","R","M","M","MIM","R","?","R","?","?","R","BOSS","M","M","?","?","M","R","E","M","T","?","M","M","M","$","R","BOSS"],"items_purchased_type":["Relic","Relic","Relic"],"build_version":"2020-12-22","purchased_purges":3,"victory":true,"max_hp_per_floor":[75,75,75,75,75,75,75,75,75,75,75,75,75,75,75,75,80,80,80,80,80,80,80,80,80,80,80,80,80,80,80,80,80,80,80,80,76,76,76,76,76,76,76,76,76,76,76,76,76,76],"relic_stats":{"Centennial Puzzle":[23],"counters":[26,145],"Prayer Wheel":17,"obtain_stats":[{"Gremlin Food":9,"Golden Egg":41,"Tiny House":17,"aspiration:HummingbirdHeart":21,"WarpedTongs":2,"FrozenCore":34,"ClockworkSouvenir":48,"Centennial Puzzle":28,"vexMod:RedPlottingStone":6,"MutagenicStrength":22,"Orrery":3,"Prayer Wheel":9,"Red Mask":38,"Cracked Core":0,"ReplayTheSpireMod:Lightbulb":44,"Toy Ornithopter":43,"conspire:Flyswatter":26},{"Gremlin Food":4,"Golden Egg":21,"Tiny House":9,"aspiration:HummingbirdHeart":12,"WarpedTongs":1,"FrozenCore":17,"ClockworkSouvenir":25,"Centennial Puzzle":15,"vexMod:RedPlottingStone":2,"MutagenicStrength":12,"Orrery":1,"Prayer Wheel":4,"Red Mask":19,"Cracked Core":0,"ReplayTheSpireMod:Lightbulb":22,"Toy Ornithopter":22,"conspire:Flyswatter":15},{"Gremlin Food":19,"Golden Egg":111,"Tiny House":42,"aspiration:HummingbirdHeart":60,"WarpedTongs":4,"FrozenCore":89,"ClockworkSouvenir":135,"Centennial Puzzle":77,"vexMod:RedPlottingStone":9,"MutagenicStrength":60,"Orrery":4,"Prayer Wheel":14,"Red Mask":98,"Cracked Core":0,"ReplayTheSpireMod:Lightbulb":117,"Toy Ornithopter":117,"conspire:Flyswatter":77}],"Toy Ornithopter":15,"FrozenCore":[31],"WarpedTongs":[134]},"card_choices":[{"not_picked":["Darkness","Glacier","Consume"],"picked":"SKIP","floor":1},{"not_picked":["FIFO Queue","Tempest"],"picked":"Gash","floor":3},{"not_picked":["Rebound","Hyperbeam"],"picked":"ReplayTheSpireMod:Fabricate Wheel","floor":3},{"not_picked":["Redo","Self Repair"],"picked":"ReplayGash","floor":3},{"not_picked":["FTL","ReplayTheSpireMod:GoodbyeWorld"],"picked":"Go for the Eyes","floor":6},{"not_picked":["Compile Driver","Streamline","Rebound"],"picked":"SKIP","floor":8},{"not_picked":["Barrage","ReplayTheSpireMod:System Scan","Coolheaded"],"picked":"SKIP","floor":10},{"not_picked":["ReplaySolidLightProjector","Redo","Glacier"],"picked":"SKIP","floor":10},{"not_picked":["Streamline","Lockon","Redo"],"picked":"SKIP","floor":11},{"not_picked":["Rebound","ReplayTheSpireMod:Dual Polarity","Ball Lightning"],"picked":"SKIP","floor":11},{"not_picked":["Beam Cell","Leap"],"picked":"ReplayTheSpireMod:Fabricate Wheel","floor":13},{"not_picked":["Go for the Eyes","Beam Cell","Panic Button"],"picked":"SKIP","floor":13},{"not_picked":["Time Bomb","Doom and Gloom"],"picked":"Genetic Algorithm","floor":14},{"not_picked":["Coolheaded","Sweeping Beam"],"picked":"Skim","floor":14},{"not_picked":["Compile Driver","Rebound","Sweeping Beam"],"picked":"SKIP","floor":14},{"not_picked":["Redo+1","BootSequence+1"],"picked":"Conserve Battery","floor":18},{"not_picked":["Aggregate","Leap"],"picked":"Go for the Eyes","floor":18},{"not_picked":["BasicCrystalCard","Coolheaded"],"picked":"Leap+1","floor":18},{"not_picked":["Conserve Battery+1","Coolheaded"],"picked":"Gash","floor":19},{"not_picked":["Streamline","Sweeping Beam"],"picked":"Genetic Algorithm","floor":19},{"not_picked":["Glacier+1","Stack","Multi-Cast"],"picked":"SKIP","floor":19},{"not_picked":["Doom and Gloom","Loop"],"picked":"Gash","floor":20},{"not_picked":["Force Field","Consume+1"],"picked":"ReplayGash","floor":20},{"not_picked":["Double Energy","Aggregate+1","Rebound"],"picked":"SKIP","floor":20},{"not_picked":["Coolheaded","Beam Cell","Panic Button+1"],"picked":"SKIP","floor":24},{"not_picked":["Beam Cell+1","Barrage","BasicCrystalCard"],"picked":"SKIP","floor":24},{"not_picked":["conspire:SharedLibrary+1","Heatsinks","Meteor Strike"],"picked":"SKIP","floor":24},{"not_picked":["Compile Driver","Panic Button+1"],"picked":"Skim","floor":25},{"not_picked":["Turbo+1","Compile Driver","Recycle"],"picked":"SKIP","floor":25},{"not_picked":["BasicCrystalCard","Streamline","Turbo+1"],"picked":"SKIP","floor":25},{"not_picked":["Redo+1","Compile Driver","conspire:Rain"],"picked":"SKIP","floor":31},{"not_picked":["Sweeping Beam","Stack","Crystallizer"],"picked":"SKIP","floor":31},{"not_picked":["Streamline","Rip and Tear","FTL"],"picked":"SKIP","floor":31},{"not_picked":["Meteor Strike","Biased Cognition"],"picked":"All For One","floor":33},{"not_picked":["Panic Button","Conserve Battery"],"picked":"Hologram+1","floor":35},{"not_picked":["Sunder","Hologram","Heatsinks"],"picked":"SKIP","floor":35},{"not_picked":["Turbo+1","Hologram","Storm"],"picked":"SKIP","floor":35},{"not_picked":["Tempest","Aggregate+1","Hologram+1"],"picked":"SKIP","floor":36},{"not_picked":["Glacier","Streamline+1","Stack"],"picked":"SKIP","floor":36},{"not_picked":["Steam","Beam Cell+1","Panic Button+1"],"picked":"SKIP","floor":36},{"not_picked":["Redo+1","conspire:SharedLibrary+1","Leap"],"picked":"SKIP","floor":39},{"not_picked":["Steam+1","Force Field","ReplayTheSpireMod:Reroute Power+1"],"picked":"SKIP","floor":39},{"not_picked":["Stack","ReplayRNGCard","Fusion"],"picked":"SKIP","floor":39},{"not_picked":["Fusion","Conserve Battery"],"picked":"ReplayTheSpireMod:Fabricate Wheel","floor":41},{"not_picked":["Aggregate","Panic Button","Stack"],"picked":"SKIP","floor":42},{"not_picked":["Steam Power+1","BasicCrystalCard+1","Beam Cell"],"picked":"SKIP","floor":42},{"not_picked":["Turbo","Storm","Compile Driver"],"picked":"SKIP","floor":42},{"not_picked":["Rebound","Crystallizer","Force Field"],"picked":"SKIP","floor":42},{"not_picked":["Reinforced Body+1","Cold Snap"],"picked":"Gash","floor":45},{"not_picked":["Storm","Panic Button","Ball Lightning"],"picked":"SKIP","floor":45},{"not_picked":["FTL","Darkness","Turbo"],"picked":"SKIP","floor":45},{"not_picked":["Panic Button","Capacitor","Coolheaded+1"],"picked":"SKIP","floor":45},{"not_picked":["Reboot","Sunder"],"picked":"Conserve Battery+1","floor":46},{"not_picked":["Crystallizer+1","Chill","Sweeping Beam"],"picked":"SKIP","floor":46},{"not_picked":["FTL+1","Streamline+1","Redo"],"picked":"SKIP","floor":46},{"not_picked":["Coolheaded","Redo+1","Turbo+1"],"picked":"SKIP","floor":46},{"not_picked":["Double Energy","Rebound+1"],"picked":"Hologram+1","floor":47},{"not_picked":["Rebound","Glacier","Self Repair"],"picked":"SKIP","floor":47},{"not_picked":["Steam Power","Beam Cell+1","ReplayRNGCard"],"picked":"SKIP","floor":47},{"not_picked":["Hologram","Compile Driver","Coolheaded+1"],"picked":"SKIP","floor":47}],"player_experience":118662,"relics_obtained":[{"floor":6,"key":"vexMod:RedPlottingStone"},{"floor":9,"key":"Gremlin Food"},{"floor":26,"key":"conspire:Flyswatter"},{"floor":28,"key":"Centennial Puzzle"},{"floor":41,"key":"Golden Egg"},{"floor":43,"key":"Toy Ornithopter"},{"floor":44,"key":"ReplayTheSpireMod:Lightbulb"}],"event_choices":[{"damage_healed":0,"gold_gain":0,"player_choice":"Rummage","damage_taken":0,"relics_obtained":["WarpedTongs"],"max_hp_gain":0,"max_hp_loss":0,"event_name":"Accursed Blacksmith","floor":2,"gold_loss":0,"cards_obtained":["Pain"]},{"cards_removed":["Strike_B"],"damage_healed":0,"gold_gain":0,"player_choice":"Card Removal","damage_taken":0,"max_hp_gain":0,"max_hp_loss":0,"event_name":"Wheel of Change","floor":5,"gold_loss":0},{"damage_healed":0,"gold_gain":0,"player_choice":"Inject Mutagens","damage_taken":0,"relics_obtained":["MutagenicStrength"],"max_hp_gain":0,"max_hp_loss":0,"event_name":"Drug Dealer","floor":22,"gold_loss":0},{"damage_healed":0,"gold_gain":0,"player_choice":"Copied","damage_taken":0,"max_hp_gain":0,"max_hp_loss":0,"event_name":"Duplicator","floor":30,"gold_loss":0,"cards_obtained":["Gash"]},{"damage_healed":0,"gold_gain":0,"player_choice":"Max HP","damage_taken":0,"max_hp_gain":0,"max_hp_loss":4,"event_name":"Winding Halls","floor":37,"gold_loss":0},{"damage_healed":0,"gold_gain":0,"player_choice":"Paid","damage_taken":0,"relics_obtained":["Red Mask"],"max_hp_gain":0,"max_hp_loss":0,"event_name":"Tomb of Lord Red Mask","floor":38,"gold_loss":220}],"is_beta":false,"boss_relics":[{"not_picked":["Velvet Choker","aspiration:RunicSpoon"],"picked":"Tiny House"},{"not_picked":["Coffee Dripper","Replay:Ancient Bell"],"picked":"FrozenCore"}],"items_purged_floors":[3,21,21],"is_endless":false,"potions_floor_spawned":[1,6,11,14,16,20,24,33,35,39,41],"ascension_level":0}}