{"host":"9d9dhukr2jywmy0f","time":1611076592,"event":{"mods":["2.2 Compatiblity","Alarm Clock","BaseMod","Bestiary","Block Reminder","Colored Map","Colored Powertips","Curses Come First","DeckTracker","Highlight Path","Key Reminder","Minty Spire (QoL Compilation)","Quick Restart","Rare Cards Sparkle","Relic Sorter","Relic Stats","Spire Birthday Party","StS++","StSLib","SuperFastMode","Synergy Search","Unceasing Turn Reminder","Unknown Chances"],"gold_per_floor":[118,118,142,162,162,162,187,187,213,227,241,166,166,184,184,257,257,272,187,73,73,73,104,4,16,39,39,70,70,70,90,90,167,167,184,204,79,0,15,15,15,15,15,15,34,51,66,83,83,83,83,83],"floor_reached":51,"language":"ZHS","playtime":2015,"items_purged":["Strike_G","Strike_G","Strike_G"],"score":1470,"play_id":"8a204a41-ae40-4dac-98e3-e4e9c45ea839","local_time":"20210120011632","is_ascension_mode":true,"campfire_choices":[{"data":"Tactician","floor":6.0,"key":"SMITH"},{"data":"Accuracy","floor":8.0,"key":"SMITH"},{"data":"Cloak And Dagger","floor":15.0,"key":"SMITH"},{"floor":27.0,"key":"REST"},{"data":"Outmaneuver","floor":29.0,"key":"SMITH"},{"data":"Acrobatics","floor":32.0,"key":"SMITH"},{"data":"Acrobatics","floor":40.0,"key":"SMITH"},{"data":"StSpp:ChainedTrap","floor":42.0,"key":"SMITH"},{"data":"Blade Dance","floor":44.0,"key":"SMITH"},{"floor":49.0,"key":"RECALL"}],"circlet_count":0,"master_deck":["AscendersBane","Defend_G","Defend_G","Defend_G","Defend_G","Defend_G","Survivor","Neutralize+1","Accuracy+1","Tactician+1","Acrobatics+1","Cloak And Dagger+1","StSpp:ChainedTrap+1","After Image","Outmaneuver+1","Reflex","Cloak And Dagger+1","Blade Dance+1","Acrobatics+1","Accuracy+1","Blade Dance+1","StSpp:SwitchWeapon","Terror"],"relics":["Ring of the Snake","NeowsBlessing","Anchor","Vajra","Bag of Preparation","WristBlade","StSpp:BrokenTotem","Ancient Tea Set","Toy Ornithopter","Centennial Puzzle","Red Mask"],"acts_visited":["Exordium","TheCity","TheBeyond"],"potions_floor_usage":[51],"damage_taken":[{"damage":0.0,"enemies":"2 Louse","floor":1.0,"turns":1.0},{"damage":0.0,"enemies":"Jaw Worm","floor":4.0,"turns":1.0},{"damage":0.0,"enemies":"Gremlin Nob","floor":7.0,"turns":1.0},{"damage":0.0,"enemies":"Small Slimes","floor":10.0,"turns":4.0},{"damage":12.0,"enemies":"Exordium Thugs","floor":11.0,"turns":7.0},{"damage":9.0,"enemies":"2 Fungi Beasts","floor":14.0,"turns":3.0},{"damage":8.0,"enemies":"Slime Boss","floor":16.0,"turns":10.0},{"damage":3.0,"enemies":"3 Byrds","floor":18.0,"turns":7.0},{"damage":44.0,"enemies":"Gremlin Leader","floor":23.0,"turns":10.0},{"damage":0.0,"enemies":"Shell Parasite","floor":25.0,"turns":4.0},{"damage":0.0,"enemies":"Slavers","floor":28.0,"turns":4.0},{"damage":0.0,"enemies":"Snake Plant","floor":31.0,"turns":2.0},{"damage":0.0,"enemies":"Collector","floor":33.0,"turns":5.0},{"damage":0.0,"enemies":"3 Shapes","floor":35.0,"turns":4.0},{"damage":17.0,"enemies":"3 Darklings","floor":36.0,"turns":5.0},{"damage":0.0,"enemies":"Transient","floor":39.0,"turns":6.0},{"damage":0.0,"enemies":"Writhing Mass","floor":45.0,"turns":3.0},{"damage":2.0,"enemies":"Jaw Worm Horde","floor":46.0,"turns":2.0},{"damage":0.0,"enemies":"Maw","floor":47.0,"turns":4.0},{"damage":5.0,"enemies":"Transient","floor":48.0,"turns":6.0},{"damage":51.0,"enemies":"Awakened One","floor":50.0,"turns":8.0},{"damage":7,"enemies":"Donu and Deca","floor":51,"turns":2}],"seed_played":"3085430488366707437","potions_obtained":[{"floor":1.0,"key":"Weak Potion"},{"floor":10.0,"key":"PowerPotion"},{"floor":11.0,"key":"ColorlessPotion"},{"floor":28.0,"key":"Swift Potion"},{"floor":31.0,"key":"PowerPotion"},{"floor":39.0,"key":"PowerPotion"},{"floor":46.0,"key":"SmokeBomb"},{"floor":48.0,"key":"Weak Potion"}],"is_trial":false,"path_per_floor":["M","?","T","M","?","R","E","R","T","M","M","?","?","M","R","B",null,"M","?","$","?","?","E","$","M","T","R","E","R","?","M","R","B",null,"M","M","$","?","M","R","$","R","T","R","M","M","M","M","R","B","B"],"character_chosen":"THE_SILENT","items_purchased":["Reflex"],"campfire_rested":1,"item_purchase_floors":[20],"current_hp_per_floor":[59,64,64,64,64,64,64,64,64,64,52,52,52,43,43,35,62,59,59,59,59,59,15,15,15,15,36,36,36,36,36,36,36,62,67,50,50,50,55,55,55,55,55,55,55,53,53,48,48,2,0,0],"gold":83,"neow_bonus":"THREE_ENEMY_KILL","is_daily":false,"chose_seed":false,"campfire_upgraded":8,"win_rate":0.0,"timestamp":1611076592,"path_taken":["M","?","?","M","?","R","E","R","T","?","M","?","?","M","R","BOSS","M","?","$","?","?","E","$","?","T","R","E","R","?","M","R","BOSS","M","?","$","?","M","R","?","R","T","R","M","M","M","M","R","BOSS","BOSS"],"items_purchased_type":["Card"],"build_version":"2020-11-30","purchased_purges":3,"victory":false,"max_hp_per_floor":[66,71,71,71,71,71,71,71,71,71,71,71,71,71,71,71,71,71,71,71,71,71,71,71,71,71,71,71,71,71,71,71,71,71,71,71,71,71,71,71,71,71,71,71,71,71,71,71,71,71,71,71],"relic_stats":{"Centennial Puzzle":[15],"counters":[22,99],"Bag of Preparation":[38],"obtain_stats":[{"NeowsBlessing":0,"Vajra":7,"Pen Nib":50,"Bag of Preparation":9,"Ancient Tea Set":23,"keyreminder:keyreminder":7,"Anchor":3,"Centennial Puzzle":28,"WristBlade":17,"StSpp:BrokenTotem":19,"Red Mask":38,"Toy Ornithopter":26,"Ring of the Snake":0},{"NeowsBlessing":0,"Vajra":3,"Pen Nib":21,"Bag of Preparation":3,"Ancient Tea Set":9,"keyreminder:keyreminder":3,"Anchor":1,"Centennial Puzzle":11,"WristBlade":7,"StSpp:BrokenTotem":8,"Red Mask":15,"Toy Ornithopter":10,"Ring of the Snake":0},{"NeowsBlessing":0,"Vajra":3,"Pen Nib":94,"Bag of Preparation":3,"Ancient Tea Set":44,"keyreminder:keyreminder":3,"Anchor":1,"Centennial Puzzle":52,"WristBlade":27,"StSpp:BrokenTotem":34,"Red Mask":68,"Toy Ornithopter":48,"Ring of the Snake":0}],"Toy Ornithopter":20,"Ring of the Snake":[44]},"card_choices":[{"not_picked":["StSpp:ChainedTrap","StSpp:Throw"],"picked":"Accuracy","floor":1.0},{"not_picked":["Skewer","Acrobatics"],"picked":"Tactician","floor":4.0},{"not_picked":["Dodge and Roll","Doppelganger","Quick Slash"],"picked":"SKIP","floor":7.0},{"not_picked":["Quick Slash","Dagger Spray","StSpp:Throw"],"picked":"SKIP","floor":10.0},{"not_picked":["Dagger Throw","Bouncing Flask"],"picked":"Acrobatics","floor":11.0},{"not_picked":["Masterful Stab","Slice"],"picked":"StSpp:ChainedTrap","floor":14.0},{"not_picked":["StSpp:NonchalentStrike","StSpp:Landslide"],"picked":"After Image","floor":16.0},{"not_picked":["Deadly Poison","Backflip"],"picked":"Outmaneuver","floor":18.0},{"not_picked":["PiercingWail","Slice","Bane"],"picked":"SKIP","floor":23.0},{"not_picked":["Distraction","Deadly Poison"],"picked":"Blade Dance+1","floor":25.0},{"not_picked":["Prepared","Dodge and Roll","Catalyst"],"picked":"SKIP","floor":28.0},{"not_picked":["Escape Plan","PiercingWail"],"picked":"Acrobatics","floor":31.0},{"not_picked":["Underhanded Strike+1","StSpp:Dive+1"],"picked":"Accuracy+1","floor":35.0},{"not_picked":["Backflip+1","Acrobatics"],"picked":"Blade Dance","floor":36.0},{"not_picked":["Deflect","Dagger Spray","Quick Slash"],"picked":"SKIP","floor":39.0},{"not_picked":["StSpp:Anticipation+1","StSpp:FiercePoison","Cloak And Dagger"],"picked":"SKIP","floor":45.0},{"not_picked":["Eviscerate","Quick Slash+1","StSpp:PoisonousPunch+1"],"picked":"SKIP","floor":46.0},{"not_picked":["Slice","Underhanded Strike+1"],"picked":"StSpp:SwitchWeapon","floor":47.0},{"not_picked":["Flying Knee","Noxious Fumes"],"picked":"Terror","floor":48.0}],"player_experience":841354,"relics_obtained":[{"floor":3.0,"key":"Anchor"},{"floor":7.0,"key":"Vajra"},{"floor":9.0,"key":"Bag of Preparation"},{"floor":23.0,"key":"Ancient Tea Set"},{"floor":26.0,"key":"Toy Ornithopter"},{"floor":28.0,"key":"Centennial Puzzle"}],"event_choices":[{"damage_healed":0.0,"max_hp_gain":5.0,"max_hp_loss":0.0,"gold_gain":0.0,"event_name":"Big Fish","player_choice":"Donut","floor":2.0,"gold_loss":0.0,"damage_taken":0.0},{"damage_healed":0.0,"max_hp_gain":0.0,"max_hp_loss":0.0,"gold_gain":0.0,"event_name":"Accursed Blacksmith","player_choice":"Forge","floor":5.0,"gold_loss":0.0,"damage_taken":0.0,"cards_upgraded":["Neutralize"]},{"cards_removed":["Strike_G"],"damage_healed":0.0,"max_hp_gain":0.0,"max_hp_loss":0.0,"gold_gain":0.0,"event_name":"The Cleric","player_choice":"Card Removal","floor":12.0,"gold_loss":75.0,"damage_taken":0.0},{"damage_healed":0.0,"max_hp_gain":0.0,"max_hp_loss":0.0,"gold_gain":0.0,"event_name":"Match and Keep!","player_choice":"1 cards matched","floor":13.0,"gold_loss":0.0,"damage_taken":0.0,"cards_obtained":["Cloak And Dagger"]},{"damage_healed":0.0,"max_hp_gain":0.0,"max_hp_loss":0.0,"gold_gain":0.0,"event_name":"Addict","player_choice":"Obtained Relic","floor":19.0,"gold_loss":85.0,"damage_taken":0.0,"relics_obtained":["StSpp:BrokenTotem"]},{"damage_healed":0.0,"max_hp_gain":0.0,"max_hp_loss":0.0,"gold_gain":0.0,"event_name":"Cursed Tome","player_choice":"Ignored","floor":21.0,"gold_loss":0.0,"damage_taken":0.0},{"damage_healed":0.0,"max_hp_gain":0.0,"max_hp_loss":0.0,"gold_gain":0.0,"event_name":"Duplicator","player_choice":"Copied","floor":22.0,"gold_loss":0.0,"damage_taken":0.0,"cards_obtained":["Cloak And Dagger"]},{"cards_removed":["Strike_G"],"damage_healed":0.0,"max_hp_gain":0.0,"max_hp_loss":0.0,"gold_gain":0.0,"event_name":"Purifier","player_choice":"Purged","floor":30.0,"gold_loss":0.0,"damage_taken":0.0},{"damage_healed":0.0,"max_hp_gain":0.0,"max_hp_loss":0.0,"gold_gain":0.0,"event_name":"Tomb of Lord Red Mask","player_choice":"Paid","floor":38.0,"gold_loss":79.0,"damage_taken":0.0,"relics_obtained":["Red Mask"]}],"is_beta":false,"boss_relics":[{"not_picked":["Cursed Key","Empty Cage"],"picked":"WristBlade"},{"not_picked":["StSpp:PileOfSugar","StSpp:FireArrow","StSpp:CrystalBall"]}],"items_purged_floors":[20,24,37],"is_endless":false,"potions_floor_spawned":[1,10,11,14,28,31,33,39,46,48],"killed_by":"Donu and Deca","ascension_level":20}}