{"host":"928gv66myv2vlnsd","time":1611086117,"event":{"mods":["BaseMod","Minty Spire (QoL Compilation)","StSLib"],"gold_per_floor":[114,123,73,96,28,68,68,102,156,156,200,229,249,262,262,372,372,397,397,426,351,363,363,394,414,414,101,101,129,129,129,129],"floor_reached":31,"language":"ENG","playtime":1487,"items_purged":[],"score":549,"play_id":"93fbd4b9-0de8-4677-979a-ab203abd9bf9","local_time":"20210119145517","is_ascension_mode":true,"campfire_choices":[{"data":"Blade Dance","floor":7,"key":"SMITH"},{"floor":15,"key":"REST"},{"data":"Wraith Form v2","floor":23,"key":"SMITH"},{"floor":28,"key":"REST"},{"floor":30,"key":"REST"}],"circlet_count":0,"master_deck":["AscendersBane","Strike_G","Strike_G","Strike_G","Strike_G","Defend_G","Defend_G","Defend_G","Defend_G","Defend_G","Survivor","Neutralize","Blade Dance+1","PiercingWail","Flechettes","PiercingWail","Blade Dance","Dash+1","Tools of the Trade","Blade Dance","Corpse Explosion","Prepared","Wraith Form v2+1","Accuracy"],"relics":["Ring of the Snake","NeowsBlessing","CeramicFish","InkBottle","Molten Egg 2","Art of War","StrikeDummy","Runic Dome","Orichalcum","Lantern","Kunai","Bottled Tornado","Blood Vial"],"acts_visited":["Exordium","TheCity"],"potions_floor_usage":[11],"damage_taken":[{"damage":0,"enemies":"2 Louse","floor":1,"turns":1},{"damage":0,"enemies":"Small Slimes","floor":4,"turns":1},{"damage":0,"enemies":"Lagavulin","floor":6,"turns":1},{"damage":25,"enemies":"3 Sentries","floor":8,"turns":9},{"damage":30,"enemies":"Gremlin Nob","floor":11,"turns":4},{"damage":0,"enemies":"Jaw Worm","floor":12,"turns":3},{"damage":0,"enemies":"Large Slime","floor":13,"turns":4},{"damage":0,"enemies":"3 Louse","floor":14,"turns":3},{"damage":18,"enemies":"The Guardian","floor":16,"turns":17},{"damage":0,"enemies":"Chosen","floor":18,"turns":3},{"damage":2,"enemies":"Shell Parasite","floor":20,"turns":6},{"damage":6,"enemies":"Cultist and Chosen","floor":22,"turns":5},{"damage":33,"enemies":"Gremlin Leader","floor":24,"turns":7},{"damage":12,"enemies":"Shelled Parasite and Fungi","floor":25,"turns":4},{"damage":0,"enemies":"Book of Stabbing","floor":29,"turns":5},{"damage":53,"enemies":"Gremlin Leader","floor":31,"turns":4}],"seed_played":"-2186413328161937304","potions_obtained":[{"floor":8,"key":"CultistPotion"},{"floor":12,"key":"Dexterity Potion"},{"floor":13,"key":"GamblersBrew"}],"is_trial":false,"path_per_floor":["M","?","?","M","$","E","R","E","T","?","E","M","M","M","R","B",null,"M","?","M","?","M","R","E","M","T","$","R","E","R","E"],"character_chosen":"THE_SILENT","items_purchased":["Flechettes","Accuracy","Bottled Tornado"],"campfire_rested":3,"item_purchase_floors":[5,27,27],"current_hp_per_floor":[63,63,63,63,63,63,63,38,38,38,8,8,8,8,29,11,55,55,55,53,53,47,47,14,2,2,2,23,23,44,0,0],"gold":129,"neow_bonus":"THREE_ENEMY_KILL","is_daily":false,"chose_seed":false,"campfire_upgraded":2,"win_rate":0.0,"timestamp":1611086117,"path_taken":["M","?","?","M","$","E","R","E","T","?","E","M","M","M","R","BOSS","M","?","M","?","M","R","E","M","T","$","R","E","R","E"],"items_purchased_type":["Card","Card","Relic"],"build_version":"2020-12-22","purchased_purges":0,"victory":false,"max_hp_per_floor":[70,70,70,70,70,70,70,70,70,70,70,70,70,70,70,70,70,70,70,70,70,70,70,70,70,70,70,70,70,70,70,70],"card_choices":[{"not_picked":["Acrobatics","Quick Slash"],"picked":"Blade Dance","floor":1},{"not_picked":["Eviscerate","Flechettes"],"picked":"PiercingWail","floor":4},{"not_picked":["Deadly Poison","Tactician"],"picked":"PiercingWail","floor":6},{"not_picked":["Poisoned Stab+1","Slice+1"],"picked":"Blade Dance","floor":8},{"not_picked":["Distraction","Predator+1"],"picked":"Dash+1","floor":11},{"not_picked":["Riddle With Holes+1","Prepared"],"picked":"Tools of the Trade","floor":12},{"not_picked":["Deflect","Bane+1"],"picked":"Blade Dance","floor":13},{"not_picked":["Concentrate","Deadly Poison","Backflip"],"picked":"SKIP","floor":14},{"not_picked":["Night Terror","Grand Finale+1"],"picked":"Corpse Explosion","floor":16},{"not_picked":["Acrobatics+1","Dodge and Roll"],"picked":"Prepared","floor":18},{"not_picked":["Poisoned Stab+1","Blade Dance+1"],"picked":"Wraith Form v2","floor":20},{"not_picked":["Dagger Throw+1","Quick Slash+1","Prepared"],"picked":"SKIP","floor":22},{"not_picked":["Outmaneuver","Dagger Throw+1","Storm of Steel"],"picked":"SKIP","floor":24},{"not_picked":["Calculated Gamble","Masterful Stab+1","Choke+1"],"picked":"SKIP","floor":25},{"not_picked":["Sucker Punch+1","Choke+1","Catalyst"],"picked":"SKIP","floor":29}],"player_experience":1258867,"relics_obtained":[{"floor":6,"key":"InkBottle"},{"floor":8,"key":"Molten Egg 2"},{"floor":9,"key":"Art of War"},{"floor":11,"key":"StrikeDummy"},{"floor":24,"key":"Lantern"},{"floor":26,"key":"Kunai"},{"floor":29,"key":"Blood Vial"}],"event_choices":[{"damage_healed":0,"gold_gain":0,"player_choice":"Box","damage_taken":0,"relics_obtained":["CeramicFish"],"max_hp_gain":0,"max_hp_loss":0,"event_name":"Big Fish","floor":2,"gold_loss":0,"cards_obtained":["Regret"]},{"cards_removed":["Regret"],"damage_healed":0,"gold_gain":0,"player_choice":"Card Removal","damage_taken":0,"max_hp_gain":0,"max_hp_loss":0,"event_name":"The Cleric","floor":3,"gold_loss":50},{"damage_healed":0,"gold_gain":0,"player_choice":"Searched \u00271\u0027 times","damage_taken":0,"max_hp_gain":0,"max_hp_loss":0,"event_name":"Dead Adventurer","floor":10,"gold_loss":0},{"damage_healed":0,"gold_gain":0,"player_choice":"Opened","damage_taken":0,"relics_obtained":["Orichalcum"],"max_hp_gain":0,"max_hp_loss":0,"event_name":"The Mausoleum","floor":19,"gold_loss":0},{"cards_removed":["Strike_G"],"damage_healed":0,"gold_gain":0,"player_choice":"Gave Gold","damage_taken":0,"max_hp_gain":0,"max_hp_loss":0,"event_name":"Beggar","floor":21,"gold_loss":75}],"is_beta":false,"boss_relics":[{"not_picked":["Astrolabe","Black Star"],"picked":"Runic Dome"}],"items_purged_floors":[],"is_endless":false,"potions_floor_spawned":[8,12,13,14,16,20,22,29],"killed_by":"Gremlin Leader","ascension_level":12}}