{"host":"tf5skwcwe0vlu2md","time":1611061828,"event":{"mods":["BaseMod","Downfall","Highlight Path","Minty Spire (QoL Compilation)","StSLib","The Hierophant"],"gold_per_floor":[116,116,128,146,166,195,195,205,229,229,239,13,13,39,39,141,141,161,161,236,249,266,296,308,338,338,38,54,88,102,122,122,219,219,233,233,156,156,168,168,187,187,187,207,207,307,324,324,324,324,324],"floor_reached":50,"playtime":4539,"items_purged":[],"score":511,"play_id":"47103338-f4d2-427e-8aea-661fa72bcc40","local_time":"20210120001028","is_ascension_mode":false,"campfire_choices":[{"data":"Eruption","floor":7,"key":"SMITH"},{"data":"Omniscience","floor":13,"key":"SMITH"},{"data":"Consecrate","floor":15,"key":"SMITH"},{"floor":32,"key":"REST"},{"data":"Secret Technique","floor":40,"key":"SMITH"},{"floor":42,"key":"REST"},{"floor":49,"key":"RECALL"}],"circlet_count":0,"master_deck":["Strike_P+1","Strike_P+1","Strike_P+1","Strike_P+1","Defend_P+1","Defend_P+1","Defend_P+1","Defend_P+1","Eruption+1","Vigilance+1","Bandage Up+1","Consecrate+1","Omniscience+1","Consecrate+1","EmptyFist+1","FlurryOfBlows+1","Protect+1","FlyingSleeves+1","LessonLearned+1","DevaForm+1","Vengeance+1","ReachHeaven+1","Tantrum+1","SandsOfTime+1","WreathOfFlame+1","Consecrate+1","Protect+1","Omniscience+1","Secret Technique+1","WheelKick+1","EmptyFist+1","BowlingBash+1"],"relics":["PureWater","Mercury Hourglass","Ancient Tea Set","Vajra","Potion Belt","Red Mask","Matryoshka","Lizard Tail","Damaru","SlaversCollar","Bag of Marbles","TeardropLocket","Mark of the Bloom"],"acts_visited":["Exordium","TheCity","TheBeyond"],"potions_floor_usage":[6,6,23,30,30,30,31,31,33,50],"damage_taken":[{"damage":5,"enemies":"Small Slimes","floor":1,"turns":4},{"damage":11,"enemies":"Jaw Worm","floor":3,"turns":4},{"damage":0,"enemies":"Cultist","floor":4,"turns":3},{"damage":0,"enemies":"Large Slime","floor":5,"turns":3},{"damage":15,"enemies":"Lagavulin","floor":6,"turns":5},{"damage":0,"enemies":"Exordium Wildlife","floor":8,"turns":3},{"damage":3,"enemies":"Exordium Thugs","floor":11,"turns":3},{"damage":30,"enemies":"The Guardian","floor":16,"turns":8},{"damage":0,"enemies":"Spheric Guardian","floor":18,"turns":3},{"damage":3,"enemies":"3 Byrds","floor":21,"turns":3},{"damage":2,"enemies":"Sentry and Sphere","floor":22,"turns":3},{"damage":56,"enemies":"Book of Stabbing","floor":23,"turns":6},{"damage":0,"enemies":"Snecko","floor":24,"turns":3},{"damage":0,"enemies":"Masked Bandits","floor":25,"turns":2},{"damage":12,"enemies":"Snake Plant","floor":28,"turns":4},{"damage":18,"enemies":"Gremlin Leader","floor":29,"turns":4},{"damage":0,"enemies":"Centurion and Healer","floor":30,"turns":3},{"damage":4,"enemies":"Shelled Parasite and Fungi","floor":31,"turns":2},{"damage":31,"enemies":"Champ","floor":33,"turns":9},{"damage":20,"enemies":"3 Darklings","floor":35,"turns":5},{"damage":5,"enemies":"Orb Walker","floor":39,"turns":3},{"damage":20,"enemies":"Jaw Worm Horde","floor":41,"turns":3},{"damage":12,"enemies":"Spire Growth","floor":44,"turns":2},{"damage":0,"enemies":"Transient","floor":47,"turns":5},{"damage":57,"enemies":"Time Eater","floor":50,"turns":8}],"seed_played":"-3611284979062967855","potions_obtained":[{"floor":1,"key":"Weak Potion"},{"floor":4,"key":"Fire Potion"},{"floor":5,"key":"SteroidPotion"},{"floor":11,"key":"BottledMiracle"},{"floor":16,"key":"Swift Potion"},{"floor":23,"key":"Energy Potion"},{"floor":25,"key":"Fire Potion"},{"floor":29,"key":"SneckoOil"},{"floor":31,"key":"DistilledChaos"},{"floor":41,"key":"Guardian:BlockOnCardUsePotion"}],"is_trial":false,"path_per_floor":["M","?","M","M","M","E","R","M","T","?","M","$","R","T","R","B",null,"M","?","?","M","M","E","M","?","T","$","M","E","M","M","R","B",null,"M","?","$","?","M","R","M","R","T","M","?","?","M","?","R","B"],"character_chosen":"WATCHER","items_purchased":["Vajra","LessonLearned","Lizard Tail","WheelKick"],"campfire_rested":2,"item_purchase_floors":[12,12,27,37],"current_hp_per_floor":[71,71,60,64,68,57,57,61,61,47,48,48,48,48,48,22,72,72,72,65,66,68,16,20,24,24,24,16,2,6,2,23,36,72,56,56,56,56,51,51,31,52,52,44,44,44,44,44,44,0,0],"gold":324,"neow_bonus":"RANDOM_COLORLESS","is_daily":false,"chose_seed":false,"campfire_upgraded":4,"win_rate":0.0,"timestamp":1611061828,"path_taken":["M","?","M","M","M","E","R","M","T","?","M","?","R","?","R","BOSS","M","?","?","M","?","E","M","?","T","?","M","E","M","M","R","BOSS","M","?","$","?","?","R","M","R","T","M","?","?","?","?","R","BOSS"],"items_purchased_type":["Relic","Card","Relic","Card"],"build_version":"2020-12-13","purchased_purges":0,"victory":false,"max_hp_per_floor":[72,72,72,72,72,72,72,72,72,72,72,72,72,72,72,72,72,72,72,72,72,72,72,72,72,72,72,72,72,72,72,72,72,72,72,72,72,72,72,72,72,72,72,72,72,72,72,72,72,72,72],"card_choices":[{"not_picked":["expansioncontent:LastStand","expansioncontent:DecasProtection"],"picked":"Bandage Up","floor":0},{"not_picked":["JustLucky","Nirvana"],"picked":"Consecrate","floor":1},{"not_picked":["SandsOfTime","Crescendo"],"picked":"Omniscience","floor":3},{"not_picked":["CutThroughFate","FlyingSleeves"],"picked":"Consecrate","floor":4},{"not_picked":["FlurryOfBlows","InnerPeace"],"picked":"EmptyFist","floor":5},{"not_picked":["Scrawl","Prostrate"],"picked":"FlurryOfBlows","floor":6},{"not_picked":["Fasting2","Halt"],"picked":"Protect","floor":8},{"not_picked":["Consecrate","Halt"],"picked":"FlyingSleeves","floor":11},{"not_picked":["Brilliance","MasterReality"],"picked":"DevaForm","floor":16},{"not_picked":["Perseverance+1","JustLucky+1"],"picked":"Vengeance","floor":18},{"not_picked":["EmptyBody","CutThroughFate+1","Weave"],"picked":"SKIP","floor":21},{"not_picked":["Adaptation","PathToVictory"],"picked":"Tantrum","floor":22},{"not_picked":["ClearTheMind","InnerPeace+1"],"picked":"SandsOfTime","floor":23},{"not_picked":["CarveReality+1","EmptyMind+1","SandsOfTime"],"picked":"SKIP","floor":24},{"not_picked":["Evaluate","FlyingSleeves"],"picked":"WreathOfFlame","floor":25},{"not_picked":["Collect","Pray"],"picked":"Consecrate+1","floor":28},{"not_picked":["Protect","Pray","TalkToTheHand"],"picked":"SKIP","floor":29},{"not_picked":["MasterReality","TalkToTheHand","ThirdEye"],"picked":"SKIP","floor":30},{"not_picked":["FlyingSleeves","Vengeance+1"],"picked":"Protect","floor":31},{"not_picked":["Scrawl","Vault"],"picked":"Omniscience","floor":33},{"not_picked":["FearNoEvil","Sanctity","Halt+1"],"picked":"SKIP","floor":35},{"not_picked":["expansioncontent:ChargeUp","Purity"],"picked":"Secret Technique","floor":36},{"not_picked":["CrushJoints","Study","Sanctity"],"picked":"SKIP","floor":39},{"not_picked":["WheelKick+1","CrushJoints"],"picked":"EmptyFist+1","floor":41},{"not_picked":["SignatureMove+1","Study"],"picked":"BowlingBash+1","floor":44},{"not_picked":["SignatureMove+1","Weave+1","CrushJoints"],"picked":"SKIP","floor":47}],"player_experience":211986,"relics_obtained":[{"floor":6,"key":"Mercury Hourglass"},{"floor":9,"key":"Ancient Tea Set"},{"floor":23,"key":"Potion Belt"},{"floor":25,"key":"Red Mask"},{"floor":26,"key":"Matryoshka"},{"floor":29,"key":"Damaru"},{"floor":43,"key":"Bag of Marbles"},{"floor":43,"key":"TeardropLocket"}],"event_choices":[{"damage_healed":0,"gold_gain":0,"player_choice":"Ignored","damage_taken":0,"max_hp_gain":0,"max_hp_loss":0,"event_name":"Golden Wing","floor":2,"gold_loss":0},{"damage_healed":0,"gold_gain":0,"player_choice":"Entered Light","damage_taken":14,"max_hp_gain":0,"max_hp_loss":0,"event_name":"Shining Light","floor":10,"gold_loss":0,"cards_upgraded":["Defend_P","Strike_P"]},{"damage_healed":0,"gold_gain":0,"player_choice":"Read","damage_taken":0,"max_hp_gain":0,"max_hp_loss":0,"event_name":"The Library","floor":19,"gold_loss":0,"cards_obtained":["ReachHeaven"]},{"damage_healed":0,"gold_gain":75,"player_choice":"Touch","damage_taken":7,"max_hp_gain":0,"max_hp_loss":0,"event_name":"FaceTrader","floor":20,"gold_loss":0},{"damage_healed":0,"gold_gain":0,"player_choice":"Fought Bandits","damage_taken":0,"max_hp_gain":0,"max_hp_loss":0,"event_name":"Masked Bandits","floor":25,"gold_loss":0},{"damage_healed":0,"gold_gain":0,"player_choice":"Memory 1","damage_taken":0,"max_hp_gain":0,"max_hp_loss":0,"event_name":"SensoryStone","floor":36,"gold_loss":0},{"damage_healed":0,"gold_gain":0,"player_choice":"Forge","damage_taken":0,"max_hp_gain":0,"max_hp_loss":0,"event_name":"Accursed Blacksmith","floor":38,"gold_loss":0,"cards_upgraded":["Omniscience"]},{"damage_healed":0,"gold_gain":0,"player_choice":"Upgrade","damage_taken":0,"relics_obtained":["Mark of the Bloom"],"max_hp_gain":0,"max_hp_loss":0,"event_name":"MindBloom","floor":45,"gold_loss":0,"cards_upgraded":["Strike_P","Strike_P","Defend_P","Defend_P","Vigilance","Bandage Up","EmptyFist","FlurryOfBlows","Protect","FlyingSleeves","LessonLearned","DevaForm","ReachHeaven","Tantrum","SandsOfTime","WreathOfFlame","Protect"]},{"damage_healed":0,"gold_gain":100,"player_choice":"Pray","damage_taken":0,"max_hp_gain":0,"max_hp_loss":0,"event_name":"Golden Shrine","floor":46,"gold_loss":0},{"damage_healed":0,"gold_gain":0,"player_choice":"Ignored","damage_taken":0,"max_hp_gain":0,"max_hp_loss":0,"event_name":"Upgrade Shrine","floor":48,"gold_loss":0}],"is_beta":false,"boss_relics":[{"not_picked":["Fusion Hammer","Empty Cage","Sozu"]},{"not_picked":["Runic Dome","Astrolabe"],"picked":"SlaversCollar"}],"items_purged_floors":[],"is_endless":false,"potions_floor_spawned":[1,4,5,11,16,23,25,29,31,41],"killed_by":"Time Eater","ascension_level":0}}