{"host":"640uue19m79c7wbt","time":1611018218,"event":{"mods":["BaseMod","Colored Map","Googly Eyes","Highlight Path","Minty Spire (QoL Compilation)","Quick Restart","StSLib"],"gold_per_floor":[114,114,65,65,30,56,116,147,147,176,189,239,239,256,256,328,328,347,43,56,76,76,76],"floor_reached":22,"language":"ENG","playtime":919,"items_purged":["Strike_G"],"score":389,"play_id":"c306c0ed-aebb-4cf2-90c0-02a89e287abf","local_time":"20210118200338","is_ascension_mode":true,"campfire_choices":[{"floor":13.0,"key":"REST"},{"data":"Envenom","floor":15.0,"key":"SMITH"}],"circlet_count":0,"master_deck":["AscendersBane","Strike_G","Strike_G","Strike_G","Strike_G","Defend_G","Defend_G","Defend_G","Defend_G","Defend_G","Survivor","Neutralize","Heel Hook","Cloak And Dagger","Caltrops","Tools of the Trade","Crippling Poison","Bouncing Flask","Caltrops","Envenom+1","Envenom","CurseOfTheBell","Noxious Fumes","Tactician","Blur+1"],"relics":["Ring of the Snake","NeowsBlessing","SsserpentHead","Shovel","Eternal Feather","Ice Cream","Centennial Puzzle","Bronze Scales","Calling Bell","Tiny Chest","InkBottle","Turnip","TwistedFunnel"],"acts_visited":["Exordium","TheCity"],"potions_floor_usage":[21],"damage_taken":[{"damage":0.0,"enemies":"Small Slimes","floor":1.0,"turns":1.0},{"damage":0.0,"enemies":"Lagavulin","floor":6.0,"turns":2.0},{"damage":0.0,"enemies":"Cultist","floor":7.0,"turns":1.0},{"damage":43.0,"enemies":"Gremlin Nob","floor":8.0,"turns":6.0},{"damage":26.0,"enemies":"3 Sentries","floor":10.0,"turns":10.0},{"damage":3.0,"enemies":"Jaw Worm","floor":11.0,"turns":3.0},{"damage":2.0,"enemies":"Looter","floor":14.0,"turns":3.0},{"damage":39.0,"enemies":"The Guardian","floor":16.0,"turns":10.0},{"damage":10,"enemies":"Chosen","floor":18,"turns":6},{"damage":16,"enemies":"Spheric Guardian","floor":20,"turns":4},{"damage":22,"enemies":"Centurion and Healer","floor":21,"turns":7},{"damage":14,"enemies":"3 Cultists","floor":22,"turns":3}],"seed_played":"6416018211947659218","potions_obtained":[{"floor":6.0,"key":"Regen Potion"},{"floor":8.0,"key":"Block Potion"},{"floor":11.0,"key":"PowerPotion"},{"floor":14.0,"key":"SteroidPotion"},{"floor":20,"key":"SkillPotion"}],"is_trial":false,"path_per_floor":["M","?","$","?","$","E","M","E","T","E","M","?","R","M","R","B",null,"M","$","M","M","M"],"character_chosen":"THE_SILENT","items_purchased":["Cloak And Dagger","Caltrops","TwistedFunnel","Noxious Fumes"],"campfire_rested":1,"item_purchase_floors":[3,5,19,19],"current_hp_per_floor":[59,64,64,64,64,64,64,34,34,8,5,5,38,36,48,9,56,46,46,30,8,0,0],"gold":76,"neow_bonus":"THREE_ENEMY_KILL","is_daily":false,"chose_seed":false,"campfire_upgraded":1,"win_rate":0.0,"timestamp":1611018218,"path_taken":["M","?","$","?","$","E","?","E","T","E","M","?","R","M","R","BOSS","M","$","M","M","M"],"items_purchased_type":["Card","Card","Relic","Card"],"build_version":"2020-12-22","purchased_purges":1,"victory":false,"max_hp_per_floor":[66,71,71,71,71,71,71,71,71,71,71,71,71,71,71,71,71,71,71,71,71,71,71],"card_choices":[{"not_picked":["Slice","Cloak And Dagger"],"picked":"Heel Hook","floor":1.0},{"not_picked":["PiercingWail","Poisoned Stab"],"picked":"Tools of the Trade","floor":6.0},{"not_picked":["Outmaneuver","Blade Dance"],"picked":"Crippling Poison","floor":7.0},{"not_picked":["Deadly Poison","Quick Slash","Outmaneuver"],"picked":"SKIP","floor":8.0},{"not_picked":["Masterful Stab","Sucker Punch"],"picked":"Bouncing Flask","floor":10.0},{"not_picked":["Prepared","Acrobatics"],"picked":"Caltrops","floor":11.0},{"not_picked":["Sucker Punch","Reflex"],"picked":"Envenom","floor":14.0},{"not_picked":["Phantasmal Killer","Glass Knife"],"picked":"Envenom","floor":16.0},{"not_picked":["Slice","Quick Slash","Flying Knee"],"picked":"SKIP","floor":18},{"not_picked":["Sucker Punch","Backflip"],"picked":"Tactician","floor":20},{"not_picked":["Poisoned Stab","PiercingWail"],"picked":"Blur+1","floor":21}],"player_experience":613713,"relics_obtained":[{"floor":6.0,"key":"Shovel"},{"floor":8.0,"key":"Eternal Feather"},{"floor":9.0,"key":"Ice Cream"},{"floor":10.0,"key":"Centennial Puzzle"},{"floor":17,"key":"Tiny Chest"},{"floor":17,"key":"InkBottle"},{"floor":17,"key":"Turnip"}],"event_choices":[{"damage_healed":0.0,"max_hp_gain":5.0,"max_hp_loss":0.0,"gold_gain":0.0,"event_name":"Big Fish","player_choice":"Donut","floor":2.0,"gold_loss":0.0,"damage_taken":0.0},{"damage_healed":0.0,"max_hp_gain":0.0,"max_hp_loss":0.0,"gold_gain":0.0,"event_name":"FaceTrader","player_choice":"Trade","floor":4.0,"gold_loss":0.0,"damage_taken":0.0,"relics_obtained":["SsserpentHead"]},{"damage_healed":0.0,"max_hp_gain":0.0,"max_hp_loss":0.0,"gold_gain":0.0,"event_name":"Dead Adventurer","player_choice":"Searched \u00271\u0027 times","floor":12.0,"gold_loss":0.0,"damage_taken":0.0,"relics_obtained":["Bronze Scales"]}],"is_beta":false,"boss_relics":[{"not_picked":["Fusion Hammer","Coffee Dripper"],"picked":"Calling Bell"}],"items_purged_floors":[19],"is_endless":false,"potions_floor_spawned":[6,8,11,14,20],"killed_by":"3 Cultists","ascension_level":14}}