{"host":"640uue19m79c7wbt","time":1611027154,"event":{"mods":["BaseMod","Colored Map","Googly Eyes","Highlight Path","Minty Spire (QoL Compilation)","Quick Restart","StSLib"],"gold_per_floor":[118,118,129,148,168,168,185,214,214,214,139,159,159,176,176,247,247,262,276,301,301,312,342,342,21,21,53,53,68,83,103,103,103,103],"floor_reached":33,"language":"ENG","playtime":1280,"items_purged":["Strike_G","Strike_G"],"score":509,"play_id":"179493d1-bb45-4815-bba5-220d1cf65311","local_time":"20210118223234","is_ascension_mode":true,"campfire_choices":[{"floor":6.0,"key":"REST"},{"floor":10.0,"key":"REST"},{"floor":13.0,"key":"REST"},{"data":"Setup","floor":15.0,"key":"SMITH"},{"floor":24.0,"key":"REST"},{"data":"Night Terror","floor":28.0,"key":"SMITH"},{"floor":32.0,"key":"REST"}],"circlet_count":0,"master_deck":["AscendersBane","Defend_G","Defend_G","Defend_G","Survivor","Neutralize","Dash","Crippling Poison","Blur","Predator","Dagger Spray","Dagger Spray","Eviscerate","Setup+1","Night Terror+1","Cloak And Dagger+1","Endless Agony+1","Dagger Spray+1","Blade Dance","Footwork","Accuracy","Blade Dance","Blur"],"relics":["Ring of the Snake","Toy Ornithopter","Centennial Puzzle","Astrolabe","Bronze Scales","MealTicket","Lee\u0027s Waffle","Gremlin Horn","Eternal Feather"],"acts_visited":["Exordium","TheCity"],"potions_floor_usage":[],"damage_taken":[{"damage":1.0,"enemies":"2 Louse","floor":1.0,"turns":3.0},{"damage":0.0,"enemies":"Cultist","floor":3.0,"turns":4.0},{"damage":0.0,"enemies":"Jaw Worm","floor":4.0,"turns":3.0},{"damage":19.0,"enemies":"Lots of Slimes","floor":5.0,"turns":4.0},{"damage":3.0,"enemies":"Large Slime","floor":7.0,"turns":7.0},{"damage":27.0,"enemies":"3 Sentries","floor":8.0,"turns":7.0},{"damage":7.0,"enemies":"3 Louse","floor":12.0,"turns":3.0},{"damage":6.0,"enemies":"Red Slaver","floor":14.0,"turns":3.0},{"damage":23.0,"enemies":"The Guardian","floor":16.0,"turns":15.0},{"damage":6.0,"enemies":"3 Byrds","floor":18.0,"turns":3.0},{"damage":6.0,"enemies":"Chosen","floor":19.0,"turns":4.0},{"damage":6.0,"enemies":"Centurion and Healer","floor":22.0,"turns":2.0},{"damage":34.0,"enemies":"Slavers","floor":23.0,"turns":3.0},{"damage":33.0,"enemies":"Book of Stabbing","floor":27.0,"turns":8.0},{"damage":0.0,"enemies":"Cultist and Chosen","floor":29.0,"turns":4.0},{"damage":7.0,"enemies":"Chosen and Byrds","floor":30.0,"turns":3.0},{"damage":14.0,"enemies":"Snake Plant","floor":31.0,"turns":4.0},{"damage":75,"enemies":"Automaton","floor":33,"turns":6}],"seed_played":"-8229335470223601283","potions_obtained":[{"floor":1.0,"key":"Weak Potion"},{"floor":4.0,"key":"SteroidPotion"},{"floor":16.0,"key":"Explosive Potion"},{"floor":18.0,"key":"SteroidPotion"},{"floor":22.0,"key":"SteroidPotion"},{"floor":23.0,"key":"Weak Potion"},{"floor":30.0,"key":"GamblersBrew"}],"is_trial":false,"path_per_floor":["M","?","M","M","M","R","M","E","T","R","$","M","R","M","R","B",null,"M","M","T","?","M","E","R","$","T","E","R","M","M","M","R","B"],"character_chosen":"THE_SILENT","items_purchased":["Accuracy","Lee\u0027s Waffle"],"campfire_rested":5,"item_purchase_floors":[25,25],"current_hp_per_floor":[43,43,43,43,24,43,40,13,13,32,32,25,44,38,38,20,55,54,48,48,48,47,18,37,73,73,40,52,52,45,36,69,0,0],"gold":103,"neow_bonus":"TRANSFORM_TWO_CARDS","is_daily":false,"chose_seed":false,"campfire_upgraded":2,"win_rate":0.0,"timestamp":1611027154,"path_taken":["M","?","M","M","M","R","M","E","T","R","?","M","R","M","R","BOSS","M","M","?","?","M","E","R","$","T","E","R","M","M","M","R","BOSS"],"items_purchased_type":["Card","Relic"],"build_version":"2020-12-22","purchased_purges":2,"victory":false,"max_hp_per_floor":[66,66,66,66,66,66,66,66,66,66,66,66,66,66,66,66,66,66,66,66,66,66,66,66,73,73,73,73,73,73,73,73,73,73],"card_choices":[{"not_picked":["Calculated Gamble","Dodge and Roll"],"picked":"Riddle With Holes","floor":1.0},{"not_picked":["Underhanded Strike","Predator"],"picked":"Blur","floor":3.0},{"not_picked":["Deadly Poison","Masterful Stab"],"picked":"Predator","floor":4.0},{"not_picked":["Acrobatics","Deflect"],"picked":"Dagger Spray","floor":5.0},{"not_picked":["Skewer","Quick Slash"],"picked":"Dagger Spray","floor":7.0},{"not_picked":["Dodge and Roll","Setup"],"picked":"Eviscerate","floor":8.0},{"not_picked":["Slice","Riddle With Holes","Quick Slash"],"picked":"SKIP","floor":12.0},{"not_picked":["Outmaneuver","Quick Slash"],"picked":"Setup","floor":14.0},{"not_picked":["Die Die Die","Unload"],"picked":"Night Terror","floor":16.0},{"not_picked":["Underhanded Strike","Acrobatics","Dash"],"picked":"SKIP","floor":18.0},{"not_picked":["Flechettes","Tactician"],"picked":"Dagger Spray+1","floor":19.0},{"not_picked":["Cloak And Dagger","Crippling Poison"],"picked":"Blade Dance","floor":22.0},{"not_picked":["Flying Knee","Blade Dance"],"picked":"Footwork","floor":23.0},{"not_picked":["Blade Dance","Outmaneuver","Deadly Poison+1"],"picked":"SKIP","floor":27.0},{"not_picked":["Masterful Stab","Slice"],"picked":"Blade Dance","floor":29.0},{"not_picked":["Dodge and Roll","Eviscerate","Skewer"],"picked":"SKIP","floor":30.0},{"not_picked":["PiercingWail","Dodge and Roll"],"picked":"Blur","floor":31.0}],"player_experience":618555,"relics_obtained":[{"floor":8.0,"key":"Toy Ornithopter"},{"floor":9.0,"key":"Centennial Puzzle"},{"floor":20.0,"key":"Bronze Scales"},{"floor":23.0,"key":"MealTicket"},{"floor":26.0,"key":"Gremlin Horn"},{"floor":27.0,"key":"Eternal Feather"}],"event_choices":[{"cards_removed":["Strike_G"],"damage_healed":0.0,"max_hp_gain":0.0,"max_hp_loss":0.0,"gold_gain":0.0,"event_name":"Bonfire Elementals","player_choice":"Offered Basic","floor":2.0,"gold_loss":0.0,"damage_taken":0.0},{"cards_removed":["Quick Slash"],"damage_healed":0.0,"max_hp_gain":0.0,"max_hp_loss":0.0,"gold_gain":0.0,"event_name":"Purifier","player_choice":"Purged","floor":21.0,"gold_loss":0.0,"damage_taken":0.0}],"is_beta":false,"boss_relics":[{"not_picked":["WristBlade","SlaversCollar"],"picked":"Astrolabe"}],"items_purged_floors":[11,25],"is_endless":false,"potions_floor_spawned":[1,4,5,16,18,22,23,30],"killed_by":"Automaton","ascension_level":15}}