{"host":"1tl36azeqm6yhdgj","time":1611081864,"event":{"mods":["AchievementEnabler","BaseMod","Minty Spire (QoL Compilation)","StSLib","The IronCluck","everything is the same but u backflip on backflip"],"gold_per_floor":[110,80,100,110,125,152,212,212,212,231,231,246,246,246],"floor_reached":13,"language":"ENG","playtime":518,"items_purged":[],"score":170,"play_id":"e2494712-d833-4264-89c5-1bdecc684f4a","local_time":"20210119134424","is_ascension_mode":true,"campfire_choices":[{"data":"Shrug It Off","floor":8.0,"key":"SMITH"}],"circlet_count":0,"master_deck":["AscendersBane","Strike_R","Strike_R","Strike_R","Strike_R","Strike_R","Defend_R","Defend_R","Defend_R","Defend_R","Bash","Clash","Flex","Shrug It Off+1","Clash","Flame Barrier+1","True Grit+1","Cleave+1","Fiend Fire"],"relics":["Burning Blood","Art of War","Toxic Egg 2","Toy Ornithopter","Ornamental Fan"],"acts_visited":["Exordium"],"potions_floor_usage":[13],"damage_taken":[{"damage":4.0,"enemies":"Small Slimes","floor":1.0,"turns":4.0},{"damage":1.0,"enemies":"Cultist","floor":3.0,"turns":3.0},{"damage":12.0,"enemies":"Jaw Worm","floor":4.0,"turns":2.0},{"damage":7.0,"enemies":"Gremlin Gang","floor":5.0,"turns":8.0},{"damage":44.0,"enemies":"Lagavulin","floor":6.0,"turns":9.0},{"damage":45.0,"enemies":"3 Sentries","floor":7.0,"turns":12.0},{"damage":0.0,"enemies":"3 Louse","floor":10.0,"turns":4.0},{"damage":1.0,"enemies":"Exordium Thugs","floor":12.0,"turns":5.0},{"damage":55,"enemies":"Gremlin Nob","floor":13,"turns":4}],"seed_played":"-2168843054987196888","potions_obtained":[{"floor":1.0,"key":"GamblersBrew"},{"floor":2.0,"key":"Regen Potion"},{"floor":6.0,"key":"Fire Potion"},{"floor":7.0,"key":"CultistPotion"}],"is_trial":false,"path_per_floor":["M","?","M","M","M","E","?","R","T","M","?","M","E"],"character_chosen":"IRONCLAD","items_purchased":[],"campfire_rested":0,"item_purchase_floors":[],"current_hp_per_floor":[70,70,75,69,68,30,16,16,16,22,22,27,0,0],"gold":246,"neow_bonus":"RANDOM_COMMON_RELIC","is_daily":false,"chose_seed":false,"campfire_upgraded":1,"win_rate":0.0,"timestamp":1611081864,"path_taken":["M","?","M","?","M","E","?","R","T","M","?","M","E"],"items_purchased_type":[],"build_version":"2020-12-22","purchased_purges":0,"victory":false,"max_hp_per_floor":[75,75,75,75,75,75,75,75,75,75,75,75,75,75],"card_choices":[{"not_picked":["Shockwave","Sentinel"],"picked":"Clash","floor":1.0},{"not_picked":["Iron Wave","Pummel"],"picked":"Flex","floor":3.0},{"not_picked":["Warcry","Heavy Blade"],"picked":"Shrug It Off","floor":4.0},{"not_picked":["Havoc","Flex"],"picked":"Clash","floor":5.0},{"not_picked":["Warcry+1","Hemokinesis"],"picked":"Flame Barrier+1","floor":6.0},{"not_picked":["Flame Barrier+1","Metallicize"],"picked":"True Grit+1","floor":7.0},{"not_picked":["Clothesline","Dark Embrace"],"picked":"Cleave","floor":10.0},{"not_picked":["Wild Strike","Heavy Blade"],"picked":"Fiend Fire","floor":12.0}],"player_experience":1999133,"relics_obtained":[{"floor":6.0,"key":"Toxic Egg 2"},{"floor":9.0,"key":"Ornamental Fan"}],"event_choices":[{"damage_healed":0.0,"max_hp_gain":0.0,"max_hp_loss":0.0,"gold_gain":0.0,"event_name":"The Woman in Blue","player_choice":"Bought 2 Potions","floor":2.0,"gold_loss":0.0,"damage_taken":0.0},{"damage_healed":0.0,"max_hp_gain":0.0,"max_hp_loss":0.0,"gold_gain":0.0,"event_name":"Dead Adventurer","player_choice":"Searched \u00272\u0027 times","floor":7.0,"gold_loss":0.0,"damage_taken":0.0,"relics_obtained":["Toy Ornithopter"]},{"damage_healed":0.0,"max_hp_gain":0.0,"max_hp_loss":0.0,"gold_gain":0.0,"event_name":"Accursed Blacksmith","player_choice":"Forge","floor":11.0,"gold_loss":0.0,"damage_taken":0.0,"cards_upgraded":["Cleave"]}],"is_beta":false,"boss_relics":[],"items_purged_floors":[],"is_endless":false,"potions_floor_spawned":[1,6,7],"killed_by":"Gremlin Nob","ascension_level":19}}