{"host":"nptej036rrbiurf5","time":1611037296,"event":{"mods":["BaseMod","Colored Map","Colored Powertips","DeckTracker","Minty Spire (QoL Compilation)","StSLib","SuperFastMode"],"gold_per_floor":[109,109,126,36,47,47,72,37,37,70,85,85,99,116,116,116,116],"floor_reached":16,"language":"KOR","playtime":253,"items_purged":[],"score":218,"play_id":"3b30259c-d8ea-4978-8a44-d8368a126900","local_time":"20210119152136","is_ascension_mode":true,"campfire_choices":[{"data":"Defragment","floor":6,"key":"SMITH"},{"data":"Seek","floor":12,"key":"SMITH"},{"floor":15,"key":"REST"}],"circlet_count":0,"master_deck":["AscendersBane","Strike_B","Strike_B","Strike_B","Strike_B","Defend_B","Defend_B","Defend_B","Defend_B","Zap","Dualcast+1","Melter+1","Rebound","Defragment+1","Beam Cell+1","Seek+1","FTL+1","Chill","Glacier","Coolheaded"],"relics":["Cracked Core","NeowsBlessing","Molten Egg 2","Whetstone","Juzu Bracelet"],"acts_visited":["Exordium"],"potions_floor_usage":[10,10,10,13,16,16],"damage_taken":[{"damage":0,"enemies":"Cultist","floor":1,"turns":1},{"damage":0,"enemies":"Small Slimes","floor":3,"turns":1},{"damage":2,"enemies":"2 Louse","floor":5,"turns":2},{"damage":39,"enemies":"Gremlin Nob","floor":7,"turns":4},{"damage":19,"enemies":"Lagavulin","floor":10,"turns":5},{"damage":19,"enemies":"Large Slime","floor":11,"turns":4},{"damage":2,"enemies":"Looter","floor":13,"turns":3},{"damage":4,"enemies":"Red Slaver","floor":14,"turns":3},{"damage":31,"enemies":"Hexaghost","floor":16,"turns":9}],"seed_played":"7456663813942574225","potions_obtained":[{"floor":1,"key":"EntropicBrew"},{"floor":3,"key":"BlessingOfTheForge"},{"floor":10,"key":"Regen Potion"},{"floor":14,"key":"GamblersBrew"}],"is_trial":false,"path_per_floor":["M","?","M","$","M","R","E","?","T","E","M","R","M","M","R","B"],"character_chosen":"DEFECT","items_purchased":["Defragment"],"campfire_rested":1,"item_purchase_floors":[4],"current_hp_per_floor":[64,64,64,64,62,62,23,40,40,26,7,7,14,10,31,0,0],"gold":116,"neow_bonus":"THREE_ENEMY_KILL","is_daily":false,"chose_seed":false,"campfire_upgraded":2,"win_rate":0.0,"timestamp":1611037296,"path_taken":["M","?","?","?","M","R","E","?","T","E","M","R","M","M","R","BOSS"],"items_purchased_type":["Card"],"build_version":"2020-12-22","purchased_purges":0,"victory":false,"max_hp_per_floor":[71,71,71,71,71,71,71,71,71,71,71,71,71,71,71,71,71],"card_choices":[{"not_picked":["Auto Shields","Skim"],"picked":"Melter","floor":1},{"not_picked":["Turbo","Barrage"],"picked":"Rebound","floor":3},{"not_picked":["Scrape","Streamline"],"picked":"Beam Cell","floor":5},{"not_picked":["Rebound+1","Hello World"],"picked":"Seek","floor":7},{"not_picked":["Redo","Conserve Battery"],"picked":"FTL+1","floor":10},{"not_picked":["Cold Snap+1","Scrape+1"],"picked":"Chill","floor":11},{"not_picked":["Darkness","Tempest"],"picked":"Glacier","floor":13},{"not_picked":["Stack","Go for the Eyes+1"],"picked":"Coolheaded","floor":14}],"player_experience":893190,"relics_obtained":[{"floor":7,"key":"Molten Egg 2"},{"floor":9,"key":"Whetstone"},{"floor":10,"key":"Juzu Bracelet"}],"event_choices":[{"damage_healed":0,"gold_gain":0,"player_choice":"Forge","damage_taken":0,"max_hp_gain":0,"max_hp_loss":0,"event_name":"Accursed Blacksmith","floor":2,"gold_loss":0,"cards_upgraded":["Dualcast"]},{"damage_healed":17,"gold_gain":0,"player_choice":"Healed","damage_taken":0,"max_hp_gain":0,"max_hp_loss":0,"event_name":"The Cleric","floor":8,"gold_loss":35}],"is_beta":false,"boss_relics":[],"items_purged_floors":[],"is_endless":false,"potions_floor_spawned":[1,3,10,14],"killed_by":"Hexaghost","ascension_level":19}}