{"host":"6hzrz31j95f2y1pa","time":1611019165,"event":{"mods":["BaseMod","Colored Map","Downfall","Minty Spire (QoL Compilation)","StSLib"],"gold_per_floor":[99,118,129,148,248,148,148,165,183,30,44,62,62,62,81,184,184,184,203,213,223,239,266,291,308,167,183,183,183],"floor_reached":28,"language":"ENG","playtime":9032,"items_purged":["bronze:Defend","bronze:Strike"],"score":250,"play_id":"860da3a9-37ff-4d78-a6a2-f0c5e3c31e9e","local_time":"20210118201925","is_ascension_mode":true,"campfire_choices":[{"floor":1,"key":"RECALL"},{"data":"bronze:WhirlingStrike","floor":6,"key":"SMITH"},{"data":"bronze:Goto","floor":18,"key":"SMITH"}],"circlet_count":0,"master_deck":["bronze:Strike","bronze:Defend","bronze:Defend","bronze:Replicate","bronze:Goto+1","bronze:Separator","bronze:WhirlingStrike+1","bronze:ForceShield","bronze:Iterate","bronze:ChildClass","bronze:Branch","bronze:Backtrace","bronze:CutThrough","bronze:Boost","bronze:Flail","bronze:Frontload+1","bronze:Fortify","bronze:DelayedGuard","bronze:ClassDefault"],"relics":["bronze:BronzeCore","Smiling Mask","downfall:HeartBlessingRed","Pear","Empty Cage","Pantograph"],"acts_visited":["Exordium","TheCity"],"potions_floor_usage":[15,22,23,28],"damage_taken":[{"damage":0,"enemies":"2 Louse","floor":2,"turns":3},{"damage":1,"enemies":"Cultist","floor":3,"turns":3},{"damage":6,"enemies":"Jaw Worm","floor":4,"turns":2},{"damage":9,"enemies":"Blue Slaver","floor":8,"turns":3},{"damage":11,"enemies":"Large Slime","floor":9,"turns":5},{"damage":0,"enemies":"downfall:FleeingMerchant","floor":10,"turns":4},{"damage":0,"enemies":"Lots of Slimes","floor":11,"turns":1},{"damage":9,"enemies":"Exordium Thugs","floor":12,"turns":3},{"damage":0,"enemies":"Exordium Wildlife","floor":15,"turns":3},{"damage":11,"enemies":"SI_SHIV_ARCHETYPE","floor":16,"turns":6},{"damage":3,"enemies":"3 Byrds","floor":19,"turns":4},{"damage":4,"enemies":"Centurion and Healer","floor":20,"turns":2},{"damage":5,"enemies":"Sentry and Sphere","floor":21,"turns":3},{"damage":9,"enemies":"Snake Plant","floor":22,"turns":4},{"damage":23,"enemies":"Slavers","floor":23,"turns":6},{"damage":7,"enemies":"Snecko","floor":25,"turns":5},{"damage":0,"enemies":"downfall:FleeingMerchant","floor":26,"turns":4},{"damage":7,"enemies":"Centurion and Healer","floor":27,"turns":8},{"damage":27,"enemies":"Gremlin Leader","floor":28,"turns":7}],"seed_played":"-2636686301336404452","potions_obtained":[{"floor":4,"key":"Dexterity Potion"},{"floor":11,"key":"Block Potion"},{"floor":12,"key":"EssenceOfSteel"},{"floor":16,"key":"hexamod:SoulburnPotion"},{"floor":20,"key":"Energy Potion"}],"is_trial":false,"path_per_floor":["R","M","M","M","?","R","T","M","M","$","M","M","?","?","M","B",null,"R","M","M","M","M","E","T","M","$","M","E"],"character_chosen":"THE_AUTOMATON","items_purchased":["bronze:Backtrace","bronze:CutThrough","bronze:ClassDefault"],"campfire_rested":0,"item_purchase_floors":[10,10,26],"current_hp_per_floor":[70,70,69,63,63,63,73,64,53,53,53,44,44,44,44,33,80,80,77,73,68,59,36,36,29,29,22,0,0],"gold":183,"neow_bonus":"RANDOM_COMMON_RELIC","is_daily":false,"chose_seed":false,"campfire_upgraded":2,"win_rate":0.0,"timestamp":1611019165,"path_taken":["R","M","M","M","?","R","T","M","?","$","M","M","?","?","M","BOSS","R","M","M","M","M","E","T","M","$","M","E"],"items_purchased_type":["Card","Card","Card"],"build_version":"2020-12-22","purchased_purges":2,"victory":false,"max_hp_per_floor":[70,70,70,70,70,70,80,80,80,80,80,80,80,80,80,80,80,80,80,80,80,80,80,80,80,80,80,80,80],"card_choices":[{"not_picked":["bronze:Constructor","bronze:BronzeOrb"],"picked":"bronze:Separator","floor":2},{"not_picked":["bronze:Branch","bronze:HardenedForm"],"picked":"bronze:WhirlingStrike","floor":3},{"not_picked":["bronze:Repulsor","bronze:DelayedSlice"],"picked":"bronze:ForceShield","floor":4},{"not_picked":["bronze:Philosophize","bronze:CutThrough"],"picked":"bronze:Iterate","floor":8},{"not_picked":["bronze:BugBarrage","bronze:Turbo"],"picked":"bronze:ChildClass","floor":9},{"not_picked":["bronze:BronzeArmor","bronze:Overload"],"picked":"bronze:Branch","floor":10},{"not_picked":["bronze:ClassDefault","bronze:DelayedSlice"],"picked":"bronze:Boost","floor":11},{"not_picked":["bronze:BuggyMess","bronze:Shield"],"picked":"bronze:Flail","floor":12},{"not_picked":["bronze:Overload","bronze:Deprecate","bronze:Iterate"],"picked":"SKIP","floor":15},{"not_picked":["bronze:DelayedSlice","bronze:Overheat+1","bronze:Frontload"],"picked":"SKIP","floor":19},{"not_picked":["bronze:BugBarrage","bronze:Safeguard","bronze:Repulsor+1"],"picked":"SKIP","floor":20},{"not_picked":["bronze:CutThrough+1","bronze:Invalidate"],"picked":"bronze:Frontload+1","floor":21},{"not_picked":["bronze:CutThrough","bronze:Turbo"],"picked":"bronze:Fortify","floor":22},{"not_picked":["bronze:WhirlingStrike","bronze:SpaghettiCode"],"picked":"bronze:DelayedGuard","floor":23},{"not_picked":["bronze:Iterate","bronze:Safeguard+1","bronze:GetLatest"],"picked":"SKIP","floor":25},{"not_picked":["bronze:DelayedSlice","bronze:Deprecate","bronze:Iterate"],"picked":"SKIP","floor":26},{"not_picked":["bronze:Invalidate","bronze:Iterate","bronze:ForLoop"],"picked":"SKIP","floor":27}],"player_experience":1357851,"relics_obtained":[{"floor":7,"key":"Pear"},{"floor":23,"key":"Pantograph"}],"event_choices":[{"cards_removed":["bronze:Strike"],"damage_healed":0,"gold_gain":0,"player_choice":"Card Removal","damage_taken":0,"max_hp_gain":0,"max_hp_loss":0,"event_name":"The Cleric","floor":13,"gold_loss":0}],"is_beta":false,"boss_relics":[{"not_picked":["Coffee Dripper","Sozu"],"picked":"Empty Cage"}],"items_purged_floors":[10,26],"is_endless":false,"potions_floor_spawned":[4,11,12,16,20,21],"killed_by":"Gremlin Leader","ascension_level":1}}