{"host":"pletss163z7s8pvv","time":1611033693,"event":{"mods":["AchievementEnabler","BaseMod","Better Altar","CapriCore","Colored Map","Colored Powertips","Conspire","Energized Spire","GifTheSpireLib","Hermit","Ironclad Rager","Jedi Mod","Minty Spire (QoL Compilation)","Spicy Shops","StS++","StSLib","The Alterego","The Bladedancer","The Cursed","The Disciple","The Immortal","The Marked","The Servant 0.9.4"],"gold_per_floor":[144,144,176,176,221,221,246,12,37,37,112,202,247,292,292,592,592,637,682,18,63,108,108,153,153,178,178,223,0,0,0,0,300,300,345,390,390,6,51,51,51],"floor_reached":40,"language":"ENG","playtime":1770,"items_purged":[],"score":536,"play_id":"1abd6c6c-2b12-47b3-af4e-70e8e74a6771","local_time":"20210118232133","daily_mods":["Allstar","Purple Cards","Midas"],"is_ascension_mode":false,"campfire_choices":[{"floor":6,"key":"REST"},{"floor":10,"key":"REST"},{"floor":15,"key":"REST"},{"floor":23,"key":"REST"},{"floor":25,"key":"REST"},{"floor":27,"key":"REST"},{"floor":30,"key":"REST"},{"floor":32,"key":"REST"}],"circlet_count":0,"master_deck":["Strike_S","Strike_S","Strike_S","Strike_S","Defend_S","Defend_S","Defend_S","Defend_S","KidneyShot","Exchange","conspire:Banana","The Bomb","Dark Shackles","Secret Technique","Purity","Starlight","Ricochet","Rewind","Collapse","Starlight","DoubleEdge","Spin","Orbit","Foresight","Rearm","Read","Sabotage","Deadline","Sunlight","TimeTheft","Solidify","TimeWarp+1","Moondial","Panacea","MoonPhase","Desolation","Unruled","Shuttle+1","Alleviate","TrueSight","Unruled","ShatteredReality+1","Sabotage","DoubleEdge","Reset","KillingDoll","SilverBlades","Unruled+1","RealityMarble","Advance","SoulSculpture"],"relics":["Uniform","Blood Vial","Dream Catcher","jedi:cryingmask","Oddly Smooth Stone","StSpp:SailingBoat","energizedSpire:OgreHead","Juzu Bracelet","Potion Belt","Bag of Preparation","jedi:shrinkray","SlaversCollar","Membership Card","StSpp:Dice","Calipers"],"acts_visited":["Exordium","TheCity","TheBeyond"],"potions_floor_usage":[16,16,33,33,33,33,33],"damage_taken":[{"damage":0,"enemies":"conspire:RoseBush","floor":1,"turns":3},{"damage":11,"enemies":"conspire:MimicChest","floor":3,"turns":4},{"damage":20,"enemies":"Jaw Worm","floor":5,"turns":4},{"damage":37,"enemies":"Lagavulin Event","floor":11,"turns":8},{"damage":27,"enemies":"3 Sentries","floor":12,"turns":4},{"damage":6,"enemies":"Small Slimes","floor":13,"turns":2},{"damage":0,"enemies":"2 Fungi Beasts","floor":14,"turns":4},{"damage":0,"enemies":"Hexaghost","floor":16,"turns":8},{"damage":8,"enemies":"Spheric Guardian","floor":18,"turns":4},{"damage":30,"enemies":"2 Thieves","floor":19,"turns":3},{"damage":15,"enemies":"Snecko","floor":21,"turns":4},{"damage":12,"enemies":"conspire:HollyBat","floor":22,"turns":9},{"damage":8,"enemies":"Sentry and Sphere","floor":24,"turns":4},{"damage":34,"enemies":"Centurion and Healer","floor":28,"turns":3},{"damage":80,"enemies":"Automaton","floor":33,"turns":9},{"damage":25,"enemies":"3 Darklings","floor":35,"turns":4},{"damage":14,"enemies":"Orb Walker","floor":36,"turns":3},{"damage":36,"enemies":"Maw","floor":39,"turns":8},{"damage":19,"enemies":"3 Darklings","floor":40,"turns":2}],"seed_played":"3706737729498028133","potions_obtained":[{"floor":1,"key":"Explosive Potion"},{"floor":3,"key":"FearPotion"},{"floor":11,"key":"StSpp:ScatteredWeakPotion"},{"floor":19,"key":"FearPotion"},{"floor":22,"key":"EssenceOfSteel"},{"floor":24,"key":"SneckoOil"}],"is_trial":false,"path_per_floor":["M","?","?","?","M","R","T","$","T","R","?","E","M","M","R","B",null,"M","M","$","M","M","R","M","R","T","R","M","$","R","?","R","B",null,"M","M","?","$","M","M"],"character_chosen":"THE_SERVANT","items_purchased":["Foresight","Panacea","Juzu Bracelet","Potion Belt","MoonPhase","jedi:shrinkray","Sabotage","Membership Card","StSpp:Dice","RealityMarble","Advance"],"campfire_rested":8,"item_purchase_floors":[8,20,20,20,20,29,29,38,38,38,38],"current_hp_per_floor":[66,71,61,61,44,65,65,65,65,73,37,13,9,11,33,36,76,69,42,42,29,20,43,38,62,62,80,47,47,71,71,81,2,82,58,46,46,46,13,0,0],"gold":51,"neow_bonus":"","is_daily":true,"chose_seed":false,"campfire_upgraded":0,"win_rate":0.0,"timestamp":1611033693,"path_taken":["M","?","?","?","M","R","?","$","T","R","?","E","M","?","R","BOSS","M","M","$","M","M","R","M","R","T","R","M","$","R","?","R","BOSS","M","M","?","$","M","M"],"items_purchased_type":["Card","Card","Relic","Relic","Card","Relic","Card","Relic","Relic","Card","Card"],"build_version":"2020-12-22","purchased_purges":0,"victory":false,"max_hp_per_floor":[66,71,72,72,73,73,73,73,73,73,74,75,75,75,75,76,76,77,78,78,78,79,79,80,80,80,80,81,81,81,81,81,82,82,83,83,83,83,84,85,85],"card_choices":[{"not_picked":["Potential","ShiftingGears"],"picked":"Starlight","floor":1},{"not_picked":["KillingDoll","GearUp"],"picked":"Ricochet","floor":3},{"not_picked":["Replace","FastForward"],"picked":"Orbit","floor":5},{"not_picked":["Collapse","Spin"],"picked":"Rearm","floor":10},{"not_picked":["Potential","DoubleEdge"],"picked":"Read","floor":11},{"not_picked":["SpecialFormula","Shuttle"],"picked":"Sabotage","floor":12},{"not_picked":["ShatteredReality","Spin"],"picked":"Deadline","floor":13},{"not_picked":["Rewind","BottledTime"],"picked":"Sunlight","floor":14},{"not_picked":["Alleviate","Spin"],"picked":"TimeTheft","floor":15},{"not_picked":["MurderousAura","ForgedInTime"],"picked":"Solidify","floor":16},{"not_picked":["Starlight","Rewind"],"picked":"TimeWarp+1","floor":18},{"not_picked":["BottledTime","Snipe"],"picked":"Moondial","floor":19},{"not_picked":["RealityMarble","Misdirection"],"picked":"Desolation","floor":21},{"not_picked":["Potential","Manipulate"],"picked":"Unruled","floor":22},{"not_picked":["Spin","Ricochet"],"picked":"Shuttle+1","floor":23},{"not_picked":["TimeWarp","Replace"],"picked":"Alleviate","floor":24},{"not_picked":["Read+1","Manipulate+1"],"picked":"TrueSight","floor":25},{"not_picked":["Potential","Defy"],"picked":"Unruled","floor":27},{"not_picked":["BottledTime","Rearm"],"picked":"ShatteredReality+1","floor":28},{"not_picked":["Replace","Shuttle"],"picked":"DoubleEdge","floor":30},{"not_picked":["Orbit","Moondial"],"picked":"Reset","floor":32},{"not_picked":["Deny","PendulumOfEternity"],"picked":"KillingDoll","floor":33},{"not_picked":["Revamp","Ricochet+1"],"picked":"SilverBlades","floor":35},{"not_picked":["Replace","Potential+1"],"picked":"Unruled+1","floor":36},{"not_picked":["FastForward+1","Unruled+1"],"picked":"SoulSculpture","floor":39}],"player_experience":431284,"relics_obtained":[{"floor":3,"key":"Blood Vial"},{"floor":7,"key":"Dream Catcher"},{"floor":9,"key":"jedi:cryingmask"},{"floor":11,"key":"Oddly Smooth Stone"},{"floor":12,"key":"StSpp:SailingBoat"},{"floor":26,"key":"Bag of Preparation"}],"event_choices":[{"damage_healed":0,"gold_gain":0,"player_choice":"Donut","damage_taken":0,"max_hp_gain":5,"max_hp_loss":0,"event_name":"Big Fish","floor":2,"gold_loss":0},{"damage_healed":0,"gold_gain":30,"player_choice":"Searched \u00272\u0027 times","damage_taken":0,"max_hp_gain":0,"max_hp_loss":0,"event_name":"Dead Adventurer","floor":11,"gold_loss":0},{"damage_healed":0,"gold_gain":0,"player_choice":"Leave","damage_taken":0,"max_hp_gain":0,"max_hp_loss":0,"event_name":"conspire:Investor","floor":37,"gold_loss":0}],"is_beta":false,"boss_relics":[{"not_picked":["Busted Crown","energizedSpire:NeverEndingSparkler"],"picked":"energizedSpire:OgreHead"},{"not_picked":["energizedSpire:RedRose","energizedSpire:HugeHouse"],"picked":"SlaversCollar"}],"items_purged_floors":[],"is_endless":false,"potions_floor_spawned":[1,3,11,19,22,24],"killed_by":"3 Darklings","ascension_level":0}}