{"host":"fche7yfjqecoz34w","time":1611019240,"event":{"mods":["BaseMod","BetterRewards","Minty Spire (QoL Compilation)","Replay The Spire","StSLib"],"gold_per_floor":[111,186,186,245,3,3,3,3,3,3,30,60,86,86,86,189,189,206,206,206,206,234,234,268,268,345,295,295,295,295,322,397,500,500,519,102,102,125,125,125,160,229,279,319,269,295,313,189,189,361,361,401,328,355,392,447,447,533,533,533,608,620,807,819,905,1315,1490,1502,1562,1620,1632,1644,1456,1520,1520,1581,1655,1298,1298,1349,1349,1411,1411,1554,1604,1612,1612],"floor_reached":86,"language":"ENG","playtime":8191,"items_purged":["Deadly Poison+1","Deadly Poison+1","Skewer","Pain","Amnesia"],"score":2630,"play_id":"fd9c518b-1f16-46e7-ad43-82eb31173707","local_time":"20210118192040","daily_mods":["SealedDeck","Heirloom","Time Dilation","Flight"],"is_ascension_mode":false,"campfire_choices":[{"data":"Backstab","floor":6.0,"key":"SMITH"},{"data":"Deadly Poison","floor":7.0,"key":"SMITH"},{"data":"Dramatic Entrance","floor":8.0,"key":"SMITH"},{"data":"Deflect","floor":10.0,"key":"SMITH"},{"data":"Noxious Fumes","floor":23.0,"key":"SMITH"},{"floor":49.0,"key":"DIG"},{"data":"Backstab","floor":59.0,"key":"SMITH"},{"floor":83.0,"key":"DIG"}],"circlet_count":1,"master_deck":["Backflip+1","Backflip","Deflect+1","ReplayTheSpireMod:Speed Training+1","Outmaneuver+1","Deflect","Deadly Poison+1","Dagger Spray","Dagger Spray","Backstab+1","Well Laid Plans+1","Dramatic Entrance+1","Backstab+1","Outmaneuver","Noxious Fumes+1","Footwork+1","Atom Bomb+1","All Out Attack","Backflip+1","Deadly Poison+1","Catalyst+1","Venomology+1","Dagger Spray+1","Deadly Poison+1","Replay:Poison Smokescreen+1","Crippling Poison+1","Outmaneuver+1","Backflip+1","Shame","Poison Darts+1","Catalyst+1","Looming Evil","Catalyst+1","Noxious Fumes","Doubt","Pain","Clumsy","Overencumbered","Writhe","Hallucinations","Overencumbered","Decay","Dagger Spray","Delirium","Dagger Spray+1","Pain","Normality","Amnesia","Doubt","Languid","Normality","Spreading Infection","ReplayTheSpireMod:Restless Dread","Decay","Writhe","Replay:Hysterical Blindness","Decay","Shame","Shame"],"relics":["Ring of the Serpent","Ring of Chaos","replay:Trail_Library","Replay:PocketPolymizer","Tiny Chest","Pet Ghost","Juzu Bracelet","Gremlin Horn","Odd Mushroom","Replay:Grab Bag","Busted Crown","Replay:Bronze Core","SlaversCollar","Ring of Fury","ReplayTheSpireMod:Ring of Collecting","Ring of Fangs","Toxic Egg 2","Red Mask","Smiling Mask","Ring of Hypnosis","Mercury Hourglass","ReplayTheSpireMod:Ring of Addiction","Chameleon Ring","Potion Belt","SacredBark","MutagenicStrength","Darkstone Periapt","WristBlade","Membership Card","Ninja Scroll","Bottled Flame","Mummified Hand","Ring of Misfortune","Blue Doll","Ring of Peace","Oddly Smooth Stone","Happy Flower","Ring of Greed","StrikeDummy","MealTicket","Bloody Idol","Lantern","ReplayTheSpireMod:Ring of Challenge","Snake Skull","ReplayFunnel","Replay:Bandana","Ring of Chaos","replay:Trail_Library","Bag of Preparation","MawBank","Old Coin","Black Star","Guide Book","Strawberry","Circlet","Pondfish Scales","Blood Vial","Sling","Replay:Wax Seal","Tiny House"],"acts_visited":["Exordium","TheCity","TheBeyond","Exordium","TheCity","TheBeyond"],"potions_floor_usage":[86],"damage_taken":[{"damage":0.0,"enemies":"Jaw Worm","floor":1.0,"turns":2.0},{"damage":12.0,"enemies":"Replay:BlueRogue","floor":11.0,"turns":4.0},{"damage":13.0,"enemies":"3 Sentries","floor":12.0,"turns":3.0},{"damage":0.0,"enemies":"The Mushroom Lair","floor":13.0,"turns":1.0},{"damage":20.0,"enemies":"Hexaghost","floor":16.0,"turns":8.0},{"damage":17.0,"enemies":"Shell Parasite","floor":18.0,"turns":3.0},{"damage":0.0,"enemies":"Masked Bandits","floor":22.0,"turns":2.0},{"damage":12.0,"enemies":"Replay:Snechameleon","floor":24.0,"turns":3.0},{"damage":7.0,"enemies":"Book of Stabbing","floor":31.0,"turns":3.0},{"damage":7.0,"enemies":"Collector","floor":33.0,"turns":3.0},{"damage":0.0,"enemies":"3 Darklings","floor":35.0,"turns":1.0},{"damage":0.0,"enemies":"Reptomancer","floor":41.0,"turns":1.0},{"damage":4.0,"enemies":"Giant Head","floor":44.0,"turns":5.0},{"damage":9.0,"enemies":"3 Shapes","floor":47.0,"turns":1.0},{"damage":0.0,"enemies":"Donu and Deca","floor":50.0,"turns":4.0},{"damage":0.0,"enemies":"Jaw Worm","floor":52.0,"turns":1.0},{"damage":0.0,"enemies":"Small Slimes","floor":54.0,"turns":1.0},{"damage":0.0,"enemies":"Cultist","floor":55.0,"turns":1.0},{"damage":0.0,"enemies":"Lots of Slimes","floor":56.0,"turns":1.0},{"damage":6.0,"enemies":"3 Sentries","floor":58.0,"turns":1.0},{"damage":0.0,"enemies":"Replay:BlueRogue","floor":61.0,"turns":2.0},{"damage":0.0,"enemies":"3 Sentries","floor":65.0,"turns":1.0},{"damage":6.0,"enemies":"3 Sentries","floor":66.0,"turns":2.0},{"damage":0.0,"enemies":"Fading Forest","floor":67.0,"turns":3.0},{"damage":0.0,"enemies":"2 Thieves","floor":69.0,"turns":1.0},{"damage":0.0,"enemies":"Shell Parasite","floor":70.0,"turns":1.0},{"damage":0.0,"enemies":"Gremlin Leader","floor":74.0,"turns":1.0},{"damage":0.0,"enemies":"Masked Bandits","floor":76.0,"turns":1.0},{"damage":0.0,"enemies":"Slavers","floor":77.0,"turns":2.0},{"damage":0.0,"enemies":"Book of Stabbing","floor":80.0,"turns":2.0},{"damage":0.0,"enemies":"Slavers","floor":82.0,"turns":1.0},{"damage":0.0,"enemies":"Collector","floor":84.0,"turns":5.0},{"damage":0,"enemies":"Orb Walker","floor":86,"turns":1}],"seed_played":"-6764554239432739589","potions_obtained":[{"floor":1.0,"key":"AttackPotion"},{"floor":12.0,"key":"EntropicBrew"},{"floor":16.0,"key":"Energy Potion"},{"floor":18.0,"key":"Fire Potion"},{"floor":24.0,"key":"LiquidBronze"},{"floor":25.0,"key":"CunningPotion"},{"floor":28.0,"key":"DistilledChaos"},{"floor":28.0,"key":"LiquidMemories"},{"floor":35.0,"key":"Block Potion"},{"floor":40.0,"key":"ColorlessPotion"},{"floor":42.0,"key":"EntropicBrew"},{"floor":50.0,"key":"GamblersBrew"},{"floor":54.0,"key":"Block Potion"},{"floor":57.0,"key":"DuplicationPotion"},{"floor":57.0,"key":"DistilledChaos"},{"floor":61.0,"key":"Weak Potion"},{"floor":65.0,"key":"Elixir"},{"floor":74.0,"key":"Fire Potion"},{"floor":76.0,"key":"Block Potion"},{"floor":81.0,"key":"DuplicationPotion"},{"floor":81.0,"key":"Adrenaline Potion"},{"floor":84.0,"key":"Regen Potion"}],"is_trial":true,"path_per_floor":["M","?","$","?","$","R","R","R","T","R","E","E","?","$","R","B",null,"M","?","?","T","?","R","E","?","T","$","T","?","?","E","R","B",null,"M","$","?","T","T","R","E","?","T","E","$","T","M","$","R","B",null,"M","$","M","M","M","R","E","R","T","E","?","?","?","E","R","B",null,"M","M","?","?","$","E","?","?","E","$","?","E","R","E","R","B",null,"M"],"character_chosen":"THE_SILENT","items_purchased":["Tiny Chest","Dramatic Entrance","Membership Card","Ninja Scroll","Bottled Flame","Deadly Poison+1","ReplayFunnel","Bag of Preparation","Guide Book","Strawberry","Pondfish Scales","Blood Vial","Sling"],"campfire_rested":0,"item_purchase_floors":[5,5,36,36,36,36,48,53,73,73,78,78,78],"current_hp_per_floor":[70,59,59,59,59,59,59,59,59,59,47,34,34,34,55,35,70,53,53,53,53,53,53,41,41,41,41,41,41,41,34,34,27,70,70,70,68,68,68,66,66,66,64,60,64,64,55,62,62,74,74,74,74,72,72,78,78,72,72,72,78,61,73,73,79,85,97,124,124,124,130,130,137,135,135,135,141,141,147,147,147,153,153,157,162,228,228],"gold":1612,"neow_bonus":"","is_daily":false,"chose_seed":false,"campfire_upgraded":6,"win_rate":0.0,"timestamp":1611019240,"path_taken":["M","?","$","?","?","R","R","R","T","R","E","E","?","$","R","BOSS","M","?","?","?","?","R","E","?","T","?","?","?","?","E","R","BOSS","M","$","?","?","?","R","E","?","T","E","?","?","M","?","R","BOSS","M","$","M","M","M","R","E","R","T","E","?","?","?","E","R","BOSS","M","M","?","?","$","E","?","?","E","$","?","E","R","E","R","BOSS","M"],"items_purchased_type":["Relic","Card","Relic","Relic","Relic","Card","Relic","Relic","Relic","Relic","Relic","Relic","Relic"],"build_version":"2020-12-22","purchased_purges":5,"victory":false,"max_hp_per_floor":[70,70,70,70,70,70,70,70,70,70,70,70,70,70,70,70,70,70,70,70,70,70,70,70,70,70,70,70,70,70,70,70,70,70,70,70,68,68,68,66,66,66,64,64,64,64,64,62,62,74,74,74,74,72,72,78,78,78,78,78,84,84,96,96,100,112,124,124,124,124,130,130,137,135,135,135,141,141,147,147,147,153,153,157,162,228,228],"card_choices":[{"not_picked":["Slice","Tactician"],"picked":"Well Laid Plans","floor":1.0},{"not_picked":["PiercingWail","Setup"],"picked":"Outmaneuver","floor":11.0},{"not_picked":["Slice","Draining Mist"],"picked":"Noxious Fumes","floor":12.0},{"not_picked":["Concentrate","Masterful Stab"],"picked":"Footwork","floor":13.0},{"not_picked":["Phantasmal Killer","Malaise"],"picked":"Atom Bomb","floor":16.0},{"not_picked":["Distraction"],"picked":"SKIP","floor":18.0},{"not_picked":[],"picked":"Backflip+1","floor":24.0},{"not_picked":[],"picked":"Catalyst+1","floor":31.0},{"not_picked":[],"picked":"Venomology+1","floor":33.0},{"not_picked":[],"picked":"Dagger Spray+1","floor":35.0},{"not_picked":[],"picked":"Outmaneuver+1","floor":41.0},{"not_picked":["PiercingWail+1"],"picked":"SKIP","floor":44.0},{"not_picked":[],"picked":"Backflip+1","floor":47.0},{"not_picked":[],"picked":"Poison Darts+1","floor":50.0},{"not_picked":["Underhanded Strike"],"picked":"SKIP","floor":52.0},{"not_picked":[],"picked":"Catalyst+1","floor":54.0},{"not_picked":["Slice"],"picked":"SKIP","floor":55.0},{"not_picked":[],"picked":"Catalyst+1","floor":56.0},{"not_picked":["Cloak And Dagger+1"],"picked":"SKIP","floor":58.0},{"not_picked":["Dodge and Roll+1"],"picked":"SKIP","floor":61.0},{"not_picked":["ReplayTheSpireMod:The Works+1"],"picked":"SKIP","floor":65.0},{"not_picked":["Prepared+1"],"picked":"SKIP","floor":69.0},{"not_picked":["Dagger Throw"],"picked":"SKIP","floor":70.0},{"not_picked":["Riddle With Holes"],"picked":"SKIP","floor":74.0},{"not_picked":[],"picked":"Dagger Spray","floor":76.0},{"not_picked":[],"picked":"Dagger Spray","floor":77.0},{"not_picked":["Prepared+1"],"picked":"SKIP","floor":80.0},{"not_picked":["Underhanded Strike+1"],"picked":"SKIP","floor":82.0}],"player_experience":1943379,"relics_obtained":[{"floor":9.0,"key":"Pet Ghost"},{"floor":11.0,"key":"Juzu Bracelet"},{"floor":12.0,"key":"Gremlin Horn"},{"floor":13.0,"key":"Odd Mushroom"},{"floor":20.0,"key":"Ring of Fury"},{"floor":20.0,"key":"ReplayTheSpireMod:Ring of Collecting"},{"floor":21.0,"key":"Ring of Fangs"},{"floor":21.0,"key":"Toxic Egg 2"},{"floor":22.0,"key":"Red Mask"},{"floor":24.0,"key":"Smiling Mask"},{"floor":26.0,"key":"Ring of Hypnosis"},{"floor":26.0,"key":"Mercury Hourglass"},{"floor":28.0,"key":"ReplayTheSpireMod:Ring of Addiction"},{"floor":28.0,"key":"Chameleon Ring"},{"floor":28.0,"key":"Potion Belt"},{"floor":28.0,"key":"SacredBark"},{"floor":31.0,"key":"Darkstone Periapt"},{"floor":37.0,"key":"Mummified Hand"},{"floor":38.0,"key":"Ring of Misfortune"},{"floor":38.0,"key":"Blue Doll"},{"floor":39.0,"key":"Ring of Peace"},{"floor":39.0,"key":"Oddly Smooth Stone"},{"floor":41.0,"key":"Happy Flower"},{"floor":43.0,"key":"Ring of Greed"},{"floor":43.0,"key":"StrikeDummy"},{"floor":43.0,"key":"MealTicket"},{"floor":43.0,"key":"Golden Idol"},{"floor":44.0,"key":"Lantern"},{"floor":46.0,"key":"ReplayTheSpireMod:Ring of Challenge"},{"floor":46.0,"key":"Snake Skull"},{"floor":49.0,"key":"Replay:Bandana"},{"floor":60.0,"key":"MawBank"},{"floor":66.0,"key":"Old Coin"},{"floor":76.0,"key":"Circlet"},{"floor":83.0,"key":"Replay:Wax Seal"}],"event_choices":[{"damage_healed":0.0,"max_hp_gain":0.0,"max_hp_loss":0.0,"gold_gain":75.0,"event_name":"World of Goop","player_choice":"Gather Gold","floor":2.0,"gold_loss":0.0,"damage_taken":11.0},{"damage_healed":0.0,"max_hp_gain":0.0,"max_hp_loss":0.0,"gold_gain":59.0,"event_name":"Golden Wing","player_choice":"Gained Gold","floor":4.0,"gold_loss":0.0,"damage_taken":0.0},{"damage_healed":0.0,"max_hp_gain":0.0,"max_hp_loss":0.0,"gold_gain":0.0,"event_name":"Mushrooms","player_choice":"Fought Mushrooms","floor":13.0,"gold_loss":0.0,"damage_taken":0.0},{"cards_removed":["Armaments"],"damage_healed":0.0,"max_hp_gain":0.0,"max_hp_loss":0.0,"gold_gain":0.0,"event_name":"NoteForYourself","player_choice":"Took Card","floor":19.0,"gold_loss":0.0,"damage_taken":0.0,"cards_obtained":["Armaments"]},{"damage_healed":0.0,"max_hp_gain":0.0,"max_hp_loss":0.0,"gold_gain":0.0,"event_name":"Masked Bandits","player_choice":"Fought Bandits","floor":22.0,"gold_loss":0.0,"damage_taken":0.0},{"damage_healed":0.0,"max_hp_gain":0.0,"max_hp_loss":0.0,"gold_gain":0.0,"event_name":"Lab","player_choice":"Got Potions","floor":25.0,"gold_loss":0.0,"damage_taken":0.0},{"damage_healed":0.0,"max_hp_gain":0.0,"max_hp_loss":0.0,"gold_gain":0.0,"event_name":"Vampires","player_choice":"Ignored","floor":29.0,"gold_loss":0.0,"damage_taken":0.0},{"damage_healed":0.0,"max_hp_gain":0.0,"max_hp_loss":0.0,"gold_gain":0.0,"event_name":"Drug Dealer","player_choice":"Inject Mutagens","floor":30.0,"gold_loss":0.0,"damage_taken":0.0,"relics_obtained":["MutagenicStrength"]},{"damage_healed":0.0,"max_hp_gain":0.0,"max_hp_loss":0.0,"gold_gain":0.0,"event_name":"Wheel of Change","player_choice":"Relic","floor":37.0,"gold_loss":0.0,"damage_taken":0.0},{"damage_healed":0.0,"max_hp_gain":0.0,"max_hp_loss":0.0,"gold_gain":0.0,"event_name":"Shining Light","player_choice":"Entered Light","floor":62.0,"gold_loss":0.0,"damage_taken":17.0,"cards_upgraded":["Backflip","Footwork"]},{"damage_healed":0.0,"max_hp_gain":0.0,"max_hp_loss":0.0,"gold_gain":175.0,"event_name":"Liars Game","player_choice":"AGREE","floor":63.0,"gold_loss":0.0,"damage_taken":0.0,"cards_obtained":["Doubt"]},{"damage_healed":0.0,"max_hp_gain":0.0,"max_hp_loss":0.0,"gold_gain":30.0,"event_name":"Dead Adventurer","player_choice":"Searched \u00273\u0027 times","floor":66.0,"gold_loss":0.0,"damage_taken":0.0},{"damage_healed":0.0,"max_hp_gain":0.0,"max_hp_loss":0.0,"gold_gain":0.0,"event_name":"Vampires","player_choice":"Ignored","floor":71.0,"gold_loss":0.0,"damage_taken":0.0},{"damage_healed":0.0,"max_hp_gain":0.0,"max_hp_loss":0.0,"gold_gain":0.0,"event_name":"Forgotten Altar","player_choice":"Gave Idol","floor":72.0,"relics_lost":["Golden Idol"],"gold_loss":0.0,"damage_taken":0.0,"relics_obtained":["Bloody Idol"]},{"damage_healed":0.0,"max_hp_gain":0.0,"max_hp_loss":0.0,"gold_gain":0.0,"event_name":"Masked Bandits","player_choice":"Fought Bandits","floor":76.0,"gold_loss":0.0,"damage_taken":0.0}],"is_beta":false,"boss_relics":[{"not_picked":["Abe\u0027s Treasure","SacredBark"],"picked":"Replay:Grab Bag"},{"not_picked":["Sozu","ChewingGum"],"picked":"Busted Crown"},{"not_picked":["Velvet Choker","Painkiller Herb"],"picked":"Replay:Bronze Core"},{"not_picked":["Kintsugi","Empty Cage"],"picked":"SlaversCollar"},{"not_picked":["Astrolabe","Replay:Drink Me"],"picked":"WristBlade"},{"not_picked":["Snecko Scales","Ring of Chaos"],"picked":"Ring of the Serpent"},{"not_picked":["Snecko Heart","Honey Jar"],"picked":"Black Star"},{"not_picked":["Abe\u0027s Treasure","Runic Dome"],"picked":"Tiny House"}],"items_purged_floors":[27,45,48,73,78],"is_endless":true,"potions_floor_spawned":[1,12,16,18,22,24,35,50,54,55,61,65,74,76,84],"killed_by":"Orb Walker","ascension_level":0}}