{"host":"cvjufw5k2cirmttm","time":1611070275,"event":{"mods":["AchievementEnabler","BaseMod","Colored Map","Colored Powertips","Minty Spire (QoL Compilation)"],"gold_per_floor":[114,124,144,319,334,334,144,154,154,0,0,16,31,31,31,126,126,145,160,85,85,49,49,60,60,60,79,93,109,123,143,143,238,288,299,317,317,317,329,73,73,73],"floor_reached":41,"language":"RUS","playtime":2133,"items_purged":[],"score":490,"play_id":"dce4ce82-ec1d-4564-81d1-2ee0b6f4abb7","local_time":"20210119183115","is_ascension_mode":false,"campfire_choices":[{"data":"Consume","floor":6,"key":"SMITH"},{"floor":15,"key":"REST"},{"data":"Hello World","floor":23,"key":"SMITH"},{"floor":25,"key":"REST"},{"floor":32,"key":"REST"}],"circlet_count":0,"master_deck":["Strike_B","Strike_B","Strike_B","Defend_B","Defend_B","Defend_B","Defend_B","Zap+1","Dualcast","Streamline","Consume+1","Ball Lightning","Coolheaded","Redo","Defragment","Rainbow+1","Hello World+1","Seek","Redo+1","Parasite"],"relics":["Cracked Core","Strawberry","CaptainsWheel","Strange Spoon","Spirit Poop","Shuriken","Philosopher\u0027s Stone","Singing Bowl","Mummified Hand","Tiny House","Sundial"],"acts_visited":["Exordium","TheCity","TheBeyond"],"potions_floor_usage":[16,24,28,31,31,33,33,36,36],"damage_taken":[{"damage":1,"enemies":"Cultist","floor":1,"turns":4},{"damage":0,"enemies":"Jaw Worm","floor":2,"turns":3},{"damage":0,"enemies":"Small Slimes","floor":3,"turns":2},{"damage":7,"enemies":"Blue Slaver","floor":5,"turns":3},{"damage":1,"enemies":"Exordium Wildlife","floor":8,"turns":3},{"damage":26,"enemies":"Gremlin Gang","floor":12,"turns":4},{"damage":13,"enemies":"Lots of Slimes","floor":13,"turns":3},{"damage":0,"enemies":"Slime Boss","floor":16,"turns":6},{"damage":0,"enemies":"Chosen","floor":18,"turns":4},{"damage":33,"enemies":"2 Thieves","floor":19,"turns":4},{"damage":3,"enemies":"Shelled Parasite and Fungi","floor":24,"turns":4},{"damage":11,"enemies":"3 Cultists","floor":27,"turns":5},{"damage":15,"enemies":"Sentry and Sphere","floor":28,"turns":4},{"damage":4,"enemies":"Snecko","floor":29,"turns":4},{"damage":22,"enemies":"Snake Plant","floor":30,"turns":3},{"damage":11,"enemies":"Cultist and Chosen","floor":31,"turns":5},{"damage":46,"enemies":"Collector","floor":33,"turns":11},{"damage":30,"enemies":"3 Shapes","floor":35,"turns":5},{"damage":19,"enemies":"3 Darklings","floor":36,"turns":6},{"damage":28,"enemies":"Writhing Mass","floor":39,"turns":6}],"seed_played":"1065658484449100307","potions_obtained":[{"floor":2,"key":"Energy Potion"},{"floor":8,"key":"Strength Potion"},{"floor":12,"key":"DistilledChaos"},{"floor":16,"key":"Block Potion"},{"floor":27,"key":"Swift Potion"},{"floor":30,"key":"Energy Potion"},{"floor":31,"key":"FearPotion"},{"floor":33,"key":"LiquidMemories"},{"floor":34,"key":"LiquidMemories"}],"is_trial":false,"path_per_floor":["M","M","M","?","M","R","$","M","T","$","?","M","M","?","R","B",null,"M","M","?","T","$","R","M","R","T","M","M","M","M","M","R","B",null,"M","M","$","?","M","$","M"],"character_chosen":"DEFECT","items_purchased":["Strawberry","Coolheaded","Strange Spoon","Hello World","Sundial"],"campfire_rested":3,"item_purchase_floors":[7,7,10,22,40],"current_hp_per_floor":[74,74,74,74,67,67,74,73,73,73,73,47,34,31,55,55,82,82,49,49,49,49,49,48,73,73,64,51,49,29,20,48,2,101,71,54,54,54,28,28,0,0],"gold":73,"neow_bonus":"UPGRADE_CARD","is_daily":false,"chose_seed":false,"campfire_upgraded":2,"win_rate":0.0,"timestamp":1611070275,"path_taken":["M","M","?","?","M","R","$","M","T","$","?","M","?","?","R","BOSS","M","M","?","?","$","R","?","R","T","M","M","M","M","M","R","BOSS","M","?","$","?","M","?","M"],"items_purchased_type":["Relic","Card","Relic","Card","Relic"],"build_version":"2020-12-22","purchased_purges":0,"victory":false,"max_hp_per_floor":[75,75,75,75,75,75,82,82,82,82,82,82,82,82,82,82,82,82,82,82,82,82,82,84,84,84,86,88,90,92,94,94,94,101,101,103,103,103,105,105,105,105],"card_choices":[{"not_picked":["Cold Snap","Barrage"],"picked":"Streamline","floor":1},{"not_picked":["Steam","Compile Driver"],"picked":"Consume","floor":2},{"not_picked":["Genetic Algorithm","Go for the Eyes"],"picked":"Ball Lightning","floor":3},{"not_picked":["Gash","Reinforced Body","Leap"],"picked":"SKIP","floor":5},{"not_picked":["Streamline","Buffer","Coolheaded"],"picked":"SKIP","floor":8},{"not_picked":["Hologram","Leap"],"picked":"Redo","floor":12},{"not_picked":["Hologram","Genetic Algorithm"],"picked":"Defragment","floor":13},{"not_picked":["Thunder Strike","Buffer"],"picked":"Rainbow","floor":16},{"not_picked":["Ball Lightning","Stack","Cold Snap"],"picked":"SKIP","floor":18},{"not_picked":["Sweeping Beam+1","Cold Snap","Undo"],"picked":"SKIP","floor":19},{"not_picked":["Barrage","Sweeping Beam+1","Multi-Cast"],"picked":"Singing Bowl","floor":24},{"not_picked":["Hologram","Compile Driver","Reinforced Body"],"picked":"Singing Bowl","floor":27},{"not_picked":["Streamline","Stack","Hologram"],"picked":"Singing Bowl","floor":28},{"not_picked":["Sweeping Beam","Coolheaded","Steam"],"picked":"Singing Bowl","floor":29},{"not_picked":["Go for the Eyes","Cold Snap","Gash"],"picked":"Singing Bowl","floor":30},{"not_picked":["Compile Driver","Amplify","Rebound"],"picked":"Singing Bowl","floor":31},{"not_picked":["Thunder Strike","Amplify"],"picked":"Seek","floor":33},{"not_picked":["Ball Lightning","Steam Power","Rebound"],"picked":"Singing Bowl","floor":34},{"not_picked":["Auto Shields","Ball Lightning+1"],"picked":"Redo+1","floor":35},{"not_picked":["Streamline+1","White Noise","Cold Snap"],"picked":"Singing Bowl","floor":36},{"not_picked":["Sweeping Beam+1","Stack+1","Scrape+1"],"picked":"Singing Bowl","floor":39}],"player_experience":102266,"relics_obtained":[{"floor":9,"key":"CaptainsWheel"},{"floor":21,"key":"Singing Bowl"},{"floor":26,"key":"Mummified Hand"}],"event_choices":[{"damage_healed":0,"gold_gain":175,"player_choice":"AGREE","damage_taken":0,"max_hp_gain":0,"max_hp_loss":0,"event_name":"Liars Game","floor":4,"gold_loss":0,"cards_obtained":["Doubt"]},{"cards_removed":["Doubt"],"damage_healed":0,"gold_gain":0,"player_choice":"Offered Curse","damage_taken":0,"relics_obtained":["Spirit Poop"],"max_hp_gain":0,"max_hp_loss":0,"event_name":"Bonfire Elementals","floor":11,"gold_loss":0},{"damage_healed":0,"gold_gain":0,"player_choice":"Success","damage_taken":3,"relics_obtained":["Shuriken"],"max_hp_gain":0,"max_hp_loss":0,"event_name":"Scrap Ooze","floor":14,"gold_loss":0},{"cards_removed":["Strike_B"],"damage_healed":0,"gold_gain":0,"player_choice":"Gave Gold","damage_taken":0,"max_hp_gain":0,"max_hp_loss":0,"event_name":"Beggar","floor":20,"gold_loss":75},{"damage_healed":0,"gold_gain":0,"player_choice":"Ignored","damage_taken":0,"max_hp_gain":0,"max_hp_loss":0,"event_name":"SecretPortal","floor":38,"gold_loss":0}],"is_beta":false,"boss_relics":[{"not_picked":["Calling Bell","Empty Cage"],"picked":"Philosopher\u0027s Stone"},{"not_picked":["Fusion Hammer","Sozu"],"picked":"Tiny House"}],"items_purged_floors":[],"is_endless":false,"potions_floor_spawned":[2,8,12,16,19,27,30,31,33],"killed_by":"4 Shapes","ascension_level":0}}