{"host":"hw9lt6p3yhr90vz0","time":1611040585,"event":{"mods":["BaseMod","DeckTracker","Minty Spire (QoL Compilation)","Relic Stats"],"gold_per_floor":[117,117,135,34,54,54,89,61,131,152,179,213,213,188,188,300,300,325,424,445,480,405,405,315,315,315,336,238,238,153,180,180,180,180],"floor_reached":33,"language":"ENG","playtime":2031,"items_purged":[],"score":409,"play_id":"8050a862-877e-412e-9444-5f674cd0e110","local_time":"20210119021625","is_ascension_mode":true,"campfire_choices":[{"floor":6,"key":"RECALL"},{"floor":13,"key":"REST"},{"data":"Caltrops","floor":15,"key":"SMITH"},{"floor":23,"key":"REST"},{"floor":25,"key":"REST"},{"floor":32,"key":"REST"}],"circlet_count":0,"master_deck":["Strike_G","Strike_G","Strike_G","Strike_G","Defend_G","Defend_G","Defend_G","Defend_G+1","Defend_G","Survivor","Neutralize","Blade Dance+1","Blade Dance","Acrobatics","Caltrops+1","Dash","Cloak And Dagger","Choke","Well Laid Plans","Flying Knee","Terror","Distraction","Noxious Fumes","Blade Dance","PiercingWail+1","PiercingWail","Accuracy","Catalyst","Quick Slash+1"],"relics":["Ring of the Snake","CeramicFish","Shuriken","Juzu Bracelet","SlaversCollar","Red Mask","Anchor"],"acts_visited":["Exordium","TheCity"],"potions_floor_usage":[7,7,12,12,16,21],"damage_taken":[{"damage":0,"enemies":"Jaw Worm","floor":1,"turns":6},{"damage":0,"enemies":"Cultist","floor":3,"turns":3},{"damage":4,"enemies":"Small Slimes","floor":5,"turns":2},{"damage":11,"enemies":"Gremlin Nob","floor":7,"turns":4},{"damage":1,"enemies":"Looter","floor":10,"turns":3},{"damage":1,"enemies":"2 Fungi Beasts","floor":11,"turns":4},{"damage":5,"enemies":"3 Sentries","floor":12,"turns":5},{"damage":0,"enemies":"Slime Boss","floor":16,"turns":5},{"damage":14,"enemies":"3 Byrds","floor":18,"turns":6},{"damage":2,"enemies":"Chosen","floor":20,"turns":4},{"damage":44,"enemies":"Masked Bandits","floor":21,"turns":5},{"damage":26,"enemies":"Sentry and Sphere","floor":27,"turns":4},{"damage":13,"enemies":"Colosseum Slavers","floor":29,"turns":4},{"damage":17,"enemies":"Snake Plant","floor":31,"turns":5},{"damage":61,"enemies":"Collector","floor":33,"turns":6}],"seed_played":"-801885973827309286","potions_obtained":[{"floor":3,"key":"PowerPotion"},{"floor":5,"key":"Poison Potion"},{"floor":10,"key":"SkillPotion"},{"floor":11,"key":"Strength Potion"},{"floor":12,"key":"AttackPotion"},{"floor":18,"key":"SpeedPotion"}],"is_trial":false,"path_per_floor":["M","?","M","$","M","R","E","$","T","M","M","E","R","$","R","B",null,"M","?","M","?","?","R","?","R","T","M","$","?","?","M","R","B"],"character_chosen":"THE_SILENT","items_purchased":["Acrobatics","Caltrops","Choke","Distraction","Accuracy","Catalyst"],"campfire_rested":4,"item_purchase_floors":[4,4,8,14,28,28],"current_hp_per_floor":[70,70,70,70,66,66,55,55,55,54,53,48,71,71,71,71,76,62,62,60,16,16,39,39,62,62,36,36,23,23,6,29,0,0],"gold":180,"neow_bonus":"TEN_PERCENT_HP_BONUS","is_daily":false,"chose_seed":false,"campfire_upgraded":1,"win_rate":0.0,"timestamp":1611040585,"path_taken":["M","?","M","?","M","R","E","$","T","M","M","E","R","$","R","BOSS","M","?","M","?","?","R","?","R","T","M","$","?","?","M","R","BOSS"],"items_purchased_type":["Card","Card","Card","Card","Card","Card"],"build_version":"2020-12-22","purchased_purges":0,"victory":false,"max_hp_per_floor":[77,77,77,77,77,77,77,77,77,77,77,77,77,77,77,77,77,77,77,77,77,77,77,77,77,77,77,77,77,77,77,77,77,77],"relic_stats":{"counters":[15,66],"Shuriken":[40],"CeramicFish":126,"Juzu Bracelet":1,"obtain_stats":[{"SlaversCollar":17,"Anchor":30,"Shuriken":9,"CeramicFish":7,"Juzu Bracelet":12,"Red Mask":21,"Ring of the Snake":0},{"SlaversCollar":8,"Anchor":13,"Shuriken":4,"CeramicFish":4,"Juzu Bracelet":7,"Red Mask":11,"Ring of the Snake":0},{"SlaversCollar":32,"Anchor":55,"Shuriken":15,"CeramicFish":15,"Juzu Bracelet":27,"Red Mask":47,"Ring of the Snake":0}],"Ring of the Snake":[30]},"card_choices":[{"not_picked":["Leg Sweep","Dagger Throw"],"picked":"Blade Dance","floor":1},{"not_picked":["Heel Hook","Flechettes"],"picked":"Blade Dance","floor":3},{"not_picked":["Backflip","Masterful Stab"],"picked":"Dash","floor":5},{"not_picked":["Reflex","Footwork"],"picked":"Cloak And Dagger","floor":7},{"not_picked":["Leg Sweep","Dagger Throw"],"picked":"Well Laid Plans","floor":10},{"not_picked":["Backflip","Quick Slash"],"picked":"Flying Knee","floor":11},{"not_picked":["Outmaneuver","Concentrate"],"picked":"Terror","floor":12},{"not_picked":["A Thousand Cuts","Tools of the Trade"],"picked":"Envenom","floor":16},{"not_picked":["Quick Slash","Heel Hook+1"],"picked":"Noxious Fumes","floor":18},{"not_picked":["Poisoned Stab+1","Dagger Throw+1"],"picked":"Blade Dance","floor":20},{"not_picked":["Acrobatics","Flying Knee"],"picked":"PiercingWail+1","floor":21},{"not_picked":["Acrobatics","Bane"],"picked":"PiercingWail","floor":27},{"not_picked":["Distraction","Expertise"],"picked":"Quick Slash+1","floor":31}],"player_experience":1237112,"relics_obtained":[{"floor":7,"key":"CeramicFish"},{"floor":9,"key":"Shuriken"},{"floor":12,"key":"Juzu Bracelet"},{"floor":21,"key":"Red Mask"}],"event_choices":[{"damage_healed":0,"gold_gain":0,"player_choice":"Upgraded","damage_taken":0,"max_hp_gain":0,"max_hp_loss":0,"event_name":"Upgrade Shrine","floor":2,"gold_loss":0,"cards_upgraded":["Blade Dance"]},{"damage_healed":0,"gold_gain":99,"player_choice":"Stole From Cult","damage_taken":0,"max_hp_gain":0,"max_hp_loss":0,"event_name":"Nest","floor":19,"gold_loss":0},{"damage_healed":0,"gold_gain":0,"player_choice":"Fought Bandits","damage_taken":0,"max_hp_gain":0,"max_hp_loss":0,"event_name":"Masked Bandits","floor":21,"gold_loss":0},{"cards_removed":["Strike_G"],"damage_healed":0,"gold_gain":0,"player_choice":"Gave Gold","damage_taken":0,"max_hp_gain":0,"max_hp_loss":0,"event_name":"Beggar","floor":22,"gold_loss":75},{"cards_removed":["Envenom"],"damage_healed":0,"gold_gain":0,"player_choice":"Upgrade and Remove","damage_taken":0,"max_hp_gain":0,"max_hp_loss":0,"event_name":"Designer","floor":24,"gold_loss":90,"cards_upgraded":["Defend_G"]},{"damage_healed":0,"gold_gain":0,"player_choice":"Fight","damage_taken":0,"max_hp_gain":0,"max_hp_loss":0,"event_name":"Colosseum","floor":29,"gold_loss":0},{"damage_healed":0,"gold_gain":0,"player_choice":"Fled From Nobs","damage_taken":0,"max_hp_gain":0,"max_hp_loss":0,"event_name":"Colosseum","floor":29,"gold_loss":0},{"damage_healed":0,"gold_gain":0,"player_choice":"Obtained Relic","damage_taken":0,"relics_obtained":["Anchor"],"max_hp_gain":0,"max_hp_loss":0,"event_name":"Addict","floor":30,"gold_loss":85}],"is_beta":false,"boss_relics":[{"not_picked":["Ectoplasm","SacredBark"],"picked":"SlaversCollar"}],"items_purged_floors":[],"is_endless":false,"potions_floor_spawned":[3,5,10,11,12,18],"killed_by":"Collector","ascension_level":7}}