{"host":"ecaj4hn004xnnrw9","time":1611066500,"event":{"mods":["AchievementEnabler","BaseMod","Better Third Choice","Card Forge","Hermit","Hubris","Infinite Spire","Jorbs\u0027s Wanderer Trilogy","Minty Spire (QoL Compilation)","Quick Restart","Relic Stats","Shop Mod","StSLib","The Construct","The Jungle","The Runesmith"],"gold_per_floor":[363,22,42,52,64,64,94,113,113,113,133,89,39,73,73,173,173,189,215,215,215,215,215,245,245,245,256,256,156,11,11,11,107,107,118,131,131,149,24,24,52,52,106,125,125,125,160,174,174,174],"floor_reached":51,"language":"ENG","playtime":2174,"items_purged":["Strike_G","Strike_G","Defend_G","Defend_G","Escape Plan"],"score":1089,"play_id":"16fc1454-823e-44f5-a368-f66fdafc7023","local_time":"20210119142820","is_ascension_mode":true,"campfire_choices":[{"data":"Riddle With Holes","floor":6.0,"key":"SMITH"},{"data":"Predator","floor":10.0,"key":"SMITH"},{"data":"Terror","floor":15,"key":"SMITH"},{"data":"Adrenaline","floor":23,"key":"SMITH"},{"data":"Neutralize","floor":25,"key":"SMITH"},{"data":"Riddle With Holes","floor":28,"key":"SMITH"},{"data":"Dash","floor":32,"key":"SMITH"},{"data":"Poisoned Stab","floor":40,"key":"SMITH"},{"floor":46,"key":"REST"},{"data":"infinitespire:Fortify","floor":49,"key":"SMITH"}],"circlet_count":0,"master_deck":["Defend_G","Survivor","Backflip","Dash+1","Riddle With Holes+1","Well Laid Plans","Predator+1","Backflip","Backflip","Terror+1","Adrenaline+1","Leg Sweep+1","Deadly Poison+1","Tactician+1","Footwork+1","Quick Slash+1","infinitespire:TheBestDefense+1","infinitespire:Punishment","infinitespire:Collect","infinitespire:Fortify+1","Poisoned Stab+1","infinitespire:Collect","Burst","Malaise+1","Crippling Poison+1","hubris:DuctTapeCard"],"relics":["Cracked Core","betterThird:SlimedRelic","Black Blood","hubris:RunicObelisk","infinitespire:Chaos","Prayer Wheel","TungstenRod","Darkstone Periapt","Astrolabe","Red Mask","Turnip","hubris:Towel","construct:FoamFinger","Oddly Smooth Stone","hubris:ToyBattleship","Velvet Choker","Paper Crane","Pen Nib","hubris:Spice","hubris:DuctTape","Medical Kit","Shuriken"],"acts_visited":["Exordium","TheCity","TheBeyond"],"potions_floor_usage":[14,16,19,33],"damage_taken":[{"damage":22.0,"enemies":"infinitespire:Voidling","floor":1.0,"turns":5.0},{"damage":0.0,"enemies":"Jaw Worm","floor":3.0,"turns":3.0},{"damage":0.0,"enemies":"2 Louse","floor":4.0,"turns":2.0},{"damage":0.0,"enemies":"Blue Slaver","floor":5.0,"turns":3.0},{"damage":9.0,"enemies":"Lagavulin","floor":7.0,"turns":6.0},{"damage":3.0,"enemies":"Looter","floor":8.0,"turns":3.0},{"damage":0.0,"enemies":"Gremlin Gang","floor":11.0,"turns":3.0},{"damage":12,"enemies":"Gremlin Nob","floor":14,"turns":5},{"damage":24,"enemies":"Slime Boss","floor":16,"turns":6},{"damage":1,"enemies":"Spheric Guardian","floor":18,"turns":4},{"damage":1,"enemies":"Masked Bandits","floor":19,"turns":3},{"damage":14,"enemies":"Book of Stabbing","floor":24,"turns":4},{"damage":0,"enemies":"Chosen","floor":27,"turns":3},{"damage":0,"enemies":"Collector","floor":33,"turns":6},{"damage":16,"enemies":"3 Darklings","floor":35,"turns":5},{"damage":0,"enemies":"Orb Walker","floor":36,"turns":3},{"damage":0,"enemies":"3 Darklings","floor":38,"turns":4},{"damage":11,"enemies":"Nightmare","floor":41,"turns":7},{"damage":4,"enemies":"Sphere and 2 Shapes","floor":44,"turns":4},{"damage":0,"enemies":"Giant Head","floor":47,"turns":4},{"damage":0,"enemies":"4 Shapes","floor":48,"turns":5},{"damage":0,"enemies":"Donu and Deca","floor":50,"turns":5}],"seed_played":"-8134414059546877319","potions_obtained":[{"floor":3.0,"key":"GamblersBrew"},{"floor":4.0,"key":"EssenceOfSteel"},{"floor":5.0,"key":"Explosive Potion"},{"floor":8.0,"key":"Poison Potion"},{"floor":11.0,"key":"CultistPotion"},{"floor":14,"key":"AttackPotion"},{"floor":19,"key":"BlessingOfTheForge"},{"floor":24,"key":"LiquidMemories"},{"floor":38,"key":"GhostInAJar"}],"is_trial":false,"path_per_floor":["M","$","M","M","M","R","E","M","T","R","M","?","?","E","R","B",null,"M","?","AVR","?","?","R","E","R","T","M","R","$","$","?","R","B",null,"M","M","?","M","$","R","NM","?","T","M","$","R","E","M","R","B",null],"character_chosen":"THE_SILENT","items_purchased":["infinitespire:Chaos","Backflip","Escape Plan","hubris:ToyBattleship","hubris:Spice","hubris:DuctTape","Medical Kit","hubris:Spice"],"campfire_rested":1,"item_purchase_floors":[2,2,2,30,45,45,45,45],"current_hp_per_floor":[58,58,63,63,63,63,63,63,63,63,63,63,63,63,63,51,60,63,63,63,63,63,63,61,61,61,63,63,63,63,49,49,61,63,59,63,63,63,63,63,63,63,63,63,9,32,50,62,62,74],"gold":174,"neow_bonus":"TWO_FIFTY_GOLD","is_daily":false,"chose_seed":false,"campfire_upgraded":9,"win_rate":0.0,"timestamp":1611066500,"path_taken":["M","$","M","M","M","R","E","?","T","R","M","?","?","E","R","BOSS","M","?","AVR","?","?","R","E","R","T","?","R","?","$","?","R","BOSS","M","M","?","M","$","R","NM","?","T","?","?","R","E","M","R","BOSS"],"items_purchased_type":["Relic","Card","Card","Relic","Relic","Relic","Relic","Relic"],"build_version":"2020-12-22","purchased_purges":5,"victory":true,"max_hp_per_floor":[63,63,63,63,63,63,63,63,63,63,63,63,63,63,63,63,63,63,63,63,63,63,63,63,63,63,63,63,63,63,63,63,63,63,63,63,63,63,63,63,63,63,63,63,79,79,77,77,77,77],"relic_stats":{"Darkstone Periapt":6,"counters":[22,93],"Shuriken":[1],"Astrolabe":["Leg Sweep","Deadly Poison","Tactician"],"Black Blood":139,"Prayer Wheel":15,"Turnip":[3],"Pen Nib":[2],"Medical Kit":[5],"obtain_stats":[{"Darkstone Periapt":14,"construct:FoamFinger":24,"Black Blood":2,"Hammer of Thor":0,"hubris:RunicObelisk":2,"Prayer Wheel":7,"Red Mask":19,"infinitespire:Chaos":2,"Cracked Core":2,"Ring of the Snake":0,"hubris:DuctTape":45,"Astrolabe":17,"infinitespire:EmptyRelic":2,"Oddly Smooth Stone":26,"Velvet Choker":34,"Pen Nib":43,"Seething Fire":0,"hubris:Towel":21,"Paper Crane":41,"Medical Kit":45,"Anvil of the Gods":0,"hubris:Spice":45,"Shuriken":47,"betterThird:SlimedRelic":2,"Turnip":20,"hubris:ToyBattleship":30,"TungstenRod":9},{"Darkstone Periapt":8,"construct:FoamFinger":12,"Black Blood":1,"Hammer of Thor":0,"hubris:RunicObelisk":1,"Prayer Wheel":5,"Red Mask":11,"infinitespire:Chaos":1,"Cracked Core":1,"Ring of the Snake":0,"hubris:DuctTape":19,"Astrolabe":9,"infinitespire:EmptyRelic":1,"Oddly Smooth Stone":12,"Velvet Choker":14,"Pen Nib":18,"Seething Fire":0,"hubris:Towel":11,"Paper Crane":18,"Medical Kit":19,"Anvil of the Gods":0,"hubris:Spice":19,"Shuriken":20,"betterThird:SlimedRelic":1,"Turnip":11,"hubris:ToyBattleship":13,"TungstenRod":6},{"Darkstone Periapt":30,"construct:FoamFinger":47,"Black Blood":5,"Hammer of Thor":0,"hubris:RunicObelisk":5,"Prayer Wheel":19,"Red Mask":43,"infinitespire:Chaos":5,"Cracked Core":5,"Ring of the Snake":0,"hubris:DuctTape":79,"Astrolabe":36,"infinitespire:EmptyRelic":5,"Oddly Smooth Stone":47,"Velvet Choker":56,"Pen Nib":75,"Seething Fire":0,"hubris:Towel":43,"Paper Crane":75,"Medical Kit":79,"Anvil of the Gods":0,"hubris:Spice":79,"Shuriken":83,"betterThird:SlimedRelic":5,"Turnip":43,"hubris:ToyBattleship":50,"TungstenRod":22}],"TungstenRod":20},"card_choices":[{"not_picked":["Flying Knee","Acrobatics"],"picked":"Riddle With Holes","floor":1.0},{"not_picked":["Choke","Acrobatics"],"picked":"Dash","floor":3.0},{"not_picked":["Bane","Catalyst"],"picked":"Riddle With Holes","floor":4.0},{"not_picked":["Accuracy","Tactician"],"picked":"Well Laid Plans","floor":5.0},{"not_picked":["Flechettes","Caltrops","Finisher"],"picked":"SKIP","floor":7.0},{"not_picked":["Finisher","Prepared"],"picked":"Predator","floor":8.0},{"not_picked":["Bane","Finisher"],"picked":"Backflip","floor":8.0},{"not_picked":["Endless Agony","Masterful Stab"],"picked":"Backflip","floor":11.0},{"not_picked":["Finisher","Underhanded Strike","PiercingWail"],"picked":"SKIP","floor":11.0},{"not_picked":["hubris:SlightOfHand","Caltrops"],"picked":"Terror","floor":14},{"not_picked":["Phantasmal Killer","After Image"],"picked":"Adrenaline","floor":16},{"not_picked":["Masterful Stab+1","Endless Agony"],"picked":"Footwork+1","floor":18},{"not_picked":["Bane","Deflect+1"],"picked":"Quick Slash+1","floor":18},{"not_picked":["Crippling Poison","Prepared","Caltrops"],"picked":"SKIP","floor":24},{"not_picked":["Dagger Spray","Prepared","Distraction"],"picked":"SKIP","floor":27},{"not_picked":["Dagger Throw","PiercingWail","Calculated Gamble+1"],"picked":"SKIP","floor":27},{"not_picked":["infinitespire:NeuralNetwork","hubris:InfiniteBlow+53"],"picked":"infinitespire:Collect","floor":31},{"not_picked":["infinitespire:Neurotoxin","Malaise"],"picked":"Burst","floor":33},{"not_picked":["Prepared","Dagger Spray","Backflip"],"picked":"SKIP","floor":35},{"not_picked":["Riddle With Holes+1","All Out Attack","Leg Sweep+1"],"picked":"SKIP","floor":35},{"not_picked":["Slice+1","Outmaneuver"],"picked":"Malaise","floor":36},{"not_picked":["hubris:SlightOfHand+1","Escape Plan+1","Flechettes"],"picked":"SKIP","floor":36},{"not_picked":["Dodge and Roll","Cloak And Dagger+1","Dagger Spray"],"picked":"SKIP","floor":38},{"not_picked":["Finisher","Poisoned Stab+1","Accuracy"],"picked":"SKIP","floor":38},{"not_picked":["Dash+1","Underhanded Strike+1","Doppelganger"],"picked":"SKIP","floor":41},{"not_picked":["Backflip+1","hubris:Sniper"],"picked":"Crippling Poison+1","floor":44},{"not_picked":["Underhanded Strike","Choke+1","Reflex+1"],"picked":"SKIP","floor":44},{"not_picked":["Underhanded Strike","Choke+1","Reflex+1"],"picked":"SKIP","floor":44},{"not_picked":["Prepared","Infinite Blades+1"],"picked":"hubris:SpiceAddiction","floor":47},{"not_picked":["Blade Dance+1","Deflect+1","PiercingWail+1"],"picked":"SKIP","floor":48},{"not_picked":["hubris:Counter+1","Cloak And Dagger","Escape Plan+1"],"picked":"SKIP","floor":48}],"player_experience":371691,"relics_obtained":[{"floor":7.0,"key":"Prayer Wheel"},{"floor":9.0,"key":"TungstenRod"},{"floor":14,"key":"Darkstone Periapt"},{"floor":19,"key":"Red Mask"},{"floor":24,"key":"construct:FoamFinger"},{"floor":26,"key":"Oddly Smooth Stone"},{"floor":41,"key":"Paper Crane"},{"floor":43,"key":"Pen Nib"},{"floor":47,"key":"Shuriken"}],"event_choices":[{"damage_healed":0,"gold_gain":0,"player_choice":"Left","damage_taken":0,"max_hp_gain":0,"max_hp_loss":0,"event_name":"betterThird:BetterGoop","floor":12,"gold_loss":44},{"cards_removed":["Defend_G"],"damage_healed":0,"gold_gain":0,"player_choice":"Card Removal","damage_taken":0,"max_hp_gain":0,"max_hp_loss":0,"event_name":"The Cleric","floor":13,"gold_loss":50},{"damage_healed":0,"gold_gain":0,"player_choice":"Fought Bandits","damage_taken":0,"max_hp_gain":0,"max_hp_loss":0,"event_name":"Masked Bandits","floor":19,"gold_loss":0},{"damage_healed":0,"gold_gain":0,"cards_transformed":["Defend_G"],"player_choice":"Transformed","damage_taken":0,"max_hp_gain":0,"max_hp_loss":0,"event_name":"Transmorgrifier","floor":22,"gold_loss":0,"cards_obtained":["Poisoned Stab"]},{"damage_healed":0,"gold_gain":0,"player_choice":"Upgraded","damage_taken":0,"max_hp_gain":0,"max_hp_loss":0,"event_name":"Upgrade Shrine","floor":42,"gold_loss":0,"cards_upgraded":["infinitespire:TheBestDefense"]}],"is_beta":false,"boss_relics":[{"not_picked":["Runic Dome","Coffee Dripper"],"picked":"Astrolabe"},{"not_picked":["SacredBark","hubris:TerracottaHorce"],"picked":"Velvet Choker"}],"items_purged_floors":[2,20,29,39,45],"is_endless":false,"potions_floor_spawned":[3,4,5,8,11,14,19,24,27,38,41,44,47],"ascension_level":5}}