{"host":"1tl36azeqm6yhdgj","time":1611087232,"event":{"mods":["AchievementEnabler","BaseMod","Minty Spire (QoL Compilation)","StSLib","The IronCluck","everything is the same but u backflip on backflip"],"gold_per_floor":[116,266,266,285,285,311,328,344,344,98,98,125,125,50,50,127,127,99,99,99,99],"floor_reached":20,"language":"ENG","playtime":582,"items_purged":["Regret"],"score":400,"play_id":"e17fb163-ed92-4e10-b4d8-6e30cb1b5e86","local_time":"20210119151352","is_ascension_mode":true,"campfire_choices":[{"data":"Uppercut","floor":11.0,"key":"SMITH"},{"data":"Inflame","floor":15.0,"key":"SMITH"}],"circlet_count":0,"master_deck":["AscendersBane","Strike_R","Strike_R","Strike_R","Strike_R","Defend_R","Defend_R","Defend_R","Defend_R","Bash","Thunderclap","Rage","Uppercut+1","Shockwave","Inflame+1","Feel No Pain","Flex","Juggernaut","Writhe"],"relics":["Burning Blood","NeowsBlessing","Boot","Paper Frog","Thread and Needle","Du-Vu Doll","Black Star","FossilizedHelix"],"acts_visited":["Exordium","TheCity"],"potions_floor_usage":[],"damage_taken":[{"damage":0.0,"enemies":"2 Louse","floor":1.0,"turns":1.0},{"damage":0.0,"enemies":"Small Slimes","floor":4.0,"turns":1.0},{"damage":0.0,"enemies":"Lagavulin","floor":6.0,"turns":1.0},{"damage":12.0,"enemies":"Cultist","floor":7.0,"turns":4.0},{"damage":12.0,"enemies":"Gremlin Gang","floor":8.0,"turns":5.0},{"damage":11.0,"enemies":"3 Sentries","floor":12.0,"turns":7.0},{"damage":37.0,"enemies":"The Guardian","floor":16.0,"turns":13.0},{"damage":28.0,"enemies":"2 Thieves","floor":18.0,"turns":4.0},{"damage":38,"enemies":"3 Byrds","floor":20,"turns":5}],"seed_played":"-5552155923255988115","potions_obtained":[{"floor":1.0,"key":"BlessingOfTheForge"},{"floor":6.0,"key":"SkillPotion"},{"floor":12.0,"key":"FearPotion"},{"floor":16.0,"key":"Dexterity Potion"}],"is_trial":false,"path_per_floor":["M","?","?","M","?","E","M","M","T","$","R","E","?","?","R","B",null,"M","?","M"],"character_chosen":"IRONCLAD","items_purchased":["Feel No Pain","DistilledChaos"],"campfire_rested":0,"item_purchase_floors":[10,10],"current_hp_per_floor":[74,74,74,75,75,75,69,63,63,63,63,58,47,47,47,16,60,38,38,0,0],"gold":99,"neow_bonus":"THREE_ENEMY_KILL","is_daily":false,"chose_seed":false,"campfire_upgraded":2,"win_rate":0.0,"timestamp":1611087232,"path_taken":["M","?","?","M","?","E","M","M","T","$","R","E","?","?","R","BOSS","M","?","M"],"items_purchased_type":["Card","Potion"],"build_version":"2020-12-22","purchased_purges":1,"victory":false,"max_hp_per_floor":[75,75,75,75,75,75,75,75,75,75,75,75,75,75,75,75,75,75,75,75,75],"card_choices":[{"not_picked":["Ghostly Armor","Havoc"],"picked":"Thunderclap","floor":1.0},{"not_picked":["Anger","Flex"],"picked":"Rage","floor":4.0},{"not_picked":["Sever Soul","Thunderclap"],"picked":"Uppercut","floor":6.0},{"not_picked":["Seeing Red","Clothesline"],"picked":"Shockwave","floor":7.0},{"not_picked":["Metallicize","Infernal Blade"],"picked":"Inflame","floor":8.0},{"not_picked":["Perfected Strike","Uppercut"],"picked":"Flex","floor":12.0},{"not_picked":["Reaper","Barricade"],"picked":"Juggernaut","floor":16.0},{"not_picked":["Headbutt","Perfected Strike","Body Slam"],"picked":"SKIP","floor":18.0}],"player_experience":2003108,"relics_obtained":[{"floor":6.0,"key":"Paper Frog"},{"floor":12.0,"key":"Thread and Needle"}],"event_choices":[{"damage_healed":0.0,"max_hp_gain":0.0,"max_hp_loss":0.0,"gold_gain":150.0,"event_name":"Liars Game","player_choice":"AGREE","floor":2.0,"gold_loss":0.0,"damage_taken":0.0,"cards_obtained":["Doubt"]},{"cards_removed":["Doubt"],"damage_healed":0.0,"max_hp_gain":0.0,"max_hp_loss":0.0,"gold_gain":0.0,"event_name":"Living Wall","player_choice":"Forget","floor":3.0,"gold_loss":0.0,"damage_taken":0.0},{"damage_healed":0.0,"max_hp_gain":0.0,"max_hp_loss":0.0,"gold_gain":0.0,"event_name":"Big Fish","player_choice":"Box","floor":5.0,"gold_loss":0.0,"damage_taken":0.0,"relics_obtained":["Boot"],"cards_obtained":["Regret"]},{"damage_healed":0.0,"max_hp_gain":0.0,"max_hp_loss":0.0,"gold_gain":0.0,"event_name":"Scrap Ooze","player_choice":"Success","floor":13.0,"gold_loss":0.0,"damage_taken":11.0,"relics_obtained":["Du-Vu Doll"]},{"cards_removed":["Strike_R"],"damage_healed":0.0,"max_hp_gain":0.0,"max_hp_loss":0.0,"gold_gain":0.0,"event_name":"The Cleric","player_choice":"Card Removal","floor":14.0,"gold_loss":75.0,"damage_taken":0.0},{"damage_healed":0.0,"max_hp_gain":0.0,"max_hp_loss":0.0,"gold_gain":0.0,"event_name":"The Mausoleum","player_choice":"Opened","floor":19.0,"gold_loss":0.0,"damage_taken":0.0,"relics_obtained":["FossilizedHelix"],"cards_obtained":["Writhe"]}],"is_beta":false,"boss_relics":[{"not_picked":["Busted Crown","Snecko Eye"],"picked":"Black Star"}],"items_purged_floors":[10],"is_endless":false,"potions_floor_spawned":[1,6,12,16],"killed_by":"3 Byrds","ascension_level":19}}