{"host":"ockkdcgl3b18tfz9","time":1611053349,"event":{"mods":["2.2 Compatiblity","BaseMod","Better Skull","Better Third Choice","BetterRewards","Hermit","Minty Spire (QoL Compilation)","Quick Restart","Replay The Spire","Spicy Shops","StSLib","SuperFastMode","The Jungle"],"gold_per_floor":[112,112,127,127,147,191,191,35,54,79,102,143,143,143,92,135,135,135,228,228,248,268,268,287,287,330,330,666,680,680,680,680,711,140,163,176,176,176,267,267,280,280,293,293,243,274,274,295,295,314,329,329,329],"floor_reached":52,"language":"ENG","playtime":1355,"items_purged":["Decay","Writhe"],"score":1344,"play_id":"df99e5aa-a2cb-40b3-90b5-8371be7164b6","local_time":"20210119174909","is_ascension_mode":true,"campfire_choices":[{"floor":7.0,"key":"REST"},{"floor":13.0,"key":"REST"},{"floor":17.0,"key":"DIG"},{"floor":18.0,"key":"REST"},{"data":"Noxious Fumes","floor":27.0,"key":"SMITH"},{"floor":32.0,"key":"RECALL"},{"floor":37.0,"key":"REST"},{"floor":47,"key":"REST"}],"circlet_count":0,"master_deck":["AscendersBane","Strike_G","Strike_G","Strike_G","Strike_G","Defend_G","Defend_G+1","Defend_G","Defend_G","Defend_G+1","Survivor","Neutralize","Dash","Concentrate","Sucker Punch","Injury","Cloak And Dagger","Infinite Blades","Tactician","Blade Dance","Noxious Fumes+1","Acrobatics","Backflip","Prepared","Night Terror+1","Dodge and Roll+1","Accuracy","Dagger Throw","After Image+1","PiercingWail","Deflect+1","Dagger Spray+1","Sneak Up","Wraith Form v2+1","Hidden Blade+1","Cloak And Dagger","Languid","ReplayTheSpireMod:Scrap Shanks","Deflect","Terror"],"relics":["Ring of the Snake","Iron Hammer","Golden Idol","War Paint","OrangePellets","Regal Pillow","Strawberry","ReplayFunnel","ReplayTheSpireMod:Ninjato","Peace Pipe","Golden Egg","WristBlade","theJungle:WildPear","Smiling Mask","Onion Ring","Paper Crane","Bronze Scales","Kunai","Medical Kit","MealTicket","TwistedFunnel","HoveringKite","Lee\u0027s Waffle","ReplayTheSpireMod:CursedCoin","Chameleon Ring"],"acts_visited":["Exordium","Exordium","TheBeyond"],"potions_floor_usage":[39,39,52],"damage_taken":[{"damage":0.0,"enemies":"Small Slimes","floor":1.0,"turns":2.0},{"damage":1.0,"enemies":"Jaw Worm","floor":3.0,"turns":3.0},{"damage":0.0,"enemies":"Cultist","floor":5.0,"turns":3.0},{"damage":24.0,"enemies":"Lagavulin","floor":6.0,"turns":9.0},{"damage":0.0,"enemies":"Exordium Wildlife","floor":9.0,"turns":3.0},{"damage":2.0,"enemies":"Looter","floor":11.0,"turns":3.0},{"damage":2.0,"enemies":"Gremlin Nob","floor":12.0,"turns":3.0},{"damage":9.0,"enemies":"3 Sentries","floor":16.0,"turns":5.0},{"damage":17.0,"enemies":"Slime Boss","floor":19.0,"turns":10.0},{"damage":13.0,"enemies":"theJungle:GiantWrat","floor":21.0,"turns":4.0},{"damage":8.0,"enemies":"Shell Parasite","floor":22.0,"turns":5.0},{"damage":0.0,"enemies":"theJungle:SlimyTreeVines","floor":24.0,"turns":4.0},{"damage":6.0,"enemies":"theJungle:MamaSnecko","floor":26.0,"turns":4.0},{"damage":0.0,"enemies":"theJungle:JungleHuntersEncounter","floor":29.0,"turns":6.0},{"damage":0.0,"enemies":"theJungle:2_Phrogs","floor":33.0,"turns":5.0},{"damage":3.0,"enemies":"theJungle:Lyon","floor":35.0,"turns":3.0},{"damage":14.0,"enemies":"theJungle:2_Snecko_Cultists","floor":36.0,"turns":3.0},{"damage":61,"enemies":"theJungle:TotemBoss","floor":39,"turns":11},{"damage":16,"enemies":"3 Shapes","floor":41,"turns":6},{"damage":0,"enemies":"Orb Walker","floor":43,"turns":2},{"damage":24,"enemies":"Reptomancer","floor":46,"turns":6},{"damage":54,"enemies":"Transient","floor":48,"turns":5},{"damage":18,"enemies":"Jaw Worm Horde","floor":50,"turns":5},{"damage":2,"enemies":"3 Darklings","floor":51,"turns":5},{"damage":18,"enemies":"Nemesis","floor":52,"turns":3}],"seed_played":"-4757471693457851356","potions_obtained":[{"floor":5.0,"key":"Energy Potion"},{"floor":6.0,"key":"FearPotion"},{"floor":9.0,"key":"SmokeBomb"},{"floor":11.0,"key":"LiquidMemories"},{"floor":22.0,"key":"BlessingOfTheForge"},{"floor":26.0,"key":"SkillPotion"},{"floor":29.0,"key":"PowerPotion"},{"floor":36.0,"key":"Languid Potion"},{"floor":39,"key":"SteroidPotion"},{"floor":46,"key":"BlessingOfTheForge"}],"is_trial":false,"path_per_floor":["M","?","M","?","M","E","R","$","M","T","M","E","R","?","$","E","R","R","B",null,"M","M","?","M","?","E","R","?","M","T","T","R","E","$","M","M","R","R","B",null,"M","?","M","?","$","E","R","M","T","M","M","E"],"character_chosen":"THE_SILENT","items_purchased":["Iron Hammer","Dash","Concentrate","OrangePellets","Backflip","Kunai","Medical Kit","MealTicket","Deflect","TwistedFunnel","Lee\u0027s Waffle","ReplayTheSpireMod:CursedCoin"],"campfire_rested":5,"item_purchase_floors":[0,0,0,8,15,34,34,34,34,34,45,45],"current_hp_per_floor":[48,48,47,47,47,23,42,42,42,42,40,45,73,35,35,26,26,62,45,66,53,45,55,58,68,62,62,37,37,37,37,37,37,37,34,20,59,83,22,68,52,52,52,73,90,66,90,36,36,18,16,0,0],"gold":329,"neow_bonus":"","is_daily":false,"chose_seed":false,"campfire_upgraded":1,"win_rate":0.0,"timestamp":1611053349,"path_taken":["M","?","M","?","M","E","R","?","M","T","?","E","R","?","$","E","R","R","BOSS","M","M","?","M","?","E","R","?","M","T","T","R","E","$","M","?","R","R","BOSS","M","?","M","?","$","E","R","M","T","M","M","E"],"items_purchased_type":["Relic","Card","Card","Relic","Card","Relic","Relic","Relic","Card","Relic","Relic","Relic"],"build_version":"2020-12-22","purchased_purges":2,"victory":false,"max_hp_per_floor":[66,66,66,66,66,66,66,66,66,66,66,73,73,73,73,73,73,73,73,73,73,73,73,73,83,83,83,83,83,83,83,83,83,83,83,83,83,83,83,83,83,83,83,83,90,90,90,90,90,90,90,90,90],"card_choices":[{"not_picked":["Replay:Poison Smokescreen","Slice"],"picked":"Sucker Punch","floor":1.0},{"not_picked":["PiercingWail","Backstab"],"picked":"Cloak And Dagger","floor":3.0},{"not_picked":["Deflect","ReplayTheSpireMod:Shiv Toss"],"picked":"Tactician","floor":5.0},{"not_picked":["Outmaneuver","Replay:Poison Smokescreen"],"picked":"Bane","floor":6.0},{"not_picked":["Backflip","Quick Slash"],"picked":"Blade Dance","floor":9.0},{"not_picked":["Underhanded Strike","Replay:Poison Smokescreen"],"picked":"Noxious Fumes","floor":11.0},{"not_picked":["Blur","Poison Darts"],"picked":"Acrobatics","floor":12.0},{"not_picked":["Poisoned Stab","Predator"],"picked":"Prepared","floor":16.0},{"not_picked":["Poison Darts","A Thousand Cuts"],"picked":"Night Terror","floor":19.0},{"not_picked":["ReplayTheSpireMod:The Works","Bane"],"picked":"Dodge and Roll","floor":21.0},{"not_picked":["Dodge and Roll","Backflip"],"picked":"Accuracy","floor":22.0},{"not_picked":["Poisoned Stab","Concentrate","Acrobatics"],"picked":"SKIP","floor":24.0},{"not_picked":["Acrobatics+1","Prepared"],"picked":"Dagger Throw","floor":26.0},{"not_picked":["Underhanded Strike+1","PiercingWail"],"picked":"After Image","floor":29.0},{"not_picked":["Dodge and Roll+1","Reflex"],"picked":"PiercingWail","floor":33.0},{"not_picked":["Escape Plan","Sucker Punch"],"picked":"Dagger Spray+1","floor":35.0},{"not_picked":["Quick Slash","ReplayTheSpireMod:Exploit Weakness"],"picked":"Sneak Up","floor":36.0},{"not_picked":["Glass Knife","Atom Bomb"],"picked":"Wraith Form v2","floor":39},{"not_picked":["Flying Knee","Poisoned Stab"],"picked":"Hidden Blade+1","floor":41},{"not_picked":["Outmaneuver+1","Noxious Fumes"],"picked":"Cloak And Dagger","floor":43},{"not_picked":["Tactician","Heel Hook","Setup+1"],"picked":"SKIP","floor":46},{"not_picked":["Escape Plan","Dagger Throw+1"],"picked":"ReplayTheSpireMod:Scrap Shanks","floor":48},{"not_picked":["ReplayTheSpireMod:Exploit Weakness","Infinite Blades"],"picked":"Deflect","floor":50},{"not_picked":["Backflip","Poisoned Stab+1"],"picked":"Terror","floor":51}],"player_experience":292176,"relics_obtained":[{"floor":6.0,"key":"War Paint"},{"floor":10.0,"key":"Regal Pillow"},{"floor":12.0,"key":"Strawberry"},{"floor":16.0,"key":"Peace Pipe"},{"floor":17.0,"key":"Golden Egg"},{"floor":26.0,"key":"Smiling Mask"},{"floor":30.0,"key":"Onion Ring"},{"floor":31.0,"key":"Paper Crane"},{"floor":33.0,"key":"Bronze Scales"},{"floor":46,"key":"Chameleon Ring"}],"event_choices":[{"damage_healed":0.0,"max_hp_gain":0.0,"max_hp_loss":0.0,"gold_gain":0.0,"event_name":"Golden Idol","player_choice":"Take Wound","floor":2.0,"gold_loss":0.0,"damage_taken":0.0,"relics_obtained":["Golden Idol"],"cards_obtained":["Injury"]},{"damage_healed":0.0,"max_hp_gain":0.0,"max_hp_loss":0.0,"gold_gain":0.0,"cards_transformed":["Strike_G"],"event_name":"Living Wall","player_choice":"Change","floor":4.0,"gold_loss":0.0,"damage_taken":0.0,"cards_obtained":["Infinite Blades"]},{"damage_healed":0.0,"max_hp_gain":0.0,"max_hp_loss":0.0,"gold_gain":336.0,"event_name":"betterSkull:BetterSkull","player_choice":"GO GO GO ","floor":28.0,"gold_loss":0.0,"damage_taken":28.0,"cards_upgraded":[],"relics_obtained":[]},{"cards_removed":["Bane"],"damage_healed":0,"gold_gain":0,"player_choice":"Removed Attack","damage_taken":0,"max_hp_gain":0,"max_hp_loss":0,"event_name":"Falling","floor":42,"gold_loss":0},{"damage_healed":21,"gold_gain":0,"player_choice":"Writhe","damage_taken":0,"max_hp_gain":0,"max_hp_loss":0,"event_name":"Winding Halls","floor":44,"gold_loss":0,"cards_obtained":["Writhe"]}],"is_beta":false,"boss_relics":[{"not_picked":["Replay:Bronze Core","Fusion Hammer"],"picked":"WristBlade"},{"not_picked":["Runic Pyramid","Runic Dome"],"picked":"HoveringKite"}],"items_purged_floors":[34,45],"is_endless":false,"potions_floor_spawned":[5,6,9,11,22,26,29,36,39,46,48,51],"killed_by":"Nemesis","ascension_level":14}}