{"host":"da4a6z8aof69aasy","time":1611083863,"event":{"mods":["AchievementEnabler","BaseMod","Block Reminder","Colored Powertips","DeckTracker","Highlight Path","Minty Spire (QoL Compilation)","Permanent Neow","Relic Stats","StSLib"],"gold_per_floor":[218,368,380,380,1,32,32,51,75,75,110,123,123,136,136,234,234,254,254,270,295,295,295,336,336,407,155,155,180,214,230,230,321,321,346,346,346,95,114,114,447,478,478,507,517,550,550,564,564,564,564,564,5,35,35],"floor_reached":56,"language":"ENG","playtime":10231,"items_purged":["Doubt","Strike_B","Strike_B","Strike_B"],"score":2083,"play_id":"14e4aff5-8554-4bd2-b7e0-dbca92bdcd14","local_time":"20210119211743","is_ascension_mode":true,"campfire_choices":[{"floor":7.0,"key":"REST"},{"data":"Sunder","floor":10.0,"key":"SMITH"},{"floor":15.0,"key":"REST"},{"floor":23.0,"key":"REST"},{"data":"Biased Cognition","floor":25.0,"key":"SMITH"},{"data":"Static Discharge","floor":28.0,"key":"SMITH"},{"data":"Undo","floor":32.0,"key":"SMITH"},{"data":"Capacitor","floor":40.0,"key":"SMITH"},{"floor":47.0,"key":"RECALL"},{"floor":49.0,"key":"REST"},{"data":"Glacier","floor":52.0,"key":"SMITH"}],"circlet_count":0,"master_deck":["AscendersBane","Strike_B","Defend_B","Defend_B","Defend_B","Defend_B","Zap+1","Dualcast+1","Sunder+1","Undo+1","Glacier+1","Doom and Gloom","Sweeping Beam","Static Discharge+1","Biased Cognition+1","Conserve Battery","Go for the Eyes+1","Conserve Battery+1","Chill+1","Go for the Eyes+1","Echo Form","Capacitor+1","Coolheaded+1","Reboot+1","Skim+1","Hologram+1","Defragment+1","Hologram+1","Tempest+1"],"relics":["Cracked Core","DataDisk","Potion Belt","Turnip","Velvet Choker","Toxic Egg 2","InkBottle","Ornamental Fan","Sling","Bronze Scales","Philosopher\u0027s Stone","Prayer Wheel","Pear","StrikeDummy","Mercury Hourglass","Lizard Tail","White Beast Statue"],"acts_visited":["Exordium","TheCity","TheBeyond","TheEnding"],"potions_floor_usage":[55,55,55,55],"damage_taken":[{"damage":2.0,"enemies":"Jaw Worm","floor":1.0,"turns":3.0},{"damage":7.0,"enemies":"Small Slimes","floor":3.0,"turns":3.0},{"damage":9.0,"enemies":"3 Sentries","floor":6.0,"turns":8.0},{"damage":0.0,"enemies":"2 Louse","floor":8.0,"turns":2.0},{"damage":24.0,"enemies":"Gremlin Nob","floor":11.0,"turns":4.0},{"damage":6.0,"enemies":"Red Slaver","floor":12.0,"turns":3.0},{"damage":0.0,"enemies":"Exordium Thugs","floor":14.0,"turns":3.0},{"damage":28.0,"enemies":"Hexaghost","floor":16.0,"turns":14.0},{"damage":6.0,"enemies":"Spheric Guardian","floor":18.0,"turns":3.0},{"damage":6.0,"enemies":"3 Byrds","floor":20.0,"turns":3.0},{"damage":0.0,"enemies":"Snecko","floor":21.0,"turns":5.0},{"damage":5.0,"enemies":"Slavers","floor":24.0,"turns":11.0},{"damage":0.0,"enemies":"Snake Plant","floor":29.0,"turns":4.0},{"damage":1.0,"enemies":"Gremlin Leader","floor":30.0,"turns":8.0},{"damage":0.0,"enemies":"Cultist and Chosen","floor":31.0,"turns":6.0},{"damage":37.0,"enemies":"Collector","floor":33.0,"turns":14.0},{"damage":0.0,"enemies":"Orb Walker","floor":35.0,"turns":4.0},{"damage":0.0,"enemies":"3 Darklings","floor":39.0,"turns":5.0},{"damage":3.0,"enemies":"Giant Head","floor":42.0,"turns":10.0},{"damage":0.0,"enemies":"Reptomancer","floor":44.0,"turns":6.0},{"damage":5.0,"enemies":"Sphere and 2 Shapes","floor":45.0,"turns":5.0},{"damage":0.0,"enemies":"Nemesis","floor":46.0,"turns":7.0},{"damage":12.0,"enemies":"Spire Growth","floor":48.0,"turns":5.0},{"damage":5.0,"enemies":"Time Eater","floor":50.0,"turns":17.0},{"damage":22,"enemies":"Shield and Spear","floor":54,"turns":10},{"damage":74,"enemies":"The Heart","floor":55,"turns":5}],"seed_played":"-5088652274614874328","potions_obtained":[{"floor":8.0,"key":"EssenceOfDarkness"},{"floor":11.0,"key":"SneckoOil"},{"floor":16.0,"key":"FocusPotion"},{"floor":20.0,"key":"SkillPotion"},{"floor":21.0,"key":"FearPotion"},{"floor":30.0,"key":"DuplicationPotion"},{"floor":39.0,"key":"ColorlessPotion"},{"floor":42.0,"key":"SteroidPotion"},{"floor":45.0,"key":"Dexterity Potion"},{"floor":48.0,"key":"FocusPotion"}],"is_trial":false,"path_per_floor":["M","?","M","?","$","E","R","M","T","R","E","M","?","M","R","B",null,"M","?","M","M","T","R","E","R","T","$","R","M","E","M","R","B",null,"M","?","?","$","M","R","?","E","T","E","M","E","R","M","R","B",null,"R","$","E","B",null],"character_chosen":"DEFECT","items_purchased":["DataDisk","Glacier","Doom and Gloom","Sling","Capacitor","PowerPotion","Lizard Tail","FocusPotion","Hologram+1"],"campfire_rested":4,"item_purchase_floors":[5,5,5,27,38,38,53,53,53],"current_hp_per_floor":[62,62,55,34,34,25,46,46,46,46,22,16,16,16,35,7,50,44,32,26,26,26,45,40,40,40,40,40,40,39,39,39,2,49,49,49,49,49,49,49,49,46,56,56,51,51,51,39,60,55,67,67,67,45,26],"gold":35,"neow_bonus":"HUNDRED_GOLD","is_daily":false,"chose_seed":false,"campfire_upgraded":6,"win_rate":0.0,"timestamp":1611083863,"path_taken":["M","?","M","?","$","E","R","M","T","R","E","M","?","M","R","BOSS","M","?","M","?","?","R","E","R","T","?","R","M","E","M","R","BOSS","M","?","?","$","M","R","?","E","T","E","M","E","R","M","R","BOSS","R","$","E","BOSS"],"items_purchased_type":["Relic","Card","Card","Relic","Card","Potion","Relic","Potion","Card"],"build_version":"2020-12-22","purchased_purges":4,"victory":true,"max_hp_per_floor":[71,71,71,71,71,71,71,71,71,71,71,71,64,64,64,64,64,64,64,64,64,64,64,64,64,64,64,64,64,64,64,64,64,64,64,64,61,61,61,61,61,61,71,71,71,71,71,71,71,71,71,71,71,71,71],"relic_stats":{"Lizard Tail":35,"counters":[26,168],"Ornamental Fan":[80],"Bronze Scales":[393],"Prayer Wheel":2,"Turnip":[17],"obtain_stats":[{"Potion Belt":6,"Pear":43,"Golden Idol":13,"Velvet Choker":17,"Sling":27,"White Beast Statue":54,"Mercury Hourglass":46,"DataDisk":5,"Lizard Tail":53,"Ornamental Fan":26,"Bronze Scales":30,"Philosopher\u0027s Stone":34,"Prayer Wheel":42,"Turnip":11,"Toxic Egg 2":22,"Cracked Core":0,"StrikeDummy":44,"InkBottle":24},{"Potion Belt":3,"Pear":19,"Golden Idol":6,"Velvet Choker":8,"Sling":12,"White Beast Statue":25,"Mercury Hourglass":22,"DataDisk":2,"Lizard Tail":24,"Ornamental Fan":12,"Bronze Scales":14,"Philosopher\u0027s Stone":16,"Prayer Wheel":19,"Turnip":5,"Toxic Egg 2":11,"Cracked Core":0,"StrikeDummy":20,"InkBottle":12},{"Potion Belt":14,"Pear":113,"Golden Idol":23,"Velvet Choker":40,"Sling":62,"White Beast Statue":163,"Mercury Hourglass":131,"DataDisk":6,"Lizard Tail":153,"Ornamental Fan":62,"Bronze Scales":74,"Philosopher\u0027s Stone":94,"Prayer Wheel":113,"Turnip":20,"Toxic Egg 2":51,"Cracked Core":0,"StrikeDummy":119,"InkBottle":62}],"InkBottle":[45],"Mercury Hourglass":[96]},"card_choices":[{"not_picked":["Steam","Sweeping Beam"],"picked":"Sunder","floor":1.0},{"not_picked":["Sweeping Beam","Barrage"],"picked":"Undo","floor":3.0},{"not_picked":["White Noise","Leap"],"picked":"Chill","floor":6.0},{"not_picked":["Streamline","Rip and Tear","Amplify"],"picked":"SKIP","floor":8.0},{"not_picked":["Steam","Go for the Eyes","Storm"],"picked":"SKIP","floor":11.0},{"not_picked":["Cold Snap","Leap"],"picked":"Sweeping Beam","floor":12.0},{"not_picked":["Chill","Conserve Battery"],"picked":"Static Discharge","floor":14.0},{"not_picked":["Echo Form","Core Surge"],"picked":"Biased Cognition","floor":16.0},{"not_picked":["Doom and Gloom","Gash"],"picked":"Conserve Battery","floor":18.0},{"not_picked":["BootSequence","Glacier"],"picked":"Go for the Eyes+1","floor":20.0},{"not_picked":["Reprogram","FTL","Steam"],"picked":"SKIP","floor":21.0},{"not_picked":["Static Discharge","Turbo+1"],"picked":"Conserve Battery+1","floor":24.0},{"not_picked":["Streamline","Scrape+1","Recycle+1"],"picked":"SKIP","floor":29.0},{"not_picked":["Sunder","Stack+1"],"picked":"Chill+1","floor":30.0},{"not_picked":["Ball Lightning","Melter"],"picked":"Go for the Eyes+1","floor":31.0},{"not_picked":["Buffer","Thunder Strike"],"picked":"Echo Form","floor":33.0},{"not_picked":["Ball Lightning","Storm","Cold Snap"],"picked":"SKIP","floor":35.0},{"not_picked":["Genetic Algorithm+1","Static Discharge+1"],"picked":"Coolheaded+1","floor":39.0},{"not_picked":["Leap+1","Rebound","Chill+1"],"picked":"SKIP","floor":42.0},{"not_picked":["Genetic Algorithm+1","Melter+1"],"picked":"Reboot+1","floor":44.0},{"not_picked":["Leap+1","Barrage"],"picked":"Skim+1","floor":45.0},{"not_picked":["Go for the Eyes","Rebound+1"],"picked":"Hologram+1","floor":45.0},{"not_picked":["Gash","Fusion+1","Rip and Tear"],"picked":"SKIP","floor":46.0},{"not_picked":["Rebound","Barrage"],"picked":"Defragment+1","floor":48.0},{"not_picked":["Steam Power+1","Chill+1","Go for the Eyes"],"picked":"SKIP","floor":48.0},{"not_picked":["Turbo+1","Ball Lightning"],"picked":"Tempest+1","floor":54}],"player_experience":2070822,"relics_obtained":[{"floor":6.0,"key":"Potion Belt"},{"floor":11.0,"key":"Turnip"},{"floor":22.0,"key":"Toxic Egg 2"},{"floor":24.0,"key":"InkBottle"},{"floor":26.0,"key":"Ornamental Fan"},{"floor":30.0,"key":"Bronze Scales"},{"floor":42.0,"key":"Prayer Wheel"},{"floor":43.0,"key":"Pear"},{"floor":44.0,"key":"StrikeDummy"},{"floor":46.0,"key":"Mercury Hourglass"},{"floor":54,"key":"White Beast Statue"}],"event_choices":[{"damage_healed":0.0,"max_hp_gain":0.0,"max_hp_loss":0.0,"gold_gain":150.0,"event_name":"Liars Game","player_choice":"AGREE","floor":2.0,"gold_loss":0.0,"damage_taken":0.0,"cards_obtained":["Doubt"]},{"damage_healed":0.0,"max_hp_gain":0.0,"max_hp_loss":0.0,"gold_gain":0.0,"event_name":"Shining Light","player_choice":"Entered Light","floor":4.0,"gold_loss":0.0,"damage_taken":21.0,"cards_upgraded":["Zap","Dualcast"]},{"damage_healed":0.0,"max_hp_gain":0.0,"max_hp_loss":7.0,"gold_gain":0.0,"event_name":"Golden Idol","player_choice":"Lose Max HP","floor":13.0,"gold_loss":0.0,"damage_taken":0.0,"relics_obtained":["Golden Idol"]},{"damage_healed":0.0,"max_hp_gain":0.0,"max_hp_loss":0.0,"gold_gain":0.0,"event_name":"Knowing Skull","player_choice":"POTION ","floor":19.0,"potions_obtained":["EssenceOfDarkness"],"gold_loss":0.0,"damage_taken":12.0,"cards_obtained":[]},{"cards_removed":["Chill"],"damage_healed":0.0,"max_hp_gain":0.0,"max_hp_loss":0.0,"gold_gain":0.0,"event_name":"Falling","player_choice":"Removed Skill","floor":36.0,"gold_loss":0.0,"damage_taken":0.0},{"damage_healed":0.0,"max_hp_gain":0.0,"max_hp_loss":3.0,"gold_gain":0.0,"event_name":"Winding Halls","player_choice":"Max HP","floor":37.0,"gold_loss":0.0,"damage_taken":0.0},{"damage_healed":0.0,"max_hp_gain":0.0,"max_hp_loss":0.0,"gold_gain":333.0,"event_name":"The Moai Head","player_choice":"Gave Idol","floor":41.0,"relics_lost":["Golden Idol"],"gold_loss":0.0,"damage_taken":0.0}],"is_beta":false,"boss_relics":[{"not_picked":["Calling Bell","Astrolabe"],"picked":"Velvet Choker"},{"not_picked":["Black Star","Runic Dome"],"picked":"Philosopher\u0027s Stone"}],"items_purged_floors":[5,27,38,53],"is_endless":false,"potions_floor_spawned":[8,11,16,20,21,30,39,42,45,48],"ascension_level":15}}