{"host":"2zc57igszyqgae0y","time":1611039552,"event":{"mods":["ATMod(°¢èªMod)","Act Like it!","Aspiration","BaseMod","CapriCore","Gensokyo","GifTheSpireLib","Minty Spire (QoL Compilation)","Quick Restart","Rare Cards Sparkle","Replay The Spire","RumiaBox-Â¶Ã×æ«µÄÉñÃØºÐ×Ó","SIMod","Shop Mod","StSLib","The Administrix","[IsaacMod]ÒÔÈö¼âËþ","vexMod"],"gold_per_floor":[109,59,59,59,77,77,102,102,102,145,71,105,105,120,120,264,264,287,158,158,172,186,186,206,249,249,279,279,329,190,229,229,355,355,370,370,327,350,350,393,316,316,316,355,355,495,516,565,565,694,694,694,710,967,1228],"floor_reached":56,"language":"ZHS","playtime":2212,"items_purged":["Injury","Strike_B","Defend_B","Regret","Capacitor","Defend_B","BettingIsNotGood"],"score":1748,"play_id":"cc9db315-3bdd-4311-a99d-bdd9341a9503","local_time":"20210119145912","is_ascension_mode":true,"campfire_choices":[{"data":"Zap","floor":6.0,"key":"SMITH"},{"floor":15.0,"key":"REST"},{"data":"Defragment","floor":23.0,"key":"SMITH"},{"data":"AT_EMC2","floor":28.0,"key":"SMITH"},{"data":"Reprogram","floor":32.0,"key":"SMITH"},{"floor":49,"key":"RECALL"},{"data":"Seek","floor":52,"key":"SMITH"}],"circlet_count":0,"master_deck":["Strike_B","Defend_B+1","Zap+1","Dualcast","Ball Lightning+1","Conserve Battery","FIFO Queue+1","AT_WaterDrop","AT_DarkMatter","Seek+1","Reprogram+1","Go for the Eyes","Defragment+1","AT_EMC2+1","Barrage","Reboot","Core Surge","AT_RightCognition","Fusion+1","AT_DarkMatter+1","Blizzard","Heatsinks","Creative AI"],"relics":["FrozenCore","HushsDoor","AT_ATBox","Sizzling Blood","SteamSale","DataDisk","Golden Idol","Eternal Feather","PunchingBag","MerchantsRug","DeathBook","AT_EbonyIvory","ZombieArmy","aspiration:SeaSaltIceCream","Bag of Preparation","BelialBook","aspiration:Stellarator","ReplayTheSpireMod:CursedCoin","MagicDraw1","SalivaCoin","Membership Card","AT_Kusabimaru","AT_BellDemon","BFFS","Happy Flower","AT_TheCollector","Toolbox","SharpPlug","Mummified Hand","Vajra","ReplayTheSpireMod:TigerMarble","HandDrill","TuHaoJin"],"acts_visited":["Exordium","TheCity","TheBeyond","TheEnding"],"potions_floor_usage":[54,55],"damage_taken":[{"damage":9.0,"enemies":"2 Louse","floor":1.0,"turns":2.0},{"damage":0.0,"enemies":"Cultist","floor":5.0,"turns":2.0},{"damage":25.0,"enemies":"Lagavulin","floor":7.0,"turns":5.0},{"damage":18.0,"enemies":"3 Sentries","floor":10.0,"turns":5.0},{"damage":10.0,"enemies":"Gremlin Nob","floor":12.0,"turns":4.0},{"damage":0.0,"enemies":"Small Slimes","floor":14.0,"turns":1.0},{"damage":31.0,"enemies":"Hexaghost","floor":16.0,"turns":10.0},{"damage":0.0,"enemies":"2 Thieves","floor":18.0,"turns":1.0},{"damage":5.0,"enemies":"Chosen","floor":21.0,"turns":7.0},{"damage":0.0,"enemies":"Snecko","floor":22.0,"turns":6.0},{"damage":0.0,"enemies":"3 Cultists","floor":24.0,"turns":5.0},{"damage":14.0,"enemies":"Book of Stabbing","floor":25.0,"turns":6.0},{"damage":0.0,"enemies":"Shelled Parasite and Fungi","floor":27.0,"turns":6.0},{"damage":0.0,"enemies":"Gremlin Leader","floor":29.0,"turns":6.0},{"damage":12.0,"enemies":"Book of Stabbing","floor":31.0,"turns":6.0},{"damage":33.0,"enemies":"Automaton","floor":33.0,"turns":9.0},{"damage":0.0,"enemies":"3 Darklings","floor":35.0,"turns":5.0},{"damage":0.0,"enemies":"Orb Walker","floor":38.0,"turns":3.0},{"damage":0.0,"enemies":"Nemesis","floor":40.0,"turns":8.0},{"damage":16.0,"enemies":"Jaw Worm Horde","floor":44.0,"turns":3.0},{"damage":0.0,"enemies":"R_Hoarder","floor":46.0,"turns":7.0},{"damage":0.0,"enemies":"Maw","floor":47.0,"turns":6.0},{"damage":18.0,"enemies":"Sphere and 2 Shapes","floor":48.0,"turns":4.0},{"damage":11,"enemies":"Time Eater","floor":50,"turns":10},{"damage":10,"enemies":"Shield and Spear","floor":54,"turns":5},{"damage":23,"enemies":"The Heart","floor":55,"turns":8}],"seed_played":"9104324130536178462","potions_obtained":[{"floor":1.0,"key":"Fire Potion"},{"floor":14.0,"key":"Flashbang"},{"floor":21.0,"key":"SkillPotion"},{"floor":27.0,"key":"Milkshake"},{"floor":35.0,"key":"Weak Potion"},{"floor":40.0,"key":"Dexterity Potion"},{"floor":54,"key":"Fire Potion"}],"is_trial":false,"path_per_floor":["M","?","?","?","M","R","E","?","T","E","$","E","?","M","R","B",null,"M","$","?","M","M","R","M","E","T","M","R","E","$","E","R","B",null,"M","?","$","M","?","E","$","?","T","M","$","E","M","M","R","B",null,"R","$","E","B",null],"character_chosen":"DEFECT","items_purchased":["MerchantsRug","AT_EbonyIvory","Orrery","ReplayTheSpireMod:CursedCoin","MagicDraw1","Membership Card","AT_Kusabimaru","AT_BellDemon","AT_TheCollector","Toolbox","Blizzard","SharpPlug","Vajra","ReplayTheSpireMod:TigerMarble","HandDrill","Creative AI","DuplicationPotion"],"campfire_rested":1,"item_purchase_floors":[11,19,30,37,37,41,41,41,45,45,45,45,53,53,53,53,53],"current_hp_per_floor":[67,67,67,67,71,71,55,55,55,41,41,35,19,23,55,28,66,70,70,70,74,78,79,79,69,69,73,79,79,79,71,79,50,72,76,76,76,79,79,79,79,79,79,67,67,75,79,65,77,70,77,79,79,73,54],"gold":1228,"neow_bonus":"NOSTALGIA","is_daily":false,"chose_seed":false,"campfire_upgraded":5,"win_rate":0.0,"timestamp":1611039552,"path_taken":["M","?","?","?","M","R","E","?","T","E","$","E","?","M","R","BOSS","M","$","?","M","?","R","?","E","T","M","R","E","$","E","R","BOSS","M","?","$","M","?","E","$","?","T","M","$","E","M","M","R","BOSS","R","$","E","BOSS"],"items_purchased_type":["Relic","Relic","Relic","Relic","Relic","Relic","Relic","Relic","Relic","Relic","Card","Relic","Relic","Relic","Relic","Card","Potion"],"build_version":"2020-12-22","purchased_purges":7,"victory":true,"max_hp_per_floor":[79,79,79,79,79,79,79,79,79,79,79,79,79,79,79,79,79,79,79,79,79,79,79,79,79,79,79,79,79,79,79,79,79,79,79,79,79,79,79,79,79,79,79,79,79,79,79,79,79,79,79,79,79,79,79],"card_choices":[{"not_picked":[],"picked":"BettingIsNotGood","floor":0.0},{"not_picked":["Stack","Skim"],"picked":"Ball Lightning","floor":1.0},{"not_picked":["Sunder","Fusion","AT_HeatAcrobatics"],"picked":"SKIP","floor":5.0},{"not_picked":["Sweeping Beam","Stack"],"picked":"Conserve Battery","floor":7.0},{"not_picked":["Leap","AT_ThreeBodyProblem"],"picked":"FIFO Queue","floor":10.0},{"not_picked":["AT_HeatAcrobatics","Compile Driver"],"picked":"AT_WaterDrop","floor":12.0},{"not_picked":["Stack","Go for the Eyes"],"picked":"AT_DarkMatter","floor":14.0},{"not_picked":["Amplify","Machine Learning"],"picked":"Seek","floor":16.0},{"not_picked":["Rebound","Stack","Redo"],"picked":"SKIP","floor":18.0},{"not_picked":["Rebound","Compile Driver"],"picked":"Defragment","floor":21.0},{"not_picked":["Fission","Gash","Streamline"],"picked":"SKIP","floor":22.0},{"not_picked":["Streamline","Leap+1"],"picked":"AT_EMC2","floor":24.0},{"not_picked":["Hologram","Rebound","ReplayTheSpireMod:Reroute Power"],"picked":"SKIP","floor":25.0},{"not_picked":["Redo","Heatsinks","Fan"],"picked":"SKIP","floor":27.0},{"not_picked":["Coolheaded","Melter"],"picked":"Barrage","floor":29.0},{"not_picked":["Beam Cell","Leap"],"picked":"Reboot","floor":30.0},{"not_picked":["Hologram","Reinforced Body"],"picked":"Core Surge","floor":30.0},{"not_picked":["Gash","Double Energy","Cold Snap+1"],"picked":"SKIP","floor":31.0},{"not_picked":["Seek","Reboot"],"picked":"AT_RightCognition","floor":33.0},{"not_picked":["Steam+1","Rebound+1"],"picked":"Fusion+1","floor":35.0},{"not_picked":["Panic Button+1","Ball Lightning","Hologram"],"picked":"SKIP","floor":38.0},{"not_picked":["Rip and Tear+1","Defragment","Distribution+1"],"picked":"SKIP","floor":40.0},{"not_picked":["ReplayRNGCard","BasicCrystalCard+1"],"picked":"AT_DarkMatter+1","floor":44.0},{"not_picked":["Compile Driver","Glacier","Steam+1"],"picked":"SKIP","floor":46.0},{"not_picked":["Redo","Ball Lightning+1"],"picked":"Heatsinks","floor":47.0},{"not_picked":["Ball Lightning","Rebound","Aggregate+1"],"picked":"SKIP","floor":48.0},{"not_picked":["Reboot","Redo","Hologram+1"],"picked":"SKIP","floor":54}],"player_experience":291518,"relics_obtained":[{"floor":7.0,"key":"DataDisk"},{"floor":9.0,"key":"Eternal Feather"},{"floor":10.0,"key":"PunchingBag"},{"floor":12.0,"key":"DeathBook"},{"floor":25.0,"key":"ZombieArmy"},{"floor":29.0,"key":"aspiration:SeaSaltIceCream"},{"floor":31.0,"key":"BelialBook"},{"floor":40.0,"key":"SalivaCoin"},{"floor":43.0,"key":"BFFS"},{"floor":44.0,"key":"Happy Flower"},{"floor":46.0,"key":"Mummified Hand"},{"floor":54,"key":"TuHaoJin"}],"event_choices":[{"cards_removed":["Strike_B"],"damage_healed":0.0,"max_hp_gain":0.0,"max_hp_loss":0.0,"gold_gain":0.0,"event_name":"The Cleric","player_choice":"Card Removal","floor":2.0,"gold_loss":50.0,"damage_taken":0.0},{"damage_healed":0.0,"max_hp_gain":0.0,"max_hp_loss":0.0,"gold_gain":0.0,"event_name":"Upgrade Shrine","player_choice":"Upgraded","floor":4.0,"gold_loss":0.0,"damage_taken":0.0,"cards_upgraded":["Ball Lightning"]},{"damage_healed":0.0,"max_hp_gain":0.0,"max_hp_loss":0.0,"gold_gain":0.0,"event_name":"Golden Idol","player_choice":"Take Wound","floor":8.0,"gold_loss":0.0,"damage_taken":0.0,"relics_obtained":["Golden Idol"],"cards_obtained":["Injury"]},{"damage_healed":0.0,"max_hp_gain":0.0,"max_hp_loss":0.0,"gold_gain":0.0,"event_name":"Shining Light","player_choice":"Entered Light","floor":13.0,"gold_loss":0.0,"damage_taken":16.0,"cards_upgraded":["FIFO Queue","Defend_B"]},{"damage_healed":0.0,"max_hp_gain":0.0,"max_hp_loss":0.0,"gold_gain":0.0,"cards_transformed":["Defend_B","Strike_B"],"event_name":"Drug Dealer","player_choice":"Became Test Subject","floor":20.0,"gold_loss":0.0,"damage_taken":0.0,"cards_obtained":["Reprogram","Go for the Eyes"]},{"damage_healed":0.0,"max_hp_gain":0.0,"max_hp_loss":0.0,"gold_gain":0.0,"event_name":"Match and Keep!","player_choice":"1 cards matched","floor":36.0,"gold_loss":0.0,"damage_taken":0.0,"cards_obtained":["Capacitor"]}],"is_beta":false,"boss_relics":[{"not_picked":["vexMod:RockOfEvil","aspiration:SecretTechniqueScroll"],"picked":"FrozenCore"},{"not_picked":[]},{"not_picked":["Cursed Key","Sozu"],"picked":"aspiration:Stellarator"},{"not_picked":[]}],"items_purged_floors":[11,19,30,37,41,45,53],"is_endless":false,"potions_floor_spawned":[1,14,21,27,29,35,40,44,54],"ascension_level":6}}