{"host":"36zn1fhase90d3ns","time":1611089550,"event":{"mods":["2.2 Compatiblity","AchievementEnabler","Act Like it!","Aspiration","BaseMod","BetterRewards","Block Reminder","Colored Map","Colored Powertips","Conspire","Curses Come First","Custom Start","Energized Spire","Friendly Minions","Halation","Hermit","Hubris","Minty Spire (QoL Compilation)","Prisma Mod","Quick Restart","Relic Sorter","Replay The Spire","Shade Mod","Spicy Shops","StSLib","The Necromancer","Unceasing Turn Reminder","Yohane!","vexMod"],"gold_per_floor":[111,37,37,51,51,51,65,65,65,90,115,156,156,200,200,333,333,358,36,36,64,93,93,93],"floor_reached":23,"language":"ENG","playtime":1137,"items_purged":["Strike_W","Strike_W"],"score":376,"play_id":"af9c6fce-7989-49b6-94d5-d56918774fed","local_time":"20210119145230","is_ascension_mode":true,"campfire_choices":[{"data":"Toxic_Smoke_Screen","floor":6,"key":"SMITH"},{"data":"Bone_Wall","floor":8,"key":"SMITH"},{"data":"Requiem","floor":13,"key":"SMITH"},{"floor":15,"key":"REST"}],"circlet_count":0,"master_deck":["Strike_W","Strike_W","Defend_W","Defend_W","Defend_W","Defend_W","Negative_Energy_Arrows","Bone_Wall+1","Necrotic_Claws","Summon_Lich","Toxic_Smoke_Screen+1","Requiem+1","Negative_Energy_Shield","Spectral_Walk","Summon_Vampire_Lady","Shame","Toxic_Smoke_Screen","Death_March_Dance"],"relics":["Vampire_Amulet","Golden Idol","halation:AfternoonTea","halation:IllGainedPizza","halation:PrussianBluePaint","Gremlin Food","Oddly Smooth Stone"],"acts_visited":["TheCity"],"potions_floor_usage":[4,11,12,14,16,21],"damage_taken":[{"damage":4,"enemies":"conspire:RoseBush","floor":1,"turns":4},{"damage":0,"enemies":"Cultist","floor":4,"turns":3},{"damage":10,"enemies":"Small Slimes","floor":7,"turns":3},{"damage":8,"enemies":"Blue Slaver","floor":10,"turns":4},{"damage":0,"enemies":"3 Louse","floor":11,"turns":1},{"damage":14,"enemies":"3 Sentries","floor":12,"turns":8},{"damage":27,"enemies":"Lagavulin","floor":14,"turns":7},{"damage":36,"enemies":"Fading Forest","floor":16,"turns":11},{"damage":16,"enemies":"Shell Parasite","floor":18,"turns":10},{"damage":15,"enemies":"Spheric Guardian","floor":21,"turns":8},{"damage":78,"enemies":"Centurion and Healer","floor":22,"turns":17},{"damage":0,"enemies":"Slavers","floor":23,"turns":1}],"seed_played":"-4543001033940206528","potions_obtained":[{"floor":1,"key":"Adrenaline Potion"},{"floor":4,"key":"Explosive Potion"},{"floor":5,"key":"LifebloodPotion"},{"floor":5,"key":"FearPotion"},{"floor":14,"key":"LiquidMemories"},{"floor":18,"key":"EssenceOfSteel"}],"is_trial":false,"path_per_floor":["M","$","?","M","?","R","M","R","T","M","M","E","R","E","R","B",null,"M","$","?","M","M","E"],"character_chosen":"NECROMANCER","items_purchased":["Summon_Lich","Gremlin Food"],"campfire_rested":1,"item_purchase_floors":[2,19],"current_hp_per_floor":[72,72,54,56,56,56,50,50,50,44,50,42,42,17,39,34,65,51,51,51,41,6,6,6],"gold":93,"neow_bonus":"","is_daily":false,"chose_seed":false,"campfire_upgraded":3,"win_rate":0.0,"timestamp":1611089550,"path_taken":["M","$","?","M","?","R","M","R","T","M","?","E","R","E","R","BOSS","M","$","?","M","M","E"],"items_purchased_type":["Card","Relic"],"build_version":"2020-12-22","purchased_purges":2,"victory":false,"max_hp_per_floor":[75,75,75,75,75,75,75,75,75,75,75,75,75,75,75,75,75,75,75,75,75,75,75,75],"card_choices":[{"not_picked":["Scare","Bone_Spikes"],"picked":"Necrotic_Claws","floor":1},{"not_picked":["Summon_Undead_Army","Shackles_Of_Pain"],"picked":"Toxic_Smoke_Screen","floor":4},{"not_picked":["Bone_Spikes","Negative_Energy_Javelin","Scare"],"picked":"SKIP","floor":7},{"not_picked":["Death_Coil","Scare"],"picked":"Requiem","floor":10},{"not_picked":["Acid_Javelin","Negative_Energy_Mist"],"picked":"Negative_Energy_Shield","floor":11},{"not_picked":["Violent_Necrosis","Shackles_Of_Pain","Whirlwind_of_Bones"],"picked":"SKIP","floor":12},{"not_picked":["Grasp_Heart","Bone_Spikes"],"picked":"Spectral_Walk","floor":14},{"not_picked":["Skeleton_Dragon","Cloudkill"],"picked":"Summon_Vampire_Lady","floor":16},{"not_picked":["Negative_Energy_Javelin","Consume_Illness","Chill_Blood"],"picked":"SKIP","floor":18},{"not_picked":["Skeleton_Dragon","Bones_to_Steel"],"picked":"Toxic_Smoke_Screen","floor":21},{"not_picked":["Blood_Whip","Necrotic_Claws"],"picked":"Death_March_Dance","floor":22}],"player_experience":442690,"relics_obtained":[{"floor":9,"key":"halation:AfternoonTea"},{"floor":12,"key":"halation:IllGainedPizza"},{"floor":14,"key":"halation:PrussianBluePaint"}],"event_choices":[{"damage_healed":0,"gold_gain":0,"player_choice":"Take Damage","damage_taken":18,"relics_obtained":["Golden Idol"],"max_hp_gain":0,"max_hp_loss":0,"event_name":"Golden Idol","floor":3,"gold_loss":0},{"damage_healed":0,"gold_gain":0,"player_choice":"Got Potions","damage_taken":0,"max_hp_gain":0,"max_hp_loss":0,"event_name":"Lab","floor":5,"gold_loss":0},{"damage_healed":0,"gold_gain":0,"player_choice":"Stole Relic","damage_taken":0,"relics_obtained":["Oddly Smooth Stone"],"max_hp_gain":0,"max_hp_loss":0,"event_name":"Addict","floor":20,"gold_loss":0,"cards_obtained":["Shame"]}],"is_beta":false,"boss_relics":[{"not_picked":["energizedSpire:EnergizedDie","vexMod:NewClearReactor","halation:ForbiddenBikini"]}],"items_purged_floors":[19,19],"is_endless":false,"potions_floor_spawned":[1,4,10,14,18],"killed_by":"Slavers","ascension_level":5}}