{"host":"umc2kcp6syiz6ck1","time":1611027130,"event":{"mods":["Act Like it!","BaseMod","Colored Map","Colored Powertips","Friendly Minions","Jorbs\u0027s Wanderer Trilogy","Minty Spire (QoL Compilation)","Quick Restart","StSLib"],"gold_per_floor":[115,131,147,157,212,239,239,266,292,225,285,301,301,319,319,418,418,438,438,466,386,386,411,424,450,476,476,495,495,469,481,481,481,481],"floor_reached":33,"language":"ENG","playtime":1888,"items_purged":[],"score":285,"play_id":"97ac4541-b078-4ecb-8021-12ab4ced778f","local_time":"20210118213210","is_ascension_mode":false,"campfire_choices":[{"floor":7,"key":"REST"},{"floor":13,"key":"REST"},{"floor":15,"key":"REST"},{"floor":27,"key":"REST"},{"floor":29,"key":"REST"},{"floor":32,"key":"REST"}],"circlet_count":0,"master_deck":["stsjorbsmod:ForbiddenGrimoire+1","stsjorbsmod:Strike_Wanderer","stsjorbsmod:Strike_Wanderer","stsjorbsmod:Strike_Wanderer","stsjorbsmod:Strike_Wanderer","stsjorbsmod:Defend_Wanderer","stsjorbsmod:Defend_Wanderer","stsjorbsmod:Defend_Wanderer","stsjorbsmod:Defend_Wanderer","stsjorbsmod:FreshAdventure","stsjorbsmod:EyeOfTheStorm","stsjorbsmod:Channel","stsjorbsmod:Inferno","stsjorbsmod:ChatteringStrike","stsjorbsmod:Rest","stsjorbsmod:Mindworm","stsjorbsmod:TinyHut","stsjorbsmod:Fireball","stsjorbsmod:Fear","stsjorbsmod:WeightOfMemory","stsjorbsmod:FracturedMind","stsjorbsmod:ThirstingSword","stsjorbsmod:RayOfFrost+1","stsjorbsmod:BurningFlask","stsjorbsmod:ColorSpray","stsjorbsmod:ParryingBlow","stsjorbsmod:ArcaneWeapon+1","stsjorbsmod:ChainLightning","stsjorbsmod:FracturedMind","stsjorbsmod:ChainLightning","stsjorbsmod:Counterspell"],"relics":["stsjorbsmod:GrimoireRelic","NeowsBlessing","MealTicket","Odd Mushroom","Vajra","Bronze Scales","SlaversCollar","Red Mask","PreservedInsect","Oddly Smooth Stone","Blood Vial"],"acts_visited":["Exordium","TheCity"],"potions_floor_usage":[11,11,16,16,25,28],"damage_taken":[{"damage":0,"enemies":"Cultist","floor":1,"turns":1},{"damage":0,"enemies":"Jaw Worm","floor":2,"turns":1},{"damage":0,"enemies":"2 Louse","floor":3,"turns":1},{"damage":2,"enemies":"2 Fungi Beasts","floor":4,"turns":4},{"damage":51,"enemies":"Lagavulin","floor":6,"turns":10},{"damage":19,"enemies":"The Mushroom Lair","floor":8,"turns":5},{"damage":22,"enemies":"Lagavulin Event","floor":11,"turns":5},{"damage":7,"enemies":"Exordium Wildlife","floor":12,"turns":5},{"damage":7,"enemies":"3 Louse","floor":14,"turns":3},{"damage":33,"enemies":"The Guardian","floor":16,"turns":8},{"damage":7,"enemies":"Shell Parasite","floor":18,"turns":6},{"damage":32,"enemies":"Masked Bandits","floor":20,"turns":4},{"damage":14,"enemies":"Gremlin Leader","floor":23,"turns":5},{"damage":24,"enemies":"3 Byrds","floor":24,"turns":4},{"damage":16,"enemies":"Slavers","floor":25,"turns":2},{"damage":10,"enemies":"3 Cultists","floor":28,"turns":4},{"damage":36,"enemies":"Sentry and Sphere","floor":31,"turns":5},{"damage":74,"enemies":"Champ","floor":33,"turns":10}],"seed_played":"3988747549009043108","potions_obtained":[{"floor":1,"key":"SteroidPotion"},{"floor":2,"key":"Regen Potion"},{"floor":4,"key":"FearPotion"},{"floor":12,"key":"ColorlessPotion"},{"floor":14,"key":"Fire Potion"},{"floor":16,"key":"PowerPotion"},{"floor":18,"key":"Dexterity Potion"},{"floor":24,"key":"FairyPotion"}],"is_trial":false,"path_per_floor":["M","M","M","M","?","E","R","?","T","$","?","M","R","M","R","B",null,"M","?","?","$","?","E","M","E","T","R","M","R","$","M","R","B"],"character_chosen":"WANDERER","items_purchased":["stsjorbsmod:Fireball","stsjorbsmod:ColorSpray","stsjorbsmod:ChainLightning"],"campfire_rested":6,"item_purchase_floors":[10,21,30],"current_hp_per_floor":[68,68,68,67,67,16,36,19,19,34,25,20,40,33,53,20,68,60,49,23,38,38,45,24,9,9,27,20,38,53,20,38,0,0],"gold":481,"neow_bonus":"THREE_ENEMY_KILL","is_daily":false,"chose_seed":false,"campfire_upgraded":0,"win_rate":0.0,"timestamp":1611027130,"path_taken":["M","?","M","?","?","E","R","?","T","$","?","M","R","M","R","BOSS","M","?","?","$","?","E","M","E","T","R","M","R","?","M","R","BOSS"],"items_purchased_type":["Card","Card","Card"],"build_version":"2020-12-22","purchased_purges":0,"victory":false,"max_hp_per_floor":[68,68,68,68,68,68,68,68,68,68,68,68,68,68,68,68,68,65,70,67,67,67,64,61,61,61,61,61,61,61,61,61,58,58],"card_choices":[{"not_picked":["stsjorbsmod:Materialize","stsjorbsmod:FaerieFire"],"picked":"stsjorbsmod:Channel","floor":1},{"not_picked":["stsjorbsmod:RefuseToForget","stsjorbsmod:TrueStrike"],"picked":"stsjorbsmod:Inferno","floor":2},{"not_picked":["stsjorbsmod:Message","stsjorbsmod:MistyStep"],"picked":"stsjorbsmod:ChatteringStrike","floor":3},{"not_picked":["stsjorbsmod:HedgeWizard","stsjorbsmod:Inferno"],"picked":"stsjorbsmod:Rest","floor":4},{"not_picked":["stsjorbsmod:Mania","stsjorbsmod:BlackTentacles"],"picked":"stsjorbsmod:Mindworm","floor":6},{"not_picked":["stsjorbsmod:Prepare","stsjorbsmod:MagicMirror"],"picked":"stsjorbsmod:TinyHut","floor":8},{"not_picked":["stsjorbsmod:Hibernate","stsjorbsmod:UnseenServant"],"picked":"stsjorbsmod:Fear","floor":11},{"not_picked":["stsjorbsmod:ChatteringStrike","stsjorbsmod:Counterspell"],"picked":"stsjorbsmod:WeightOfMemory","floor":12},{"not_picked":["stsjorbsmod:SchoolsOfMagic","stsjorbsmod:Index"],"picked":"stsjorbsmod:FracturedMind","floor":14},{"not_picked":["stsjorbsmod:HoldMonster","stsjorbsmod:IvoryTower"],"picked":"stsjorbsmod:ThirstingSword","floor":16},{"not_picked":["stsjorbsmod:RefuseToForget+1","stsjorbsmod:WanderingMind"],"picked":"stsjorbsmod:RayOfFrost+1","floor":18},{"not_picked":["stsjorbsmod:SmithingStrike+1","stsjorbsmod:ArcaneWeapon"],"picked":"stsjorbsmod:BurningFlask","floor":20},{"not_picked":["stsjorbsmod:Message","stsjorbsmod:FlameWard"],"picked":"stsjorbsmod:ParryingBlow","floor":23},{"not_picked":["stsjorbsmod:DeathThroes","stsjorbsmod:Hibernate"],"picked":"stsjorbsmod:ArcaneWeapon+1","floor":24},{"not_picked":["stsjorbsmod:Prepare","stsjorbsmod:Fear"],"picked":"stsjorbsmod:ChainLightning","floor":25},{"not_picked":["stsjorbsmod:ChatteringStrike","stsjorbsmod:Will"],"picked":"stsjorbsmod:FracturedMind","floor":28},{"not_picked":["stsjorbsmod:Mania","stsjorbsmod:ChainLightning+1"],"picked":"stsjorbsmod:Counterspell","floor":31}],"player_experience":16995,"relics_obtained":[{"floor":6,"key":"MealTicket"},{"floor":8,"key":"Odd Mushroom"},{"floor":9,"key":"Vajra"},{"floor":11,"key":"Bronze Scales"},{"floor":20,"key":"Red Mask"},{"floor":23,"key":"PreservedInsect"},{"floor":25,"key":"Oddly Smooth Stone"},{"floor":26,"key":"Blood Vial"}],"event_choices":[{"damage_healed":0,"gold_gain":55,"player_choice":"Gained Gold","damage_taken":0,"max_hp_gain":0,"max_hp_loss":0,"event_name":"Golden Wing","floor":5,"gold_loss":0},{"damage_healed":0,"gold_gain":0,"player_choice":"Fought Mushrooms","damage_taken":0,"max_hp_gain":0,"max_hp_loss":0,"event_name":"Mushrooms","floor":8,"gold_loss":0},{"damage_healed":0,"gold_gain":0,"player_choice":"Searched \u00272\u0027 times","damage_taken":0,"max_hp_gain":0,"max_hp_loss":0,"event_name":"Dead Adventurer","floor":11,"gold_loss":0},{"damage_healed":0,"gold_gain":0,"player_choice":"Shed Blood","damage_taken":16,"max_hp_gain":5,"max_hp_loss":0,"event_name":"Forgotten Altar","floor":19,"gold_loss":0},{"damage_healed":0,"gold_gain":0,"player_choice":"Fought Bandits","damage_taken":0,"max_hp_gain":0,"max_hp_loss":0,"event_name":"Masked Bandits","floor":20,"gold_loss":0},{"damage_healed":0,"gold_gain":0,"player_choice":"Ignored","damage_taken":0,"max_hp_gain":0,"max_hp_loss":0,"event_name":"The Mausoleum","floor":22,"gold_loss":0}],"is_beta":false,"boss_relics":[{"not_picked":["Empty Cage","Coffee Dripper"],"picked":"SlaversCollar"}],"items_purged_floors":[],"is_endless":false,"potions_floor_spawned":[1,2,4,12,14,16,18,23,24],"killed_by":"Champ","ascension_level":0}}