{"host":"3zmssa4s99zhxek5","time":1611030799,"event":{"mods":["AchievementEnabler","BaseMod","Minty Spire (QoL Compilation)","Permanent Neow","Relic Stats"],"gold_per_floor":[114,125,138,150,162,162,162,162],"floor_reached":7,"language":"KOR","playtime":383,"items_purged":[],"score":90,"play_id":"731fc430-afb8-4bf9-b272-40fed07388d7","local_time":"20210119133319","is_ascension_mode":true,"campfire_choices":[{"floor":6,"key":"REST"}],"circlet_count":0,"master_deck":["AscendersBane","Strike_B","Strike_B","Strike_B","Strike_B","Defend_B","Defend_B","Defend_B","Defend_B","Zap","Dualcast","Cold Snap","Barrage","Self Repair","Creative AI","Barrage"],"relics":["Inserter"],"acts_visited":["Exordium"],"potions_floor_usage":[4,5,5],"damage_taken":[{"damage":6,"enemies":"Jaw Worm","floor":1,"turns":5},{"damage":5,"enemies":"Small Slimes","floor":2,"turns":5},{"damage":0,"enemies":"Cultist","floor":3,"turns":5},{"damage":38,"enemies":"Exordium Wildlife","floor":4,"turns":7},{"damage":21,"enemies":"Lots of Slimes","floor":5,"turns":8},{"damage":34,"enemies":"Gremlin Nob","floor":7,"turns":3}],"seed_played":"-2484996015854279942","potions_obtained":[{"floor":2,"key":"SkillPotion"},{"floor":3,"key":"Swift Potion"},{"floor":4,"key":"SpeedPotion"}],"is_trial":false,"path_per_floor":["M","M","M","M","M","R","E"],"character_chosen":"DEFECT","items_purchased":[],"campfire_rested":1,"item_purchase_floors":[],"current_hp_per_floor":[58,53,53,22,8,29,0,0],"gold":162,"neow_bonus":"BOSS_RELIC","is_daily":false,"chose_seed":false,"campfire_upgraded":0,"win_rate":0.0,"timestamp":1611030799,"path_taken":["M","M","M","M","M","R","E"],"items_purchased_type":[],"build_version":"2020-12-22","purchased_purges":0,"victory":false,"max_hp_per_floor":[71,71,71,71,71,71,71,71],"relic_stats":{"Inserter":[16],"counters":[6,33],"obtain_stats":[{"Inserter":0,"Cracked Core":0},{"Inserter":0,"Cracked Core":0},{"Inserter":0,"Cracked Core":0}]},"card_choices":[{"not_picked":["Reprogram","Streamline"],"picked":"Cold Snap","floor":1},{"not_picked":["Tempest","Lockon"],"picked":"Barrage","floor":2},{"not_picked":["Sweeping Beam","Lockon"],"picked":"Self Repair","floor":3},{"not_picked":["Turbo","Rebound"],"picked":"Creative AI","floor":4},{"not_picked":["Redo","Sweeping Beam"],"picked":"Barrage","floor":5}],"player_experience":1516099,"relics_obtained":[],"event_choices":[],"is_beta":false,"boss_relics":[],"items_purged_floors":[],"is_endless":false,"potions_floor_spawned":[2,3,4],"killed_by":"Gremlin Nob","ascension_level":20}}