{"host":"vhkdq3pn44gqx0jn","time":1611089776,"event":{"mods":["AchievementEnabler","BaseMod","Downfall","Hermit","Minty Spire (QoL Compilation)","StSLib","The Cursed","The Servant 0.9.4"],"gold_per_floor":[99,118,130,130,150,168,168,51,71,71,90,125,125,125,138,241,241,141,155,72,72,89,89,89,89],"floor_reached":23,"language":"ENG","playtime":1979,"items_purged":["Slimebound:Defend_Slimebound"],"score":218,"play_id":"743e96d2-e7eb-4705-b4c8-8b7dc77dd5bd","local_time":"20210119205616","is_ascension_mode":false,"campfire_choices":[{"data":"Slimebound:Split","floor":1,"key":"SMITH"},{"floor":10,"key":"REST"},{"data":"Slimebound:GoopTackle","floor":13,"key":"SMITH"},{"floor":18,"key":"RECALL"}],"circlet_count":0,"master_deck":["Slimebound:Strike_Slimebound","Slimebound:Strike_Slimebound","Slimebound:Tackle","Slimebound:Defend_Slimebound","Slimebound:Defend_Slimebound","Slimebound:Defend_Slimebound","Slimebound:Split+1","Slimebound:CorrosiveSpit","Slimebound:SlimeBarrage","Slimebound:ItLooksTasty","Slimebound:SplitBruiser","Slimebound:ForwardTackle","Slimebound:RollThrough","Slimebound:SplitLeeching","Slimebound:RollThrough","Slimebound:FlameTackle+1","Slimebound:GoopTackle+1","Slimebound:SlimeSpikes","Slimebound:OozeBath","Slimebound:LeechingTouch+1","Slimebound:LeadByExample","Slimebound:Equalize","Writhe","Slimebound:Schlurp"],"relics":["Slimebound:AbsorbEndCombat","Eternal Feather","Black Star","downfall:HeartBlessingBlue","Boot"],"acts_visited":["Exordium","TheCity"],"potions_floor_usage":[16],"damage_taken":[{"damage":4,"enemies":"Cultist","floor":2,"turns":3},{"damage":6,"enemies":"Jaw Worm","floor":3,"turns":4},{"damage":0,"enemies":"Small Slimes","floor":5,"turns":3},{"damage":8,"enemies":"Exordium Wildlife","floor":6,"turns":3},{"damage":11,"enemies":"downfall:FleeingMerchant","floor":8,"turns":4},{"damage":23,"enemies":"Lots of Slimes","floor":9,"turns":3},{"damage":6,"enemies":"2 Fungi Beasts","floor":11,"turns":2},{"damage":28,"enemies":"Lagavulin","floor":12,"turns":6},{"damage":13,"enemies":"Exordium Thugs","floor":15,"turns":2},{"damage":31,"enemies":"IC_STATUS_ARCHETYPE","floor":16,"turns":5},{"damage":9,"enemies":"Spheric Guardian","floor":19,"turns":3},{"damage":8,"enemies":"downfall:FleeingMerchant","floor":20,"turns":4},{"damage":33,"enemies":"Shell Parasite","floor":22,"turns":4},{"damage":47,"enemies":"Slavers","floor":23,"turns":2}],"seed_played":"-6787499734499337695","potions_obtained":[{"floor":2,"key":"BlessingOfTheForge"},{"floor":3,"key":"Guardian:BlockOnCardUsePotion"},{"floor":5,"key":"Weak Potion"},{"floor":15,"key":"SkillPotion"},{"floor":19,"key":"sneckomod:MuddlingPotion"}],"is_trial":false,"path_per_floor":["R","M","M","?","M","M","T","$","M","R","M","E","R","?","M","B",null,"R","M","$","?","M","E"],"character_chosen":"SLIMEBOUND","items_purchased":["Slimebound:SplitLeeching","Slimebound:Equalize"],"campfire_rested":1,"item_purchase_floors":[8,20],"current_hp_per_floor":[71,69,67,67,71,65,65,60,39,60,56,36,45,45,32,9,71,81,72,70,70,43,0,0,0],"gold":89,"neow_bonus":"TEN_PERCENT_HP_BONUS","is_daily":false,"chose_seed":false,"campfire_upgraded":2,"win_rate":0.0,"timestamp":1611089776,"path_taken":["R","M","M","?","?","?","T","$","M","R","M","E","R","?","M","BOSS","R","M","?","?","?","E"],"items_purchased_type":["Card","Card"],"build_version":"2020-12-22","purchased_purges":1,"victory":false,"max_hp_per_floor":[71,71,71,71,71,71,71,71,71,71,71,71,71,71,71,71,71,81,81,81,81,81,81,81,81],"card_choices":[{"not_picked":["Slimebound:Equalize","Slimebound:PressTheAttack"],"picked":"Slimebound:SlimeBarrage","floor":2},{"not_picked":["Slimebound:HauntingLick","Slimebound:GrowthPunch"],"picked":"Slimebound:ItLooksTasty","floor":3},{"not_picked":["Slimebound:GoopSpray","Slimebound:PressTheAttack"],"picked":"Slimebound:SplitBruiser","floor":5},{"not_picked":["Slimebound:TongueLash","Slimebound:OozeBath"],"picked":"Slimebound:ForwardTackle","floor":6},{"not_picked":["Slimebound:Schlurp","Slimebound:Nibble"],"picked":"Slimebound:RollThrough","floor":8},{"not_picked":["Slimebound:PressTheAttack","Slimebound:GoopSpray"],"picked":"Slimebound:RollThrough","floor":9},{"not_picked":["Slimebound:LivingWall","Slimebound:SplitMire"],"picked":"Slimebound:FlameTackle","floor":11},{"not_picked":["Slimebound:SplitMire","Slimebound:MegaLick"],"picked":"Slimebound:GoopTackle","floor":12},{"not_picked":["Slimebound:ProtectTheBoss","Slimebound:PressTheAttack"],"picked":"Slimebound:SlimeSpikes","floor":15},{"not_picked":["Slimebound:DouseInSlime","Slimebound:SlimeSlap"],"picked":"Slimebound:OozeBath","floor":16},{"not_picked":["Slimebound:SlimeSpikes+1","Slimebound:ComboTackle"],"picked":"Slimebound:LeechingTouch+1","floor":19},{"not_picked":["Slimebound:SplitLeeching","Slimebound:SplitBruiser"],"picked":"Slimebound:LeadByExample","floor":20},{"not_picked":["Slimebound:ProtectTheBoss","Slimebound:LeechingTouch"],"picked":"Slimebound:Schlurp","floor":22}],"player_experience":101415,"relics_obtained":[{"floor":12,"key":"Eternal Feather"}],"event_choices":[{"damage_healed":0,"gold_gain":0,"player_choice":"Forge","damage_taken":0,"max_hp_gain":0,"max_hp_loss":0,"event_name":"Accursed Blacksmith","floor":14,"gold_loss":0,"cards_upgraded":["Slimebound:FlameTackle"]}],"is_beta":false,"boss_relics":[{"not_picked":["Runic Pyramid","Snecko Eye"],"picked":"Black Star"}],"items_purged_floors":[8],"is_endless":false,"potions_floor_spawned":[2,3,5,15,19,22],"killed_by":"Slavers","ascension_level":0}}