{"host":"2cg6xoexl1he7zus","time":1611060921,"event":{"mods":["AchievementEnabler","BaseMod","Colored Map","KOR Keyword Fix","Minty Spire (QoL Compilation)","Quick Restart","StSLib","SuperFastMode","everything is the same but u backflip on backflip"],"gold_per_floor":[112,126,176,53,73,73,121,133,133,151,184,197,197,212,212,284,284,296,211,61,61,74,74,74,93,118,18,47,47,47,63,63,136,136,150,175,50,67,81,81,100,134,134,134,159,159,175,186,186,186],"floor_reached":51,"language":"KOR","playtime":1450,"items_purged":["Strike_R","Strike_R","Strike_R"],"score":1335,"play_id":"4a3731ee-4560-4154-9614-cc5b66e7238e","local_time":"20210119215521","is_ascension_mode":true,"campfire_choices":[{"data":"Whirlwind","floor":6.0,"key":"SMITH"},{"data":"Flame Barrier","floor":13.0,"key":"SMITH"},{"data":"Flex","floor":15.0,"key":"SMITH"},{"data":"Demon Form","floor":23.0,"key":"SMITH"},{"data":"Shrug It Off","floor":29.0,"key":"SMITH"},{"data":"Ghostly","floor":32.0,"key":"SMITH"},{"data":"Ghostly","floor":40.0,"key":"SMITH"},{"data":"Ghostly","floor":44.0,"key":"SMITH"},{"data":"Fiend Fire","floor":46.0,"key":"SMITH"},{"data":"Ghostly Armor","floor":49.0,"key":"SMITH"}],"circlet_count":0,"master_deck":["AscendersBane","Strike_R","Defend_R","Defend_R","Defend_R","Bash","Dual Wield","Infernal Blade","Whirlwind+1","Flex+1","Shrug It Off+1","Sword Boomerang","Flame Barrier+1","Carnage","Disarm","Shrug It Off+1","Demon Form+1","Pummel+1","Ghostly+1","Ghostly+1","Ghostly+1","True Grit+1","Fiend Fire+1","Ghostly Armor+1"],"relics":["Burning Blood","Anchor","Toy Ornithopter","Pear","Sozu","Pocketwatch","Chemical X","Potion Belt","Art of War","Busted Crown","Thread and Needle","Juzu Bracelet","HornCleat","Boot"],"acts_visited":["Exordium","TheCity","TheBeyond"],"potions_floor_usage":[],"damage_taken":[{"damage":4.0,"enemies":"Jaw Worm","floor":1.0,"turns":3.0},{"damage":1.0,"enemies":"Cultist","floor":2.0,"turns":3.0},{"damage":0.0,"enemies":"2 Louse","floor":5.0,"turns":3.0},{"damage":32.0,"enemies":"Lagavulin","floor":7.0,"turns":6.0},{"damage":3.0,"enemies":"Exordium Thugs","floor":8.0,"turns":3.0},{"damage":0.0,"enemies":"Large Slime","floor":10.0,"turns":3.0},{"damage":18.0,"enemies":"Gremlin Nob","floor":11.0,"turns":4.0},{"damage":8.0,"enemies":"Gremlin Gang","floor":12.0,"turns":3.0},{"damage":0.0,"enemies":"3 Louse","floor":14.0,"turns":2.0},{"damage":12.0,"enemies":"Slime Boss","floor":16.0,"turns":5.0},{"damage":0.0,"enemies":"Chosen","floor":18.0,"turns":3.0},{"damage":1.0,"enemies":"2 Thieves","floor":22.0,"turns":2.0},{"damage":6.0,"enemies":"Centurion and Healer","floor":25.0,"turns":3.0},{"damage":14.0,"enemies":"Book of Stabbing","floor":28.0,"turns":5.0},{"damage":0.0,"enemies":"Snecko","floor":31.0,"turns":3.0},{"damage":34.0,"enemies":"Champ","floor":33.0,"turns":8.0},{"damage":18.0,"enemies":"3 Shapes","floor":35.0,"turns":1.0},{"damage":5.0,"enemies":"Mind Bloom Boss Battle","floor":36.0,"turns":7.0},{"damage":0.0,"enemies":"3 Darklings","floor":38.0,"turns":1.0},{"damage":0.0,"enemies":"Transient","floor":39.0,"turns":5.0},{"damage":0.0,"enemies":"Spire Growth","floor":41.0,"turns":4.0},{"damage":0.0,"enemies":"Reptomancer","floor":42.0,"turns":5.0},{"damage":15.0,"enemies":"Maw","floor":47.0,"turns":5.0},{"damage":0.0,"enemies":"4 Shapes","floor":48.0,"turns":1.0},{"damage":0,"enemies":"Time Eater","floor":50,"turns":11}],"seed_played":"-813960695200919527","potions_obtained":[{"floor":1.0,"key":"DuplicationPotion"},{"floor":5.0,"key":"ColorlessPotion"},{"floor":7.0,"key":"LiquidMemories"},{"floor":12.0,"key":"FearPotion"}],"is_trial":false,"path_per_floor":["M","M","?","$","M","R","E","M","T","M","E","M","R","M","R","B",null,"M","?","$","?","M","R","$","M","T","$","E","R","?","M","R","B",null,"M","?","$","M","M","R","M","E","T","R","T","R","M","M","R","B",null],"character_chosen":"IRONCLAD","items_purchased":["Shrug It Off","Chemical X"],"campfire_rested":0,"item_purchase_floors":[4,20],"current_hp_per_floor":[68,68,62,62,68,68,42,45,45,51,49,52,52,58,58,62,74,78,78,78,39,39,39,39,39,39,39,31,31,31,37,37,9,32,20,21,21,27,33,33,39,39,39,39,39,39,30,36,36,39],"gold":186,"neow_bonus":"TRANSFORM_TWO_CARDS","is_daily":false,"chose_seed":false,"campfire_upgraded":10,"win_rate":0.0,"timestamp":1611060921,"path_taken":["M","M","?","$","M","R","E","?","T","M","E","M","R","M","R","BOSS","M","?","$","?","M","R","?","?","T","$","E","R","?","?","R","BOSS","M","?","$","M","M","R","M","E","T","R","?","R","M","M","R","BOSS"],"items_purchased_type":["Card","Relic"],"build_version":"2020-12-22","purchased_purges":3,"victory":true,"max_hp_per_floor":[68,68,68,68,68,68,68,68,68,68,78,78,78,78,78,78,78,78,78,78,39,39,39,39,39,39,39,39,39,39,39,39,39,39,39,39,39,39,39,39,39,39,39,39,39,39,39,39,39,39],"card_choices":[{"not_picked":["Clothesline","Burning Pact"],"picked":"Whirlwind","floor":1.0},{"not_picked":["Entrench","Whirlwind"],"picked":"Flex","floor":2.0},{"not_picked":["Perfected Strike","Flex"],"picked":"Sword Boomerang","floor":5.0},{"not_picked":["Dropkick","Body Slam","Twin Strike"],"picked":"SKIP","floor":7.0},{"not_picked":["Shrug It Off","Sword Boomerang"],"picked":"Flame Barrier","floor":8.0},{"not_picked":["Brutality","Body Slam"],"picked":"Carnage","floor":10.0},{"not_picked":["Dual Wield","Rupture"],"picked":"Disarm","floor":11.0},{"not_picked":["Twin Strike","Shrug It Off","Thunderclap"],"picked":"SKIP","floor":12.0},{"not_picked":["Twin Strike","Thunderclap"],"picked":"Shrug It Off","floor":12.0},{"not_picked":["Rupture","Uppercut","Sword Boomerang"],"picked":"SKIP","floor":14.0},{"not_picked":["Feed","Bludgeon"],"picked":"Demon Form","floor":16.0},{"not_picked":["Twin Strike","Sword Boomerang+1"],"picked":"Pummel+1","floor":18.0},{"not_picked":["Second Wind","Shrug It Off","Seeing Red"],"picked":"SKIP","floor":22.0},{"not_picked":["Perfected Strike","Dual Wield","Clothesline"],"picked":"SKIP","floor":25.0},{"not_picked":["Demon Form","Dark Embrace"],"picked":"True Grit+1","floor":28.0},{"not_picked":["Metallicize","Thunderclap","Heavy Blade"],"picked":"SKIP","floor":31.0},{"not_picked":["Feed","Bludgeon"],"picked":"Fiend Fire","floor":33.0},{"not_picked":["Blood for Blood"],"picked":"SKIP","floor":35.0},{"not_picked":[],"picked":"Ghostly Armor","floor":38.0},{"not_picked":["Pommel Strike"],"picked":"SKIP","floor":39.0},{"not_picked":["Body Slam"],"picked":"SKIP","floor":41.0},{"not_picked":["Iron Wave+1"],"picked":"SKIP","floor":42.0},{"not_picked":["Rupture+1"],"picked":"SKIP","floor":47.0},{"not_picked":["Cleave"],"picked":"SKIP","floor":48.0}],"player_experience":262749,"relics_obtained":[{"floor":7.0,"key":"Anchor"},{"floor":9.0,"key":"Toy Ornithopter"},{"floor":11.0,"key":"Pear"},{"floor":26.0,"key":"Potion Belt"},{"floor":28.0,"key":"Art of War"},{"floor":36.0,"key":"Thread and Needle"},{"floor":42.0,"key":"Juzu Bracelet"},{"floor":43.0,"key":"HornCleat"},{"floor":45.0,"key":"Boot"}],"event_choices":[{"damage_healed":0.0,"max_hp_gain":0.0,"max_hp_loss":0.0,"gold_gain":50.0,"event_name":"FaceTrader","player_choice":"Touch","floor":3.0,"gold_loss":0.0,"damage_taken":6.0},{"damage_healed":0.0,"max_hp_gain":0.0,"max_hp_loss":0.0,"gold_gain":0.0,"event_name":"Addict","player_choice":"Obtained Relic","floor":19.0,"gold_loss":85.0,"damage_taken":0.0,"relics_obtained":["Pocketwatch"]},{"damage_healed":0.0,"max_hp_gain":0.0,"max_hp_loss":39.0,"gold_gain":0.0,"event_name":"Ghosts","player_choice":"Became a Ghost","floor":21.0,"gold_loss":0.0,"damage_taken":0.0,"cards_obtained":["Ghostly","Ghostly","Ghostly"]},{"damage_healed":0.0,"max_hp_gain":0.0,"max_hp_loss":0.0,"gold_gain":0.0,"event_name":"Upgrade Shrine","player_choice":"Upgraded","floor":30.0,"gold_loss":0.0,"damage_taken":0.0,"cards_upgraded":["Shrug It Off"]},{"damage_healed":0.0,"max_hp_gain":0.0,"max_hp_loss":0.0,"gold_gain":0.0,"event_name":"MindBloom","player_choice":"Fight","floor":36.0,"gold_loss":0.0,"damage_taken":0.0}],"is_beta":false,"boss_relics":[{"not_picked":["Velvet Choker","Runic Dome"],"picked":"Sozu"},{"not_picked":["Snecko Eye","Cursed Key"],"picked":"Busted Crown"}],"items_purged_floors":[4,27,37],"is_endless":false,"potions_floor_spawned":[1,5,7,11,12,22,25,33,36,39,42,48],"ascension_level":15}}