{"host":"yuhy0i501zzmn1iz","time":1611079535,"event":{"mods":["AchievementEnabler","AlwaysNeverKeys","BaseMod","Bestiary","Better Match","Better Third Choice","Curses Come First","Downfall","Minty Spire (QoL Compilation)","StSLib","slay the spire mod where everything is the same but ironclad has a cowboy hat"],"gold_per_floor":[115,126,140,140,140,175,63,87,113,128,128,163,188,212,212,341,341,357,357,375,92,126,167,167,207,259,259,277,301,326,326,326],"floor_reached":31,"language":"ENG","playtime":1151,"items_purged":["Injury","Shame"],"score":359,"play_id":"f300b518-fd6a-45d5-8a51-d247e3941489","local_time":"20210119130535","is_ascension_mode":true,"campfire_choices":[{"floor":11.0,"key":"REST"},{"data":"Devotion","floor":15.0,"key":"SMITH"},{"floor":24,"key":"REST"}],"circlet_count":0,"master_deck":["Strike_P","Strike_P","Strike_P","Strike_P","Defend_P","Defend_P","Defend_P","Defend_P","Eruption","Vigilance","FlyingSleeves","CarveReality","Devotion+1","TalkToTheHand","Madness","SashWhip","FlyingSleeves","TalkToTheHand","SignatureMove","SandsOfTime","DeusExMachina","WindmillStrike","SashWhip","Judgement","Perseverance","SashWhip","Fasting2","Protect","Ragnarok","CrushJoints+1","downfall:Bewildered","Conclude","FlyingSleeves"],"relics":["Velvet Choker","Golden Idol","Art of War","Boot","Smiling Mask","Philosopher\u0027s Stone","Tiny Chest","HandDrill","Red Mask","Centennial Puzzle","Ancient Tea Set","Strawberry","sneckomod:BabySnecko","Potion Belt"],"acts_visited":["Exordium","TheCity"],"potions_floor_usage":[23,30],"damage_taken":[{"damage":0.0,"enemies":"2 Louse","floor":1.0,"turns":3.0},{"damage":0.0,"enemies":"Cultist","floor":2.0,"turns":2.0},{"damage":0.0,"enemies":"Small Slimes","floor":3.0,"turns":2.0},{"damage":19.0,"enemies":"Lagavulin","floor":6.0,"turns":3.0},{"damage":11.0,"enemies":"Blue Slaver","floor":8.0,"turns":2.0},{"damage":16.0,"enemies":"Lots of Slimes","floor":10.0,"turns":3.0},{"damage":0.0,"enemies":"Gremlin Nob","floor":12.0,"turns":2.0},{"damage":7.0,"enemies":"2 Fungi Beasts","floor":13.0,"turns":2.0},{"damage":4.0,"enemies":"Blue Slaver","floor":14.0,"turns":3.0},{"damage":15.0,"enemies":"Hexaghost","floor":16.0,"turns":5.0},{"damage":14.0,"enemies":"Chosen","floor":18.0,"turns":3.0},{"damage":8.0,"enemies":"2 Thieves","floor":20.0,"turns":3.0},{"damage":29.0,"enemies":"Masked Bandits","floor":22.0,"turns":5.0},{"damage":17,"enemies":"Slavers","floor":23,"turns":6},{"damage":19,"enemies":"Book of Stabbing","floor":25,"turns":5},{"damage":9,"enemies":"Snecko","floor":28,"turns":3},{"damage":0,"enemies":"Chosen and Byrds","floor":30,"turns":3},{"damage":4,"enemies":"Centurion and Healer","floor":31,"turns":1}],"seed_played":"-6789488795045396071","potions_obtained":[{"floor":6.0,"key":"PowerPotion"},{"floor":10.0,"key":"champ:CounterPotion"},{"floor":12.0,"key":"Dexterity Potion"},{"floor":13.0,"key":"LiquidBronze"},{"floor":18.0,"key":"BlessingOfTheForge"},{"floor":28,"key":"BottledMiracle"}],"is_trial":false,"path_per_floor":["M","M","M","?","?","E","$","M","T","M","R","E","M","M","R","B",null,"M","?","M","$","?","E","R","E","T","?","M","T","M","M"],"character_chosen":"WATCHER","items_purchased":["TalkToTheHand","HandDrill","Fasting2"],"campfire_rested":2,"item_purchase_floors":[7,21,21],"current_hp_per_floor":[72,72,72,72,72,53,53,42,42,26,47,47,40,36,36,21,72,58,58,50,50,21,4,25,6,13,13,4,4,4,0,0],"gold":326,"neow_bonus":"BOSS_RELIC","is_daily":false,"chose_seed":false,"campfire_upgraded":1,"win_rate":0.0,"timestamp":1611079535,"path_taken":["M","M","M","?","?","E","?","?","T","M","R","E","M","M","R","BOSS","M","?","M","$","?","E","R","E","T","?","?","?","?","M"],"items_purchased_type":["Card","Relic","Card"],"build_version":"2020-12-22","purchased_purges":2,"victory":false,"max_hp_per_floor":[72,72,72,72,72,72,72,72,72,72,72,72,72,72,72,72,72,72,72,72,72,72,72,72,72,79,79,79,79,79,79,79],"card_choices":[{"not_picked":["Evaluate","CrushJoints"],"picked":"FlyingSleeves","floor":1.0},{"not_picked":["Protect","FollowUp"],"picked":"CarveReality","floor":2.0},{"not_picked":["ClearTheMind","CrushJoints"],"picked":"Devotion","floor":3.0},{"not_picked":["Weave","Perseverance"],"picked":"TalkToTheHand","floor":4.0},{"not_picked":["Swift Strike","Deep Breath"],"picked":"Madness","floor":4.0},{"not_picked":["Halt","FlurryOfBlows"],"picked":"SashWhip","floor":4.0},{"not_picked":["Consecrate","Swivel"],"picked":"FlyingSleeves","floor":6.0},{"not_picked":["Swivel","Crescendo"],"picked":"SignatureMove","floor":8.0},{"not_picked":["CutThroughFate","ClearTheMind"],"picked":"SandsOfTime","floor":10.0},{"not_picked":["LikeWater","Halt"],"picked":"DeusExMachina","floor":12.0},{"not_picked":["ThirdEye","FlyingSleeves"],"picked":"WindmillStrike","floor":13.0},{"not_picked":["BowlingBash","ClearTheMind"],"picked":"SashWhip","floor":14.0},{"not_picked":["LessonLearned","Ragnarok"],"picked":"Judgement","floor":16.0},{"not_picked":["CrushJoints","SashWhip"],"picked":"Perseverance","floor":18.0},{"not_picked":["BowlingBash","Prostrate+1"],"picked":"SashWhip","floor":20.0},{"not_picked":["Consecrate","Swivel"],"picked":"Protect","floor":22.0},{"not_picked":["Collect","CrushJoints"],"picked":"Ragnarok","floor":23},{"not_picked":["FlurryOfBlows+1","DeusExMachina"],"picked":"CrushJoints+1","floor":25},{"not_picked":["Halt+1","ClearTheMind"],"picked":"Conclude","floor":28},{"not_picked":["SashWhip","LikeWater+1"],"picked":"FlyingSleeves","floor":30}],"player_experience":305986,"relics_obtained":[{"floor":6.0,"key":"Art of War"},{"floor":9.0,"key":"Boot"},{"floor":12.0,"key":"Smiling Mask"},{"floor":22.0,"key":"Red Mask"},{"floor":23,"key":"Centennial Puzzle"},{"floor":25,"key":"Ancient Tea Set"},{"floor":26,"key":"Strawberry"},{"floor":29,"key":"Potion Belt"}],"event_choices":[{"damage_healed":0.0,"max_hp_gain":0.0,"max_hp_loss":0.0,"gold_gain":0.0,"event_name":"betterMatch:BetterMatch","player_choice":"1","floor":4.0,"gold_loss":0.0,"damage_taken":0.0,"cards_obtained":["betterMatch:UncommonCard","betterMatch:ColorlessUncommonCard","betterMatch:CommonCard"]},{"damage_healed":0.0,"max_hp_gain":0.0,"max_hp_loss":0.0,"gold_gain":0.0,"event_name":"Golden Idol","player_choice":"Take Wound","floor":5.0,"gold_loss":0.0,"damage_taken":0.0,"relics_obtained":["Golden Idol"],"cards_obtained":["Injury"]},{"damage_healed":0.0,"max_hp_gain":0.0,"max_hp_loss":0.0,"gold_gain":0.0,"event_name":"Addict","player_choice":"Stole Relic","floor":19.0,"gold_loss":0.0,"damage_taken":0.0,"relics_obtained":["Tiny Chest"],"cards_obtained":["Shame"]},{"damage_healed":0.0,"max_hp_gain":0.0,"max_hp_loss":0.0,"gold_gain":0.0,"event_name":"Masked Bandits","player_choice":"Fought Bandits","floor":22.0,"gold_loss":0.0,"damage_taken":0.0}],"is_beta":false,"boss_relics":[{"not_picked":["Runic Pyramid","VioletLotus"],"picked":"Philosopher\u0027s Stone"}],"items_purged_floors":[7,21],"is_endless":false,"potions_floor_spawned":[6,10,12,13,14,18,22,28],"killed_by":"Centurion and Healer","ascension_level":3}}