{"host":"7sni158j623xchr2","time":1611080715,"event":{"mods":["BaseMod","Colored Map","Highlight Path","Minty Spire (QoL Compilation)","Permanent Neow","Potion Indicator Mod","Rare Cards Sparkle","Relic Sorter","Relic Stats","StSLib","everything is the same but u backflip on backflip"],"gold_per_floor":[117,49,60,4,21,46,46,61,61,61,61,71,99,115,115,215,215,227,242,242,26,26,56,56,91,117,117,135,135,235,235,235,334,384,398,412,425,12,12,12,12,12],"floor_reached":41,"language":"ENG","playtime":1016,"items_purged":["Strike_B","Regret"],"score":508,"play_id":"c1627db3-1175-437d-be2e-6f6e0f82997c","local_time":"20210119122515","is_ascension_mode":true,"campfire_choices":[{"data":"Zap","floor":7,"key":"SMITH"},{"data":"Ball Lightning","floor":10,"key":"SMITH"},{"data":"Doom and Gloom","floor":15,"key":"SMITH"},{"data":"Defragment","floor":24,"key":"SMITH"},{"data":"Defragment","floor":27,"key":"SMITH"},{"floor":29,"key":"REST"},{"floor":32,"key":"REST"},{"floor":40,"key":"REST"}],"circlet_count":0,"master_deck":["Strike_B","Strike_B","Strike_B","Defend_B","Defend_B","Defend_B","Zap+1","Dualcast","Leap","FTL","Darkness","Hologram","Ball Lightning+1","Coolheaded","Defend_G+1","Doom and Gloom+1","Static Discharge","Loop","Electrodynamics","Glacier","Conserve Battery","Electrodynamics","Defragment+1","Shame","Defragment+1","Coolheaded","Sweeping Beam","Seek","Coolheaded+1","Turbo+1","Glacier+1","Coolheaded+1"],"relics":["Cracked Core","NeowsBlessing","Dream Catcher","Girya","Ornamental Fan","StrikeDummy","Cursed Key","Cables","Ice Cream","Juzu Bracelet","StoneCalendar","Frozen Egg 2","Tiny House","FossilizedHelix"],"acts_visited":["Exordium","TheCity","TheBeyond"],"potions_floor_usage":[13,13,23,25,41],"damage_taken":[{"damage":0,"enemies":"Small Slimes","floor":1,"turns":1},{"damage":0,"enemies":"Cultist","floor":3,"turns":1},{"damage":0,"enemies":"Jaw Worm","floor":5,"turns":1},{"damage":22,"enemies":"3 Sentries","floor":6,"turns":9},{"damage":1,"enemies":"Exordium Thugs","floor":8,"turns":3},{"damage":1,"enemies":"Looter","floor":12,"turns":3},{"damage":14,"enemies":"Gremlin Nob","floor":13,"turns":3},{"damage":0,"enemies":"Large Slime","floor":14,"turns":5},{"damage":23,"enemies":"Hexaghost","floor":16,"turns":8},{"damage":0,"enemies":"3 Byrds","floor":18,"turns":2},{"damage":17,"enemies":"2 Thieves","floor":19,"turns":2},{"damage":14,"enemies":"Gremlin Leader","floor":23,"turns":5},{"damage":17,"enemies":"Book of Stabbing","floor":25,"turns":6},{"damage":8,"enemies":"3 Cultists","floor":28,"turns":3},{"damage":3,"enemies":"Colosseum Slavers","floor":30,"turns":5},{"damage":13,"enemies":"Colosseum Nobs","floor":30,"turns":3},{"damage":17,"enemies":"Collector","floor":33,"turns":9},{"damage":21,"enemies":"3 Darklings","floor":35,"turns":4},{"damage":17,"enemies":"3 Shapes","floor":36,"turns":2},{"damage":10,"enemies":"Sphere and 2 Shapes","floor":37,"turns":3},{"damage":56,"enemies":"Giant Head","floor":41,"turns":12}],"seed_played":"-5040556420077718349","potions_obtained":[{"floor":6,"key":"Weak Potion"},{"floor":8,"key":"Strength Potion"},{"floor":12,"key":"ColorlessPotion"},{"floor":13,"key":"Strength Potion"},{"floor":19,"key":"SpeedPotion"},{"floor":28,"key":"EssenceOfDarkness"},{"floor":33,"key":"Ancient Potion"}],"is_trial":false,"path_per_floor":["M","$","M","?","M","E","R","M","T","R","?","M","E","M","R","B",null,"M","M","?","$","?","E","R","E","T","R","M","R","?","T","R","B",null,"M","M","M","$","?","R","E"],"character_chosen":"DEFECT","items_purchased":["FTL","Defragment","DuplicationPotion","FossilizedHelix"],"campfire_rested":3,"item_purchase_floors":[2,21,21,38],"current_hp_per_floor":[75,75,75,75,75,53,53,52,52,52,52,51,37,37,37,14,75,75,58,58,58,58,44,44,27,27,27,19,41,25,25,47,30,80,59,42,32,32,32,56,0,0],"gold":12,"neow_bonus":"THREE_ENEMY_KILL","is_daily":false,"chose_seed":false,"campfire_upgraded":5,"win_rate":0.0,"timestamp":1611080715,"path_taken":["M","$","M","?","?","E","R","M","T","R","?","M","E","M","R","BOSS","M","M","?","?","?","E","R","E","T","R","M","R","?","?","R","BOSS","M","M","M","$","?","R","E"],"items_purchased_type":["Card","Card","Potion","Relic"],"build_version":"2020-12-22","purchased_purges":2,"victory":false,"max_hp_per_floor":[75,75,75,75,75,75,75,75,75,75,75,75,75,75,75,75,75,75,75,75,75,75,75,75,75,75,75,75,75,75,75,75,75,80,80,80,80,80,80,80,80,80],"relic_stats":{"Dream Catcher":3,"counters":[21,89],"Ornamental Fan":[24],"StoneCalendar":[104],"Juzu Bracelet":1,"Cursed Key":1,"obtain_stats":[{"Ice Cream":23,"Girya":6,"Tiny House":34,"NeowsBlessing":0,"StoneCalendar":30,"Juzu Bracelet":25,"Frozen Egg 2":30,"Cursed Key":17,"Cables":22,"Dream Catcher":4,"Ornamental Fan":9,"Cracked Core":0,"StrikeDummy":13,"FossilizedHelix":38},{"Ice Cream":12,"Girya":4,"Tiny House":17,"NeowsBlessing":0,"StoneCalendar":16,"Juzu Bracelet":13,"Frozen Egg 2":16,"Cursed Key":9,"Cables":11,"Dream Catcher":2,"Ornamental Fan":5,"Cracked Core":0,"StrikeDummy":7,"FossilizedHelix":20},{"Ice Cream":43,"Girya":12,"Tiny House":68,"NeowsBlessing":0,"StoneCalendar":59,"Juzu Bracelet":49,"Frozen Egg 2":59,"Cursed Key":34,"Cables":38,"Dream Catcher":2,"Ornamental Fan":15,"Cracked Core":0,"StrikeDummy":21,"FossilizedHelix":77}],"Cables":[45,19,19,7,0]},"card_choices":[{"not_picked":["Steam","Scrape"],"picked":"Leap","floor":1},{"not_picked":["Barrage","Redo"],"picked":"Darkness","floor":3},{"not_picked":["Amplify","Gash"],"picked":"Hologram","floor":5},{"not_picked":["Rip and Tear","Streamline"],"picked":"Ball Lightning","floor":6},{"not_picked":["Chaos","Rebound"],"picked":"Coolheaded","floor":8},{"not_picked":["Streamline","Turbo"],"picked":"Doom and Gloom","floor":12},{"not_picked":["Tempest","Go for the Eyes"],"picked":"Static Discharge","floor":13},{"not_picked":["Stack","Go for the Eyes"],"picked":"Loop","floor":14},{"not_picked":["Hyperbeam","Creative AI"],"picked":"Electrodynamics","floor":16},{"not_picked":["Barrage","Stack"],"picked":"Glacier","floor":18},{"not_picked":["Stack","FTL"],"picked":"Conserve Battery","floor":19},{"not_picked":["Compile Driver+1","Multi-Cast"],"picked":"Defragment","floor":23},{"not_picked":["Hologram+1","Compile Driver"],"picked":"Coolheaded","floor":25},{"not_picked":["Hologram","Hello World"],"picked":"Sweeping Beam","floor":28},{"not_picked":["Stack","Redo+1"],"picked":"Seek","floor":30},{"not_picked":["BootSequence","Hologram+1"],"picked":"Coolheaded+1","floor":32},{"not_picked":["Chaos+1","Leap"],"picked":"Turbo+1","floor":35},{"not_picked":["FTL","Ball Lightning+1"],"picked":"Glacier+1","floor":36},{"not_picked":["Streamline+1","Stack+1"],"picked":"Coolheaded+1","floor":37}],"player_experience":1649059,"relics_obtained":[{"floor":6,"key":"Girya"},{"floor":9,"key":"Ornamental Fan"},{"floor":13,"key":"StrikeDummy"},{"floor":23,"key":"Ice Cream"},{"floor":25,"key":"Juzu Bracelet"},{"floor":30,"key":"StoneCalendar"},{"floor":30,"key":"Frozen Egg 2"}],"event_choices":[{"damage_healed":0,"gold_gain":0,"player_choice":"Paid Gold","damage_taken":0,"relics_obtained":["Dream Catcher"],"max_hp_gain":0,"max_hp_loss":0,"event_name":"WeMeetAgain","floor":4,"gold_loss":56},{"cards_removed":["Defend_B"],"damage_healed":0,"gold_gain":0,"player_choice":"Took Card","damage_taken":0,"max_hp_gain":0,"max_hp_loss":0,"event_name":"NoteForYourself","floor":11,"gold_loss":0,"cards_obtained":["Defend_G"]},{"damage_healed":0,"gold_gain":0,"player_choice":"Copied","damage_taken":0,"max_hp_gain":0,"max_hp_loss":0,"event_name":"Duplicator","floor":20,"gold_loss":0,"cards_obtained":["Electrodynamics"]},{"damage_healed":0,"gold_gain":0,"player_choice":"Stole Relic","damage_taken":0,"relics_obtained":["Cables"],"max_hp_gain":0,"max_hp_loss":0,"event_name":"Addict","floor":22,"gold_loss":0,"cards_obtained":["Shame"]},{"damage_healed":0,"gold_gain":0,"player_choice":"Fight","damage_taken":0,"max_hp_gain":0,"max_hp_loss":0,"event_name":"Colosseum","floor":30,"gold_loss":0},{"damage_healed":0,"gold_gain":0,"player_choice":"Fought Nobs","damage_taken":0,"max_hp_gain":0,"max_hp_loss":0,"event_name":"Colosseum","floor":30,"gold_loss":0},{"damage_healed":0,"gold_gain":0,"player_choice":"Ignored","damage_taken":0,"max_hp_gain":0,"max_hp_loss":0,"event_name":"Mysterious Sphere","floor":39,"gold_loss":0}],"is_beta":false,"boss_relics":[{"not_picked":["Inserter","Runic Dome"],"picked":"Cursed Key"},{"not_picked":["Busted Crown","SlaversCollar"],"picked":"Tiny House"}],"items_purged_floors":[21,38],"is_endless":false,"potions_floor_spawned":[6,8,12,13,19,28,30,33,37],"killed_by":"Giant Head","ascension_level":2}}