{"host":"q206iib20se9i6w7","time":1611025267,"event":{"mods":["AchievementEnabler","BaseMod","Bestiary","Block Reminder","Colored Map","Colored Powertips","Curses Come First","Highlight Path","Key Reminder","Minty Spire (QoL Compilation)","Quick Restart","Random Character Button","Relic Stats","StSLib","SuperFastMode","Unceasing Turn Reminder"],"gold_per_floor":[99,99,99,99,99,99,99,99,99,99,99,99,99,99,99,99,99,99,99,99,22,22,22,22,22,22,22,22,22,22,22,22,22,22,22,22,22,22,22,22,22,22,22,22,22,22,22,22,22,22],"floor_reached":51,"language":"ENG","playtime":2710,"items_purged":[],"score":1042,"play_id":"79f6b030-7af7-4836-ad16-9a1c970b20c1","local_time":"20210118210107","is_ascension_mode":true,"campfire_choices":[{"data":"Venomology","floor":8,"key":"SMITH"},{"data":"Acrobatics","floor":10,"key":"SMITH"},{"data":"Neutralize","floor":12,"key":"SMITH"},{"data":"Storm of Steel","floor":15,"key":"SMITH"},{"data":"RitualDagger","floor":23,"key":"SMITH"},{"data":"Well Laid Plans","floor":29,"key":"SMITH"},{"data":"Footwork","floor":32,"key":"SMITH"},{"data":"Choke","floor":40,"key":"SMITH"},{"data":"Cloak And Dagger","floor":42,"key":"SMITH"},{"data":"Cloak And Dagger","floor":44,"key":"SMITH"},{"data":"Blade Dance","floor":49,"key":"SMITH"}],"circlet_count":0,"master_deck":["Defend_G","Defend_G","Defend_G","Defend_G","Defend_G","Survivor","Neutralize+1","Cloak And Dagger+1","Acrobatics+1","Blade Dance+1","Backflip","Underhanded Strike","Venomology+1","Infinite Blades","Storm of Steel+1","Terror","Adrenaline","Reflex+1","Footwork+1","RitualDagger+1","Well Laid Plans+1","Bite","Bite","Bite","Bite","Bite","Accuracy+1","Finisher","Calculated Gamble","Backflip","Choke+1","Venomology","Cloak And Dagger+1","Blade Dance","Flash of Steel","Acrobatics+1","Backflip+1","Backflip+1","Dagger Throw+1","Acrobatics","Distraction+1"],"relics":["Ectoplasm","Prayer Wheel","keyreminder:keyreminder","Toy Ornithopter","WristBlade","Enchiridion","Frozen Egg 2","StoneCalendar","HornCleat","Philosopher\u0027s Stone","Lizard Tail","Bag of Preparation","Art of War"],"acts_visited":["Exordium","TheCity","TheBeyond"],"potions_floor_usage":[6,13,14,14,14,16,16,24,24,27,28,30,33,33,35,37,38,38,38,41,41,41,50,50,50,50,50],"damage_taken":[{"damage":0,"enemies":"2 Louse","floor":1,"turns":3},{"damage":0,"enemies":"Cultist","floor":2,"turns":4},{"damage":0,"enemies":"Small Slimes","floor":3,"turns":3},{"damage":2,"enemies":"3 Louse","floor":5,"turns":4},{"damage":10,"enemies":"3 Sentries","floor":6,"turns":10},{"damage":0,"enemies":"Large Slime","floor":7,"turns":4},{"damage":3,"enemies":"Blue Slaver","floor":11,"turns":3},{"damage":0,"enemies":"Exordium Thugs","floor":13,"turns":4},{"damage":5,"enemies":"Lagavulin","floor":14,"turns":6},{"damage":12,"enemies":"Hexaghost","floor":16,"turns":6},{"damage":6,"enemies":"Shell Parasite","floor":18,"turns":2},{"damage":7,"enemies":"Book of Stabbing","floor":24,"turns":4},{"damage":0,"enemies":"Chosen","floor":25,"turns":3},{"damage":11,"enemies":"Shelled Parasite and Fungi","floor":27,"turns":7},{"damage":0,"enemies":"Snecko","floor":28,"turns":2},{"damage":4,"enemies":"Gremlin Leader","floor":30,"turns":5},{"damage":10,"enemies":"Champ","floor":33,"turns":5},{"damage":4,"enemies":"Orb Walker","floor":35,"turns":3},{"damage":12,"enemies":"3 Darklings","floor":37,"turns":5},{"damage":9,"enemies":"2 Orb Walkers","floor":38,"turns":2},{"damage":26,"enemies":"Reptomancer","floor":41,"turns":4},{"damage":8,"enemies":"Spire Growth","floor":47,"turns":3},{"damage":17,"enemies":"Donu and Deca","floor":50,"turns":7}],"seed_played":"-8943313540221784029","potions_obtained":[{"floor":3,"key":"BlessingOfTheForge"},{"floor":4,"key":"LiquidMemories"},{"floor":4,"key":"SteroidPotion"},{"floor":6,"key":"GamblersBrew"},{"floor":14,"key":"PowerPotion"},{"floor":16,"key":"Dexterity Potion"},{"floor":25,"key":"DistilledChaos"},{"floor":28,"key":"Fire Potion"},{"floor":30,"key":"DistilledChaos"},{"floor":35,"key":"Poison Potion"},{"floor":38,"key":"AttackPotion"},{"floor":47,"key":"Explosive Potion"}],"is_trial":false,"path_per_floor":["M","M","M","?","M","E","M","R","T","R","M","R","M","E","R","B",null,"M","?","?","$","?","R","E","M","T","M","M","R","E","$","R","B",null,"M","?","M","?","$","R","E","R","T","R","?","$","M","?","R","B",null],"character_chosen":"THE_SILENT","items_purchased":["Well Laid Plans"],"campfire_rested":0,"item_purchase_floors":[21],"current_hp_per_floor":[63,63,63,63,61,51,51,51,51,51,48,48,48,43,43,41,63,57,41,35,35,35,35,46,49,49,45,49,49,49,49,49,49,49,45,35,40,42,42,42,40,40,40,40,40,40,36,36,36,35],"gold":22,"neow_bonus":"BOSS_RELIC","is_daily":false,"chose_seed":false,"campfire_upgraded":11,"win_rate":0.0,"timestamp":1611025267,"path_taken":["M","M","M","?","M","E","M","R","T","R","M","R","?","E","R","BOSS","M","?","?","$","?","R","E","M","T","M","M","R","E","?","R","BOSS","M","?","M","?","$","R","E","R","T","R","?","?","?","?","R","BOSS"],"items_purchased_type":["Card"],"build_version":"2020-12-22","purchased_purges":0,"victory":true,"max_hp_per_floor":[70,70,70,70,70,70,70,70,70,70,70,70,70,70,70,70,70,70,70,70,70,49,49,49,49,49,49,49,49,49,49,49,49,49,49,49,49,49,49,49,49,49,49,49,47,47,47,47,47,47],"relic_stats":{"Lizard Tail":0,"counters":[23,99],"Prayer Wheel":10,"StoneCalendar":[0],"Ectoplasm":617,"Bag of Preparation":[4],"Art of War":[0],"obtain_stats":[{"Enchiridion":19,"StoneCalendar":26,"Bag of Preparation":41,"Frozen Egg 2":24,"keyreminder:keyreminder":9,"Lizard Tail":38,"HornCleat":30,"WristBlade":17,"Prayer Wheel":6,"Philosopher\u0027s Stone":34,"Ectoplasm":0,"Art of War":43,"Toy Ornithopter":14,"Ring of the Snake":0},{"Enchiridion":11,"StoneCalendar":13,"Bag of Preparation":21,"Frozen Egg 2":12,"keyreminder:keyreminder":6,"Lizard Tail":20,"HornCleat":16,"WristBlade":10,"Prayer Wheel":5,"Philosopher\u0027s Stone":17,"Ectoplasm":0,"Art of War":21,"Toy Ornithopter":9,"Ring of the Snake":0},{"Enchiridion":49,"StoneCalendar":56,"Bag of Preparation":89,"Frozen Egg 2":53,"keyreminder:keyreminder":28,"Lizard Tail":85,"HornCleat":70,"WristBlade":47,"Prayer Wheel":24,"Philosopher\u0027s Stone":75,"Ectoplasm":0,"Art of War":89,"Toy Ornithopter":41,"Ring of the Snake":0}],"Toy Ornithopter":76},"card_choices":[{"not_picked":["Quick Slash","Prepared"],"picked":"Cloak And Dagger","floor":1},{"not_picked":["Expertise","Deflect"],"picked":"Acrobatics","floor":2},{"not_picked":["Deadly Poison","Backstab"],"picked":"Blade Dance","floor":3},{"not_picked":["Acrobatics","Slice"],"picked":"Backflip","floor":5},{"not_picked":["Bane","Caltrops"],"picked":"Underhanded Strike","floor":6},{"not_picked":["Sucker Punch","Dodge and Roll"],"picked":"Venomology","floor":7},{"not_picked":["Flying Knee","Slice"],"picked":"Infinite Blades","floor":7},{"not_picked":["Bane","Masterful Stab","Poisoned Stab"],"picked":"SKIP","floor":11},{"not_picked":["Deadly Poison","Flying Knee","Masterful Stab"],"picked":"SKIP","floor":11},{"not_picked":["Blade Dance","Dagger Throw"],"picked":"Storm of Steel","floor":13},{"not_picked":["Poisoned Stab","Backflip"],"picked":"Terror","floor":13},{"not_picked":["Dagger Throw","Deflect"],"picked":"Quick Slash","floor":14},{"not_picked":["Malaise","Burst"],"picked":"Adrenaline","floor":16},{"not_picked":["Deadly Poison","Outmaneuver"],"picked":"Reflex+1","floor":18},{"not_picked":["Backflip+1","Accuracy"],"picked":"Footwork","floor":18},{"not_picked":["Tactician","Sucker Punch","Bouncing Flask"],"picked":"SKIP","floor":24},{"not_picked":["Deflect","Underhanded Strike"],"picked":"Accuracy+1","floor":25},{"not_picked":["Flechettes","Underhanded Strike"],"picked":"Finisher","floor":25},{"not_picked":["Dagger Throw","Outmaneuver"],"picked":"Calculated Gamble","floor":27},{"not_picked":["Masterful Stab+1","Slice","Underhanded Strike"],"picked":"SKIP","floor":27},{"not_picked":["Prepared","Backstab+1"],"picked":"Backflip","floor":28},{"not_picked":["Terror","Glass Knife","Dagger Throw"],"picked":"SKIP","floor":28},{"not_picked":["Endless Agony","Quick Slash"],"picked":"Choke","floor":30},{"not_picked":["Glass Knife","Die Die Die"],"picked":"Venomology","floor":33},{"not_picked":["Outmaneuver","PiercingWail+1"],"picked":"Cloak And Dagger","floor":35},{"not_picked":["Sucker Punch+1","Leg Sweep+1"],"picked":"Blade Dance","floor":35},{"not_picked":["Secret Weapon","Panacea"],"picked":"Flash of Steel","floor":36},{"not_picked":["Dagger Throw+1","Masterful Stab"],"picked":"Acrobatics+1","floor":37},{"not_picked":["Choke","Prepared"],"picked":"Backflip+1","floor":37},{"not_picked":["Dodge and Roll","Dagger Throw"],"picked":"Backflip+1","floor":38},{"not_picked":["Bane","Doppelganger"],"picked":"Dagger Throw+1","floor":41},{"not_picked":["Backflip","Prepared"],"picked":"Acrobatics","floor":47},{"not_picked":["Deflect","Acrobatics+1"],"picked":"Distraction+1","floor":47}],"player_experience":259886,"relics_obtained":[{"floor":6,"key":"Prayer Wheel"},{"floor":14,"key":"Toy Ornithopter"},{"floor":19,"key":"Enchiridion"},{"floor":24,"key":"Frozen Egg 2"},{"floor":26,"key":"StoneCalendar"},{"floor":30,"key":"HornCleat"},{"floor":38,"key":"Lizard Tail"},{"floor":41,"key":"Bag of Preparation"},{"floor":43,"key":"Art of War"}],"event_choices":[{"damage_healed":0,"gold_gain":0,"player_choice":"Got Potions","damage_taken":0,"max_hp_gain":0,"max_hp_loss":0,"event_name":"Lab","floor":4,"gold_loss":0},{"damage_healed":0,"gold_gain":0,"player_choice":"Obtained Book","damage_taken":16,"max_hp_gain":0,"max_hp_loss":0,"event_name":"Cursed Tome","floor":19,"gold_loss":0},{"damage_healed":0,"gold_gain":0,"player_choice":"Joined the Cult","damage_taken":6,"max_hp_gain":0,"max_hp_loss":0,"event_name":"Nest","floor":20,"gold_loss":0,"cards_obtained":["RitualDagger"]},{"damage_healed":0,"gold_gain":0,"player_choice":"Became a vampire","damage_taken":0,"max_hp_gain":0,"max_hp_loss":21,"event_name":"Vampires","floor":22,"gold_loss":0,"cards_obtained":["Bite","Bite","Bite","Bite","Bite"]},{"damage_healed":0,"gold_gain":0,"player_choice":"Memory 3","damage_taken":10,"max_hp_gain":0,"max_hp_loss":0,"event_name":"SensoryStone","floor":36,"gold_loss":0},{"damage_healed":0,"gold_gain":0,"player_choice":"Fight","damage_taken":0,"max_hp_gain":0,"max_hp_loss":0,"event_name":"Mysterious Sphere","floor":38,"gold_loss":0},{"damage_healed":0,"gold_gain":0,"player_choice":"Max HP","damage_taken":0,"max_hp_gain":0,"max_hp_loss":2,"event_name":"Winding Halls","floor":45,"gold_loss":0},{"cards_removed":["Quick Slash"],"damage_healed":0,"gold_gain":0,"player_choice":"Removed Attack","damage_taken":0,"max_hp_gain":0,"max_hp_loss":0,"event_name":"Falling","floor":48,"gold_loss":0}],"is_beta":false,"boss_relics":[{"not_picked":["Busted Crown","Runic Dome"],"picked":"WristBlade"},{"not_picked":["Snecko Eye","Tiny House"],"picked":"Philosopher\u0027s Stone"}],"items_purged_floors":[],"is_endless":false,"potions_floor_spawned":[3,6,7,14,16,25,28,30,35,38,47],"ascension_level":8}}