{"host":"gfybn4j1d26rvz5e","time":1611027142,"event":{"mods":["BaseMod","Better Altar","Better Match","Better Note","Better Sensory Stone","Better Skull","Better Third Choice","BetterRewards","Highlight Path","Minty Spire (QoL Compilation)","Random Character Button","Relic Stats","StSLib"],"gold_per_floor":[115,132,207,233,245,245,272,272,272,284,316,331,343,343,343,438,438,451,221,221,240,220,220,248,266,292,304,304,332,193,209,209,209,209],"floor_reached":33,"language":"ENG","playtime":1579,"items_purged":["Strike_R"],"score":599,"play_id":"02388a4e-7cfd-494a-9311-4c63255ac3de","local_time":"20210118213222","is_ascension_mode":true,"campfire_choices":[{"data":"Bash","floor":6.0,"key":"SMITH"},{"data":"Spot Weakness","floor":8.0,"key":"SMITH"},{"floor":15,"key":"REST"},{"data":"Armaments","floor":23,"key":"SMITH"},{"floor":32,"key":"REST"}],"circlet_count":0,"master_deck":["AscendersBane","Strike_R+1","Strike_R+1","Strike_R+1","Strike_R+1","Defend_R+1","Defend_R+1","Defend_R+1","Defend_R+1","Bash+1","Spot Weakness+1","Pummel","Twin Strike","Headbutt","Cleave","Armaments+1","Panacea","Impervious","Clothesline","Bloodletting+1","Exhume"],"relics":["Burning Blood","Calipers","Bronze Scales","Lantern","Matryoshka","Regal Pillow","Busted Crown","Anchor","Meat on the Bone","Smiling Mask","Potion Belt","Tiny Chest"],"acts_visited":["Exordium","TheCity"],"potions_floor_usage":[16,18,24,28,29,33],"damage_taken":[{"damage":2.0,"enemies":"Jaw Worm","floor":1.0,"turns":3.0},{"damage":0.0,"enemies":"Small Slimes","floor":2.0,"turns":2.0},{"damage":2.0,"enemies":"2 Louse","floor":5.0,"turns":4.0},{"damage":30.0,"enemies":"3 Sentries","floor":7.0,"turns":7.0},{"damage":2.0,"enemies":"2 Fungi Beasts","floor":10.0,"turns":3.0},{"damage":18,"enemies":"Gremlin Nob","floor":11,"turns":3},{"damage":10,"enemies":"Gremlin Gang","floor":12,"turns":3},{"damage":8,"enemies":"Large Slime","floor":13,"turns":5},{"damage":43,"enemies":"The Guardian","floor":16,"turns":8},{"damage":1,"enemies":"Spheric Guardian","floor":18,"turns":3},{"damage":0,"enemies":"3 Byrds","floor":21,"turns":5},{"damage":5,"enemies":"Book of Stabbing","floor":24,"turns":5},{"damage":0,"enemies":"Cultist and Chosen","floor":25,"turns":4},{"damage":12,"enemies":"Snecko","floor":27,"turns":5},{"damage":4,"enemies":"Centurion and Healer","floor":28,"turns":6},{"damage":35,"enemies":"Slavers","floor":29,"turns":6},{"damage":17,"enemies":"Snake Plant","floor":31,"turns":2},{"damage":80,"enemies":"Automaton","floor":33,"turns":8}],"seed_played":"-3469224844403913680","potions_obtained":[{"floor":1.0,"key":"SpeedPotion"},{"floor":7.0,"key":"SpeedPotion"},{"floor":10.0,"key":"BloodPotion"},{"floor":16,"key":"Fire Potion"},{"floor":18,"key":"SmokeBomb"},{"floor":24,"key":"Energy Potion"},{"floor":31,"key":"Weak Potion"}],"is_trial":false,"path_per_floor":["M","M","?","T","M","R","E","R","T","M","E","M","M","?","R","B",null,"M","$","?","M","?","R","E","M","T","M","M","E","$","M","R","B"],"character_chosen":"IRONCLAD","items_purchased":["Spot Weakness","Pummel","Anchor","DuplicationPotion","Exhume"],"campfire_rested":2,"item_purchase_floors":[0,0,19,30,30],"current_hp_per_floor":[76,80,69,69,73,73,49,49,49,53,41,37,35,35,74,52,73,78,78,78,80,80,80,80,80,80,74,76,47,47,48,80,0,0],"gold":209,"neow_bonus":"","is_daily":false,"chose_seed":false,"campfire_upgraded":3,"win_rate":0.0,"timestamp":1611027142,"path_taken":["M","M","?","?","M","R","E","R","T","M","E","M","M","?","R","BOSS","M","$","?","M","?","R","E","M","T","?","M","E","$","M","R","BOSS"],"items_purchased_type":["Card","Card","Relic","Potion","Card"],"build_version":"2020-12-22","purchased_purges":1,"victory":false,"max_hp_per_floor":[80,80,80,80,80,80,80,80,80,80,80,80,80,80,80,80,80,80,80,80,80,80,80,80,80,80,80,80,80,80,80,80,80,80],"relic_stats":{"Regal Pillow":23,"Busted Crown":46,"counters":[74,336],"Bronze Scales":[241],"Tiny Chest":0,"Smiling Mask":0,"obtain_stats":[{"Lantern":27,"Regal Pillow":11,"Calipers":0,"Torii":36,"Vajra":29,"Mango":25,"Bag of Preparation":0,"Empty Cage":34,"Smiling Mask":26,"Burning Blood":0,"Dream Catcher":9,"Matryoshka":9,"FaceOfCleric":28,"Pantograph":24,"Tiny Chest":29,"WingedGreaves":29,"Red Skull":47,"Paper Frog":19,"Potion Belt":26,"Self Forming Clay":31,"Oddly Smooth Stone":41,"The Courier":31,"PreservedInsect":0,"Pen Nib":13,"Omamori":26,"MawBank":26,"Du-Vu Doll":8,"SlaversCollar":17,"Anchor":19,"Busted Crown":17,"Ornamental Fan":45,"Bird Faced Urn":9,"Bronze Scales":43,"Snecko Eye":34,"Mark of Pain":17,"Art of War":14,"Unceasing Top":6,"Toy Ornithopter":7,"FossilizedHelix":0,"Meat on the Bone":24},{"Lantern":28,"Regal Pillow":62,"Calipers":56,"Torii":33,"Vajra":29,"Mango":52,"Bag of Preparation":41,"Empty Cage":31,"Smiling Mask":69,"Burning Blood":0,"Dream Catcher":19,"Matryoshka":60,"FaceOfCleric":53,"Pantograph":9,"Tiny Chest":72,"WingedGreaves":54,"Red Skull":40,"Paper Frog":7,"Potion Belt":69,"Self Forming Clay":30,"Oddly Smooth Stone":36,"The Courier":12,"PreservedInsect":15,"Pen Nib":22,"Omamori":27,"MawBank":9,"Du-Vu Doll":4,"SlaversCollar":6,"Anchor":66,"Busted Crown":65,"Ornamental Fan":39,"Bird Faced Urn":4,"Bronze Scales":37,"Snecko Eye":13,"Mark of Pain":48,"Art of War":5,"Unceasing Top":3,"Toy Ornithopter":19,"FossilizedHelix":41,"Meat on the Bone":68},{"Lantern":117,"Regal Pillow":276,"Calipers":254,"Torii":140,"Vajra":120,"Mango":230,"Bag of Preparation":177,"Empty Cage":131,"Smiling Mask":309,"Burning Blood":0,"Dream Catcher":86,"Matryoshka":270,"FaceOfCleric":235,"Pantograph":37,"Tiny Chest":326,"WingedGreaves":241,"Red Skull":170,"Paper Frog":26,"Potion Belt":309,"Self Forming Clay":124,"Oddly Smooth Stone":152,"The Courier":53,"PreservedInsect":71,"Pen Nib":98,"Omamori":114,"MawBank":37,"Du-Vu Doll":14,"SlaversCollar":22,"Anchor":295,"Busted Crown":292,"Ornamental Fan":165,"Bird Faced Urn":14,"Bronze Scales":155,"Snecko Eye":62,"Mark of Pain":214,"Art of War":16,"Unceasing Top":11,"Toy Ornithopter":86,"FossilizedHelix":177,"Meat on the Bone":305}],"Burning Blood":368,"Meat on the Bone":12},"card_choices":[{"not_picked":["Wild Strike","Sever Soul"],"picked":"Twin Strike","floor":1.0},{"not_picked":["Clash","Wild Strike","Warcry"],"picked":"SKIP","floor":2.0},{"not_picked":["Dual Wield","Heavy Blade"],"picked":"Headbutt","floor":5.0},{"not_picked":["Evolve","Clothesline","Whirlwind"],"picked":"SKIP","floor":7.0},{"not_picked":["Twin Strike","Searing Blow","Perfected Strike"],"picked":"SKIP","floor":10.0},{"not_picked":["Juggernaut","Pommel Strike"],"picked":"Cleave","floor":11},{"not_picked":["Fire Breathing","Flex"],"picked":"Armaments","floor":12},{"not_picked":["Twin Strike","Anger","Hemokinesis"],"picked":"SKIP","floor":13},{"not_picked":["Flash of Steel","Impatience"],"picked":"Panacea","floor":14},{"not_picked":["Reaper","Feed"],"picked":"Impervious","floor":16},{"not_picked":["Twin Strike"],"picked":"SKIP","floor":18},{"not_picked":["Dual Wield"],"picked":"SKIP","floor":21},{"not_picked":["Carnage"],"picked":"SKIP","floor":24},{"not_picked":[],"picked":"Clothesline","floor":25},{"not_picked":["Evolve+1"],"picked":"SKIP","floor":27},{"not_picked":[],"picked":"Bloodletting+1","floor":29},{"not_picked":["Iron Wave"],"picked":"SKIP","floor":31}],"player_experience":659368,"relics_obtained":[{"floor":4.0,"key":"Bronze Scales"},{"floor":7.0,"key":"Lantern"},{"floor":9.0,"key":"Matryoshka"},{"floor":11,"key":"Regal Pillow"},{"floor":24,"key":"Meat on the Bone"},{"floor":26,"key":"Smiling Mask"},{"floor":26,"key":"Potion Belt"},{"floor":29,"key":"Tiny Chest"}],"event_choices":[{"damage_healed":0.0,"max_hp_gain":0.0,"max_hp_loss":0.0,"gold_gain":75.0,"event_name":"betterThird:BetterGoop","player_choice":"Gold","floor":3.0,"gold_loss":0.0,"damage_taken":11.0},{"damage_healed":0,"gold_gain":1,"player_choice":"1","damage_taken":0,"max_hp_gain":0,"max_hp_loss":0,"event_name":"betterStone:BetterStone","floor":14,"gold_loss":0},{"damage_healed":0,"gold_gain":0,"player_choice":"Simplicity","damage_taken":0,"max_hp_gain":0,"max_hp_loss":8,"event_name":"betterThird:BetterWriting","floor":20,"gold_loss":0},{"damage_healed":0,"gold_gain":0,"player_choice":"Bought 1 Potion","damage_taken":0,"max_hp_gain":0,"max_hp_loss":0,"event_name":"The Woman in Blue","floor":22,"gold_loss":0}],"is_beta":false,"boss_relics":[{"not_picked":["Runic Dome","Tiny House"],"picked":"Busted Crown"}],"items_purged_floors":[19],"is_endless":false,"potions_floor_spawned":[1,7,10,11,12,16,18,24,29,31],"killed_by":"Automaton","ascension_level":10}}