{"host":"c3lc60y5x60jlt1y","time":1611063533,"event":{"mods":["AchievementEnabler","BaseMod","Bestiary","Colored Map","Minty Spire (QoL Compilation)","Quick Restart","StSLib","ojb\u0027s Info Mod"],"gold_per_floor":[117,133,24,24,99,99,127,127,152,168,15,15,35,49,49,146,146,166,166,181,200,200,225,225,252,276,276,276,94,123,140,140,238,238,250,250,95,150,150,150,175,175,221,256,274,274,291,291,291,291,291,291,34,34,34],"floor_reached":54,"language":"ENG","playtime":4822,"items_purged":["Strike_B","Strike_B"],"score":1278,"play_id":"cc553808-41e9-46c9-bc09-650effe65ea7","local_time":"20210119153853","is_ascension_mode":true,"campfire_choices":[{"data":"Doom and Gloom","floor":6.0,"key":"SMITH"},{"data":"White Noise","floor":8.0,"key":"SMITH"},{"data":"Leap","floor":15.0,"key":"SMITH"},{"data":"Meteor Strike","floor":24.0,"key":"SMITH"},{"floor":27.0,"key":"REST"},{"floor":32.0,"key":"REST"},{"data":"Amplify","floor":40.0,"key":"SMITH"},{"data":"Strike_B+1","floor":42.0,"key":"PURGE"},{"floor":46.0,"key":"RECALL"},{"data":"Defend_B","floor":49.0,"key":"PURGE"},{"data":"Redo+1","floor":52,"key":"PURGE"}],"circlet_count":0,"master_deck":["AscendersBane","Zap","Dualcast","Go for the Eyes","Doom and Gloom+1","Self Repair","Meteor Strike","White Noise+1","Streamline","Multi-Cast","White Noise","Leap+1","Meteor Strike+1","Compile Driver","Undo+1","Amplify+1","Glacier","All For One","Creative AI","Coolheaded+1","BootSequence+1","Auto Shields"],"relics":["Cracked Core","NeowsBlessing","Pen Nib","Snecko Eye","Nloth\u0027s Gift","Bottled Lightning","Lantern","Whetstone","White Beast Statue","Astrolabe","Bag of Marbles","Peace Pipe","Blood Vial","Bronze Scales","Lizard Tail","Shuriken"],"acts_visited":["Exordium","TheCity","TheBeyond","TheEnding"],"potions_floor_usage":[50,50],"damage_taken":[{"damage":0.0,"enemies":"Cultist","floor":1.0,"turns":1.0},{"damage":0.0,"enemies":"Jaw Worm","floor":2.0,"turns":1.0},{"damage":0.0,"enemies":"3 Sentries","floor":7.0,"turns":1.0},{"damage":3.0,"enemies":"2 Louse","floor":10.0,"turns":3.0},{"damage":0.0,"enemies":"Lots of Slimes","floor":13.0,"turns":2.0},{"damage":3.0,"enemies":"Blue Slaver","floor":14.0,"turns":3.0},{"damage":42.0,"enemies":"The Guardian","floor":16.0,"turns":13.0},{"damage":6.0,"enemies":"3 Byrds","floor":18.0,"turns":3.0},{"damage":17.0,"enemies":"2 Thieves","floor":20.0,"turns":3.0},{"damage":0.0,"enemies":"Snake Plant","floor":21.0,"turns":1.0},{"damage":18.0,"enemies":"Gremlin Leader","floor":23.0,"turns":5.0},{"damage":17.0,"enemies":"Slavers","floor":25.0,"turns":6.0},{"damage":0.0,"enemies":"Book of Stabbing","floor":30.0,"turns":4.0},{"damage":0.0,"enemies":"Cultist and Chosen","floor":31.0,"turns":3.0},{"damage":51.0,"enemies":"Champ","floor":33.0,"turns":9.0},{"damage":0.0,"enemies":"3 Shapes","floor":35.0,"turns":6.0},{"damage":0.0,"enemies":"2 Orb Walkers","floor":38.0,"turns":4.0},{"damage":0.0,"enemies":"Reptomancer","floor":41.0,"turns":3.0},{"damage":34.0,"enemies":"Nemesis","floor":44.0,"turns":7.0},{"damage":0.0,"enemies":"3 Darklings","floor":45.0,"turns":3.0},{"damage":0.0,"enemies":"Writhing Mass","floor":47.0,"turns":4.0},{"damage":56,"enemies":"Awakened One","floor":50,"turns":8},{"damage":116,"enemies":"Shield and Spear","floor":54,"turns":5}],"seed_played":"5010277856875423435","potions_obtained":[{"floor":2.0,"key":"Explosive Potion"},{"floor":13.0,"key":"ColorlessPotion"},{"floor":14.0,"key":"BlessingOfTheForge"},{"floor":20.0,"key":"Fire Potion"},{"floor":21.0,"key":"Fire Potion"},{"floor":25.0,"key":"ColorlessPotion"},{"floor":31.0,"key":"SpeedPotion"},{"floor":33.0,"key":"Swift Potion"},{"floor":35.0,"key":"CultistPotion"},{"floor":41.0,"key":"Regen Potion"},{"floor":44.0,"key":"Swift Potion"},{"floor":45.0,"key":"SkillPotion"},{"floor":47.0,"key":"FearPotion"}],"is_trial":false,"path_per_floor":["M","M","$","?","?","R","E","R","T","M","$","?","M","M","R","B",null,"M","?","M","M","?","E","R","E","T","R","?","$","E","M","R","B",null,"M","?","$","?","T","R","E","R","T","E","M","R","M","?","R","B",null,"R","$","E"],"character_chosen":"DEFECT","items_purchased":["Self Repair","Multi-Cast","Glacier","Bag of Marbles","Shuriken"],"campfire_rested":2,"item_purchase_floors":[3,11,29,37,53],"current_hp_per_floor":[68,68,68,68,57,57,57,57,57,61,61,61,68,65,65,33,65,59,59,42,42,42,24,24,14,14,36,22,22,22,29,53,9,62,69,69,69,76,76,76,76,76,76,49,51,51,60,60,60,13,60,60,60,0,0],"gold":34,"neow_bonus":"THREE_ENEMY_KILL","is_daily":false,"chose_seed":false,"campfire_upgraded":5,"win_rate":0.0,"timestamp":1611063533,"path_taken":["M","M","$","?","?","R","E","R","T","M","$","?","M","M","R","BOSS","M","?","M","?","?","E","R","E","T","R","?","?","E","M","R","BOSS","M","?","$","?","?","R","E","R","T","E","?","R","M","?","R","BOSS","R","$","E"],"items_purchased_type":["Card","Card","Card","Relic","Relic"],"build_version":"2020-12-22","purchased_purges":2,"victory":false,"max_hp_per_floor":[75,75,75,75,75,75,75,75,75,75,75,75,75,75,75,75,75,75,75,75,75,75,75,75,75,75,75,80,80,80,80,80,80,80,80,76,76,76,76,76,76,76,76,76,76,76,76,76,76,76,76,76,76,76,76],"card_choices":[{"not_picked":["Steam","Blizzard"],"picked":"Go for the Eyes","floor":1.0},{"not_picked":["Streamline","Aggregate"],"picked":"Doom and Gloom","floor":2.0},{"not_picked":["Ball Lightning","Static Discharge"],"picked":"White Noise","floor":7.0},{"not_picked":["Cold Snap","Redo"],"picked":"Streamline","floor":10.0},{"not_picked":["Ball Lightning","Redo"],"picked":"White Noise","floor":13.0},{"not_picked":["Consume","Conserve Battery"],"picked":"Leap","floor":14.0},{"not_picked":["Rainbow","Seek"],"picked":"Meteor Strike","floor":16.0},{"not_picked":["Ball Lightning","Scrape"],"picked":"Compile Driver","floor":18.0},{"not_picked":["Gash","Self Repair+1"],"picked":"Undo+1","floor":20.0},{"not_picked":["Coolheaded","Sweeping Beam","Rebound"],"picked":"SKIP","floor":21.0},{"not_picked":["Scrape","Chill"],"picked":"Amplify","floor":23.0},{"not_picked":["FTL","Seek","Hologram"],"picked":"SKIP","floor":25.0},{"not_picked":["Sweeping Beam","Stack"],"picked":"All For One","floor":30.0},{"not_picked":["Blizzard+1","Sweeping Beam","Loop"],"picked":"SKIP","floor":31.0},{"not_picked":["Electrodynamics","Buffer"],"picked":"Creative AI","floor":33.0},{"not_picked":["Aggregate+1","Rip and Tear"],"picked":"Auto Shields","floor":35.0},{"not_picked":["Tempest","Darkness","Self Repair"],"picked":"SKIP","floor":41.0},{"not_picked":["Amplify","Redo","Sweeping Beam"],"picked":"SKIP","floor":44.0},{"not_picked":["Rebound","Stack","Reinforced Body"],"picked":"SKIP","floor":45.0},{"not_picked":["Coolheaded","Rebound","Turbo"],"picked":"SKIP","floor":47.0}],"player_experience":8191632,"relics_obtained":[{"floor":7.0,"key":"Pen Nib"},{"floor":9.0,"key":"Orichalcum"},{"floor":23.0,"key":"Bottled Lightning"},{"floor":25.0,"key":"Lantern"},{"floor":26.0,"key":"Whetstone"},{"floor":30.0,"key":"White Beast Statue"},{"floor":38.0,"key":"Peace Pipe"},{"floor":41.0,"key":"Blood Vial"},{"floor":43.0,"key":"Bronze Scales"},{"floor":44.0,"key":"Lizard Tail"}],"event_choices":[{"damage_healed":0.0,"max_hp_gain":0.0,"max_hp_loss":0.0,"gold_gain":0.0,"cards_transformed":["Defend_B"],"event_name":"Living Wall","player_choice":"Change","floor":4.0,"gold_loss":0.0,"damage_taken":0.0,"cards_obtained":["Meteor Strike"]},{"damage_healed":0.0,"max_hp_gain":0.0,"max_hp_loss":0.0,"gold_gain":75.0,"event_name":"World of Goop","player_choice":"Gather Gold","floor":5.0,"gold_loss":0.0,"damage_taken":11.0},{"damage_healed":0.0,"max_hp_gain":0.0,"max_hp_loss":0.0,"gold_gain":0.0,"event_name":"Liars Game","player_choice":"Ignored","floor":12.0,"gold_loss":0.0,"damage_taken":0.0},{"damage_healed":0.0,"max_hp_gain":0.0,"max_hp_loss":0.0,"gold_gain":0.0,"event_name":"N\u0027loth","player_choice":"Traded Relic","floor":19.0,"relics_lost":["Orichalcum"],"gold_loss":0.0,"damage_taken":0.0,"relics_obtained":["Nloth\u0027s Gift"]},{"damage_healed":0.0,"max_hp_gain":0.0,"max_hp_loss":0.0,"gold_gain":0.0,"event_name":"The Library","player_choice":"Read","floor":22.0,"gold_loss":0.0,"damage_taken":0.0,"cards_obtained":["Streamline"]},{"damage_healed":0.0,"max_hp_gain":5.0,"max_hp_loss":0.0,"gold_gain":0.0,"event_name":"Forgotten Altar","player_choice":"Shed Blood","floor":28.0,"gold_loss":0.0,"damage_taken":19.0},{"damage_healed":0.0,"max_hp_gain":0.0,"max_hp_loss":4.0,"gold_gain":0.0,"event_name":"Winding Halls","player_choice":"Max HP","floor":36.0,"gold_loss":0.0,"damage_taken":0.0},{"damage_healed":0.0,"max_hp_gain":0.0,"max_hp_loss":0.0,"gold_gain":0.0,"event_name":"Mysterious Sphere","player_choice":"Fight","floor":38.0,"gold_loss":0.0,"damage_taken":0.0},{"cards_removed":["Streamline"],"damage_healed":0.0,"max_hp_gain":0.0,"max_hp_loss":0.0,"gold_gain":0.0,"event_name":"Falling","player_choice":"Removed Attack","floor":48.0,"gold_loss":0.0,"damage_taken":0.0}],"is_beta":false,"boss_relics":[{"not_picked":["Pandora\u0027s Box","SacredBark"],"picked":"Snecko Eye"},{"not_picked":["Cursed Key","Tiny House"],"picked":"Astrolabe"}],"items_purged_floors":[3,29],"is_endless":false,"potions_floor_spawned":[2,13,14,20,21,25,31,33,35,38,41,44,45,47],"killed_by":"Shield and Spear","ascension_level":12}}