{"host":"r53pw7z744tg3fxg","time":1611020642,"event":{"mods":["AchievementEnabler","BaseMod","Colored Map","Colored Powertips","Highlight Path","Minty Spire (QoL Compilation)","Quick Restart","Transform Curses"],"gold_per_floor":[110,124,81,97,97,97,132,132,132,167,167,185,248,248,248,323,323,343,356,356,31,31,31,56,56,56,56,0,0,20,37,37,37,37],"floor_reached":33,"language":"ENG","playtime":1150,"items_purged":[],"score":488,"play_id":"e1b1769d-0c50-4cbd-9792-aecc18953115","local_time":"20210118184402","is_ascension_mode":true,"campfire_choices":[{"floor":6.0,"key":"REST"},{"floor":8.0,"key":"REST"},{"data":"Devotion","floor":11.0,"key":"SMITH"},{"floor":15.0,"key":"REST"},{"floor":23.0,"key":"REST"},{"floor":25.0,"key":"REST"},{"data":"MasterReality","floor":27.0,"key":"SMITH"},{"data":"BattleHymn","floor":29.0,"key":"SMITH"},{"data":"Worship","floor":32.0,"key":"SMITH"}],"circlet_count":0,"master_deck":["AscendersBane","Strike_P+1","Strike_P+1","Strike_P+1","Defend_P+1","Defend_P+1","Defend_P+1","Defend_P+1","Eruption+1","Vigilance","Devotion+1","EmptyBody","FollowUp","Worship+1","WheelKick","PathToVictory","BattleHymn+1","FlurryOfBlows","MasterReality+1","ReachHeaven","BowlingBash","LessonLearned","Ragnarok","Protect","ClearTheMind+1","Sanctity"],"relics":["PureWater","Bottled Lightning","Eternal Feather","Yang","Meat on the Bone","VioletLotus","Enchiridion","ClockworkSouvenir","Question Card","Bronze Scales"],"acts_visited":["Exordium","TheCity"],"potions_floor_usage":[33],"damage_taken":[{"damage":2.0,"enemies":"Jaw Worm","floor":1.0,"turns":6.0},{"damage":10.0,"enemies":"2 Louse","floor":2.0,"turns":4.0},{"damage":10.0,"enemies":"Small Slimes","floor":4.0,"turns":6.0},{"damage":13.0,"enemies":"Lagavulin","floor":7.0,"turns":5.0},{"damage":15.0,"enemies":"3 Sentries","floor":10.0,"turns":6.0},{"damage":8.0,"enemies":"3 Louse","floor":12.0,"turns":4.0},{"damage":14.0,"enemies":"3 Sentries","floor":13.0,"turns":4.0},{"damage":8.0,"enemies":"The Guardian","floor":16.0,"turns":6.0},{"damage":22.0,"enemies":"3 Byrds","floor":18.0,"turns":5.0},{"damage":1.0,"enemies":"Spheric Guardian","floor":19.0,"turns":3.0},{"damage":48.0,"enemies":"Book of Stabbing","floor":24.0,"turns":5.0},{"damage":37.0,"enemies":"Snake Plant","floor":30.0,"turns":5.0},{"damage":10.0,"enemies":"Shelled Parasite and Fungi","floor":31.0,"turns":3.0},{"damage":72,"enemies":"Collector","floor":33,"turns":7}],"seed_played":"-5961227681945207792","potions_obtained":[{"floor":7.0,"key":"EntropicBrew"},{"floor":10.0,"key":"StancePotion"},{"floor":12.0,"key":"Fire Potion"},{"floor":18.0,"key":"Energy Potion"},{"floor":30.0,"key":"EssenceOfSteel"},{"floor":31.0,"key":"Block Potion"}],"is_trial":false,"path_per_floor":["M","M","?","M","?","R","E","R","T","E","R","M","?","?","R","B",null,"M","M","?","$","?","R","E","R","T","R","$","R","M","M","R","B"],"character_chosen":"WATCHER","items_purchased":["ClockworkSouvenir","LessonLearned","Protect"],"campfire_rested":5,"item_purchase_floors":[21,21,28],"current_hp_per_floor":[41,31,31,21,21,41,28,48,48,33,42,34,20,20,49,41,61,39,38,17,17,17,49,13,45,45,57,57,68,43,45,60,0,0],"gold":37,"neow_bonus":"THREE_RARE_CARDS","is_daily":false,"chose_seed":false,"campfire_upgraded":4,"win_rate":0.0,"timestamp":1611020642,"path_taken":["M","M","?","M","?","R","E","R","T","E","R","M","?","?","R","BOSS","M","?","?","$","?","R","E","R","T","R","$","R","M","M","R","BOSS"],"items_purchased_type":["Relic","Card","Card"],"build_version":"2020-12-22","purchased_purges":0,"victory":false,"max_hp_per_floor":[68,68,68,68,68,68,68,68,68,68,68,68,68,68,68,68,68,68,68,68,68,68,68,68,68,68,68,68,68,68,68,68,68,68],"card_choices":[{"not_picked":["Establishment","Omniscience"],"picked":"Devotion","floor":0.0},{"not_picked":["FlurryOfBlows","Halt"],"picked":"EmptyBody","floor":1.0},{"not_picked":["Protect","Tantrum"],"picked":"FollowUp","floor":2.0},{"not_picked":["Crescendo","WreathOfFlame"],"picked":"Worship","floor":4.0},{"not_picked":["Evaluate","JustLucky"],"picked":"WheelKick","floor":7.0},{"not_picked":["EmptyMind","SignatureMove"],"picked":"PathToVictory","floor":10.0},{"not_picked":["Pray","SashWhip"],"picked":"BattleHymn","floor":12.0},{"not_picked":["DevaForm","Omniscience"],"picked":"MasterReality","floor":16.0},{"not_picked":["Worship+1","FlurryOfBlows+1"],"picked":"ReachHeaven","floor":18.0},{"not_picked":["WheelKick","CarveReality"],"picked":"BowlingBash","floor":19.0},{"not_picked":["InnerPeace","DevaForm"],"picked":"Ragnarok","floor":24.0},{"not_picked":["FollowUp+1","FlyingSleeves","Evaluate"],"picked":"ClearTheMind+1","floor":30.0},{"not_picked":["Swivel","Halt","ThirdEye"],"picked":"Sanctity","floor":31.0}],"player_experience":1303781,"relics_obtained":[{"floor":7.0,"key":"Bottled Lightning"},{"floor":9.0,"key":"Eternal Feather"},{"floor":10.0,"key":"Yang"},{"floor":13.0,"key":"Meat on the Bone"},{"floor":20.0,"key":"Enchiridion"},{"floor":24.0,"key":"Question Card"},{"floor":26.0,"key":"Bronze Scales"}],"event_choices":[{"damage_healed":0.0,"max_hp_gain":0.0,"max_hp_loss":0.0,"gold_gain":0.0,"event_name":"World of Goop","player_choice":"Left Gold","floor":3.0,"gold_loss":43.0,"damage_taken":0.0},{"damage_healed":0.0,"max_hp_gain":0.0,"max_hp_loss":0.0,"gold_gain":0.0,"event_name":"Living Wall","player_choice":"Grow","floor":5.0,"gold_loss":0.0,"damage_taken":0.0,"cards_upgraded":["Eruption"]},{"damage_healed":0.0,"max_hp_gain":0.0,"max_hp_loss":0.0,"gold_gain":0.0,"event_name":"Dead Adventurer","player_choice":"Searched \u00272\u0027 times","floor":13.0,"gold_loss":0.0,"damage_taken":0.0},{"damage_healed":0.0,"max_hp_gain":0.0,"max_hp_loss":0.0,"gold_gain":0.0,"cards_transformed":["Strike_P"],"event_name":"Transmorgrifier","player_choice":"Transformed","floor":14.0,"gold_loss":0.0,"damage_taken":0.0,"cards_obtained":["FlurryOfBlows"]},{"damage_healed":0.0,"max_hp_gain":0.0,"max_hp_loss":0.0,"gold_gain":0.0,"event_name":"Cursed Tome","player_choice":"Obtained Book","floor":20.0,"gold_loss":0.0,"damage_taken":21.0},{"damage_healed":0.0,"max_hp_gain":0.0,"max_hp_loss":0.0,"gold_gain":0.0,"event_name":"Back to Basics","player_choice":"Simplicity","floor":22.0,"gold_loss":0.0,"damage_taken":0.0,"cards_upgraded":["Strike_P","Strike_P","Strike_P","Defend_P","Defend_P","Defend_P","Defend_P"]}],"is_beta":false,"boss_relics":[{"not_picked":["SacredBark","Astrolabe"],"picked":"VioletLotus"}],"items_purged_floors":[],"is_endless":false,"potions_floor_spawned":[7,10,12,18,30,31],"killed_by":"Collector","ascension_level":16}}