{"host":"ifrtxrfi0kt9ye6r","time":1611035271,"event":{"mods":["Act Like it!","BaseMod","BetterRewards","Friendly Minions","Gensokyo","Hubris","Infinite Spire","Koishi","Marisa£¨Ùöéë¡¡Øª×âÞÞ£©","Minty Spire (QoL Compilation)","Replay The Spire","StSLib","The Animator"],"gold_per_floor":[109,128,24,24,54,54,72,72,72,72,72],"floor_reached":10,"language":"ENG","playtime":809,"items_purged":[],"score":67,"play_id":"854521df-5d3e-49ab-84d0-90f5d47fcd11","local_time":"20210119144751","is_ascension_mode":true,"campfire_choices":[{"data":"animator:MamizouFutatsuiwa","floor":6,"key":"SMITH"},{"floor":8,"key":"REST"}],"circlet_count":0,"master_deck":["animator:Strike_LogHorizon","animator:Defend_LogHorizon","animator:Strike","animator:Strike","animator:Strike","animator:Defend","animator:Defend","animator:Defend","animator:Tohya","animator:Minori","animator:MamizouFutatsuiwa+1","Gensokyo:MysteriousEgg","animator:Sonic+1","animator:IzunaHatsuse"],"relics":["animator:LivingPicture","animator:TheMissingPiece","hubris:DeckOfHolding"],"acts_visited":["Gensokyo:Gensokyo"],"potions_floor_usage":[],"damage_taken":[{"damage":19,"enemies":"Gensokyo:Gryphon","floor":1,"turns":4},{"damage":13,"enemies":"Gensokyo:Python","floor":2,"turns":5},{"damage":4,"enemies":"Gensokyo:3_Fairies","floor":5,"turns":6},{"damage":24,"enemies":"Gensokyo:3_Kodama","floor":7,"turns":13},{"damage":33,"enemies":"Gensokyo:Cirno","floor":10,"turns":8}],"seed_played":"2162352989908973953","potions_obtained":[{"floor":2,"key":"Strength Potion"}],"is_trial":false,"path_per_floor":["M","M","COS","?","M","R","M","R","T","E"],"character_chosen":"THE_ANIMATOR","items_purchased":[],"campfire_rested":1,"item_purchase_floors":[],"current_hp_per_floor":[47,34,34,40,36,36,12,33,33,0,0],"gold":72,"neow_bonus":"RANDOM_COLORLESS","is_daily":false,"chose_seed":true,"campfire_upgraded":1,"win_rate":0.0,"timestamp":1611035271,"path_taken":["M","M","COS","?","?","R","M","R","T","E"],"items_purchased_type":[],"build_version":"2020-12-22","purchased_purges":0,"victory":false,"max_hp_per_floor":[66,66,66,72,72,72,72,72,72,72,72],"card_choices":[{"not_picked":["animator:Urushihara","animator:Cirno"],"picked":"animator:MamizouFutatsuiwa","floor":0},{"not_picked":["animator:Tatsumaki","animator:Millim","animator:Viivi"],"picked":"SKIP","floor":1},{"not_picked":["animator:Emonzaemon","animator:UneriGinkaku","animator:Azekura"],"picked":"SKIP","floor":2},{"not_picked":["animator:SilverFang+1","animator:Millim+1"],"picked":"animator:Sonic+1","floor":5},{"not_picked":["animator:ChlammyZell","animator:RundelhausCode","animator:Viivi"],"picked":"SKIP","floor":5},{"not_picked":["animator:DolaSchwi","animator:FielNirvalen"],"picked":"animator:IzunaHatsuse","floor":7}],"player_experience":306104,"relics_obtained":[{"floor":9,"key":"hubris:DeckOfHolding"}],"event_choices":[],"is_beta":false,"boss_relics":[],"items_purged_floors":[],"is_endless":false,"potions_floor_spawned":[2],"killed_by":"Gensokyo:Cirno","ascension_level":3}}