{"host":"ertz0a1vw3taca14","time":1611042551,"event":{"mods":["BaseMod","Downfall","KinomotoSakuraMod(ƒæ÷Æ±æ”£)","Luminous","Marisa£®ÏF”Í°°ƒß¿Ì…≥£©","Minty Spire (QoL Compilation)","Remilia£®¿Ÿ√◊¿Ú—«£©","StSLib","The Administrix","The Servant 0.9.4","Yakumo Yukari mod","Youmu£®ªÍ∆«—˝√Œ£©","Yuyuko"],"gold_per_floor":[112,112,123,140,71,71,99,99,126,137,186,214,232,263,263,263,263],"floor_reached":16,"language":"ZHS","playtime":675,"items_purged":[],"score":110,"play_id":"a46587c2-5a07-4b4c-a054-41cd67bbd8f1","local_time":"20210119154911","is_ascension_mode":false,"campfire_choices":[{"data":"HumanGodSword","floor":6,"key":"SMITH"},{"data":"TenKingsRetributionOnThePreta","floor":8,"key":"SMITH"},{"floor":15,"key":"REST"}],"circlet_count":0,"master_deck":["Strike_YM","Strike_YM","Strike_YM","Defend_YM","Defend_YM","Defend_YM","Defend_YM","SlashOfPresentWorld","WheelOfPainOfLivingAndDead","CrescentMoonSlash","HiganSword","LifeCuttingSword","HumanGodSword+1","TenKingsRetributionOnThePreta+1","CherryBlossomFlashing","ThoughtCuttingSword","CherryBlossomSword","SwordExtraction","HiganSword"],"relics":["HalfPhantom","NeowsBlessing","Dream Catcher","PreservedInsect","Odd Mushroom","Akabeko"],"acts_visited":["Exordium"],"potions_floor_usage":[7,7,10,13],"damage_taken":[{"damage":0,"enemies":"2 Louse","floor":1,"turns":1},{"damage":0,"enemies":"Jaw Worm","floor":3,"turns":1},{"damage":0,"enemies":"Cultist","floor":4,"turns":1},{"damage":14,"enemies":"Gremlin Nob","floor":7,"turns":4},{"damage":3,"enemies":"Red Slaver","floor":10,"turns":4},{"damage":7,"enemies":"The Mushroom Lair","floor":12,"turns":3},{"damage":9,"enemies":"2 Fungi Beasts","floor":13,"turns":4},{"damage":20,"enemies":"Lagavulin","floor":14,"turns":6},{"damage":39,"enemies":"Slime Boss","floor":16,"turns":5}],"seed_played":"952372173315890923","potions_obtained":[{"floor":3,"key":"champ:CounterPotion"},{"floor":4,"key":"Energy Potion"},{"floor":7,"key":"GamblersBrew"},{"floor":12,"key":"AttackPotion"}],"is_trial":false,"path_per_floor":["M","?","M","M","$","R","E","R","T","M","T","?","M","E","R","B"],"character_chosen":"YOUMU","items_purchased":["HumanGodSword"],"campfire_rested":1,"item_purchase_floors":[5],"current_hp_per_floor":[75,68,68,68,68,68,54,54,54,51,51,44,35,15,37,0,0],"gold":263,"neow_bonus":"THREE_ENEMY_KILL","is_daily":false,"chose_seed":false,"campfire_upgraded":2,"win_rate":0.0,"timestamp":1611042551,"path_taken":["M","?","M","M","$","R","E","R","T","M","?","?","M","E","R","BOSS"],"items_purchased_type":["Card"],"build_version":"2020-12-22","purchased_purges":0,"victory":false,"max_hp_per_floor":[75,75,75,75,75,75,75,75,75,75,75,75,75,75,75,75,75],"card_choices":[{"not_picked":["SwordOfBindingDesires","SlashOfMeditation"],"picked":"CrescentMoonSlash","floor":1},{"not_picked":["SlashOfMeditation","ObsessionWithThePresentWorld"],"picked":"HiganSword","floor":3},{"not_picked":["FlashingScatteredFlowers","HesitationCuttingSword"],"picked":"LifeCuttingSword","floor":4},{"not_picked":["BloodOfAsura","GhostSword"],"picked":"TenKingsRetributionOnThePreta","floor":7},{"not_picked":["HumanKnowledgeSword","LifeCuttingSword"],"picked":"CherryBlossomFlashing","floor":10},{"not_picked":["HumanKnowledgeSword","SlashOfMeditation"],"picked":"ThoughtCuttingSword","floor":12},{"not_picked":["LowerRealmReflectionSlash","HumanKnowledgeSword"],"picked":"CherryBlossomSword","floor":13},{"not_picked":["DispleasureOfTheSevenHakus","HumanGodSword"],"picked":"SwordExtraction","floor":14},{"not_picked":["ConstancyOfTheConventionalTruth","LifeCuttingSword"],"picked":"HiganSword","floor":15}],"player_experience":157871,"relics_obtained":[{"floor":7,"key":"Dream Catcher"},{"floor":11,"key":"PreservedInsect"},{"floor":12,"key":"Odd Mushroom"},{"floor":14,"key":"Akabeko"}],"event_choices":[{"cards_removed":["Strike_YM"],"damage_healed":0,"gold_gain":0,"player_choice":"Card Removal","damage_taken":7,"max_hp_gain":0,"max_hp_loss":0,"event_name":"Golden Wing","floor":2,"gold_loss":0},{"damage_healed":0,"gold_gain":0,"player_choice":"Fought Mushrooms","damage_taken":0,"max_hp_gain":0,"max_hp_loss":0,"event_name":"Mushrooms","floor":12,"gold_loss":0}],"is_beta":false,"boss_relics":[],"items_purged_floors":[],"is_endless":false,"potions_floor_spawned":[3,4,7,12],"killed_by":"Slime Boss","ascension_level":0}}