{"host":"nbmmy2ys5j9alw05","time":1611059779,"event":{"mods":["AchievementEnabler","BaseMod","Bestiary","Better Vampires","Colored Map","Colored Powertips","Googly Eyes","Minty Spire (QoL Compilation)","Quick Restart","StSLib","The Hierophant","The IronCluck","everything is the same but u backflip on backflip"],"gold_per_floor":[110,127,127,139,139,139,165,34,83,83,83,83,97,111,111,214,214,231,231,251,350,361,361,361,371,451,35,72,13,36,55,55,55,55],"floor_reached":33,"language":"ENG","playtime":1038,"items_purged":[],"score":423,"play_id":"ce8831e1-1528-4422-be09-1b2a96e6f712","local_time":"20210119043619","is_ascension_mode":true,"campfire_choices":[{"data":"Perfected Strike","floor":6,"key":"SMITH"},{"data":"Perfected Strike","floor":10,"key":"SMITH"},{"data":"Bash","floor":12,"key":"SMITH"},{"floor":15,"key":"REST"},{"floor":23,"key":"REST"},{"floor":32,"key":"REST"}],"circlet_count":0,"master_deck":["Strike_R","Strike_R","Strike_R","Strike_R","Strike_R","Defend_R","Defend_R","Defend_R","Bash+1","Perfected Strike+1","Headbutt","Hemokinesis","Thunderclap","Perfected Strike+1","Perfected Strike","Demon Form","Flex","Burning Pact+1","Power Through","Dual Wield","Shrug It Off","Seeing Red+1"],"relics":["Burning Blood","MealTicket","PreservedInsect","Pen Nib","Empty Cage","Self Forming Clay","Brimstone","Bottled Lightning","CeramicFish"],"acts_visited":["Exordium","TheCity"],"potions_floor_usage":[16,16,16,18,25,31,33],"damage_taken":[{"damage":15,"enemies":"Small Slimes","floor":1,"turns":4},{"damage":4,"enemies":"2 Louse","floor":2,"turns":3},{"damage":14,"enemies":"Jaw Worm","floor":4,"turns":3},{"damage":42,"enemies":"Lagavulin","floor":7,"turns":4},{"damage":0,"enemies":"Large Slime","floor":13,"turns":3},{"damage":8,"enemies":"Blue Slaver","floor":14,"turns":2},{"damage":53,"enemies":"Hexaghost","floor":16,"turns":8},{"damage":24,"enemies":"2 Thieves","floor":18,"turns":3},{"damage":6,"enemies":"Spheric Guardian","floor":20,"turns":3},{"damage":38,"enemies":"Snake Plant","floor":22,"turns":3},{"damage":21,"enemies":"Cultist and Chosen","floor":25,"turns":4},{"damage":42,"enemies":"Gremlin Leader","floor":28,"turns":4},{"damage":0,"enemies":"Snecko","floor":30,"turns":2},{"damage":12,"enemies":"Snake Plant","floor":31,"turns":3},{"damage":54,"enemies":"Collector","floor":33,"turns":3}],"seed_played":"7219260792132366006","potions_obtained":[{"floor":1,"key":"Dexterity Potion"},{"floor":7,"key":"Weak Potion"},{"floor":14,"key":"Dexterity Potion"},{"floor":16,"key":"SteroidPotion"},{"floor":22,"key":"PowerPotion"},{"floor":30,"key":"SteroidPotion"},{"floor":31,"key":"Energy Potion"}],"is_trial":false,"path_per_floor":["M","M","?","M","?","R","E","$","T","R","?","R","M","M","R","B",null,"M","?","M","?","M","R","?","M","T","$","E","$","M","M","R","B"],"character_chosen":"IRONCLAD","items_purchased":["Perfected Strike","Rupture","Brimstone","Bottled Lightning","Dual Wield"],"campfire_rested":3,"item_purchase_floors":[8,8,27,27,29],"current_hp_per_floor":[63,65,70,62,62,62,26,41,41,41,41,41,47,45,70,23,70,52,52,52,52,20,45,45,30,30,45,9,24,30,24,49,0,0],"gold":55,"neow_bonus":"RANDOM_COMMON_RELIC","is_daily":false,"chose_seed":false,"campfire_upgraded":3,"win_rate":0.0,"timestamp":1611059779,"path_taken":["M","M","?","M","?","R","E","$","T","R","?","R","M","M","R","BOSS","M","?","M","?","M","R","?","M","T","?","E","?","M","?","R","BOSS"],"items_purchased_type":["Card","Card","Relic","Relic","Card"],"build_version":"2020-12-22","purchased_purges":0,"victory":false,"max_hp_per_floor":[80,80,85,85,85,85,85,85,85,85,85,85,85,85,85,85,85,85,85,85,85,85,85,85,85,85,85,85,85,85,85,85,85,85],"card_choices":[{"not_picked":["Second Wind","Pommel Strike"],"picked":"Perfected Strike","floor":1},{"not_picked":["Dual Wield","Body Slam"],"picked":"Headbutt","floor":2},{"not_picked":["Clash","Anger"],"picked":"Hemokinesis","floor":4},{"not_picked":["Feel No Pain","Heavy Blade"],"picked":"Thunderclap","floor":7},{"not_picked":["Dual Wield","Juggernaut"],"picked":"Perfected Strike","floor":13},{"not_picked":["Cleave","Rage","Heavy Blade"],"picked":"SKIP","floor":14},{"not_picked":["Reaper","Impervious"],"picked":"Demon Form","floor":16},{"not_picked":["Feel No Pain+1","Clash"],"picked":"Flex","floor":18},{"not_picked":["Feel No Pain+1","Sword Boomerang+1"],"picked":"Burning Pact+1","floor":20},{"not_picked":["Rampage","Clothesline","Clash+1"],"picked":"SKIP","floor":22},{"not_picked":["Wild Strike+1","Anger","Infernal Blade"],"picked":"SKIP","floor":25},{"not_picked":["Body Slam","Spot Weakness+1"],"picked":"Power Through","floor":28},{"not_picked":["Clothesline","Intimidate"],"picked":"Shrug It Off","floor":30},{"not_picked":["Rupture+1","Reckless Charge"],"picked":"Seeing Red+1","floor":31}],"player_experience":472608,"relics_obtained":[{"floor":7,"key":"PreservedInsect"},{"floor":9,"key":"Pen Nib"},{"floor":26,"key":"Self Forming Clay"},{"floor":28,"key":"CeramicFish"}],"event_choices":[{"damage_healed":0,"gold_gain":0,"player_choice":"Donut","damage_taken":0,"max_hp_gain":5,"max_hp_loss":0,"event_name":"Big Fish","floor":3,"gold_loss":0},{"damage_healed":0,"gold_gain":0,"player_choice":"Ignored","damage_taken":0,"max_hp_gain":0,"max_hp_loss":0,"event_name":"Liars Game","floor":5,"gold_loss":0},{"damage_healed":0,"gold_gain":0,"player_choice":"Fled","damage_taken":0,"max_hp_gain":0,"max_hp_loss":0,"event_name":"Scrap Ooze","floor":11,"gold_loss":0},{"damage_healed":0,"gold_gain":0,"player_choice":"Ignored","damage_taken":0,"max_hp_gain":0,"max_hp_loss":0,"event_name":"The Mausoleum","floor":19,"gold_loss":0},{"damage_healed":0,"gold_gain":99,"player_choice":"Stole From Cult","damage_taken":0,"max_hp_gain":0,"max_hp_loss":0,"event_name":"Nest","floor":21,"gold_loss":0},{"damage_healed":0,"gold_gain":0,"player_choice":"Ignored","damage_taken":0,"max_hp_gain":0,"max_hp_loss":0,"event_name":"Beggar","floor":24,"gold_loss":0}],"is_beta":false,"boss_relics":[{"not_picked":["Runic Dome","Coffee Dripper"],"picked":"Empty Cage"}],"items_purged_floors":[],"is_endless":false,"potions_floor_spawned":[1,7,14,16,22,30,31],"killed_by":"Collector","ascension_level":9}}