{"host":"2zc57igszyqgae0y","time":1611037210,"event":{"mods":["ATMod(°¢èªMod)","Act Like it!","Aspiration","BaseMod","CapriCore","Gensokyo","GifTheSpireLib","Minty Spire (QoL Compilation)","Quick Restart","Rare Cards Sparkle","Replay The Spire","RumiaBox-Â¶Ã×æ«µÄÉñÃØºÐ×Ó","SIMod","Shop Mod","StSLib","The Administrix","[IsaacMod]ÒÔÈö¼âËþ","vexMod"],"gold_per_floor":[113,63,83,8,24,24,37,63,63,75,101,101,116,131,131,231,231,249,249,261,281,301,301,301],"floor_reached":23,"language":"ZHS","playtime":773,"items_purged":["Defend_B"],"score":339,"play_id":"8faec59b-5df6-4fb8-bc0e-093934cac8e8","local_time":"20210119142010","is_ascension_mode":true,"campfire_choices":[{"data":"AT_FamilyPortrait","floor":6.0,"key":"SMITH"},{"data":"Crystallizer","floor":12,"key":"SMITH"},{"floor":15,"key":"REST"}],"circlet_count":0,"master_deck":["Strike_B","Strike_B","Strike_B","Defend_B","Defend_B","Defend_B","Zap","Dualcast","DoctorFetus","AT_FamilyPortrait+1","Glacier","Crystallizer+1","ReplayTheSpireMod:Calculation Training+1","Turbo","Reboot","Coolheaded","Conserve Battery","Undo+1","AT_DarkMatter"],"relics":["Cracked Core","HushsDoor","AT_ATBox","GuppysHead","Vajra","AT_ForceNature","ReplayFunnel","vexMod:BigBerry"],"acts_visited":["Exordium","TheCity"],"potions_floor_usage":[16,16,16,22,22,22,22,23,23,23],"damage_taken":[{"damage":7.0,"enemies":"Small Slimes","floor":1.0,"turns":2.0},{"damage":4.0,"enemies":"Jaw Worm","floor":3.0,"turns":3.0},{"damage":1.0,"enemies":"Cultist","floor":5.0,"turns":3.0},{"damage":1.0,"enemies":"Exordium Thugs","floor":7.0,"turns":4.0},{"damage":0.0,"enemies":"3 Sentries","floor":8.0,"turns":1.0},{"damage":28,"enemies":"Lots of Slimes","floor":10,"turns":4},{"damage":1,"enemies":"Looter","floor":13,"turns":2},{"damage":7,"enemies":"Blue Slaver","floor":14,"turns":4},{"damage":33,"enemies":"The Guardian","floor":16,"turns":7},{"damage":13,"enemies":"Spheric Guardian","floor":18,"turns":4},{"damage":14,"enemies":"3 Byrds","floor":20,"turns":5},{"damage":23,"enemies":"Centurion and Healer","floor":21,"turns":7},{"damage":23,"enemies":"Sentry and Sphere","floor":22,"turns":4},{"damage":34,"enemies":"Slavers","floor":23,"turns":1}],"seed_played":"4994179701957364407","potions_obtained":[{"floor":1.0,"key":"EssenceOfSteel"},{"floor":10,"key":"FocusPotion"},{"floor":14,"key":"Energy Potion"},{"floor":16,"key":"Flashbang"},{"floor":18,"key":"FearPotion"},{"floor":20,"key":"EntropicBrew"},{"floor":22,"key":"Venom Potion"}],"is_trial":false,"path_per_floor":["M","?","M","$","M","R","M","E","T","M","T","R","M","M","R","B",null,"M","?","M","M","M","E"],"character_chosen":"DEFECT","items_purchased":[],"campfire_rested":1,"item_purchase_floors":[],"current_hp_per_floor":[68,68,64,64,63,63,62,62,62,34,34,34,33,29,54,21,99,86,86,72,49,26,0,0],"gold":301,"neow_bonus":"TEN_PERCENT_HP_BONUS","is_daily":false,"chose_seed":false,"campfire_upgraded":2,"win_rate":0.0,"timestamp":1611037210,"path_taken":["M","?","M","$","?","R","M","E","T","M","?","R","?","M","R","BOSS","M","?","M","M","M","E"],"items_purchased_type":[],"build_version":"2020-12-22","purchased_purges":1,"victory":false,"max_hp_per_floor":[82,82,82,82,82,82,82,82,82,82,82,82,82,85,85,85,115,115,115,115,115,115,115,115],"card_choices":[{"not_picked":[],"picked":"DoctorFetus","floor":0.0},{"not_picked":["BootSequence","ReplayTheSpireMod:Reroute Power"],"picked":"Bomb","floor":1.0},{"not_picked":["Beam Cell","Redo","Leap"],"picked":"SKIP","floor":3.0},{"not_picked":["ReplayGash","Static Discharge"],"picked":"Glacier","floor":5.0},{"not_picked":["Leap","Lockon","Gash"],"picked":"SKIP","floor":7.0},{"not_picked":["Hyperbeam","Panic Button"],"picked":"Crystallizer","floor":8.0},{"not_picked":["Barrage","AT_HeatAcrobatics","Go for the Eyes"],"picked":"SKIP","floor":10},{"not_picked":["Compile Driver","Hologram"],"picked":"ReplayTheSpireMod:Calculation Training","floor":13},{"not_picked":["Undo","ReplayGash"],"picked":"Turbo","floor":14},{"not_picked":["Buffer","Fission"],"picked":"Reboot","floor":16},{"not_picked":["Static Discharge","Barrage","Rebound"],"picked":"SKIP","floor":18},{"not_picked":["AT_HeatAcrobatics","Go for the Eyes"],"picked":"Conserve Battery","floor":20},{"not_picked":["Doom and Gloom+1","Cold Snap+1"],"picked":"Undo+1","floor":21},{"not_picked":["Barrage","Streamline"],"picked":"AT_DarkMatter","floor":22}],"player_experience":290745,"relics_obtained":[{"floor":8.0,"key":"Vajra"},{"floor":9.0,"key":"AT_ForceNature"},{"floor":11,"key":"ReplayFunnel"}],"event_choices":[{"cards_removed":["Strike_B"],"damage_healed":0.0,"max_hp_gain":0.0,"max_hp_loss":0.0,"gold_gain":0.0,"event_name":"The Cleric","player_choice":"Card Removal","floor":2.0,"gold_loss":50.0,"damage_taken":0.0},{"damage_healed":0,"gold_gain":0,"player_choice":"Read","damage_taken":0,"max_hp_gain":0,"max_hp_loss":0,"event_name":"The Library","floor":19,"gold_loss":0,"cards_obtained":["Coolheaded"]}],"is_beta":false,"boss_relics":[{"not_picked":["vexMod:CursedCompass","Replay:Wanted Poster"],"picked":"vexMod:BigBerry"},{"not_picked":[]}],"items_purged_floors":[4],"is_endless":false,"potions_floor_spawned":[1,10,14,16,18,20,22],"killed_by":"Slavers","ascension_level":6}}