{"host":"8efry9zhj4tjp5kw","time":1611085507,"event":{"mods":["Act Like it!","Aspiration","Bard","BaseMod","Beaked The Cultist","Colored Map","Colored Powertips","Conspire","Downfall","Glutton Mod","Halation","Hallownest","Hermit","Highlight Path","Hubris","Infinite Spire","Jedi Mod","Jorbs\u0027s Wanderer Trilogy","Koishi","Mad Scientist","Marisa????????","Mimic Mod","Minty Spire (QoL Compilation)","Reworked Bosses","Shop Mod","StSLib","The Administrix","The Construct","The Disciple","The Elementalist","The Factory","The Jungle","The Mystic","The Necromancer","The Runesmith","The Servant 0.9.4","Unceasing Turn Reminder"],"gold_per_floor":[99,115,25,36,48,48,48,33,83,115,115,130,130,15,35,130,130,130,130,155,170,104,114,137,137,147,147,164,180,180,210,230,329,329,329,331,331,331],"floor_reached":36,"language":"ENG","playtime":2694,"items_purged":["bronze:Strike","bronze:Strike"],"score":467,"play_id":"237b51d2-b5cf-42cc-9c22-0591fcecead2","local_time":"20210119204507","is_ascension_mode":true,"campfire_choices":[{"data":"bronze:Replicate","floor":1.0,"key":"SMITH"},{"data":"bronze:Flail","floor":13.0,"key":"SMITH"},{"data":"bronze:Separator","floor":18.0,"key":"SMITH"},{"floor":25.0,"key":"REST"},{"floor":30.0,"key":"REST"},{"data":"bronze:Hardcode","floor":35.0,"key":"SMITH"}],"circlet_count":0,"master_deck":["bronze:Defend","bronze:Defend","bronze:Defend","bronze:Defend","bronze:Replicate+1","bronze:Goto+1","bronze:Refactor","bronze:Branch+1","bronze:Flail+1","bronze:Shield","bronze:Break","bronze:MaxOutput","bronze:Separator+1","bronze:NullPointer+1","bronze:WhirlingStrike","bronze:Constructor","Bite","Bite","Bite","Bite","Bite","bronze:Shell","bronze:Terminator+1","bronze:FollowUp","bronze:Hardcode+1"],"relics":["bronze:PlatinumCore","Toy Ornithopter","Mummified Hand","Ornamental Fan","beaked:MawFillet","aspiration:RitualStick","Pear","Dream Catcher","TungstenRod"],"acts_visited":["Exordium","TheCity","TheBeyond"],"potions_floor_usage":[],"damage_taken":[{"damage":0.0,"enemies":"Small Slimes","floor":2.0,"turns":2.0},{"damage":0.0,"enemies":"downfall:FleeingMerchant","floor":3.0,"turns":4.0},{"damage":7.0,"enemies":"Jaw Worm","floor":4.0,"turns":3.0},{"damage":1.0,"enemies":"Cultist","floor":5.0,"turns":4.0},{"damage":0.0,"enemies":"downfall:FleeingMerchant","floor":8.0,"turns":4.0},{"damage":6.0,"enemies":"Gremlin Nob","floor":10.0,"turns":3.0},{"damage":0.0,"enemies":"Blue Slaver","floor":12.0,"turns":4.0},{"damage":7.0,"enemies":"downfall:FleeingMerchant","floor":14.0,"turns":4.0},{"damage":11.0,"enemies":"Exordium Wildlife","floor":15.0,"turns":4.0},{"damage":47.0,"enemies":"WA_ARCHETYPE_RETAIN","floor":16.0,"turns":8.0},{"damage":24.0,"enemies":"Book of Stabbing","floor":20.0,"turns":5.0},{"damage":4.0,"enemies":"Shell Parasite","floor":21.0,"turns":3.0},{"damage":0.0,"enemies":"downfall:FleeingMerchant","floor":22.0,"turns":4.0},{"damage":23.0,"enemies":"Snecko","floor":23.0,"turns":6.0},{"damage":15.0,"enemies":"Snake Plant","floor":26.0,"turns":5.0},{"damage":10.0,"enemies":"Shelled Parasite and Fungi","floor":28.0,"turns":5.0},{"damage":16.0,"enemies":"Sentry and Sphere","floor":29.0,"turns":5.0},{"damage":25.0,"enemies":"Gremlin Leader","floor":31.0,"turns":6.0},{"damage":16.0,"enemies":"Snake Plant","floor":32.0,"turns":4.0},{"damage":10.0,"enemies":"IC_MUSHROOM_ARCHETYPE","floor":33.0,"turns":7.0},{"damage":60,"enemies":"Giant Head","floor":36,"turns":7}],"seed_played":"1352432489086775922","potions_obtained":[{"floor":2.0,"key":"BlessingOfTheForge"},{"floor":5.0,"key":"bronze:FreeFunctionsPotion"},{"floor":15.0,"key":"Swift Potion"},{"floor":16.0,"key":"SpeedPotion"},{"floor":23.0,"key":"Fire Potion"},{"floor":28.0,"key":"SpeedPotion"},{"floor":31.0,"key":"SkillPotion"},{"floor":33.0,"key":"SneckoOil"}],"is_trial":false,"path_per_floor":["R","M","$","M","M","?","T","$","?","E","T","M","R","$","M","B",null,"R","?","E","M","$","M","T","R","M","?","M","M","R","E","M","B",null,"R","E"],"character_chosen":"THE_AUTOMATON","items_purchased":["bronze:WhirlingStrike"],"campfire_rested":2,"item_purchase_floors":[22],"current_hp_per_floor":[70,70,70,63,62,62,62,62,62,61,61,61,61,59,48,6,70,70,56,42,38,38,15,15,39,24,24,26,22,38,19,7,12,56,56,0,0,0],"gold":331,"neow_bonus":"UPGRADE_CARD","is_daily":false,"chose_seed":false,"campfire_upgraded":4,"win_rate":0.0,"timestamp":1611085507,"path_taken":["R","M","$","M","M","?","T","$","?","E","?","?","R","?","M","BOSS","R","?","E","M","?","M","T","R","M","?","?","M","R","E","M","BOSS","R","E"],"items_purchased_type":["Card"],"build_version":"2020-12-22","purchased_purges":2,"victory":false,"max_hp_per_floor":[70,70,70,70,70,70,70,70,70,70,70,70,70,70,70,70,70,70,70,80,80,80,80,80,80,80,56,56,56,56,56,56,56,56,56,56,56,56],"card_choices":[{"not_picked":["bronze:Invalidate","bronze:Turbo"],"picked":"bronze:Refactor","floor":2.0},{"not_picked":["bronze:DelayedGuard","bronze:Constructor"],"picked":"bronze:Branch","floor":3.0},{"not_picked":["bronze:Iterate","bronze:DelayedSlice"],"picked":"bronze:Flail","floor":4.0},{"not_picked":["bronze:TinkerersToolbox","bronze:BronzeArmor"],"picked":"bronze:Shield","floor":5.0},{"not_picked":["bronze:Invalidate","bronze:WildBeam"],"picked":"bronze:Break","floor":8.0},{"not_picked":["bronze:CutThrough","bronze:Optimize","bronze:Turbo"],"picked":"SKIP","floor":10.0},{"not_picked":["bronze:Turbo","bronze:BronzeArmor","bronze:BronzeOrb"],"picked":"SKIP","floor":12.0},{"not_picked":["bronze:CloningBeam","bronze:WildBeam"],"picked":"bronze:MaxOutput","floor":14.0},{"not_picked":["bronze:Deprecate","bronze:Shield"],"picked":"bronze:Separator","floor":15.0},{"not_picked":["bronze:Return","bronze:DelayedSlice","bronze:GetLatest"],"picked":"SKIP","floor":20.0},{"not_picked":["bronze:Branch+1","bronze:Overheat+1"],"picked":"bronze:NullPointer+1","floor":21.0},{"not_picked":["bronze:Turbo","bronze:ThunderWave","bronze:Optimize"],"picked":"SKIP","floor":22.0},{"not_picked":["bronze:CutThrough+1","bronze:Turbo"],"picked":"bronze:Constructor","floor":23.0},{"not_picked":["bronze:Separator","bronze:Deprecate","bronze:DelayedSlice"],"picked":"SKIP","floor":26.0},{"not_picked":["bronze:Fortify+1","bronze:DelayedGuard"],"picked":"bronze:Shell","floor":28.0},{"not_picked":["bronze:Optimize","bronze:FineTuning+1"],"picked":"bronze:Terminator+1","floor":29.0},{"not_picked":["bronze:GetLatest","bronze:Philosophize"],"picked":"bronze:FollowUp","floor":30.0},{"not_picked":["bronze:Turbo+1","bronze:CutThrough","bronze:FineTuning"],"picked":"SKIP","floor":31.0},{"not_picked":["bronze:Overheat","bronze:Backtrace","bronze:Invalidate"],"picked":"SKIP","floor":32.0},{"not_picked":["bronze:TinkerersToolbox","bronze:Verify"],"picked":"bronze:Hardcode","floor":33.0}],"player_experience":1081228,"relics_obtained":[{"floor":7.0,"key":"Toy Ornithopter"},{"floor":10.0,"key":"Mummified Hand"},{"floor":11.0,"key":"Ornamental Fan"},{"floor":20.0,"key":"Pear"},{"floor":24.0,"key":"Dream Catcher"},{"floor":31.0,"key":"TungstenRod"}],"event_choices":[{"damage_healed":0.0,"max_hp_gain":0.0,"max_hp_loss":24.0,"gold_gain":0.0,"event_name":"Vampires","player_choice":"Became a vampire","floor":27.0,"gold_loss":0.0,"damage_taken":0.0,"cards_obtained":["Bite","Bite","Bite","Bite","Bite"]}],"is_beta":false,"boss_relics":[{"not_picked":["Runic Dome","Runic Pyramid"],"picked":"beaked:MawFillet"},{"not_picked":["hubris:Backtick","Busted Crown"],"picked":"bronze:PlatinumCore"}],"items_purged_floors":[3,14],"is_endless":false,"potions_floor_spawned":[2,5,15,16,23,28,31,33],"killed_by":"Giant Head","ascension_level":2}}