{"host":"7z9izfsmsy4azoxx","time":1611047854,"event":{"mods":["AchievementEnabler","BaseMod","Colored Map","Custom Start","Hermit","Minty Spire (QoL Compilation)","Replay The Spire","StSLib","SuperFastMode"],"gold_per_floor":[123123164,123122199,123122199,123121846,123121857,123121891,123121891,123121891,123121891,123121891,123121891,123121919,123121919,123121934,123121934,123121934,123121934],"floor_reached":16,"language":"KOR","playtime":326,"items_purged":["Defend_R","Strike_R"],"score":287,"play_id":"8d5bbcce-d2d3-4060-9a44-5437a9f06b0b","local_time":"20210119181734","is_ascension_mode":true,"campfire_choices":[{"floor":13,"key":"DIG"}],"circlet_count":0,"master_deck":["AscendersBane","Strike_R","Strike_R","Strike_R","Strike_R","Defend_R","Defend_R","Bash","Shrug It Off","Shockwave+1","Wild Strike+1","Flame Barrier+1","Pot Of Greed+1","Pot Of Greed"],"relics":["Burning Blood","Peace Pipe","Another Sword","Replay:Multitool","Membership Card","Golden Egg","Mercury Hourglass","Ancient Tea Set","Orrery","Incense Burner","Grinning Jar","Oddly Smooth Stone"],"acts_visited":["Exordium"],"potions_floor_usage":[16,16,16],"damage_taken":[{"damage":4,"enemies":"Small Slimes","floor":1,"turns":4},{"damage":11,"enemies":"2 Louse","floor":5,"turns":2},{"damage":17,"enemies":"Lagavulin","floor":6,"turns":6},{"damage":20,"enemies":"3 Sentries","floor":12,"turns":4},{"damage":0,"enemies":"Cultist","floor":14,"turns":2},{"damage":84,"enemies":"Fading Forest","floor":16,"turns":11}],"seed_played":"-3966800167666390334","potions_obtained":[],"is_trial":false,"path_per_floor":["M","$","?","$","M","E","R","?","T","?","R","E","R","M","R","B"],"character_chosen":"IRONCLAD","items_purchased":["Another Sword","Replay:Multitool","Membership Card","Milkshake","EntropicBrew","Shrug It Off","Mercury Hourglass","Ancient Tea Set","Orrery"],"campfire_rested":0,"item_purchase_floors":[2,2,2,2,2,2,4,4,4],"current_hp_per_floor":[70,70,59,59,54,43,43,43,43,43,65,51,51,57,75,0,0],"gold":123121934,"neow_bonus":"ONE_RARE_RELIC","is_daily":false,"chose_seed":false,"campfire_upgraded":0,"win_rate":0.0,"timestamp":1611047854,"path_taken":["M","$","?","$","M","E","R","?","T","?","R","E","R","M","R","BOSS"],"items_purchased_type":["Relic","Relic","Relic","Potion","Potion","Card","Relic","Relic","Relic"],"build_version":"2020-12-22","purchased_purges":2,"victory":false,"max_hp_per_floor":[75,75,75,75,75,75,75,75,75,75,75,75,75,75,75,75,75],"card_choices":[{"not_picked":["Armaments","Anger","True Grit"],"picked":"SKIP","floor":1},{"not_picked":["Clothesline","Flex"],"picked":"Shockwave","floor":4},{"not_picked":["Pummel","Body Slam"],"picked":"Wild Strike","floor":5},{"not_picked":["Demon Form","Headbutt","Armaments"],"picked":"SKIP","floor":6},{"not_picked":["Disarm","Seeing Red","Thunderclap"],"picked":"SKIP","floor":12},{"not_picked":["Replay:Undeath\u0027s Touch","Reckless Charge","ReplayReversal"],"picked":"SKIP","floor":14}],"player_experience":531930,"relics_obtained":[{"floor":6,"key":"Incense Burner"},{"floor":12,"key":"Grinning Jar"},{"floor":13,"key":"Oddly Smooth Stone"}],"event_choices":[{"damage_healed":0,"gold_gain":0,"player_choice":"Success","damage_taken":11,"relics_obtained":["Golden Egg"],"max_hp_gain":0,"max_hp_loss":0,"event_name":"Scrap Ooze","floor":3,"gold_loss":0},{"damage_healed":0,"gold_gain":0,"player_choice":"Ignored","damage_taken":0,"max_hp_gain":0,"max_hp_loss":0,"event_name":"Golden Wing","floor":8,"gold_loss":0},{"damage_healed":0,"gold_gain":0,"player_choice":"Forge","damage_taken":0,"max_hp_gain":0,"max_hp_loss":0,"event_name":"Accursed Blacksmith","floor":10,"gold_loss":0,"cards_upgraded":["Wild Strike"]}],"is_beta":false,"boss_relics":[],"items_purged_floors":[2,4],"is_endless":false,"potions_floor_spawned":[6,12,14],"killed_by":"Fading Forest","ascension_level":20}}