{"host":"khc33f3y4hz17yhu","time":1611015327,"event":{"mods":["BaseMod","Hermit","Minty Spire (QoL Compilation)","StSLib","The Hierophant","The Marked","The Mystic","The Runesmith"],"gold_per_floor":[115,135,135,154,229,263,278,278,330,340,340,355,355,371,371,472,472,482,482,162,177,92,127,188,388,436,468,485,485,485,485,485,617,617,644,681,730,741,499,532,532,558,611,644,644,670,720,749,749,749,749,749,441,475,475],"floor_reached":56,"language":"ENG","playtime":4619,"items_purged":["Runesmith:Fortify","Runesmith:MakeshiftArmor","Runesmith:ChiselStab"],"score":1196,"play_id":"dce1b5eb-aada-461d-91f7-7ce8ffcb3fb9","local_time":"20210118191527","is_ascension_mode":false,"campfire_choices":[{"data":"Runesmith:HammerThrow","floor":8.0,"key":"SMITH"},{"floor":15.0,"key":"REST"},{"floor":30.0,"key":"REST"},{"data":"Runesmith:UnlimitedPower","floor":32.0,"key":"SMITH"},{"floor":45,"key":"RECALL"},{"floor":49,"key":"REST"},{"floor":52,"key":"REST"}],"circlet_count":0,"master_deck":["Runesmith:CraftFirestone","Runesmith:Reinforce","Runesmith:HammerThrow+1","Runesmith:Firestorm","Runesmith:CraftProtectio","Runesmith:EarthShield","Runesmith:CraftProtectio","Runesmith:UnlimitedPower+1","Runesmith:Malloc","Runesmith:ElementalConversion+1","Runesmith:RuneHurl","Runesmith:CraftIndustria","Runesmith:LithiumIon","HandOfGreed","Runesmith:EnergizedChisel","Runesmith:CraftSpiculum","Runesmith:LithiumIon+1","Runesmith:CraftPrismatica","Runesmith:CraftProtectio+1","Runesmith:Grindstone+1","Runesmith:FissionHammer","Runesmith:EnergizedChisel+1","Runesmith:Permafrost+1","Runesmith:PoweredAnvil+1","Runesmith:LithiumIon+1"],"relics":["Runesmith:BrokenRuby","NeowsBlessing","Mercury Hourglass","Pen Nib","Oddly Smooth Stone","Pandora\u0027s Box","MutagenicStrength","Membership Card","Ornamental Fan","CeramicFish","Pantograph","White Beast Statue","Fusion Hammer","Frozen Egg 2","Juzu Bracelet","War Paint","Bag of Preparation","Mango","Vajra","Sling","Mummified Hand"],"acts_visited":["Exordium","TheCity","TheBeyond","TheEnding"],"potions_floor_usage":[37,37,38,44,46,46,50,50,55],"damage_taken":[{"damage":0.0,"enemies":"Jaw Worm","floor":1.0,"turns":1.0},{"damage":0.0,"enemies":"Small Slimes","floor":2.0,"turns":1.0},{"damage":0.0,"enemies":"2 Louse","floor":4.0,"turns":1.0},{"damage":26.0,"enemies":"Gremlin Nob","floor":6.0,"turns":4.0},{"damage":8.0,"enemies":"Red Slaver","floor":7.0,"turns":3.0},{"damage":5.0,"enemies":"3 Louse","floor":10.0,"turns":2.0},{"damage":2.0,"enemies":"Exordium Wildlife","floor":12.0,"turns":3.0},{"damage":0.0,"enemies":"Large Slime","floor":14.0,"turns":6.0},{"damage":13.0,"enemies":"Slime Boss","floor":16.0,"turns":9.0},{"damage":11.0,"enemies":"Chosen","floor":18.0,"turns":5.0},{"damage":9.0,"enemies":"2 Thieves","floor":21.0,"turns":4.0},{"damage":0.0,"enemies":"Centurion and Healer","floor":23.0,"turns":9.0},{"damage":15.0,"enemies":"Slavers","floor":24.0,"turns":5.0},{"damage":9.0,"enemies":"Book of Stabbing","floor":27.0,"turns":7.0},{"damage":13.0,"enemies":"Snake Plant","floor":28.0,"turns":3.0},{"damage":2.0,"enemies":"Collector","floor":33.0,"turns":9.0},{"damage":13.0,"enemies":"3 Darklings","floor":35.0,"turns":4.0},{"damage":0.0,"enemies":"3 Shapes","floor":36.0,"turns":7.0},{"damage":16,"enemies":"3 Darklings","floor":37,"turns":6},{"damage":1,"enemies":"Maw","floor":38,"turns":7},{"damage":0,"enemies":"Giant Head","floor":40,"turns":7},{"damage":14,"enemies":"Jaw Worm Horde","floor":44,"turns":5},{"damage":1,"enemies":"Spire Growth","floor":46,"turns":6},{"damage":0,"enemies":"Mind Bloom Boss Battle","floor":47,"turns":4},{"damage":0,"enemies":"Transient","floor":48,"turns":5},{"damage":14,"enemies":"Time Eater","floor":50,"turns":11},{"damage":8,"enemies":"Shield and Spear","floor":54,"turns":5},{"damage":75,"enemies":"The Heart","floor":55,"turns":9}],"seed_played":"-3568632658794432917","potions_obtained":[{"floor":2.0,"key":"SteroidPotion"},{"floor":6.0,"key":"Energy Potion"},{"floor":10.0,"key":"LiquidBronze"},{"floor":12.0,"key":"GamblersBrew"},{"floor":21.0,"key":"Strength Potion"},{"floor":27.0,"key":"SneckoOil"},{"floor":33.0,"key":"Regen Potion"},{"floor":35.0,"key":"Fire Potion"},{"floor":36.0,"key":"BlessingOfTheForge"},{"floor":37,"key":"Explosive Potion"},{"floor":38,"key":"ColorlessPotion"},{"floor":40,"key":"Swift Potion"},{"floor":44,"key":"Swift Potion"},{"floor":46,"key":"DuplicationPotion"},{"floor":47,"key":"Fire Potion"},{"floor":54,"key":"AttackPotion"}],"is_trial":false,"path_per_floor":["M","M","?","M","?","E","M","R","T","M","?","M","?","M","R","B",null,"M","?","$","M","?","M","E","?","T","E","M","?","R","T","R","B",null,"M","M","M","M","$","E","?","T","T","M","R","M","?","M","R","B",null,"R","$","E","B",null],"character_chosen":"RUNESMITH_CLASS","items_purchased":["Membership Card","Runesmith:LithiumIon","HandOfGreed","Runesmith:FissionHammer","Frozen Egg 2","Vajra","Sling","Runesmith:PoweredAnvil+1","Ancient Potion","Energy Potion"],"campfire_rested":4,"item_purchase_floors":[20,20,20,39,39,53,53,53,53,53],"current_hp_per_floor":[70,70,70,70,59,33,25,25,25,20,20,18,11,11,32,19,70,59,59,59,50,50,50,35,35,35,26,13,13,34,34,34,57,70,57,57,55,54,54,54,54,54,54,40,40,39,78,78,84,70,84,84,84,76,9],"gold":475,"neow_bonus":"THREE_ENEMY_KILL","is_daily":false,"chose_seed":false,"campfire_upgraded":2,"win_rate":0.0,"timestamp":1611015327,"path_taken":["M","M","?","M","?","E","M","R","T","M","?","?","?","M","R","BOSS","M","?","$","M","?","M","E","?","T","E","?","?","R","?","R","BOSS","M","M","M","M","$","E","?","?","T","M","R","M","?","M","R","BOSS","R","$","E","BOSS"],"items_purchased_type":["Relic","Card","Card","Card","Relic","Relic","Relic","Card","Potion","Potion"],"build_version":"2020-12-22","purchased_purges":3,"victory":true,"max_hp_per_floor":[70,70,70,70,70,70,70,70,70,70,70,70,70,70,70,70,70,70,70,70,70,70,70,70,70,70,70,70,70,70,70,70,70,70,70,70,70,70,70,70,70,70,70,70,70,70,84,84,84,84,84,84,84,84,84],"card_choices":[{"not_picked":["Runesmith:Prism","Runesmith:Overpower"],"picked":"Runesmith:ChiselStab","floor":1.0},{"not_picked":["Runesmith:HeatedChisel","Runesmith:StaticCage"],"picked":"Runesmith:Reinforce","floor":2.0},{"not_picked":["Runesmith:HeatExchange","Runesmith:RuneHurl"],"picked":"Runesmith:HammerThrow","floor":4.0},{"not_picked":["Runesmith:Prism","Runesmith:LastStand"],"picked":"Runesmith:Firestorm","floor":6.0},{"not_picked":["Runesmith:UnstableHammer","Runesmith:HeatedChisel"],"picked":"Runesmith:CraftProtectio","floor":7.0},{"not_picked":["Runesmith:Augment","Runesmith:HeatExchange"],"picked":"Runesmith:EarthShield","floor":10.0},{"not_picked":["Runesmith:HammerThrow","Runesmith:Repurpose"],"picked":"Runesmith:CraftProtectio","floor":12.0},{"not_picked":["Runesmith:WhiteBalance","Runesmith:CraftReservo","Runesmith:HammerThrow"],"picked":"SKIP","floor":14.0},{"not_picked":["Runesmith:Duplicate","Runesmith:LastStand"],"picked":"Runesmith:UnlimitedPower","floor":16.0},{"not_picked":["Runesmith:StaticCage+1","Runesmith:HeatExchange","Runesmith:CraftReservo+1"],"picked":"SKIP","floor":18.0},{"not_picked":["Runesmith:HeatExchange","Runesmith:StaticCage"],"picked":"Runesmith:EnergizedChisel","floor":21.0},{"not_picked":["Runesmith:RuneHurl+1","Runesmith:NegativeSpace"],"picked":"Runesmith:CraftSpiculum","floor":23.0},{"not_picked":["Runesmith:Terraform","Runesmith:LastStand"],"picked":"Runesmith:LithiumIon+1","floor":24.0},{"not_picked":["Runesmith:ReplicatingBarrier","Runesmith:Overpower+1","Runesmith:ChaoticBlast"],"picked":"SKIP","floor":27.0},{"not_picked":["Runesmith:Malloc","Runesmith:UnstableHammer","Runesmith:ShiftingStrike"],"picked":"SKIP","floor":28.0},{"not_picked":["Runesmith:GenerateForcefield","Runesmith:ArcReactor"],"picked":"Runesmith:CraftPrismatica","floor":33.0},{"not_picked":["Runesmith:HeatedChisel","Runesmith:ElementalConversion"],"picked":"Runesmith:CraftProtectio","floor":35.0},{"not_picked":["Runesmith:Firestorm","Runesmith:UnstableHammer","Runesmith:HeatedChisel+1"],"picked":"SKIP","floor":36.0},{"not_picked":["Runesmith:RuneHurl+1","Runesmith:OneForEveryone"],"picked":"Runesmith:Grindstone+1","floor":37},{"not_picked":["Runesmith:ShiftingStrike","Runesmith:CraftProtectio","Runesmith:Overpower"],"picked":"SKIP","floor":38},{"not_picked":["Runesmith:NegativeSpace+1","Runesmith:StaticCage","Runesmith:Discharge"],"picked":"SKIP","floor":40},{"not_picked":["Runesmith:OneForEveryone","Runesmith:BackupBattery","Runesmith:ChiselStab"],"picked":"SKIP","floor":44},{"not_picked":["Runesmith:CraftProtectio+1","Runesmith:Repurpose+1"],"picked":"Runesmith:EnergizedChisel+1","floor":46},{"not_picked":["Runesmith:Repurpose+1","Runesmith:CraftMagma+1"],"picked":"Runesmith:Permafrost+1","floor":48},{"not_picked":["Runesmith:WhiteBalance+1","Runesmith:HammerAndChisel"],"picked":"Runesmith:LithiumIon+1","floor":54}],"player_experience":166342,"relics_obtained":[{"floor":6.0,"key":"Mercury Hourglass"},{"floor":9.0,"key":"Pen Nib"},{"floor":24.0,"key":"CeramicFish"},{"floor":27.0,"key":"Pantograph"},{"floor":31.0,"key":"White Beast Statue"},{"floor":40,"key":"Juzu Bracelet"},{"floor":42,"key":"War Paint"},{"floor":43,"key":"Bag of Preparation"},{"floor":47,"key":"Mango"},{"floor":54,"key":"Mummified Hand"}],"event_choices":[{"damage_healed":0.0,"max_hp_gain":0.0,"max_hp_loss":0.0,"gold_gain":0.0,"event_name":"Liars Game","player_choice":"Ignored","floor":3.0,"gold_loss":0.0,"damage_taken":0.0},{"damage_healed":0.0,"max_hp_gain":0.0,"max_hp_loss":0.0,"gold_gain":75.0,"event_name":"World of Goop","player_choice":"Gather Gold","floor":5.0,"gold_loss":0.0,"damage_taken":11.0},{"cards_removed":["Runesmith:Strike_RS"],"damage_healed":0.0,"max_hp_gain":0.0,"max_hp_loss":0.0,"gold_gain":0.0,"event_name":"Bonfire Elementals","player_choice":"Offered Basic","floor":11.0,"gold_loss":0.0,"damage_taken":0.0},{"damage_healed":0.0,"max_hp_gain":0.0,"max_hp_loss":0.0,"gold_gain":0.0,"event_name":"Scrap Ooze","player_choice":"Success","floor":13.0,"gold_loss":0.0,"damage_taken":7.0,"relics_obtained":["Oddly Smooth Stone"]},{"damage_healed":0.0,"max_hp_gain":0.0,"max_hp_loss":0.0,"gold_gain":0.0,"event_name":"Drug Dealer","player_choice":"Inject Mutagens","floor":19.0,"gold_loss":0.0,"damage_taken":0.0,"relics_obtained":["MutagenicStrength"]},{"damage_healed":0.0,"max_hp_gain":0.0,"max_hp_loss":0.0,"gold_gain":0.0,"event_name":"Addict","player_choice":"Obtained Relic","floor":22.0,"gold_loss":85.0,"damage_taken":0.0,"relics_obtained":["Ornamental Fan"]},{"damage_healed":0.0,"max_hp_gain":0.0,"max_hp_loss":0.0,"gold_gain":200.0,"event_name":"Wheel of Change","player_choice":"Gold","floor":25.0,"gold_loss":0.0,"damage_taken":0.0},{"cards_removed":["Runesmith:MakeshiftArmor"],"damage_healed":0.0,"max_hp_gain":0.0,"max_hp_loss":0.0,"gold_gain":0.0,"event_name":"Back to Basics","player_choice":"Elegance","floor":29.0,"gold_loss":0.0,"damage_taken":0.0},{"cards_removed":["Runesmith:PerfectChisel"],"damage_healed":0,"gold_gain":0,"player_choice":"Removed Attack","damage_taken":0,"max_hp_gain":0,"max_hp_loss":0,"event_name":"Falling","floor":41,"gold_loss":0},{"damage_healed":0,"gold_gain":0,"player_choice":"Fight","damage_taken":0,"max_hp_gain":0,"max_hp_loss":0,"event_name":"MindBloom","floor":47,"gold_loss":0}],"is_beta":false,"boss_relics":[{"not_picked":["Empty Cage","Busted Crown"],"picked":"Pandora\u0027s Box"},{"not_picked":["Coffee Dripper","Tiny House"],"picked":"Fusion Hammer"}],"items_purged_floors":[20,39,53],"is_endless":false,"potions_floor_spawned":[2,6,10,12,21,27,33,35,36,37,38,40,44,46,47,48,54],"ascension_level":0}}