{"host":"0azimyi6n3ugndj4","time":1611099635,"event":{"mods":["2.2 Compatiblity","BaseMod","Bestiary","Conspire","Curses Come First","Defuse TimeMaze Blight","Hermit","Hubris","Hyrulean Relics","Infinite Spire","Keyboard Shortcuts","Minty Spire (QoL Compilation)","Relic Stats","Replay The Spire","StSLib","SuperFastMode","The Cursed","The Hierophant","Uncapped","¡¼?Úª?ø«¡½REMEMod"],"gold_per_floor":[132,132,132,132,183,246,246,246,246,306,399,498,498,32,307,307,307],"floor_reached":16,"language":"KOR","playtime":281,"items_purged":[],"score":432,"play_id":"a1651c7d-81e1-462d-b6b9-321bddfd916d","local_time":"20210120084035","daily_mods":["Draft","Hoarder","Insanity","Chimera","Specialized","Vintage","ControlledChaos","Allstar","Diverse","Colorless Cards","Heirloom","Time Dilation","Flight","DeadlyEvents","Elite Swarm","Lethality","Midas","Binary"],"is_ascension_mode":true,"campfire_choices":[{"floor":7,"key":"REST"}],"circlet_count":0,"master_deck":["Demon Form+1","Wraith Form v2","Echo Form","DevaForm","AscendersBane","Bash","Survivor","Zap","Eruption","Strike_R","Strike_G","Strike_B","Defend_R","Defend_G","Defend_P","Self Repair","hermit:DeadMansHand","hermit:SprayPray","hierophant:Chorus","Panic Button","hierophant:Zeal","Wild Strike","TheCursedMod:SoulCrush","hermit:GhostlyPresence","Coolheaded","hierophant:AuricBeam","Dodge and Roll","hubris:ReadiedAction","Turbo","hermit:Showdown","TheCursedMod:Wield","hermit:Scavenge","Thunderclap","Pray","Protect","Sword Boomerang","JustLucky","hierophant:Purify","hermit:Ricochet","TheCursedMod:BlessingInDisguise","hermit:HighCaliber","TheCursedMod:HellsGateOpen","hermit:FullyLoaded","Backflip","hierophant:Purify","TheCursedMod:SurpriseAttack","ReplayTheSpireMod:Shiv Toss","hermit:Manifest","Twin Strike","Leap","Twin Strike","hierophant:Encroach","Replay:Poison Smokescreen","Replay:Parry","ReplayTheSpireMod:Stacked","Rage","hermit:Dive","REME_Repentance","hermit:BodyArmor","hermit:TrackingShot","Blade Dance","TheCursedMod:CircleOfCorruption","Replay:Sssssssssstrike","Lockon","Dagger Spray","Searing Blow","Searing Blow","Searing Blow","Searing Blow","Searing Blow","Searing Blow","Searing Blow","Searing Blow","Searing Blow","Searing Blow","Searing Blow","Searing Blow","Searing Blow","Searing Blow","Searing Blow","Crescendo","Crescendo","Crescendo","hierophant:Endure","hierophant:Endure","hierophant:Endure","Rebound","Rebound","Rebound","hermit:Desperado","hermit:Desperado","hermit:Desperado","hermit:Quickdraw","hermit:Quickdraw","hermit:Quickdraw","Sucker Punch","Sucker Punch","Sucker Punch","ReplayTheSpireMod:Uncanny Aura","ReplayTheSpireMod:Uncanny Aura","ReplayTheSpireMod:Uncanny Aura","hierophant:Encroach","hierophant:Encroach","hierophant:Encroach","Flame Barrier","Flame Barrier","Flame Barrier","True Grit","True Grit","True Grit","hermit:Virtue","hermit:Virtue","hermit:Virtue","ReplayTheSpireMod:Strike From Hell","ReplayTheSpireMod:Strike From Hell","ReplayTheSpireMod:Strike From Hell","Pommel Strike","Pommel Strike","Pommel Strike","Replay:ManipulateFuture","Replay:ManipulateFuture","Replay:ManipulateFuture","TheCursedMod:Torture","TheCursedMod:Torture","TheCursedMod:Torture","REME_BodyOfCthun","REME_BodyOfCthun","REME_BodyOfCthun","Regret","Regret","Regret"],"relics":["Burning Blood","Frozen Eye","Busted Crown","REME_ComplimentaryCards","Durian","Happy Flower","ReplayTheSpireMod:TigerMarble","Charon\u0027s Ashes","zeldaRelics:CourageTriforce","Shovel","hubris:FruitBowl","hubris:Macrotransations","hubris:EvacipatedBox","Replay:Towering Pillar of Hats","zeldaRelics:WisdomPiece","Membership Card","Replay:Multitool","conspire:Flyswatter"],"acts_visited":["Exordium"],"potions_floor_usage":[10,16,16],"damage_taken":[{"damage":1.0,"enemies":"Jaw Worm","floor":1.0,"turns":2.0},{"damage":0.0,"enemies":"Small Slimes","floor":5.0,"turns":1.0},{"damage":9,"enemies":"3 Sentries","floor":6,"turns":3},{"damage":0,"enemies":"Cultist","floor":10,"turns":1},{"damage":0,"enemies":"Lagavulin","floor":11,"turns":2},{"damage":0,"enemies":"Gremlin Nob","floor":12,"turns":2},{"damage":56,"enemies":"Hexaghost","floor":16,"turns":2}],"seed_played":"8062122967548836926","potions_obtained":[{"floor":1.0,"key":"REME_GoldPotion"},{"floor":6,"key":"DistilledChaos"},{"floor":10,"key":"FearPotion"}],"is_trial":true,"path_per_floor":["M","?","?","$","M","E","R","$","T","M","E","E","T","$","R","B"],"character_chosen":"IRONCLAD","items_purchased":["Shovel","hubris:FruitBowl","hubris:Macrotransations","hubris:EvacipatedBox","Membership Card","Replay:Multitool","conspire:Flyswatter"],"campfire_rested":1,"item_purchase_floors":[8,8,8,8,14,14,14],"current_hp_per_floor":[78,78,78,78,80,77,80,3,3,9,15,21,21,21,21,0,0],"gold":307,"neow_bonus":"","is_daily":false,"chose_seed":false,"campfire_upgraded":0,"win_rate":0.0,"timestamp":1611099635,"path_taken":["M","?","?","$","?","E","R","?","T","?","?","?","?","$","R","BOSS"],"items_purchased_type":["Relic","Relic","Relic","Relic","Relic","Relic","Relic"],"build_version":"2020-12-22","purchased_purges":0,"victory":false,"max_hp_per_floor":[80,80,80,80,80,80,80,80,80,80,80,80,80,80,80,80,80],"relic_stats":{"Busted Crown":8,"Shovel":0,"Happy Flower":[3],"counters":[7,13],"Charon\u0027s Ashes":[109],"obtain_stats":[{"zeldaRelics:WisdomPiece":12,"Happy Flower":1,"Replay:Towering Pillar of Hats":10,"hubris:FruitBowl":8,"Charon\u0027s Ashes":5,"Replay:Multitool":14,"Burning Blood":0,"hubris:EvacipatedBox":8,"zeldaRelics:CourageTriforce":11,"Frozen Eye":0,"Busted Crown":0,"Shovel":8,"hubris:Macrotransations":8,"Durian":0,"ReplayTheSpireMod:TigerMarble":2,"zeldaRelics:CouragePiece":6,"Membership Card":14,"REME_ComplimentaryCards":0,"conspire:Flyswatter":14},{"zeldaRelics:WisdomPiece":6,"Happy Flower":1,"Replay:Towering Pillar of Hats":4,"hubris:FruitBowl":3,"Charon\u0027s Ashes":2,"Replay:Multitool":6,"Burning Blood":0,"hubris:EvacipatedBox":3,"zeldaRelics:CourageTriforce":5,"Frozen Eye":0,"Busted Crown":0,"Shovel":3,"hubris:Macrotransations":3,"Durian":0,"ReplayTheSpireMod:TigerMarble":1,"zeldaRelics:CouragePiece":3,"Membership Card":6,"REME_ComplimentaryCards":0,"conspire:Flyswatter":6},{"zeldaRelics:WisdomPiece":11,"Happy Flower":2,"Replay:Towering Pillar of Hats":7,"hubris:FruitBowl":6,"Charon\u0027s Ashes":3,"Replay:Multitool":11,"Burning Blood":0,"hubris:EvacipatedBox":6,"zeldaRelics:CourageTriforce":9,"Frozen Eye":0,"Busted Crown":0,"Shovel":6,"hubris:Macrotransations":6,"Durian":0,"ReplayTheSpireMod:TigerMarble":2,"zeldaRelics:CouragePiece":6,"Membership Card":11,"REME_ComplimentaryCards":0,"conspire:Flyswatter":11}],"Burning Blood":32},"card_choices":[{"not_picked":["Reinforced Body","hierophant:RustyCrate"],"picked":"Crescendo","floor":0.0},{"not_picked":["hierophant:ThreeLashes","hermit:Roulette"],"picked":"hierophant:Endure","floor":0.0},{"not_picked":["hierophant:OrnateBuckler","EmptyFist"],"picked":"Rebound","floor":0.0},{"not_picked":["hierophant:SealAway","hermit:Feint"],"picked":"hermit:Desperado","floor":0.0},{"not_picked":["Panic Button","hierophant:Encroach"],"picked":"hermit:Quickdraw","floor":0.0},{"not_picked":["Consecrate","Replay:ManipulateFuture"],"picked":"Sucker Punch","floor":0.0},{"not_picked":["hierophant:Sermon","hermit:Desperado"],"picked":"ReplayTheSpireMod:Uncanny Aura","floor":0.0},{"not_picked":["Cleave","Hologram"],"picked":"hierophant:Encroach","floor":0.0},{"not_picked":["hierophant:RustyCrate","Poisoned Stab"],"picked":"Flame Barrier","floor":0.0},{"not_picked":["hierophant:Zeal","TheCursedMod:CircleOfBlood"],"picked":"True Grit","floor":0.0},{"not_picked":["Draining Mist","Flying Knee"],"picked":"hermit:Virtue","floor":0.0},{"not_picked":["hierophant:Sermon","Toxin Wave"],"picked":"ReplayTheSpireMod:Strike From Hell","floor":0.0},{"not_picked":["Draining Mist","Leap"],"picked":"Pommel Strike","floor":0.0},{"not_picked":["conspire:Rain","hermit:Malice"],"picked":"Replay:ManipulateFuture","floor":0.0},{"not_picked":["Sunder","hermit:WideOpen"],"picked":"TheCursedMod:Torture","floor":0.0}],"player_experience":1570834,"relics_obtained":[{"floor":1.0,"key":"Happy Flower"},{"floor":2.0,"key":"ReplayTheSpireMod:TigerMarble"},{"floor":5.0,"key":"Charon\u0027s Ashes"},{"floor":6,"key":"zeldaRelics:CouragePiece"},{"floor":9,"key":"zeldaRelics:CouragePiece"},{"floor":10,"key":"Replay:Towering Pillar of Hats"},{"floor":11,"key":"zeldaRelics:CouragePiece"},{"floor":12,"key":"zeldaRelics:WisdomPiece"},{"floor":13,"key":"zeldaRelics:WisdomPiece"}],"event_choices":[{"damage_healed":0.0,"max_hp_gain":0.0,"max_hp_loss":0.0,"gold_gain":0.0,"event_name":"Upgrade Shrine","player_choice":"Upgraded","floor":3.0,"gold_loss":0.0,"damage_taken":0.0,"cards_upgraded":["Demon Form"]},{"damage_healed":0,"gold_gain":275,"player_choice":"Desecrate","damage_taken":0,"max_hp_gain":0,"max_hp_loss":0,"event_name":"Golden Shrine","floor":15,"gold_loss":0,"cards_obtained":["Regret"]}],"is_beta":false,"boss_relics":[],"items_purged_floors":[],"is_endless":false,"potions_floor_spawned":[1,6,10],"killed_by":"Hexaghost","ascension_level":20}}