{"host":"3zmssa4s99zhxek5","time":1611063692,"event":{"mods":["AchievementEnabler","BaseMod","Minty Spire (QoL Compilation)","Permanent Neow","Relic Stats"],"gold_per_floor":[114,134,146,161,179,210,210,241,241,259,277,310,322,322,322,322,322],"floor_reached":16,"language":"KOR","playtime":858,"items_purged":[],"score":302,"play_id":"973a27af-0abb-45d9-9cb1-ac7ad17cfcd5","local_time":"20210119224132","is_ascension_mode":true,"campfire_choices":[{"floor":7,"key":"REST"},{"data":"Eruption","floor":15,"key":"SMITH"}],"circlet_count":0,"master_deck":["AscendersBane","Strike_P","Strike_P","Strike_P","Strike_P","Defend_P","Defend_P","Defend_P","Defend_P","Eruption+1","Vigilance","SashWhip","FearNoEvil","BattleHymn+1","Wallop","BowlingBash","LikeWater","DeceiveReality","Evaluate"],"relics":["Black Star","Juzu Bracelet","MealTicket","Mummified Hand","Akabeko","Anchor","Centennial Puzzle","Orichalcum"],"acts_visited":["Exordium"],"potions_floor_usage":[6,8,12,16],"damage_taken":[{"damage":1,"enemies":"Cultist","floor":1,"turns":4},{"damage":0,"enemies":"2 Louse","floor":2,"turns":3},{"damage":0,"enemies":"Jaw Worm","floor":3,"turns":3},{"damage":9,"enemies":"Red Slaver","floor":4,"turns":5},{"damage":6,"enemies":"3 Louse","floor":5,"turns":3},{"damage":28,"enemies":"Gremlin Nob","floor":6,"turns":4},{"damage":0,"enemies":"Lagavulin","floor":8,"turns":4},{"damage":0,"enemies":"2 Fungi Beasts","floor":10,"turns":2},{"damage":3,"enemies":"Lots of Slimes","floor":11,"turns":4},{"damage":16,"enemies":"Gremlin Nob","floor":12,"turns":3},{"damage":0,"enemies":"3 Louse","floor":13,"turns":3},{"damage":23,"enemies":"Slime Boss","floor":16,"turns":3}],"seed_played":"-4099511507367830079","potions_obtained":[{"floor":1,"key":"SteroidPotion"},{"floor":3,"key":"BlessingOfTheForge"},{"floor":8,"key":"SteroidPotion"},{"floor":13,"key":"SpeedPotion"}],"is_trial":false,"path_per_floor":["M","M","M","M","M","E","R","E","T","M","M","E","M","?","R","B"],"character_chosen":"WATCHER","items_purchased":[],"campfire_rested":1,"item_purchase_floors":[],"current_hp_per_floor":[60,60,60,51,45,17,37,37,37,37,34,18,18,18,18,0,0],"gold":322,"neow_bonus":"BOSS_RELIC","is_daily":false,"chose_seed":false,"campfire_upgraded":1,"win_rate":0.0,"timestamp":1611063692,"path_taken":["M","M","M","M","M","E","R","E","T","M","M","E","M","?","R","BOSS"],"items_purchased_type":[],"build_version":"2020-12-22","purchased_purges":0,"victory":false,"max_hp_per_floor":[68,68,68,68,68,68,68,68,68,68,68,68,68,68,68,68,68],"relic_stats":{"Centennial Puzzle":[0],"counters":[12,41],"Mummified Hand":[6],"MealTicket":0,"Black Star":3,"Juzu Bracelet":0,"Orichalcum":[0],"obtain_stats":[{"Anchor":9,"Centennial Puzzle":12,"Mummified Hand":8,"MealTicket":6,"Black Star":0,"Juzu Bracelet":6,"PureWater":0,"Orichalcum":12,"Akabeko":8},{"Anchor":7,"Centennial Puzzle":10,"Mummified Hand":7,"MealTicket":6,"Black Star":0,"Juzu Bracelet":6,"PureWater":0,"Orichalcum":10,"Akabeko":7},{"Anchor":26,"Centennial Puzzle":35,"Mummified Hand":26,"MealTicket":22,"Black Star":0,"Juzu Bracelet":22,"PureWater":0,"Orichalcum":35,"Akabeko":26}]},"card_choices":[{"not_picked":["Evaluate","ClearTheMind"],"picked":"SashWhip","floor":1},{"not_picked":["Vengeance","Protect"],"picked":"FearNoEvil","floor":2},{"not_picked":["SashWhip","Evaluate"],"picked":"BattleHymn","floor":3},{"not_picked":["LikeWater","Fasting2"],"picked":"Wallop","floor":4},{"not_picked":["ClearTheMind","FearNoEvil"],"picked":"BowlingBash","floor":5},{"not_picked":["SignatureMove","Wallop"],"picked":"LikeWater","floor":6},{"not_picked":["Evaluate","Sanctity","EmptyMind"],"picked":"SKIP","floor":8},{"not_picked":["Ragnarok","Protect","Wallop"],"picked":"SKIP","floor":10},{"not_picked":["SashWhip","Collect"],"picked":"DeceiveReality","floor":11},{"not_picked":["PathToVictory","Brilliance","SashWhip"],"picked":"SKIP","floor":12},{"not_picked":["EmptyBody","Fasting2"],"picked":"Evaluate","floor":13}],"player_experience":1529388,"relics_obtained":[{"floor":6,"key":"Juzu Bracelet"},{"floor":6,"key":"MealTicket"},{"floor":8,"key":"Mummified Hand"},{"floor":8,"key":"Akabeko"},{"floor":9,"key":"Anchor"},{"floor":12,"key":"Centennial Puzzle"},{"floor":12,"key":"Orichalcum"}],"event_choices":[{"damage_healed":0,"gold_gain":0,"player_choice":"Forge","damage_taken":0,"max_hp_gain":0,"max_hp_loss":0,"event_name":"Accursed Blacksmith","floor":14,"gold_loss":0,"cards_upgraded":["BattleHymn"]}],"is_beta":false,"boss_relics":[],"items_purged_floors":[],"is_endless":false,"potions_floor_spawned":[1,3,5,8,13],"killed_by":"Slime Boss","ascension_level":20}}