{"host":"la6t950uoatqs0xt","time":1611025232,"event":{"mods":["AchievementEnabler","BaseMod","Colored Powertips","Minty Spire (QoL Compilation)","Quick Restart","Rare Cards Sparkle"],"gold_per_floor":[144,144,209,254,299,299,299,1,26,26,26,116,161,161,161,161,161],"floor_reached":16,"language":"ENG","playtime":682,"items_purged":[],"score":100,"play_id":"daa03632-de48-4249-8f43-d2c1798b41c6","local_time":"20210118220032","daily_mods":["Allstar","Time Dilation","Midas"],"is_ascension_mode":false,"campfire_choices":[{"floor":6,"key":"REST"},{"floor":10,"key":"REST"},{"floor":15,"key":"REST"}],"circlet_count":0,"master_deck":["Strike_P","Strike_P","Strike_P+1","Strike_P","Defend_P","Defend_P","Defend_P","Defend_P","Eruption","Vigilance","Impatience","Transmutation","Mind Blast","Secret Technique","Bandage Up","Evaluate","PathToVictory+1","ClearTheMind","Consecrate","FollowUp"],"relics":["PureWater","Yang","Boot","Damaru","Golden Idol"],"acts_visited":["Exordium"],"potions_floor_usage":[12,16],"damage_taken":[{"damage":0,"enemies":"Small Slimes","floor":1,"turns":3},{"damage":11,"enemies":"Jaw Worm","floor":3,"turns":6},{"damage":2,"enemies":"2 Louse","floor":4,"turns":3},{"damage":0,"enemies":"2 Fungi Beasts","floor":5,"turns":2},{"damage":33,"enemies":"3 Sentries","floor":12,"turns":7},{"damage":9,"enemies":"Blue Slaver","floor":13,"turns":4},{"damage":65,"enemies":"Hexaghost","floor":16,"turns":8}],"seed_played":"3706737729498028133","potions_obtained":[{"floor":1,"key":"Strength Potion"},{"floor":3,"key":"FearPotion"}],"is_trial":false,"path_per_floor":["M","?","M","M","M","R","?","$","T","R","$","E","M","?","R","B"],"character_chosen":"WATCHER","items_purchased":["Yang","ClearTheMind"],"campfire_rested":3,"item_purchase_floors":[8,8],"current_hp_per_floor":[72,77,66,68,68,77,62,62,62,77,77,48,43,24,47,0,0],"gold":161,"neow_bonus":"","is_daily":true,"chose_seed":false,"campfire_upgraded":0,"win_rate":0.0,"timestamp":1611025232,"path_taken":["M","?","M","M","M","R","?","$","T","R","?","E","M","?","R","BOSS"],"items_purchased_type":["Relic","Card"],"build_version":"2020-12-22","purchased_purges":0,"victory":false,"max_hp_per_floor":[72,77,77,77,77,77,77,77,77,77,77,77,77,77,77,77,77],"card_choices":[{"not_picked":["Prostrate","SandsOfTime"],"picked":"Evaluate","floor":1},{"not_picked":["DeusExMachina","Weave"],"picked":"PathToVictory","floor":3},{"not_picked":["ClearTheMind","Wireheading","Evaluate"],"picked":"SKIP","floor":4},{"not_picked":["Evaluate","Weave","Crescendo"],"picked":"SKIP","floor":5},{"not_picked":["FlurryOfBlows","EmptyBody"],"picked":"Consecrate","floor":12},{"not_picked":["Evaluate","ClearTheMind"],"picked":"FollowUp","floor":13}],"player_experience":262922,"relics_obtained":[{"floor":9,"key":"Boot"},{"floor":12,"key":"Damaru"}],"event_choices":[{"damage_healed":0,"gold_gain":0,"player_choice":"Donut","damage_taken":0,"max_hp_gain":5,"max_hp_loss":0,"event_name":"Big Fish","floor":2,"gold_loss":0},{"damage_healed":0,"gold_gain":0,"player_choice":"Entered Light","damage_taken":15,"max_hp_gain":0,"max_hp_loss":0,"event_name":"Shining Light","floor":7,"gold_loss":0,"cards_upgraded":["Strike_P","PathToVictory"]},{"damage_healed":0,"gold_gain":0,"player_choice":"Take Damage","damage_taken":19,"relics_obtained":["Golden Idol"],"max_hp_gain":0,"max_hp_loss":0,"event_name":"Golden Idol","floor":14,"gold_loss":0}],"is_beta":false,"boss_relics":[],"items_purged_floors":[],"is_endless":false,"potions_floor_spawned":[1,3],"killed_by":"Hexaghost","ascension_level":0}}