{"host":"7qoz5gmva6til3yp","time":1611056009,"event":{"mods":["AchievementEnabler","BaseMod","Minty Spire (QoL Compilation)","StSLib","SuperFastMode"],"gold_per_floor":[118,133,133,133,152,152,171,188,237,254,268,268,268,295,295,295,295],"floor_reached":16,"language":"KOR","playtime":411,"items_purged":[],"score":109,"play_id":"4157cb9f-eed2-4d63-811a-060ae1aa231d","local_time":"20210119203329","is_ascension_mode":true,"campfire_choices":[{"data":"Terror","floor":6.0,"key":"SMITH"},{"data":"Riddle With Holes","floor":12,"key":"SMITH"},{"floor":15,"key":"REST"}],"circlet_count":0,"master_deck":["Strike_G","Strike_G","Strike_G","Strike_G","Strike_G","Defend_G","Defend_G","Defend_G","Defend_G","Survivor","Neutralize","Terror+1","Riddle With Holes+1","Burst","Acrobatics"],"relics":["Ring of the Snake","Anchor","Art of War","Juzu Bracelet","Gremlin Horn"],"acts_visited":["Exordium"],"potions_floor_usage":[10,10,16],"damage_taken":[{"damage":0.0,"enemies":"Cultist","floor":1.0,"turns":4.0},{"damage":0.0,"enemies":"2 Louse","floor":2.0,"turns":3.0},{"damage":0.0,"enemies":"Jaw Worm","floor":5.0,"turns":2.0},{"damage":8.0,"enemies":"Exordium Thugs","floor":7.0,"turns":6.0},{"damage":16.0,"enemies":"3 Louse","floor":8.0,"turns":4.0},{"damage":3,"enemies":"2 Fungi Beasts","floor":10,"turns":4},{"damage":3,"enemies":"Blue Slaver","floor":11,"turns":4},{"damage":22,"enemies":"3 Sentries","floor":14,"turns":10},{"damage":31,"enemies":"Hexaghost","floor":16,"turns":9}],"seed_played":"4586774496817624773","potions_obtained":[{"floor":1.0,"key":"LiquidMemories"},{"floor":7.0,"key":"AttackPotion"},{"floor":11,"key":"Energy Potion"}],"is_trial":false,"path_per_floor":["M","M","?","T","M","R","M","M","T","M","M","R","?","E","R","B"],"character_chosen":"THE_SILENT","items_purchased":[],"campfire_rested":1,"item_purchase_floors":[],"current_hp_per_floor":[70,70,63,63,63,63,55,39,39,36,33,33,30,8,29,0,0],"gold":295,"neow_bonus":"RANDOM_COMMON_RELIC","is_daily":false,"chose_seed":false,"campfire_upgraded":2,"win_rate":0.0,"timestamp":1611056009,"path_taken":["M","?","?","?","M","R","M","M","T","M","M","R","?","E","R","BOSS"],"items_purchased_type":[],"build_version":"2020-12-22","purchased_purges":0,"victory":false,"max_hp_per_floor":[70,70,70,70,70,70,70,70,70,70,70,70,70,70,70,70,70],"card_choices":[{"not_picked":["Tactician","Bane"],"picked":"Terror","floor":1.0},{"not_picked":["Flying Knee","Sucker Punch","Slice"],"picked":"SKIP","floor":2.0},{"not_picked":["Accuracy","Sucker Punch","Cloak And Dagger"],"picked":"SKIP","floor":5.0},{"not_picked":["Blur","Outmaneuver"],"picked":"Riddle With Holes","floor":7.0},{"not_picked":["Concentrate","Cloak And Dagger"],"picked":"Burst","floor":8.0},{"not_picked":["Caltrops","Predator"],"picked":"Acrobatics","floor":10},{"not_picked":["Infinite Blades","Poisoned Stab","Slice"],"picked":"SKIP","floor":11},{"not_picked":["Night Terror","Predator","Bane"],"picked":"SKIP","floor":14}],"player_experience":402061,"relics_obtained":[{"floor":4.0,"key":"Art of War"},{"floor":9.0,"key":"Juzu Bracelet"}],"event_choices":[{"cards_removed":["Defend_G"],"damage_healed":0.0,"max_hp_gain":0.0,"max_hp_loss":0.0,"gold_gain":0.0,"event_name":"Golden Wing","player_choice":"Card Removal","floor":3.0,"gold_loss":0.0,"damage_taken":7.0},{"damage_healed":0,"gold_gain":0,"player_choice":"Success","damage_taken":3,"relics_obtained":["Gremlin Horn"],"max_hp_gain":0,"max_hp_loss":0,"event_name":"Scrap Ooze","floor":13,"gold_loss":0}],"is_beta":false,"boss_relics":[],"items_purged_floors":[],"is_endless":false,"potions_floor_spawned":[1,7,11],"killed_by":"Hexaghost","ascension_level":1}}