{"host":"l5xpox9cbdko122s","time":1611095521,"event":{"mods":["AchievementEnabler","BaseMod","Minty Spire (QoL Compilation)"],"gold_per_floor":[114,125,125,136,211,211,211,232,256,276,301,324,324,324],"floor_reached":13,"language":"ENG","playtime":482,"items_purged":[],"score":79,"play_id":"857e4614-a2bb-472b-ac81-6c4ce776768d","local_time":"20210119173201","is_ascension_mode":false,"campfire_choices":[{"floor":6,"key":"RECALL"}],"circlet_count":0,"master_deck":["Strike_R","Strike_R","Strike_R","Strike_R","Strike_R","Defend_R","Defend_R","Defend_R","Defend_R","Bash","Heavy Blade","Injury"],"relics":["Burning Blood","NeowsBlessing","Bronze Scales","Golden Idol"],"acts_visited":["Exordium"],"potions_floor_usage":[8,11],"damage_taken":[{"damage":0,"enemies":"Cultist","floor":1,"turns":1},{"damage":0,"enemies":"Jaw Worm","floor":2,"turns":1},{"damage":0,"enemies":"Small Slimes","floor":4,"turns":1},{"damage":8,"enemies":"Exordium Wildlife","floor":8,"turns":3},{"damage":11,"enemies":"Gremlin Gang","floor":10,"turns":4},{"damage":14,"enemies":"Blue Slaver","floor":11,"turns":3},{"damage":23,"enemies":"Large Slime","floor":12,"turns":7},{"damage":48,"enemies":"3 Sentries","floor":13,"turns":6}],"seed_played":"-4856465806241836879","potions_obtained":[{"floor":1,"key":"AttackPotion"},{"floor":10,"key":"BloodPotion"}],"is_trial":false,"path_per_floor":["M","M","?","M","?","R","?","M","T","M","M","M","E"],"character_chosen":"IRONCLAD","items_purchased":[],"campfire_rested":0,"item_purchase_floors":[],"current_hp_per_floor":[80,80,68,74,63,63,63,61,61,56,64,47,0,0],"gold":324,"neow_bonus":"THREE_ENEMY_KILL","is_daily":false,"chose_seed":false,"campfire_upgraded":0,"win_rate":0.0,"timestamp":1611095521,"path_taken":["M","M","?","M","?","R","?","M","T","M","M","M","E"],"items_purchased_type":[],"build_version":"2020-12-22","purchased_purges":0,"victory":false,"max_hp_per_floor":[80,80,80,80,80,80,80,80,80,80,80,80,80,80],"card_choices":[{"not_picked":["Metallicize","Blood for Blood","Twin Strike"],"picked":"SKIP","floor":1},{"not_picked":["Disarm","Clash","Havoc"],"picked":"SKIP","floor":2},{"not_picked":["Ghostly Armor","Body Slam"],"picked":"Heavy Blade","floor":4},{"not_picked":["Havoc","Power Through","Hemokinesis"],"picked":"SKIP","floor":8},{"not_picked":["Reckless Charge","Pommel Strike","Clash"],"picked":"SKIP","floor":10},{"not_picked":["Rupture","Rage","Hemokinesis"],"picked":"SKIP","floor":11},{"not_picked":["Thunderclap","True Grit","Cleave"],"picked":"SKIP","floor":12}],"player_experience":142271,"relics_obtained":[],"event_choices":[{"damage_healed":0,"gold_gain":0,"player_choice":"Success","damage_taken":12,"relics_obtained":["Bronze Scales"],"max_hp_gain":0,"max_hp_loss":0,"event_name":"Scrap Ooze","floor":3,"gold_loss":0},{"damage_healed":0,"gold_gain":75,"player_choice":"Gather Gold","damage_taken":11,"max_hp_gain":0,"max_hp_loss":0,"event_name":"World of Goop","floor":5,"gold_loss":0},{"damage_healed":0,"gold_gain":0,"player_choice":"Take Wound","damage_taken":0,"relics_obtained":["Golden Idol"],"max_hp_gain":0,"max_hp_loss":0,"event_name":"Golden Idol","floor":7,"gold_loss":0,"cards_obtained":["Injury"]}],"is_beta":false,"boss_relics":[],"items_purged_floors":[],"is_endless":false,"potions_floor_spawned":[1,10],"killed_by":"3 Sentries","ascension_level":0}}