{"host":"qqgw5gp46oujbhdl","time":1611055171,"event":{"mods":["Aspiration","BaseMod","BetterRewards","CatGirl Mod","Downfall","Hermit","Infinite Spire","Melee Mod","Minty Spire (QoL Compilation)","StSLib","The Death Knight","The Disciple","The Forsaken","The Hayseed","The Hierophant","The Marked","The Servant 0.9.4","The Spell Scribe","The Valiant","TheBandit","TheVacant","Wandering Minibosses"],"gold_per_floor":[114,114,134,134,134,157,157,175,175,175,218,218,233,249,249,375,375,399,399,399,422,442,442,442,442],"floor_reached":24,"language":"POL","playtime":3333,"items_purged":[],"score":223,"play_id":"0dc22102-8878-413d-8353-46937df6cdd5","local_time":"20210119121931","is_ascension_mode":false,"campfire_choices":[{"data":"theMarked:StartUp","floor":7,"key":"SMITH"},{"floor":10,"key":"REST"},{"floor":12,"key":"REST"},{"data":"theMarked:EmpowerWeapon","floor":15,"key":"SMITH"},{"floor":23,"key":"REST"}],"circlet_count":1,"master_deck":["theMarked:Strike","theMarked:Strike","theMarked:Strike","theMarked:Strike","theMarked:Defend","theMarked:Defend","theMarked:Defend","theMarked:Defend","theMarked:SoldierOfQuellstein","theMarked:StartUp+1","theMarked:Overcharge","theMarked:Vacuum","theMarked:SelfDefenseTraining","theMarked:ShockingTouch","theMarked:PowerFlow","theMarked:Levitate","theMarked:EmpowerWeapon+1","theMarked:SuspiciousRaven","CurseOfTheBell","theMarked:Parkour","infinitespire:Menacing","infinitespire:Menacing"],"relics":["theMarked:ArtifactOfAir","Golden Idol","infinitespire:FocusingShard","theForsaken:Kindling","Calling Bell","infinitespire:Lucky Rock","aspiration:SeaSaltIceCream","Circlet","StoneCalendar"],"acts_visited":["Exordium","TheCity"],"potions_floor_usage":[3,16,16,22,24,24],"damage_taken":[{"damage":3,"enemies":"Jaw Worm","floor":1,"turns":4},{"damage":0,"enemies":"Cultist","floor":3,"turns":3},{"damage":8,"enemies":"Small Slimes","floor":6,"turns":3},{"damage":11,"enemies":"Red Slaver","floor":8,"turns":3},{"damage":29,"enemies":"Gremlin Nob","floor":11,"turns":4},{"damage":1,"enemies":"Lots of Slimes","floor":13,"turns":3},{"damage":0,"enemies":"Exordium Wildlife","floor":14,"turns":2},{"damage":57,"enemies":"The Guardian","floor":16,"turns":11},{"damage":15,"enemies":"Spheric Guardian","floor":18,"turns":5},{"damage":18,"enemies":"2 Thieves","floor":21,"turns":5},{"damage":21,"enemies":"Snake Plant","floor":22,"turns":4},{"damage":47,"enemies":"Slavers","floor":24,"turns":5}],"seed_played":"2646476069906589728","potions_obtained":[{"floor":3,"key":"Fruit Juice"},{"floor":8,"key":"hexamod:SoulburnPotion"},{"floor":13,"key":"Explosive Potion"},{"floor":14,"key":"theMarked:ChargePotion"},{"floor":16,"key":"SpeedPotion"},{"floor":18,"key":"PowerPotion"}],"is_trial":false,"path_per_floor":["M","?","M","?","?","M","R","M","T","R","E","R","M","M","R","B",null,"M","?","?","M","M","R","E"],"character_chosen":"THE_DEFAULT","items_purchased":[],"campfire_rested":3,"item_purchase_floors":[],"current_hp_per_floor":[74,74,79,59,59,51,51,40,40,64,35,64,63,63,63,6,87,72,50,50,32,11,42,0,0],"gold":442,"neow_bonus":"TEN_PERCENT_HP_BONUS","is_daily":false,"chose_seed":false,"campfire_upgraded":2,"win_rate":0.0,"timestamp":1611055171,"path_taken":["M","?","?","?","?","?","R","?","T","R","E","R","M","M","R","BOSS","M","?","?","M","?","R","E"],"items_purchased_type":[],"build_version":"2020-12-22","purchased_purges":0,"victory":false,"max_hp_per_floor":[77,77,82,82,82,82,82,82,82,82,82,87,87,87,87,87,87,87,87,87,87,87,92,92,92],"card_choices":[{"not_picked":["theMarked:HeightenedSenses","theMarked:ResourceFulStrike"],"picked":"theMarked:StartUp","floor":1},{"not_picked":["theMarked:ResourceFulStrike","theMarked:Electrocute"],"picked":"theMarked:Overcharge","floor":3},{"not_picked":["theMarked:Reabsorb","theMarked:EnhanceMovement"],"picked":"theMarked:ShockingTouch","floor":6},{"not_picked":["theMarked:ShockingTouch","theMarked:Reabsorb"],"picked":"theMarked:PowerFlow","floor":8},{"not_picked":["theMarked:AttractMetal","theMarked:ChainLightning"],"picked":"theMarked:Levitate","floor":11},{"not_picked":["theMarked:BanishingStrike","theMarked:EnhanceMovement"],"picked":"theMarked:EmpowerWeapon","floor":13},{"not_picked":["theMarked:WastefulDefense","theMarked:WastefulAttack","theMarked:ShockingTouch"],"picked":"SKIP","floor":14},{"not_picked":["theMarked:Challenge","theMarked:Vacuum"],"picked":"theMarked:SuspiciousRaven","floor":16},{"not_picked":["theMarked:Aftermath","theMarked:MysticalArsenal"],"picked":"theMarked:Parkour","floor":18},{"not_picked":["infinitespire:Execution","infinitespire:DeathsTouch"],"picked":"infinitespire:Menacing","floor":19},{"not_picked":["theMarked:Panic+1","theMarked:SelfDefenseTraining","theMarked:EmpowerWeapon"],"picked":"SKIP","floor":21},{"not_picked":["theMarked:EmpowerWeapon","theMarked:Aftermath","theMarked:WastefulDefense"],"picked":"SKIP","floor":22}],"player_experience":410789,"relics_obtained":[{"floor":9,"key":"infinitespire:FocusingShard"},{"floor":11,"key":"theForsaken:Kindling"},{"floor":17,"key":"infinitespire:Lucky Rock"},{"floor":17,"key":"aspiration:SeaSaltIceCream"},{"floor":17,"key":"StoneCalendar"}],"event_choices":[{"cards_removed":["theMarked:Strike"],"damage_healed":0,"gold_gain":0,"player_choice":"Purged","damage_taken":0,"max_hp_gain":0,"max_hp_loss":0,"event_name":"Purifier","floor":2,"gold_loss":0},{"damage_healed":0,"gold_gain":0,"player_choice":"Take Damage","damage_taken":20,"relics_obtained":["Golden Idol"],"max_hp_gain":0,"max_hp_loss":0,"event_name":"Golden Idol","floor":4,"gold_loss":0},{"damage_healed":0,"gold_gain":0,"player_choice":"2 cards matched","damage_taken":0,"max_hp_gain":0,"max_hp_loss":0,"event_name":"Match and Keep!","floor":5,"gold_loss":0,"cards_obtained":["theMarked:Vacuum","theMarked:SelfDefenseTraining"]},{"damage_healed":0,"gold_gain":0,"player_choice":"Copied","damage_taken":0,"max_hp_gain":0,"max_hp_loss":0,"event_name":"Duplicator","floor":20,"gold_loss":0,"cards_obtained":["infinitespire:Menacing"]}],"is_beta":false,"boss_relics":[{"not_picked":["aspiration:FutureDiary","aspiration:SecretTechniqueScroll"],"picked":"Calling Bell"}],"items_purged_floors":[],"is_endless":false,"potions_floor_spawned":[3,8,13,14,16,18],"killed_by":"Slavers","ascension_level":0}}