{"host":"dcj2yvrgcvh5dl2s","time":1611032608,"event":{"mods":["BaseMod","Bestiary","Better Note","Block Reminder","Colored Powertips","Curses Come First","DeckTracker","Minty Spire (QoL Compilation)","Quick Restart","Rare Cards Sparkle","Relic Stats","StSLib"],"gold_per_floor":[113,113,12,30,50,94,94,94,94],"floor_reached":8,"language":"ENG","playtime":957,"items_purged":[],"score":73,"play_id":"16f3ebf1-ebb6-4ed8-b7a7-67b27d67cdbc","local_time":"20210119150328","is_ascension_mode":true,"campfire_choices":[{"floor":7,"key":"REST"}],"circlet_count":0,"master_deck":["Strike_G","Strike_G","Strike_G","Strike_G","Strike_G","Defend_G","Defend_G","Defend_G","Defend_G","Defend_G","Survivor","Neutralize+1","Slice","Distraction","Slice","Heel Hook","Backflip","Accuracy"],"relics":["SacredBark","CeramicFish"],"acts_visited":["Exordium"],"potions_floor_usage":[8],"damage_taken":[{"damage":3,"enemies":"Small Slimes","floor":1,"turns":5},{"damage":7,"enemies":"Cultist","floor":4,"turns":4},{"damage":4,"enemies":"Jaw Worm","floor":5,"turns":3},{"damage":23,"enemies":"Lagavulin","floor":6,"turns":10},{"damage":49,"enemies":"Gremlin Nob","floor":8,"turns":5}],"seed_played":"-423995965201043245","potions_obtained":[{"floor":6,"key":"ColorlessPotion"}],"is_trial":false,"path_per_floor":["M","?","$","M","M","E","R","E"],"character_chosen":"THE_SILENT","items_purchased":["Distraction","Slice"],"campfire_rested":1,"item_purchase_floors":[3,3],"current_hp_per_floor":[60,60,60,53,49,26,47,0,0],"gold":94,"neow_bonus":"BOSS_RELIC","is_daily":false,"chose_seed":false,"campfire_upgraded":0,"win_rate":0.0,"timestamp":1611032608,"path_taken":["M","?","?","M","M","E","R","E"],"items_purchased_type":["Card","Card"],"build_version":"2020-12-22","purchased_purges":0,"victory":false,"max_hp_per_floor":[70,70,70,70,70,70,70,70,70],"relic_stats":{"counters":[5,27],"CeramicFish":9,"obtain_stats":[{"SacredBark":0,"CeramicFish":6,"Ring of the Snake":0},{"SacredBark":0,"CeramicFish":4,"Ring of the Snake":0},{"SacredBark":0,"CeramicFish":22,"Ring of the Snake":0}]},"card_choices":[{"not_picked":["PiercingWail","Endless Agony"],"picked":"Slice","floor":1},{"not_picked":["Deadly Poison","Quick Slash"],"picked":"Heel Hook","floor":4},{"not_picked":["PiercingWail","Slice"],"picked":"Backflip","floor":5},{"not_picked":["Escape Plan","Prepared"],"picked":"Accuracy","floor":6}],"player_experience":2256756,"relics_obtained":[{"floor":6,"key":"CeramicFish"}],"event_choices":[{"damage_healed":0,"gold_gain":0,"player_choice":"Upgraded","damage_taken":0,"max_hp_gain":0,"max_hp_loss":0,"event_name":"Upgrade Shrine","floor":2,"gold_loss":0,"cards_upgraded":["Neutralize"]}],"is_beta":false,"boss_relics":[],"items_purged_floors":[],"is_endless":false,"potions_floor_spawned":[6],"killed_by":"Gremlin Nob","ascension_level":6}}