{"host":"q6ff4ns2kep02ti6","time":1611094513,"event":{"mods":["AchievementEnabler","BaseMod","Minty Spire (QoL Compilation)","Relic Stats","StSLib","Unceasing Turn Reminder"],"gold_per_floor":[110,121,121,139,151,177,189,205,254,274,274,304,360,379,379,484,484,497,511,522,621,640,640,640],"floor_reached":23,"language":"ENG","playtime":1794,"items_purged":[],"score":303,"play_id":"0579a45b-3213-4c80-8fd8-d83a69b474b9","local_time":"20210119231513","is_ascension_mode":true,"campfire_choices":[{"data":"Doom and Gloom","floor":11,"key":"SMITH"},{"data":"Go for the Eyes","floor":15,"key":"SMITH"}],"circlet_count":0,"master_deck":["Strike_B","Defend_B","Defend_B","Defend_B","Defend_B","Zap","Dualcast+1","Cold Snap","Cold Snap","Skim","Melter","All For One","Doom and Gloom+1","Go for the Eyes+1","Buffer","Tempest","All For One+1","Undo+1","Consume+1","Echo Form+1","Steam","Go for the Eyes+1"],"relics":["Cracked Core","NeowsBlessing","PreservedInsect","Blood Vial","Pen Nib","Molten Egg 2","Astrolabe"],"acts_visited":["Exordium","TheCity"],"potions_floor_usage":[6,16,18,20,23,23,23],"damage_taken":[{"damage":0,"enemies":"Cultist","floor":1,"turns":1},{"damage":0,"enemies":"Jaw Worm","floor":2,"turns":1},{"damage":0,"enemies":"Small Slimes","floor":4,"turns":1},{"damage":9,"enemies":"Looter","floor":5,"turns":2},{"damage":22,"enemies":"Gremlin Nob","floor":6,"turns":5},{"damage":10,"enemies":"2 Fungi Beasts","floor":7,"turns":3},{"damage":1,"enemies":"Exordium Wildlife","floor":8,"turns":3},{"damage":2,"enemies":"Looter","floor":10,"turns":4},{"damage":11,"enemies":"Lagavulin","floor":12,"turns":6},{"damage":0,"enemies":"Gremlin Nob","floor":13,"turns":4},{"damage":1,"enemies":"Blue Slaver","floor":14,"turns":3},{"damage":4,"enemies":"The Guardian","floor":16,"turns":12},{"damage":22,"enemies":"2 Thieves","floor":18,"turns":5},{"damage":4,"enemies":"Shell Parasite","floor":19,"turns":5},{"damage":12,"enemies":"Centurion and Healer","floor":20,"turns":4},{"damage":10,"enemies":"Cultist and Chosen","floor":22,"turns":6},{"damage":28,"enemies":"Gremlin Leader","floor":23,"turns":7}],"seed_played":"-2615133507106395051","potions_obtained":[{"floor":1,"key":"SkillPotion"},{"floor":5,"key":"DistilledChaos"},{"floor":8,"key":"Dexterity Potion"},{"floor":10,"key":"SpeedPotion"},{"floor":16,"key":"Strength Potion"},{"floor":19,"key":"Energy Potion"},{"floor":22,"key":"SkillPotion"}],"is_trial":false,"path_per_floor":["M","M","?","M","M","E","M","M","T","M","R","E","?","M","R","B",null,"M","M","M","?","M","E"],"character_chosen":"DEFECT","items_purchased":[],"campfire_rested":0,"item_purchase_floors":[],"current_hp_per_floor":[68,68,68,68,59,37,27,26,26,26,26,17,19,20,20,18,61,41,39,29,29,21,0,0],"gold":640,"neow_bonus":"THREE_ENEMY_KILL","is_daily":false,"chose_seed":false,"campfire_upgraded":2,"win_rate":0.0,"timestamp":1611094513,"path_taken":["M","?","?","?","M","E","M","M","T","M","R","E","?","M","R","BOSS","M","M","M","?","M","E"],"items_purchased_type":[],"build_version":"2020-12-22","purchased_purges":0,"victory":false,"max_hp_per_floor":[75,75,75,75,75,75,75,75,75,75,75,75,75,75,75,75,75,75,75,75,75,75,75,75],"relic_stats":{"Blood Vial":20,"counters":[17,72],"Astrolabe":["Undo","Consume","Echo Form"],"PreservedInsect":98,"Pen Nib":[8],"obtain_stats":[{"Blood Vial":9,"NeowsBlessing":0,"Astrolabe":17,"Molten Egg 2":13,"PreservedInsect":6,"Pen Nib":12,"Cracked Core":0},{"Blood Vial":7,"NeowsBlessing":0,"Astrolabe":12,"Molten Egg 2":10,"PreservedInsect":5,"Pen Nib":9,"Cracked Core":0},{"Blood Vial":16,"NeowsBlessing":0,"Astrolabe":45,"Molten Egg 2":30,"PreservedInsect":10,"Pen Nib":26,"Cracked Core":0}]},"card_choices":[{"not_picked":["Aggregate","Barrage"],"picked":"Cold Snap","floor":1},{"not_picked":["Double Energy","Stack"],"picked":"Cold Snap","floor":2},{"not_picked":["Streamline","Chill"],"picked":"Skim","floor":4},{"not_picked":["Scrape","Compile Driver"],"picked":"Melter","floor":5},{"not_picked":["Leap","Force Field"],"picked":"All For One","floor":6},{"not_picked":["Darkness","Hologram"],"picked":"Doom and Gloom","floor":7},{"not_picked":["Turbo","Darkness","Sweeping Beam"],"picked":"SKIP","floor":8},{"not_picked":["FTL","Coolheaded"],"picked":"Go for the Eyes","floor":10},{"not_picked":["FTL","Hologram"],"picked":"Buffer","floor":12},{"not_picked":["Recycle","Conserve Battery"],"picked":"Tempest","floor":14},{"not_picked":["Hyperbeam+1","Creative AI"],"picked":"All For One+1","floor":16},{"not_picked":["Auto Shields+1","Redo"],"picked":"Steam","floor":18},{"not_picked":["Sweeping Beam+1","Melter+1","Stack+1"],"picked":"SKIP","floor":19},{"not_picked":["Turbo","Coolheaded"],"picked":"Go for the Eyes+1","floor":20},{"not_picked":["Fusion+1","Auto Shields","Turbo"],"picked":"SKIP","floor":22}],"player_experience":984521,"relics_obtained":[{"floor":6,"key":"PreservedInsect"},{"floor":9,"key":"Blood Vial"},{"floor":12,"key":"Pen Nib"},{"floor":13,"key":"Molten Egg 2"}],"event_choices":[{"damage_healed":0,"gold_gain":0,"player_choice":"Upgraded","damage_taken":0,"max_hp_gain":0,"max_hp_loss":0,"event_name":"Upgrade Shrine","floor":3,"gold_loss":0,"cards_upgraded":["Dualcast"]},{"damage_healed":0,"gold_gain":0,"player_choice":"Searched \u00271\u0027 times","damage_taken":0,"max_hp_gain":0,"max_hp_loss":0,"event_name":"Dead Adventurer","floor":13,"gold_loss":0},{"damage_healed":0,"gold_gain":99,"player_choice":"Stole From Cult","damage_taken":0,"max_hp_gain":0,"max_hp_loss":0,"event_name":"Nest","floor":21,"gold_loss":0}],"is_beta":false,"boss_relics":[{"not_picked":["Ectoplasm","Coffee Dripper"],"picked":"Astrolabe"}],"items_purged_floors":[],"is_endless":false,"potions_floor_spawned":[1,5,8,10,16,19,22],"killed_by":"Gremlin Leader","ascension_level":9}}