{"host":"pletss163z7s8pvv","time":1611018844,"event":{"mods":["AchievementEnabler","BaseMod","Better Altar","CapriCore","Colored Map","Colored Powertips","Conspire","Energized Spire","GifTheSpireLib","Hermit","Ironclad Rager","Jedi Mod","Minty Spire (QoL Compilation)","Spicy Shops","StS++","StSLib","The Alterego","The Bladedancer","The Cursed","The Disciple","The Immortal","The Marked","The Servant 0.9.4"],"gold_per_floor":[119,135,135,32,52,62,91,109,133,133,144,32,51,63,63,63,63],"floor_reached":16,"language":"ENG","playtime":767,"items_purged":[],"score":131,"play_id":"d236c6c7-e238-474d-846a-64b7b7202f4d","local_time":"20210118191404","is_ascension_mode":false,"campfire_choices":[{"floor":10,"key":"REST"},{"floor":15,"key":"REST"}],"circlet_count":0,"master_deck":["blademaster:Strike","blademaster:Strike","blademaster:Strike","blademaster:Strike","blademaster:Defend","blademaster:Defend","blademaster:Defend","blademaster:Defend","blademaster:RagingBlow","blademaster:HighVoltage","blademaster:Flurry","blademaster:AspectOfWind","blademaster:FuriousStrike","blademaster:Strike","blademaster:LeechingStrike","blademaster:CullingStrike","blademaster:SharpBlades","blademaster:ParryingStrike","blademaster:SharpBlades","blademaster:SharpBlades","blademaster:BrainBloom","blademaster:SlyStabs","blademaster:Bloodbath","blademaster:Rupture"],"relics":["blademaster:DancersAmulet","Centennial Puzzle","Boot"],"acts_visited":["Exordium"],"potions_floor_usage":[16,16,16,16,16,16],"damage_taken":[{"damage":2,"enemies":"conspire:RoseBush","floor":1,"turns":3},{"damage":0,"enemies":"Jaw Worm","floor":2,"turns":3},{"damage":0,"enemies":"Cultist","floor":5,"turns":2},{"damage":14,"enemies":"conspire:2 RoseBushes","floor":6,"turns":5},{"damage":52,"enemies":"Gremlin Nob","floor":7,"turns":6},{"damage":0,"enemies":"Large Slime","floor":8,"turns":5},{"damage":9,"enemies":"3 Louse","floor":11,"turns":3},{"damage":17,"enemies":"Blue Slaver","floor":13,"turns":4},{"damage":10,"enemies":"Exordium Wildlife","floor":14,"turns":5},{"damage":52,"enemies":"The Guardian","floor":16,"turns":9}],"seed_played":"-3795921250356985735","potions_obtained":[{"floor":1,"key":"Energy Potion"},{"floor":5,"key":"EntropicBrew"},{"floor":11,"key":"FearPotion"},{"floor":13,"key":"Block Potion"}],"is_trial":false,"path_per_floor":["M","M","?","$","M","M","E","M","T","R","M","$","M","M","R","B"],"character_chosen":"THE_BLADEMASTER","items_purchased":["blademaster:LeechingStrike","blademaster:CullingStrike","Boot","blademaster:SlyStabs"],"campfire_rested":2,"item_purchase_floors":[4,4,12,12],"current_hp_per_floor":[80,80,80,80,80,66,17,20,20,44,35,35,18,11,35,0,0],"gold":63,"neow_bonus":"TEN_PERCENT_HP_BONUS","is_daily":false,"chose_seed":false,"campfire_upgraded":0,"win_rate":0.0,"timestamp":1611018844,"path_taken":["M","M","?","$","?","M","E","M","T","R","M","$","?","M","R","BOSS"],"items_purchased_type":["Card","Card","Relic","Card"],"build_version":"2020-12-22","purchased_purges":0,"victory":false,"max_hp_per_floor":[82,82,82,82,82,82,82,82,82,82,82,82,82,82,82,82,82],"card_choices":[{"not_picked":["blademaster:DancingEdge","blademaster:TraverseCut"],"picked":"blademaster:Flurry","floor":1},{"not_picked":["blademaster:SlyStabs","blademaster:Thrust"],"picked":"blademaster:AspectOfWind","floor":2},{"not_picked":["blademaster:ChargingUp","blademaster:Overcharge"],"picked":"blademaster:SharpBlades","floor":5},{"not_picked":["blademaster:Flurry","blademaster:CombatPrep"],"picked":"blademaster:ParryingStrike","floor":6},{"not_picked":["blademaster:AspectOfLightning","blademaster:Slice"],"picked":"blademaster:SharpBlades","floor":7},{"not_picked":["blademaster:BrainBloom","blademaster:AspectOfLightning"],"picked":"blademaster:SharpBlades","floor":8},{"not_picked":["blademaster:Thrust","blademaster:ThunderSlash"],"picked":"blademaster:BrainBloom","floor":11},{"not_picked":["blademaster:DragonStrike","blademaster:SlyStabs"],"picked":"blademaster:Bloodbath","floor":13},{"not_picked":["blademaster:Frenzy","blademaster:BrainBloom"],"picked":"blademaster:Rupture","floor":14}],"player_experience":429488,"relics_obtained":[{"floor":7,"key":"Centennial Puzzle"},{"floor":7,"key":"blademaster:BleedingLaceratePerk"}],"event_choices":[{"damage_healed":0,"gold_gain":0,"player_choice":"2 cards matched","damage_taken":0,"max_hp_gain":0,"max_hp_loss":0,"event_name":"Match and Keep!","floor":3,"gold_loss":0,"cards_obtained":["blademaster:FuriousStrike","blademaster:Strike"]}],"is_beta":false,"boss_relics":[],"items_purged_floors":[],"is_endless":false,"potions_floor_spawned":[1,5,11,13,14],"killed_by":"The Guardian","ascension_level":0}}