{"host":"ibonnlq6s1c814xj","time":1611053590,"event":{"mods":["BaseMod","BetterRewards","Minty Spire (QoL Compilation)","Quick Restart","Shop Mod","¡¾ÒÅÎï¿¨ÅÆ¡¿REMEMod"],"gold_per_floor":[144,144,144,189,9,9,9,9,34,34,209,209,209,209],"floor_reached":13,"language":"ZHS","playtime":347,"items_purged":["Strike_P"],"score":69,"play_id":"a769883a-5dc7-44ba-a2d7-6f0947147723","local_time":"20210119185310","daily_mods":["Allstar","Time Dilation","Midas"],"is_ascension_mode":false,"campfire_choices":[{"floor":6,"key":"REST"}],"circlet_count":0,"master_deck":["Strike_P","Strike_P","Defend_P","Defend_P","Defend_P","Defend_P","Eruption","Vigilance","Seeing Red","Halt","REME_Repentance","REME_MusicOfDeath","Halt","Doubt"],"relics":["PureWater","REME_ComplimentaryCards","Art of War","Orichalcum","Golden Idol"],"acts_visited":["Exordium"],"potions_floor_usage":[],"damage_taken":[{"damage":0,"enemies":"Small Slimes","floor":1,"turns":1},{"damage":0,"enemies":"Jaw Worm","floor":4,"turns":3},{"damage":10,"enemies":"3 Sentries","floor":13,"turns":4}],"seed_played":"3706737729498028133","potions_obtained":[{"floor":1,"key":"SpeedPotion"},{"floor":4,"key":"AttackPotion"}],"is_trial":false,"path_per_floor":["M","?","?","M","$","R","$","$","T","?","?","?","E"],"character_chosen":"WATCHER","items_purchased":["REME_MusicOfDeath","Halt"],"campfire_rested":1,"item_purchase_floors":[5,5],"current_hp_per_floor":[72,72,72,72,72,72,72,72,72,65,65,65,55,55],"gold":209,"neow_bonus":"","is_daily":true,"chose_seed":false,"campfire_upgraded":0,"win_rate":0.0,"timestamp":1611053590,"path_taken":["M","?","?","M","$","R","?","$","T","?","?","?","E"],"items_purchased_type":["Card","Card"],"build_version":"2020-12-22","purchased_purges":1,"victory":false,"max_hp_per_floor":[72,72,72,72,72,72,72,72,72,72,72,67,67,67],"card_choices":[{"not_picked":["Consecrate","Evaluate"],"picked":"Halt","floor":1},{"not_picked":["Swivel","ThirdEye"],"picked":"REME_Repentance","floor":4}],"player_experience":264602,"relics_obtained":[{"floor":9,"key":"Orichalcum"}],"event_choices":[{"damage_healed":0,"gold_gain":0,"player_choice":"Box","damage_taken":0,"relics_obtained":["Art of War"],"max_hp_gain":0,"max_hp_loss":0,"event_name":"Big Fish","floor":2,"gold_loss":0,"cards_obtained":["Regret"]},{"cards_removed":["Regret"],"damage_healed":0,"gold_gain":0,"player_choice":"Forget","damage_taken":0,"max_hp_gain":0,"max_hp_loss":0,"event_name":"Living Wall","floor":3,"gold_loss":0},{"cards_removed":["Strike_P"],"damage_healed":0,"gold_gain":0,"player_choice":"Card Removal","damage_taken":7,"max_hp_gain":0,"max_hp_loss":0,"event_name":"Golden Wing","floor":10,"gold_loss":0},{"damage_healed":0,"gold_gain":175,"player_choice":"AGREE","damage_taken":0,"max_hp_gain":0,"max_hp_loss":0,"event_name":"Liars Game","floor":11,"gold_loss":0,"cards_obtained":["Doubt"]},{"damage_healed":0,"gold_gain":0,"player_choice":"Lose Max HP","damage_taken":0,"relics_obtained":["Golden Idol"],"max_hp_gain":0,"max_hp_loss":5,"event_name":"Golden Idol","floor":12,"gold_loss":0}],"is_beta":false,"boss_relics":[],"items_purged_floors":[5],"is_endless":false,"potions_floor_spawned":[1,4],"killed_by":"3 Sentries","ascension_level":0}}