{"host":"981nlwu0905dw1bz","time":1611071168,"event":{"mods":["AchievementEnabler","BaseMod","DeckTracker","Minty Spire (QoL Compilation)","Rare Cards Sparkle","SuperFastMode"],"gold_per_floor":[112,112,112,18,35,65,65,78,78,90,118,36,36,54,54,155,155,173,272,272,261,46,46,46],"floor_reached":23,"language":"KOR","playtime":552,"items_purged":[],"score":347,"play_id":"b724ee42-a540-4bd5-9e89-07c95c28d246","local_time":"20210120004608","is_ascension_mode":true,"campfire_choices":[{"data":"Dramatic Entrance","floor":7.0,"key":"SMITH"},{"data":"Accuracy","floor":13.0,"key":"SMITH"},{"data":"Cloak And Dagger","floor":15.0,"key":"SMITH"}],"circlet_count":0,"master_deck":["AscendersBane","Strike_G","Strike_G","Strike_G","Strike_G","Strike_G","Defend_G","Defend_G","Defend_G","Defend_G","Defend_G","Survivor","Neutralize","Dagger Throw","Dramatic Entrance+1","Cloak And Dagger+1","Unload","Cloak And Dagger","Deadly Poison+1","Blade Dance+1","Accuracy+1","Dash","Dodge and Roll+1","Deflect+1","After Image","Riddle With Holes","Acrobatics+1","Prepared+1"],"relics":["Ring of the Snake","NeowsBlessing","Paper Crane","Toxic Egg 2","Peace Pipe","HoveringKite","Orrery"],"acts_visited":["Exordium","TheCity"],"potions_floor_usage":[23,23],"damage_taken":[{"damage":0.0,"enemies":"Small Slimes","floor":1.0,"turns":1.0},{"damage":0.0,"enemies":"2 Louse","floor":5.0,"turns":1.0},{"damage":0.0,"enemies":"Gremlin Nob","floor":6.0,"turns":1.0},{"damage":0.0,"enemies":"Cultist","floor":8.0,"turns":2.0},{"damage":0.0,"enemies":"Exordium Thugs","floor":10.0,"turns":2.0},{"damage":10.0,"enemies":"3 Sentries","floor":11.0,"turns":7.0},{"damage":2.0,"enemies":"3 Louse","floor":14.0,"turns":2.0},{"damage":12.0,"enemies":"Hexaghost","floor":16.0,"turns":8.0},{"damage":23,"enemies":"3 Byrds","floor":18,"turns":4},{"damage":26,"enemies":"2 Thieves","floor":21,"turns":4},{"damage":12,"enemies":"Slavers","floor":23,"turns":1}],"seed_played":"-4871094751593803610","potions_obtained":[{"floor":1.0,"key":"SteroidPotion"},{"floor":5.0,"key":"ColorlessPotion"},{"floor":14.0,"key":"Explosive Potion"},{"floor":21,"key":"Energy Potion"}],"is_trial":false,"path_per_floor":["M","?","?","$","M","E","R","M","T","M","E","$","R","M","R","B",null,"M","?","?","M","$","E"],"character_chosen":"THE_SILENT","items_purchased":["Dramatic Entrance","Accuracy","CunningPotion","Orrery"],"campfire_rested":0,"item_purchase_floors":[4,12,22,22],"current_hp_per_floor":[63,63,56,56,56,56,56,56,56,56,46,46,46,44,44,32,61,38,38,38,12,12,0,0],"gold":46,"neow_bonus":"THREE_ENEMY_KILL","is_daily":false,"chose_seed":false,"campfire_upgraded":3,"win_rate":0.0,"timestamp":1611071168,"path_taken":["M","?","?","$","?","E","R","M","T","M","E","?","R","M","R","BOSS","M","?","?","M","$","E"],"items_purchased_type":["Card","Card","Potion","Relic"],"build_version":"2020-12-22","purchased_purges":0,"victory":false,"max_hp_per_floor":[70,70,70,70,70,70,70,70,70,70,70,70,70,70,70,70,70,70,70,70,70,70,70,70],"card_choices":[{"not_picked":["Footwork","Quick Slash"],"picked":"Dagger Throw","floor":1.0},{"not_picked":["Acrobatics","Bane"],"picked":"Cloak And Dagger","floor":5.0},{"not_picked":["Bane","Quick Slash"],"picked":"Unload","floor":6.0},{"not_picked":["Poisoned Stab","Dagger Throw"],"picked":"Cloak And Dagger","floor":8.0},{"not_picked":["Riddle With Holes","Backstab"],"picked":"Deadly Poison+1","floor":10.0},{"not_picked":["Dagger Spray","Predator"],"picked":"Blade Dance+1","floor":11.0},{"not_picked":["Dagger Spray","Poisoned Stab"],"picked":"Dash","floor":14.0},{"not_picked":["Leg Sweep+1","Slice"],"picked":"Dodge and Roll+1","floor":18},{"not_picked":["Choke","Bane"],"picked":"Deflect+1","floor":21},{"not_picked":["Prepared+1","Distraction+1"],"picked":"After Image","floor":22},{"not_picked":["Skewer+1","Noxious Fumes"],"picked":"Riddle With Holes","floor":22},{"not_picked":["Heel Hook","Flying Knee+1"],"picked":"Acrobatics+1","floor":22},{"not_picked":["Dash","Catalyst+1"],"picked":"Prepared+1","floor":22}],"player_experience":550609,"relics_obtained":[{"floor":6.0,"key":"Paper Crane"},{"floor":9.0,"key":"Toxic Egg 2"},{"floor":11.0,"key":"Peace Pipe"}],"event_choices":[{"damage_healed":0.0,"max_hp_gain":0.0,"max_hp_loss":0.0,"gold_gain":0.0,"event_name":"The Cleric","player_choice":"Leave","floor":2.0,"gold_loss":0.0,"damage_taken":0.0},{"damage_healed":0.0,"max_hp_gain":0.0,"max_hp_loss":0.0,"gold_gain":0.0,"event_name":"Wheel of Change","player_choice":"Damaged","floor":3.0,"gold_loss":0.0,"damage_taken":7.0},{"damage_healed":0,"gold_gain":99,"player_choice":"Stole From Cult","damage_taken":0,"max_hp_gain":0,"max_hp_loss":0,"event_name":"Nest","floor":19,"gold_loss":0},{"damage_healed":0,"gold_gain":0,"player_choice":"Ignored","damage_taken":0,"max_hp_gain":0,"max_hp_loss":0,"event_name":"Cursed Tome","floor":20,"gold_loss":0}],"is_beta":false,"boss_relics":[{"not_picked":["Coffee Dripper","Astrolabe"],"picked":"HoveringKite"}],"items_purged_floors":[],"is_endless":false,"potions_floor_spawned":[1,5,8,14,21],"killed_by":"Slavers","ascension_level":11}}