{"host":"f5mjulaw5aqlqmd7","time":1611100394,"event":{"mods":["Act Like it!","BaseMod","Colored Map","GifTheSpireLib","Hallownest","Minty Spire (QoL Compilation)","StSLib","The Bug Knight"],"gold_per_floor":[111,122,19,33,48,60,60,60,60,95,95,111,29,47,47,47,47],"floor_reached":16,"language":"ENG","playtime":1429,"items_purged":[],"score":104,"play_id":"67743490-6a88-4279-bea8-582b36b17ca2","local_time":"20210119185314","is_ascension_mode":false,"campfire_choices":[{"data":"HollowMod:MantisMark","floor":7,"key":"SMITH"},{"floor":11,"key":"REST"},{"floor":15,"key":"REST"}],"circlet_count":0,"master_deck":["HollowMod:NailStrikeStart","HollowMod:NailStrikeStart","HollowMod:NailStrikeStart","HollowMod:QuickDashStart","HollowMod:QuickDashStart","HollowMod:QuickDashStart","HollowMod:QuickDashStart","HollowMod:FocusHealStart","HollowMod:PogoStrike","HollowMod:ChannelNail","HollowMod:HowlingWraiths","HollowMod:ChannelNail","HollowMod:CloakDash","HollowMod:MantisMark+1","HollowMod:SoulMaster","HollowMod:DesolateDive+1","HollowMod:CycloneSlash+1","HollowMod:SoulVessel","HollowMod:CornifersMapStart"],"relics":["HollowMod:VesselMask","NeowsBlessing","Molten Egg 2","Bag of Marbles"],"acts_visited":["Exordium"],"potions_floor_usage":[],"damage_taken":[{"damage":0,"enemies":"Cultist","floor":1,"turns":1},{"damage":0,"enemies":"Small Slimes","floor":2,"turns":1},{"damage":0,"enemies":"2 Louse","floor":4,"turns":1},{"damage":1,"enemies":"2 Fungi Beasts","floor":5,"turns":2},{"damage":12,"enemies":"Large Slime","floor":6,"turns":5},{"damage":30,"enemies":"Gremlin Nob","floor":10,"turns":4},{"damage":9,"enemies":"Blue Slaver","floor":12,"turns":3},{"damage":7,"enemies":"HollowMod:HuskWarrior","floor":14,"turns":4},{"damage":71,"enemies":"Hexaghost","floor":16,"turns":12}],"seed_played":"6451026612005134340","potions_obtained":[{"floor":2,"key":"EssenceOfSteel"},{"floor":5,"key":"BlessingOfTheForge"}],"is_trial":false,"path_per_floor":["M","M","$","M","M","M","R","?","T","E","R","M","$","M","R","B"],"character_chosen":"THE_BUGKNIGHT","items_purchased":["HollowMod:ChannelNail","Block Potion","HollowMod:SoulVessel"],"campfire_rested":2,"item_purchase_floors":[3,3,13],"current_hp_per_floor":[75,75,75,75,74,62,62,62,62,32,54,45,45,38,60,0,0],"gold":47,"neow_bonus":"THREE_ENEMY_KILL","is_daily":false,"chose_seed":false,"campfire_upgraded":1,"win_rate":0.0,"timestamp":1611100394,"path_taken":["M","M","$","M","?","M","R","?","T","E","R","M","$","M","R","BOSS"],"items_purchased_type":["Card","Potion","Card"],"build_version":"2020-12-22","purchased_purges":0,"victory":false,"max_hp_per_floor":[75,75,75,75,75,75,75,75,75,75,75,75,75,75,75,75,75],"card_choices":[{"not_picked":["HollowMod:LifebloodCocoon","HollowMod:SiblingsSouls"],"picked":"HollowMod:ChannelNail","floor":1},{"not_picked":["HollowMod:NewJinnsSoul","HollowMod:FastStrike"],"picked":"HollowMod:HowlingWraiths","floor":2},{"not_picked":["HollowMod:GoodIntentions","HollowMod:SiblingsSouls"],"picked":"HollowMod:CloakDash","floor":4},{"not_picked":["HollowMod:FallenFury","HollowMod:QuirrelsAssistance"],"picked":"HollowMod:MantisMark","floor":5},{"not_picked":["HollowMod:ShadowDash","HollowMod:DescendingDark","HollowMod:InfectedAttack"],"picked":"SKIP","floor":6},{"not_picked":["HollowMod:ShapeofUnn","HollowMod:SiblingsShadow"],"picked":"HollowMod:DesolateDive+1","floor":10},{"not_picked":["HollowMod:InfectedCysts+1","HollowMod:ZotesMagnificence+1"],"picked":"HollowMod:CycloneSlash+1","floor":12},{"not_picked":["HollowMod:ShadowDash","HollowMod:ShapeofUnn"],"picked":"HollowMod:CornifersMapStart","floor":14}],"player_experience":61819,"relics_obtained":[{"floor":9,"key":"Molten Egg 2"},{"floor":10,"key":"Bag of Marbles"}],"event_choices":[{"damage_healed":0,"gold_gain":0,"cards_transformed":["HollowMod:NailStrikeStart"],"player_choice":"Change","damage_taken":0,"max_hp_gain":0,"max_hp_loss":0,"event_name":"Living Wall","floor":8,"gold_loss":0,"cards_obtained":["HollowMod:SoulMaster"]}],"is_beta":false,"boss_relics":[],"items_purged_floors":[],"is_endless":false,"potions_floor_spawned":[2,5,6,10,12],"killed_by":"Hexaghost","ascension_level":0}}