{"host":"Rich","time":1611016182,"event":{"mods":["AchievementEnabler","BaseMod","Highlight Path","Minty Spire (QoL Compilation)","Relic Stats"],"gold_per_floor":[117,117,117,117,117,117,150,150,173,198,213,226,258,51,51,123,123,136,150,150,150,162,162,175,205,205,205,205,223,251,261,261,335,335,351,351,363,32,57,67,83,118,141,168,168,203,253,279,279,279,279,279,279,78,108,108,108],"floor_reached":56,"language":"ENG","playtime":2672,"items_purged":["Pain"],"score":2492,"play_id":"25268e1a-bd9a-481f-842e-46a93c8df939","local_time":"20210118192942","is_ascension_mode":true,"campfire_choices":[{"data":"Rampage","floor":6.0,"key":"SMITH"},{"data":"Pommel Strike","floor":8.0,"key":"SMITH"},{"data":"True Grit","floor":15.0,"key":"SMITH"},{"data":"Sword Boomerang","floor":23.0,"key":"SMITH"},{"data":"Feel No Pain","floor":27.0,"key":"SMITH"},{"data":"Shrug It Off","floor":32.0,"key":"SMITH"},{"floor":49,"key":"RECALL"},{"data":"Heavy Blade","floor":53,"key":"SMITH"}],"circlet_count":0,"master_deck":["AscendersBane","Strike_R","Strike_R","Strike_R","Strike_R+1","Strike_R","Defend_R","Defend_R","Defend_R","Defend_R","Bash+1","Rampage+1","Pommel Strike+1","Spot Weakness","Sword Boomerang+1","Body Slam","True Grit+1","Feel No Pain+1","Shrug It Off+1","Corruption","Shrug It Off","Anger+1","Spot Weakness+1","Seeing Red","Pommel Strike","Battle Trance","Fiend Fire","Shrug It Off","Immolate","Battle Trance","Madness","Madness","Sword Boomerang","Spot Weakness","Feel No Pain","Pommel Strike","Heavy Blade+1","Dark Shackles+1","Pummel"],"relics":["Burning Blood","NeowsBlessing","Pocketwatch","WarpedTongs","Boot","Lantern","Champion Belt","Pen Nib","Snecko Eye","InkBottle","Paper Frog","Bottled Tornado","Centennial Puzzle","HornCleat","Busted Crown","Ice Cream","StoneCalendar","Toxic Egg 2","Singing Bowl","Incense Burner","Thread and Needle","Juzu Bracelet","OrangePellets","Toy Ornithopter"],"acts_visited":["Exordium","TheCity","TheBeyond","TheEnding"],"potions_floor_usage":[33,39,42,46,47,55,56,56],"damage_taken":[{"damage":0.0,"enemies":"Cultist","floor":1.0,"turns":1.0},{"damage":0.0,"enemies":"Gremlin Nob","floor":7.0,"turns":1.0},{"damage":0.0,"enemies":"Lagavulin","floor":10.0,"turns":2.0},{"damage":12.0,"enemies":"Jaw Worm","floor":11.0,"turns":2.0},{"damage":3.0,"enemies":"Small Slimes","floor":12.0,"turns":2.0},{"damage":3.0,"enemies":"Gremlin Nob","floor":13.0,"turns":2.0},{"damage":30.0,"enemies":"Slime Boss","floor":16.0,"turns":7.0},{"damage":13.0,"enemies":"Shell Parasite","floor":18.0,"turns":5.0},{"damage":1.0,"enemies":"3 Byrds","floor":19.0,"turns":4.0},{"damage":14.0,"enemies":"Shelled Parasite and Fungi","floor":22.0,"turns":4.0},{"damage":5.0,"enemies":"Snake Plant","floor":24.0,"turns":2.0},{"damage":2.0,"enemies":"Book of Stabbing","floor":25.0,"turns":4.0},{"damage":4.0,"enemies":"Centurion and Healer","floor":29.0,"turns":4.0},{"damage":0.0,"enemies":"Gremlin Leader","floor":30.0,"turns":2.0},{"damage":0.0,"enemies":"Chosen and Byrds","floor":31.0,"turns":5.0},{"damage":4,"enemies":"Champ","floor":33,"turns":6},{"damage":2,"enemies":"3 Darklings","floor":35,"turns":4},{"damage":2,"enemies":"Orb Walker","floor":37,"turns":2},{"damage":0,"enemies":"Mind Bloom Boss Battle","floor":39,"turns":5},{"damage":0,"enemies":"3 Darklings","floor":40,"turns":2},{"damage":0,"enemies":"Transient","floor":41,"turns":6},{"damage":20,"enemies":"Nemesis","floor":42,"turns":5},{"damage":6,"enemies":"Reptomancer","floor":44,"turns":4},{"damage":0,"enemies":"Giant Head","floor":46,"turns":5},{"damage":0,"enemies":"2 Orb Walkers","floor":47,"turns":3},{"damage":0,"enemies":"Reptomancer","floor":48,"turns":2},{"damage":0,"enemies":"Donu and Deca","floor":50,"turns":6},{"damage":12,"enemies":"Time Eater","floor":51,"turns":5},{"damage":55,"enemies":"Shield and Spear","floor":55,"turns":7},{"damage":68,"enemies":"The Heart","floor":56,"turns":6}],"seed_played":"3387917282831905677","potions_obtained":[{"floor":7.0,"key":"AttackPotion"},{"floor":11.0,"key":"LiquidMemories"},{"floor":16.0,"key":"Fruit Juice"},{"floor":19.0,"key":"Explosive Potion"},{"floor":25.0,"key":"BlessingOfTheForge"},{"floor":31.0,"key":"Dexterity Potion"},{"floor":33,"key":"Dexterity Potion"},{"floor":39,"key":"Weak Potion"},{"floor":44,"key":"Swift Potion"},{"floor":47,"key":"Ancient Potion"},{"floor":48,"key":"Block Potion"},{"floor":55,"key":"BloodPotion"}],"is_trial":false,"path_per_floor":["M","?","?","?","?","R","E","R","T","E","M","M","E","$","R","B",null,"M","M","?","T","M","R","M","E","T","R","T","M","E","M","R","B",null,"M","?","M","$","?","M","M","E","T","E","?","E","?","E","R","B","B",null,"R","$","E","B"],"character_chosen":"IRONCLAD","items_purchased":["Feel No Pain","Shrug It Off","Ice Cream","Pummel","OrangePellets"],"campfire_rested":0,"item_purchase_floors":[14,14,38,54,54],"current_hp_per_floor":[74,74,63,40,40,40,46,46,46,52,46,49,52,52,52,28,63,56,61,61,61,53,53,54,63,63,63,63,65,71,77,77,79,80,80,66,70,70,76,80,80,66,66,66,66,74,82,86,86,86,80,85,85,85,38,0,0],"gold":108,"neow_bonus":"THREE_ENEMY_KILL","is_daily":false,"chose_seed":false,"campfire_upgraded":7,"win_rate":0.0,"timestamp":1611016182,"path_taken":["M","?","?","?","?","R","E","R","T","E","?","M","E","$","R","BOSS","M","?","?","?","M","R","M","E","T","R","?","?","E","M","R","BOSS","M","?","M","$","?","?","M","E","T","E","?","E","?","E","R","BOSS","BOSS","R","$","E","BOSS"],"items_purchased_type":["Card","Card","Relic","Card","Relic"],"build_version":"2020-12-18","purchased_purges":1,"victory":false,"max_hp_per_floor":[75,75,75,75,75,75,75,75,75,75,75,75,75,75,75,75,75,75,75,75,75,75,75,75,80,80,80,80,80,80,80,80,80,80,80,80,80,80,80,80,80,80,80,80,80,82,84,86,86,86,86,86,86,86,88,88,88],"relic_stats":{"Singing Bowl":8,"counters":[30,115],"StoneCalendar":[0],"Pen Nib":[25],"Juzu Bracelet":0,"Boot":[70],"Burning Blood":152,"WarpedTongs":[113],"OrangePellets":[4],"Centennial Puzzle":[27],"Busted Crown":24,"Snecko Eye":[197,229,191,202],"Champion Belt":[26],"obtain_stats":[{"Ice Cream":38,"Lantern":9,"NeowsBlessing":0,"Singing Bowl":44,"StoneCalendar":39,"Thread and Needle":47,"Pen Nib":13,"Incense Burner":46,"Juzu Bracelet":48,"Bottled Tornado":26,"Boot":7,"Burning Blood":0,"WarpedTongs":5,"OrangePellets":54,"Centennial Puzzle":28,"HornCleat":30,"Busted Crown":34,"Snecko Eye":17,"Champion Belt":10,"Toxic Egg 2":42,"InkBottle":21,"Toy Ornithopter":55,"Pocketwatch":3,"Paper Frog":25},{"Ice Cream":18,"Lantern":2,"NeowsBlessing":0,"Singing Bowl":23,"StoneCalendar":19,"Thread and Needle":25,"Pen Nib":6,"Incense Burner":24,"Juzu Bracelet":26,"Bottled Tornado":12,"Boot":2,"Burning Blood":0,"WarpedTongs":1,"OrangePellets":28,"Centennial Puzzle":12,"HornCleat":14,"Busted Crown":16,"Snecko Eye":7,"Champion Belt":3,"Toxic Egg 2":22,"InkBottle":9,"Toy Ornithopter":29,"Pocketwatch":1,"Paper Frog":12},{"Ice Cream":59,"Lantern":2,"NeowsBlessing":0,"Singing Bowl":81,"StoneCalendar":64,"Thread and Needle":89,"Pen Nib":10,"Incense Burner":86,"Juzu Bracelet":91,"Bottled Tornado":36,"Boot":2,"Burning Blood":0,"WarpedTongs":1,"OrangePellets":102,"Centennial Puzzle":36,"HornCleat":42,"Busted Crown":53,"Snecko Eye":17,"Champion Belt":4,"Toxic Egg 2":77,"InkBottle":26,"Toy Ornithopter":109,"Pocketwatch":1,"Paper Frog":36}],"InkBottle":[30],"Toy Ornithopter":5,"Pocketwatch":[69]},"card_choices":[{"not_picked":["Flex","True Grit"],"picked":"Rampage","floor":1.0},{"not_picked":["Flex","Twin Strike"],"picked":"Pommel Strike","floor":7.0},{"not_picked":["Pommel Strike","Second Wind"],"picked":"Spot Weakness","floor":10.0},{"not_picked":["Clash","Dual Wield"],"picked":"Sword Boomerang","floor":11.0},{"not_picked":["Armaments","Cleave"],"picked":"Body Slam","floor":12.0},{"not_picked":["Heavy Blade","Pommel Strike"],"picked":"True Grit","floor":13.0},{"not_picked":["Offering","Impervious"],"picked":"Corruption","floor":16.0},{"not_picked":["Clothesline","Thunderclap"],"picked":"Shrug It Off","floor":18.0},{"not_picked":["Searing Blow","Dual Wield"],"picked":"Anger+1","floor":19.0},{"not_picked":["Rupture","Warcry"],"picked":"Spot Weakness+1","floor":22.0},{"not_picked":["Spot Weakness","Dropkick+1"],"picked":"Seeing Red","floor":24.0},{"not_picked":["Rampage","Evolve"],"picked":"Pommel Strike","floor":25.0},{"not_picked":["Combust","Sever Soul"],"picked":"Battle Trance","floor":29.0},{"not_picked":["Perfected Strike","Clash"],"picked":"Fiend Fire","floor":30.0},{"not_picked":["Wild Strike","Anger"],"picked":"Shrug It Off","floor":31.0},{"not_picked":["Berserk","Offering"],"picked":"Immolate","floor":33},{"not_picked":[],"picked":"Battle Trance","floor":35},{"not_picked":[],"picked":"Sword Boomerang","floor":37},{"not_picked":[],"picked":"Spot Weakness","floor":39},{"not_picked":["Armaments"],"picked":"SKIP","floor":40},{"not_picked":[],"picked":"Feel No Pain","floor":41},{"not_picked":[],"picked":"Pommel Strike","floor":42},{"not_picked":[],"picked":"Heavy Blade","floor":44},{"not_picked":[],"picked":"Dark Shackles+1","floor":45},{"not_picked":["Warcry+1"],"picked":"Singing Bowl","floor":46},{"not_picked":["Evolve"],"picked":"Singing Bowl","floor":47},{"not_picked":["Searing Blow"],"picked":"Singing Bowl","floor":48},{"not_picked":["Perfected Strike+1"],"picked":"Singing Bowl","floor":55}],"player_experience":1997738,"relics_obtained":[{"floor":7.0,"key":"Boot"},{"floor":9.0,"key":"Lantern"},{"floor":10.0,"key":"Champion Belt"},{"floor":13.0,"key":"Pen Nib"},{"floor":21.0,"key":"InkBottle"},{"floor":25.0,"key":"Paper Frog"},{"floor":26.0,"key":"Bottled Tornado"},{"floor":28.0,"key":"Centennial Puzzle"},{"floor":30.0,"key":"HornCleat"},{"floor":39,"key":"StoneCalendar"},{"floor":42,"key":"Toxic Egg 2"},{"floor":44,"key":"Singing Bowl"},{"floor":46,"key":"Incense Burner"},{"floor":47,"key":"Thread and Needle"},{"floor":48,"key":"Juzu Bracelet"},{"floor":55,"key":"Toy Ornithopter"}],"event_choices":[{"damage_healed":0.0,"max_hp_gain":0.0,"max_hp_loss":0.0,"gold_gain":0.0,"event_name":"The Cleric","player_choice":"Leave","floor":2.0,"gold_loss":0.0,"damage_taken":0.0},{"damage_healed":0.0,"max_hp_gain":0.0,"max_hp_loss":0.0,"gold_gain":0.0,"event_name":"Scrap Ooze","player_choice":"Success","floor":3.0,"gold_loss":0.0,"damage_taken":11.0,"relics_obtained":["Pocketwatch"]},{"damage_healed":0.0,"max_hp_gain":0.0,"max_hp_loss":0.0,"gold_gain":0.0,"event_name":"Shining Light","player_choice":"Entered Light","floor":4.0,"gold_loss":0.0,"damage_taken":23.0,"cards_upgraded":["Strike_R","Bash"]},{"damage_healed":0.0,"max_hp_gain":0.0,"max_hp_loss":0.0,"gold_gain":0.0,"event_name":"Accursed Blacksmith","player_choice":"Rummage","floor":5.0,"gold_loss":0.0,"damage_taken":0.0,"relics_obtained":["WarpedTongs"],"cards_obtained":["Pain"]},{"damage_healed":0.0,"max_hp_gain":0.0,"max_hp_loss":0.0,"gold_gain":0.0,"event_name":"Ghosts","player_choice":"Ignored","floor":20.0,"gold_loss":0.0,"damage_taken":0.0},{"damage_healed":0,"gold_gain":0,"player_choice":"Embrace Madness","damage_taken":14,"max_hp_gain":0,"max_hp_loss":0,"event_name":"Winding Halls","floor":36,"gold_loss":0,"cards_obtained":["Madness","Madness"]},{"damage_healed":0,"gold_gain":0,"player_choice":"Fight","damage_taken":0,"max_hp_gain":0,"max_hp_loss":0,"event_name":"MindBloom","floor":39,"gold_loss":0},{"damage_healed":0,"gold_gain":0,"player_choice":"Memory 1","damage_taken":0,"max_hp_gain":0,"max_hp_loss":0,"event_name":"SensoryStone","floor":45,"gold_loss":0},{"damage_healed":0,"gold_gain":0,"player_choice":"Fight","damage_taken":0,"max_hp_gain":0,"max_hp_loss":0,"event_name":"Mysterious Sphere","floor":47,"gold_loss":0}],"is_beta":true,"boss_relics":[{"not_picked":["Calling Bell","Runic Dome"],"picked":"Snecko Eye"},{"not_picked":["Black Star","Black Blood"],"picked":"Busted Crown"}],"items_purged_floors":[14],"is_endless":false,"potions_floor_spawned":[7,11,16,19,25,31,33,37,39,44,47,48,55],"killed_by":"The Heart","ascension_level":20}}