{"host":"bm1qfstn98p1odmu","time":1611097933,"event":{"mods":["AchievementEnabler","BaseMod","Bestiary","Block Reminder","Colored Map","Colored Powertips","DeckTracker","Highlight Path","Minty Spire (QoL Compilation)","Relic Stats","Replay The Spire","StSLib"],"gold_per_floor":[113,38,49,68,68,79,79,113,113,130,160,160,176,187,187,283,283,263,278,102,115,165,165,179,179,204,216,236,236,262,282,282,379,379,392,8,61,61,61,61,77,89,112,112,128,128,128,128,153,163,163,163],"floor_reached":53,"language":"ENG","playtime":3105,"items_purged":["Defend_B","Defend_B","Hello World+1"],"score":848,"play_id":"e95900c4-82e3-461c-b8cc-9c81f3865d75","local_time":"20210120011213","is_ascension_mode":false,"campfire_choices":[{"floor":12,"key":"REST"},{"data":"Zap","floor":23,"key":"SMITH"},{"floor":25,"key":"REST"},{"data":"Dualcast","floor":32,"key":"SMITH"},{"data":"Scrape","floor":40,"key":"SMITH"},{"data":"Reboot","floor":51,"key":"SMITH"}],"circlet_count":0,"master_deck":["Zap+1","Dualcast+1","Gash+1","Coolheaded","Leap","Scrape+1","Reboot+1","Redo+1","Streamline+1","All For One","Scrape+1","Machine Learning+1","Core Surge+1","Beam Cell+1","Gash"],"relics":["Cracked Core","Sundial","Toy Ornithopter","HornCleat","Ornamental Fan","SlaversCollar","Replay:Baseball","Potion Belt","Astrolabe","ReplayTheSpireMod:Ninjato","Lizard Tail","Replay:PocketPolymizer","Anchor","Bag of Marbles"],"acts_visited":["Exordium","TheCity","TheBeyond"],"potions_floor_usage":[11,11,11,33,41,52,52,52,52],"damage_taken":[{"damage":1,"enemies":"Cultist","floor":1,"turns":3},{"damage":1,"enemies":"Jaw Worm","floor":3,"turns":3},{"damage":11,"enemies":"2 Louse","floor":4,"turns":2},{"damage":12,"enemies":"Exordium Wildlife","floor":6,"turns":4},{"damage":31,"enemies":"3 Sentries","floor":8,"turns":9},{"damage":6,"enemies":"3 Louse","floor":10,"turns":3},{"damage":0,"enemies":"Lagavulin","floor":11,"turns":5},{"damage":1,"enemies":"Looter","floor":13,"turns":2},{"damage":20,"enemies":"Gremlin Gang","floor":14,"turns":6},{"damage":40,"enemies":"The Guardian","floor":16,"turns":18},{"damage":13,"enemies":"2 Thieves","floor":18,"turns":5},{"damage":13,"enemies":"Spheric Guardian","floor":19,"turns":6},{"damage":21,"enemies":"Centurion and Healer","floor":21,"turns":7},{"damage":14,"enemies":"Shelled Parasite and Fungi","floor":24,"turns":4},{"damage":0,"enemies":"Snake Plant","floor":27,"turns":3},{"damage":6,"enemies":"Chosen and Byrds","floor":28,"turns":5},{"damage":0,"enemies":"Gremlin Leader","floor":30,"turns":4},{"damage":0,"enemies":"3 Cultists","floor":31,"turns":4},{"damage":2,"enemies":"Automaton","floor":33,"turns":6},{"damage":0,"enemies":"3 Darklings","floor":35,"turns":3},{"damage":40,"enemies":"2 Orb Walkers","floor":37,"turns":4},{"damage":0,"enemies":"3 Shapes","floor":41,"turns":2},{"damage":7,"enemies":"Spire Growth","floor":42,"turns":2},{"damage":0,"enemies":"3 Darklings","floor":45,"turns":3},{"damage":0,"enemies":"Giant Head","floor":49,"turns":3},{"damage":0,"enemies":"Sphere and 2 Shapes","floor":50,"turns":3},{"damage":0,"enemies":"Awakened One","floor":52,"turns":3}],"seed_played":"1015121625146003500","potions_obtained":[{"floor":3,"key":"Weak Potion"},{"floor":6,"key":"Fire Potion"},{"floor":10,"key":"Weak Potion"},{"floor":11,"key":"FearPotion"},{"floor":14,"key":"Energy Potion"},{"floor":18,"key":"Languid Potion"},{"floor":33,"key":"BlessingOfTheForge"},{"floor":37,"key":"PotionOfCapacity"},{"floor":41,"key":"Fruit Juice"}],"is_trial":false,"path_per_floor":["M","$","M","M","?","M","?","E","T","M","E","R","M","M","R_BF","B",null,"M","M","$","M","?","R","M","R","T","M","M","?","E","M","R","B",null,"M","$","?","T","?","R","M","M","T","$","M","?","PTL","PTL","E","M","R","B",null],"character_chosen":"DEFECT","items_purchased":["Reboot","ReplayTheSpireMod:Ninjato"],"campfire_rested":2,"item_purchase_floors":[20,36],"current_hp_per_floor":[74,74,73,62,55,43,43,12,12,6,21,43,42,22,44,4,75,62,49,49,28,28,28,14,36,36,36,30,30,30,30,30,33,75,75,75,35,35,35,35,45,38,38,38,45,45,45,45,45,45,45,65],"gold":163,"neow_bonus":"REMOVE_CARD","is_daily":false,"chose_seed":false,"campfire_upgraded":4,"win_rate":0.0,"timestamp":1611097933,"path_taken":["M","?","?","M","?","M","?","E","T","M","E","R","M","?","R_BF","BOSS","M","M","$","M","?","R","M","R","T","M","?","?","E","M","R","BOSS","M","$","?","?","?","R","M","M","T","$","?","?","PTL","PTL","E","M","R","BOSS"],"items_purchased_type":["Card","Relic"],"build_version":"2020-12-22","purchased_purges":3,"victory":true,"max_hp_per_floor":[75,75,75,75,75,75,75,75,75,75,75,75,75,75,75,75,75,75,75,75,75,75,75,75,75,75,75,75,75,75,75,75,75,75,75,75,75,75,75,75,80,80,80,80,80,80,80,80,80,80,80,80],"relic_stats":{"Lizard Tail":0,"counters":[27,122],"Sundial":[52],"Ornamental Fan":[228],"Astrolabe":["Hello World","Machine Learning","Core Surge"],"obtain_stats":[{"Potion Belt":30,"ReplayTheSpireMod:Ninjato":36,"Replay:PocketPolymizer":38,"Astrolabe":34,"SlaversCollar":17,"Replay:Baseball":26,"Lizard Tail":37,"Anchor":43,"HornCleat":9,"Sundial":5,"Ornamental Fan":11,"Bag of Marbles":49,"Cracked Core":0,"Toy Ornithopter":8},{"Potion Belt":17,"ReplayTheSpireMod:Ninjato":20,"Replay:PocketPolymizer":21,"Astrolabe":19,"SlaversCollar":10,"Replay:Baseball":14,"Lizard Tail":21,"Anchor":23,"HornCleat":5,"Sundial":3,"Ornamental Fan":7,"Bag of Marbles":25,"Cracked Core":0,"Toy Ornithopter":5},{"Potion Belt":89,"ReplayTheSpireMod:Ninjato":102,"Replay:PocketPolymizer":106,"Astrolabe":99,"SlaversCollar":55,"Replay:Baseball":77,"Lizard Tail":106,"Anchor":110,"HornCleat":21,"Sundial":8,"Ornamental Fan":29,"Bag of Marbles":116,"Cracked Core":0,"Toy Ornithopter":21}],"Toy Ornithopter":45},"card_choices":[{"not_picked":["Go for the Eyes","Stack"],"picked":"Gash","floor":1},{"not_picked":["Compile Driver","Hologram","Darkness"],"picked":"SKIP","floor":3},{"not_picked":["Hello World","Rip and Tear","Cold Snap"],"picked":"SKIP","floor":4},{"not_picked":["Stack","Go for the Eyes"],"picked":"Coolheaded","floor":6},{"not_picked":["Chaos","Ball Lightning"],"picked":"Beam Cell","floor":8},{"not_picked":["Heatsinks","Panic Button"],"picked":"Leap","floor":10},{"not_picked":["Coolheaded","Tempest","Turbo"],"picked":"SKIP","floor":11},{"not_picked":["Panic Button","Doom and Gloom","Barrage"],"picked":"SKIP","floor":13},{"not_picked":["ReplayRNGCard","Compile Driver","Cold Snap"],"picked":"SKIP","floor":14},{"not_picked":["Beam Cell","BasicCrystalCard","Stack"],"picked":"SKIP","floor":18},{"not_picked":["Coolheaded","Leap+1"],"picked":"Scrape+1","floor":19},{"not_picked":["ReplayGash","Conserve Battery","Go for the Eyes"],"picked":"SKIP","floor":21},{"not_picked":["Barrage","Multi-Cast"],"picked":"Redo+1","floor":24},{"not_picked":["Ball Lightning+1","Loop+1"],"picked":"Streamline+1","floor":27},{"not_picked":["Rebound+1","BasicCrystalCard+1","Panic Button"],"picked":"SKIP","floor":28},{"not_picked":["ReplayGash","Static Discharge","Turbo"],"picked":"SKIP","floor":30},{"not_picked":["Ball Lightning","ReplayGash","Loop"],"picked":"SKIP","floor":31},{"not_picked":["Barrage","Panic Button+1","Rebound+1"],"picked":"SKIP","floor":35},{"not_picked":["Cold Snap+1","Gash"],"picked":"Beam Cell+1","floor":41},{"not_picked":["Cold Snap+1","Time Bomb"],"picked":"Self Repair","floor":42},{"not_picked":["Loop+1","Doom and Gloom+1","Rebound"],"picked":"SKIP","floor":45},{"not_picked":["Go for the Eyes+1","Melter+1","Thunder Strike"],"picked":"SKIP","floor":49},{"not_picked":["Panic Button+1","Streamline+1"],"picked":"Gash","floor":50}],"player_experience":63853,"relics_obtained":[{"floor":8,"key":"Toy Ornithopter"},{"floor":9,"key":"HornCleat"},{"floor":11,"key":"Ornamental Fan"},{"floor":26,"key":"Replay:Baseball"},{"floor":30,"key":"Potion Belt"},{"floor":37,"key":"Lizard Tail"},{"floor":38,"key":"Replay:PocketPolymizer"},{"floor":43,"key":"Anchor"},{"floor":49,"key":"Bag of Marbles"}],"event_choices":[{"damage_healed":0,"gold_gain":0,"player_choice":"Success","damage_taken":7,"relics_obtained":["Sundial"],"max_hp_gain":0,"max_hp_loss":0,"event_name":"Scrap Ooze","floor":5,"gold_loss":0},{"cards_removed":["Strike_B"],"damage_healed":0,"gold_gain":0,"player_choice":"Offered Basic","damage_taken":0,"max_hp_gain":0,"max_hp_loss":0,"event_name":"Bonfire Elementals","floor":7,"gold_loss":0},{"damage_healed":0,"gold_gain":100,"player_choice":"Bet on Murderer","damage_taken":0,"max_hp_gain":0,"max_hp_loss":0,"event_name":"The Joust","floor":22,"gold_loss":50},{"damage_healed":0,"gold_gain":0,"cards_transformed":["Defend_B","Strike_B"],"player_choice":"Became Test Subject","damage_taken":0,"max_hp_gain":0,"max_hp_loss":0,"event_name":"Drug Dealer","floor":29,"gold_loss":0,"cards_obtained":["All For One","Scrape"]},{"damage_healed":0,"gold_gain":0,"player_choice":"Fight","damage_taken":0,"max_hp_gain":0,"max_hp_loss":0,"event_name":"Mysterious Sphere","floor":37,"gold_loss":0},{"cards_removed":["Self Repair"],"damage_healed":0,"gold_gain":0,"player_choice":"Removed Power","damage_taken":0,"max_hp_gain":0,"max_hp_loss":0,"event_name":"Falling","floor":46,"gold_loss":0}],"is_beta":false,"boss_relics":[{"not_picked":["Coffee Dripper","Empty Cage"],"picked":"SlaversCollar"},{"not_picked":["Tiny House","Ring of Chaos"],"picked":"Astrolabe"}],"items_purged_floors":[2,20,36],"is_endless":false,"potions_floor_spawned":[3,6,10,11,14,18,24,27,33,37,41],"ascension_level":0}}