{"host":"gfybn4j1d26rvz5e","time":1611028120,"event":{"mods":["BaseMod","Better Altar","Better Match","Better Note","Better Sensory Stone","Better Skull","Better Third Choice","BetterRewards","Highlight Path","Minty Spire (QoL Compilation)","Random Character Button","Relic Stats","StSLib"],"gold_per_floor":[117,40,40,55,68,68,102,102,102,117,130,130,130,150,150,252,252,263,283,383,396,396,396],"floor_reached":22,"language":"ENG","playtime":954,"items_purged":["Strike_R"],"score":432,"play_id":"1bb5df56-f6e1-4a64-8b45-ae255a72c5f1","local_time":"20210118214840","is_ascension_mode":true,"campfire_choices":[{"data":"Spot Weakness","floor":6,"key":"SMITH"},{"data":"Combust","floor":8,"key":"SMITH"},{"data":"Bash","floor":13,"key":"SMITH"},{"data":"Inflame","floor":15,"key":"SMITH"}],"circlet_count":0,"master_deck":["AscendersBane","Strike_R","Strike_R","Strike_R","Defend_R","Defend_R","Defend_R","Defend_R","Bash+1","Combust+1","Spot Weakness+1","Shrug It Off","Bludgeon+1","Battle Trance","Inflame+1","Burning Pact","Limit Break","Cleave+1","Heavy Blade"],"relics":["Burning Blood","Membership Card","Lantern","Prayer Wheel","Ice Cream","Eternal Feather","Coffee Dripper"],"acts_visited":["Exordium","TheCity"],"potions_floor_usage":[16],"damage_taken":[{"damage":11,"enemies":"Jaw Worm","floor":1,"turns":4},{"damage":6,"enemies":"Cultist","floor":4,"turns":4},{"damage":6,"enemies":"Small Slimes","floor":5,"turns":2},{"damage":25,"enemies":"Lagavulin","floor":7,"turns":5},{"damage":1,"enemies":"3 Louse","floor":10,"turns":3},{"damage":1,"enemies":"Red Slaver","floor":11,"turns":3},{"damage":30,"enemies":"Exordium Thugs","floor":14,"turns":6},{"damage":38,"enemies":"Slime Boss","floor":16,"turns":6},{"damage":15,"enemies":"2 Thieves","floor":18,"turns":4},{"damage":23,"enemies":"Shell Parasite","floor":19,"turns":5},{"damage":25,"enemies":"Centurion and Healer","floor":21,"turns":5},{"damage":11,"enemies":"Shelled Parasite and Fungi","floor":22,"turns":2}],"seed_played":"1153930912709205549","potions_obtained":[{"floor":7,"key":"SkillPotion"},{"floor":10,"key":"BlessingOfTheForge"},{"floor":11,"key":"Swift Potion"},{"floor":16,"key":"SteroidPotion"}],"is_trial":false,"path_per_floor":["M","$","?","M","M","R","E","R","T","M","M","?","R","M","R","B",null,"M","M","?","M","M"],"character_chosen":"IRONCLAD","items_purchased":["Membership Card","Combust","Lantern","Bludgeon"],"campfire_rested":0,"item_purchase_floors":[0,0,0,2],"current_hp_per_floor":[67,67,67,67,67,67,48,48,48,53,58,51,60,36,45,13,63,54,37,37,18,7,7],"gold":396,"neow_bonus":"","is_daily":false,"chose_seed":false,"campfire_upgraded":4,"win_rate":0.0,"timestamp":1611028120,"path_taken":["M","$","?","M","M","R","E","R","T","M","?","?","R","M","R","BOSS","M","M","?","?","M"],"items_purchased_type":["Relic","Card","Relic","Card"],"build_version":"2020-12-22","purchased_purges":1,"victory":false,"max_hp_per_floor":[80,80,80,80,80,80,80,80,80,80,80,80,80,80,80,80,80,80,80,80,80,80,80],"relic_stats":{"counters":[86,385],"Prayer Wheel":9,"Eternal Feather":18,"obtain_stats":[{"Ice Cream":7,"Lantern":27,"Regal Pillow":11,"Calipers":0,"Torii":36,"Vajra":29,"Mango":25,"Bag of Preparation":0,"Empty Cage":34,"Smiling Mask":26,"Burning Blood":0,"Dream Catcher":9,"Matryoshka":9,"FaceOfCleric":28,"Pantograph":24,"Tiny Chest":29,"Prayer Wheel":0,"WingedGreaves":29,"Red Skull":47,"Paper Frog":19,"Potion Belt":26,"Self Forming Clay":31,"Oddly Smooth Stone":41,"Eternal Feather":9,"The Courier":31,"PreservedInsect":0,"Pen Nib":13,"Omamori":26,"MawBank":26,"Du-Vu Doll":8,"SlaversCollar":17,"Anchor":19,"Busted Crown":17,"Ornamental Fan":45,"Bird Faced Urn":9,"Bronze Scales":43,"Snecko Eye":34,"Mark of Pain":17,"Art of War":14,"Coffee Dripper":17,"Membership Card":0,"Unceasing Top":6,"Toy Ornithopter":7,"FossilizedHelix":0,"Meat on the Bone":24},{"Ice Cream":78,"Lantern":28,"Regal Pillow":62,"Calipers":56,"Torii":33,"Vajra":29,"Mango":52,"Bag of Preparation":41,"Empty Cage":31,"Smiling Mask":69,"Burning Blood":0,"Dream Catcher":19,"Matryoshka":60,"FaceOfCleric":53,"Pantograph":9,"Tiny Chest":72,"Prayer Wheel":74,"WingedGreaves":54,"Red Skull":40,"Paper Frog":7,"Potion Belt":69,"Self Forming Clay":30,"Oddly Smooth Stone":36,"Eternal Feather":78,"The Courier":12,"PreservedInsect":15,"Pen Nib":22,"Omamori":27,"MawBank":9,"Du-Vu Doll":4,"SlaversCollar":6,"Anchor":66,"Busted Crown":65,"Ornamental Fan":39,"Bird Faced Urn":4,"Bronze Scales":37,"Snecko Eye":13,"Mark of Pain":48,"Art of War":5,"Coffee Dripper":82,"Membership Card":74,"Unceasing Top":3,"Toy Ornithopter":19,"FossilizedHelix":41,"Meat on the Bone":68},{"Ice Cream":351,"Lantern":117,"Regal Pillow":276,"Calipers":254,"Torii":140,"Vajra":120,"Mango":230,"Bag of Preparation":177,"Empty Cage":131,"Smiling Mask":309,"Burning Blood":0,"Dream Catcher":86,"Matryoshka":270,"FaceOfCleric":235,"Pantograph":37,"Tiny Chest":326,"Prayer Wheel":336,"WingedGreaves":241,"Red Skull":170,"Paper Frog":26,"Potion Belt":309,"Self Forming Clay":124,"Oddly Smooth Stone":152,"Eternal Feather":351,"The Courier":53,"PreservedInsect":71,"Pen Nib":98,"Omamori":114,"MawBank":37,"Du-Vu Doll":14,"SlaversCollar":22,"Anchor":295,"Busted Crown":292,"Ornamental Fan":165,"Bird Faced Urn":14,"Bronze Scales":155,"Snecko Eye":62,"Mark of Pain":214,"Art of War":16,"Coffee Dripper":369,"Membership Card":336,"Unceasing Top":11,"Toy Ornithopter":86,"FossilizedHelix":177,"Meat on the Bone":305}],"Burning Blood":434},"card_choices":[{"not_picked":["Armaments","Wild Strike"],"picked":"Spot Weakness","floor":1},{"not_picked":["Ghostly Armor","Dual Wield"],"picked":"Shrug It Off","floor":1},{"not_picked":["Infernal Blade","Perfected Strike"],"picked":"Battle Trance","floor":4},{"not_picked":["Body Slam","Shockwave","Anger"],"picked":"SKIP","floor":4},{"not_picked":["Double Tap","Iron Wave"],"picked":"Inflame","floor":5},{"not_picked":["Anger","Intimidate","Cleave"],"picked":"SKIP","floor":5},{"not_picked":["Wild Strike","Warcry","Body Slam"],"picked":"SKIP","floor":7},{"not_picked":["Reckless Charge","Sever Soul"],"picked":"Burning Pact","floor":10},{"not_picked":["Fire Breathing","Twin Strike","Pommel Strike"],"picked":"SKIP","floor":10},{"not_picked":["Shrug It Off","Fire Breathing","Perfected Strike"],"picked":"SKIP","floor":11},{"not_picked":["Pommel Strike","Searing Blow","Dark Embrace"],"picked":"SKIP","floor":11},{"not_picked":["Clash","Blood for Blood","Thunderclap"],"picked":"SKIP","floor":14},{"not_picked":["Searing Blow","Burning Pact","True Grit"],"picked":"SKIP","floor":14},{"not_picked":["Brutality","Exhume"],"picked":"Limit Break","floor":16},{"not_picked":["Power Through","Anger","Iron Wave"],"picked":"SKIP","floor":18},{"not_picked":["Havoc","Body Slam","Clash+1"],"picked":"SKIP","floor":18},{"not_picked":["Dropkick+1","Dark Embrace"],"picked":"Cleave+1","floor":19},{"not_picked":["Cleave","Dual Wield","Twin Strike"],"picked":"SKIP","floor":19},{"not_picked":["Reckless Charge","Power Through+1"],"picked":"Heavy Blade","floor":21},{"not_picked":["Warcry","Armaments+1","Body Slam+1"],"picked":"SKIP","floor":21}],"player_experience":660947,"relics_obtained":[{"floor":7,"key":"Ice Cream"},{"floor":9,"key":"Eternal Feather"}],"event_choices":[{"damage_healed":0,"gold_gain":0,"player_choice":"Upgraded","damage_taken":0,"max_hp_gain":0,"max_hp_loss":0,"event_name":"Upgrade Shrine","floor":3,"gold_loss":0,"cards_upgraded":["Bludgeon"]},{"cards_removed":["Strike_R"],"damage_healed":0,"gold_gain":0,"player_choice":"Card Removal","damage_taken":7,"max_hp_gain":0,"max_hp_loss":0,"event_name":"Golden Wing","floor":12,"gold_loss":0},{"damage_healed":0,"gold_gain":100,"player_choice":"Pray","damage_taken":0,"max_hp_gain":0,"max_hp_loss":0,"event_name":"Golden Shrine","floor":20,"gold_loss":0}],"is_beta":false,"boss_relics":[{"not_picked":["Astrolabe","Runic Dome"],"picked":"Coffee Dripper"}],"items_purged_floors":[0],"is_endless":false,"potions_floor_spawned":[7,10,11,16],"killed_by":"Shelled Parasite and Fungi","ascension_level":10}}