{"host":"tq99ucv8ezzqzioe","time":1611034854,"event":{"mods":["BaseMod","Colored Map","Downfall","Highlight Path","Minty Spire (QoL Compilation)","StSLib"],"gold_per_floor":[99,115,177,14,27,57,82,108,108,121,136,164,264,19,36,36,36],"floor_reached":16,"language":"ENG","playtime":2770,"items_purged":["sneckomod:Strike"],"score":152,"play_id":"01a03c06-ddb0-4b97-8cb0-a5490f819a28","local_time":"20210119004054","is_ascension_mode":true,"campfire_choices":[{"floor":1,"key":"RECALL"}],"circlet_count":0,"master_deck":["sneckomod:Strike","sneckomod:Strike","sneckomod:Defend+1","sneckomod:Defend","sneckomod:Defend","sneckomod:TailWhip","sneckomod:SnekBite","sneckomod:Unknown","sneckomod:Unknown2Cost","sneckomod:UnknownExhaust","sneckomod:QuickBite","sneckomod:UnknownBlock","sneckomod:UnknownStrength","sneckomod:MorePower","Crescendo","sneckomod:Unknown3Cost+1","sneckomod:QuickMove","sneckomod:UnknownUncommonPower+1","sneckomod:UnknownBlock","sneckomod:Unknown3Cost+1","sneckomod:UnendingSupply","sneckomod:UnknownUncommonSkill","sneckomod:UnknownWeak+1","sneckomod:DiceCrush","hexamod:FlamesFromBeyond"],"relics":["sneckomod:SneckoSoul","Oddly Smooth Stone","sneckomod:LoadedDie","Bag of Preparation","Happy Flower","Nunchaku","PrismaticShard"],"acts_visited":["Exordium"],"potions_floor_usage":[8,14,14,16],"damage_taken":[{"damage":6,"enemies":"Jaw Worm","floor":2,"turns":4},{"damage":14,"enemies":"Gremlin Nob","floor":3,"turns":3},{"damage":14,"enemies":"downfall:FleeingMerchant","floor":4,"turns":4},{"damage":0,"enemies":"Cultist","floor":5,"turns":3},{"damage":25,"enemies":"Lagavulin","floor":6,"turns":4},{"damage":21,"enemies":"Gremlin Nob","floor":8,"turns":4},{"damage":0,"enemies":"2 Louse","floor":10,"turns":4},{"damage":6,"enemies":"Blue Slaver","floor":11,"turns":4},{"damage":0,"enemies":"Lagavulin","floor":12,"turns":6},{"damage":0,"enemies":"downfall:FleeingMerchant","floor":14,"turns":4},{"damage":2,"enemies":"Lots of Slimes","floor":15,"turns":6},{"damage":18,"enemies":"SI_SHIV_ARCHETYPE","floor":16,"turns":7}],"seed_played":"46345878031096544","potions_obtained":[{"floor":5,"key":"SteroidPotion"},{"floor":6,"key":"Explosive Potion"},{"floor":8,"key":"Ancient Potion"},{"floor":11,"key":"DistilledChaos"},{"floor":12,"key":"Guardian:BlockOnCardUsePotion"},{"floor":15,"key":"bronze:BurnAndBuffPotion"}],"is_trial":false,"path_per_floor":["R","M","?","$","M","E","T","E","?","M","M","E","?","$","M","B"],"character_chosen":"THE_SNECKO","items_purchased":["sneckomod:LoadedDie","PrismaticShard"],"campfire_rested":0,"item_purchase_floors":[4,14],"current_hp_per_floor":[99,93,79,65,65,40,40,19,19,19,13,13,13,13,18,0,0],"gold":36,"neow_bonus":"TEN_PERCENT_HP_BONUS","is_daily":false,"chose_seed":false,"campfire_upgraded":0,"win_rate":0.0,"timestamp":1611034854,"path_taken":["R","M","?","$","M","E","T","E","?","?","?","E","?","$","M","BOSS"],"items_purchased_type":["Relic","Relic"],"build_version":"2020-12-22","purchased_purges":1,"victory":false,"max_hp_per_floor":[99,99,99,99,99,99,99,99,99,99,99,99,99,99,99,99,99],"card_choices":[{"not_picked":["sneckomod:UnknownBlock","sneckomod:UnknownDraw"],"picked":"sneckomod:Unknown2Cost","floor":2},{"not_picked":["sneckomod:MixItUp","sneckomod:ImprovisedAttack"],"picked":"sneckomod:UnknownExhaust","floor":3},{"not_picked":["sneckomod:SoulRoll","sneckomod:ImprovisedAttack"],"picked":"sneckomod:QuickBite","floor":4},{"not_picked":["sneckomod:DiceBlock","sneckomod:SerpentIdol"],"picked":"sneckomod:UnknownBlock","floor":5},{"not_picked":["sneckomod:DiceBlock","sneckomod:Rotation"],"picked":"sneckomod:UnknownStrength","floor":6},{"not_picked":["sneckomod:UnknownCommonSkill","sneckomod:SnekBeam"],"picked":"sneckomod:MorePower","floor":8},{"not_picked":["sneckomod:UnknownUncommonAttack+1","sneckomod:UnknownRarePower+1"],"picked":"sneckomod:Unknown3Cost+1","floor":10},{"not_picked":["sneckomod:DiceBoulder","sneckomod:SoulRoll"],"picked":"sneckomod:QuickMove","floor":10},{"not_picked":["sneckomod:UnknownBlock+1","sneckomod:UnknownUncommonAttack+1"],"picked":"sneckomod:UnknownUncommonPower+1","floor":11},{"not_picked":["sneckomod:UnknownCommonSkill","sneckomod:WideSting"],"picked":"sneckomod:UnknownBlock","floor":11},{"not_picked":["sneckomod:UnknownClassRED+1","sneckomod:UnknownBlock+1"],"picked":"sneckomod:Unknown3Cost+1","floor":12},{"not_picked":["sneckomod:SnakeSap","sneckomod:SerpentIdol"],"picked":"sneckomod:UnendingSupply","floor":12},{"not_picked":["sneckomod:SnakeSap","sneckomod:UnknownCommonSkill"],"picked":"sneckomod:UnknownUncommonSkill","floor":14},{"not_picked":["sneckomod:UnknownBlock+1","sneckomod:UnknownUncommonPower+1"],"picked":"sneckomod:UnknownWeak+1","floor":14},{"not_picked":["sneckomod:WideSting","sneckomod:DiceBoulder"],"picked":"sneckomod:DiceCrush","floor":14},{"not_picked":["Slimebound:Schlurp","expansioncontent:Hexaburn"],"picked":"hexamod:FlamesFromBeyond","floor":15}],"player_experience":699744,"relics_obtained":[{"floor":3,"key":"Oddly Smooth Stone"},{"floor":6,"key":"Bag of Preparation"},{"floor":8,"key":"Happy Flower"},{"floor":12,"key":"Nunchaku"}],"event_choices":[{"cards_removed":["sneckomod:Unknown"],"damage_healed":0,"gold_gain":0,"player_choice":"Took Card","damage_taken":0,"max_hp_gain":0,"max_hp_loss":0,"event_name":"NoteForYourself","floor":9,"gold_loss":0,"cards_obtained":["Crescendo"]}],"is_beta":false,"boss_relics":[],"items_purged_floors":[14],"is_endless":false,"potions_floor_spawned":[5,6,8,11,12,15],"killed_by":"SI_SHIV_ARCHETYPE","ascension_level":1}}