{"host":"idjwbq71yrpkph1r","time":1611088899,"event":{"mods":["Alarm Clock","BaseMod","Better Third Choice","Block Reminder","Colored Map","Colored Powertips","Conspire","Hubris","Mimic Mod","Minty Spire (QoL Compilation)","Rare Cards Sparkle","StSLib","The Blue Laboratory","Waifu the Spire","everything is the same but u backflip on backflip"],"gold_per_floor":[110,120,120,140,140,140,171,171,157,157,175,222,222,237,237,432,432,445,26,26,26,34,34,45,45,71,206,206,225,252,252,252,252,252],"floor_reached":33,"language":"ENG","playtime":2304,"items_purged":["Strike_B"],"score":283,"play_id":"c4e81cf3-c45b-4bf8-950f-491ae9fd9cf7","local_time":"20210119214139","is_ascension_mode":false,"campfire_choices":[{"data":"Loop","floor":6,"key":"SMITH"},{"floor":10,"key":"REST"},{"data":"Zap","floor":13,"key":"SMITH"},{"floor":15,"key":"REST"},{"floor":23,"key":"REST"},{"data":"Defragment","floor":25,"key":"SMITH"},{"floor":32,"key":"REST"}],"circlet_count":0,"master_deck":["Strike_B","Strike_B","Strike_B","Defend_B","Defend_B","Defend_B","Defend_B","Zap+1","Dualcast","Go for the Eyes","Loop+1","Coolheaded","Ball Lightning","Conserve Battery","Capacitor","Defragment+1","Meteor Strike","Hologram+1","Conserve Battery","Meteor Strike","Melter","FTL","hubris:NaturalOne"],"relics":["Cracked Core","NeowsBlessing","hubris:Icosahedron","hubris:CrystalStatue","hubris:TenFootPole","Busted Crown","DataDisk","Nunchaku","hubris:MedicalManual","Nloth\u0027s Gift","Strawberry"],"acts_visited":["Exordium","TheCity"],"potions_floor_usage":[27,30,33],"damage_taken":[{"damage":0,"enemies":"Small Slimes","floor":1,"turns":1},{"damage":0,"enemies":"conspire:RoseBush","floor":2,"turns":1},{"damage":0,"enemies":"2 Louse","floor":4,"turns":2},{"damage":43,"enemies":"3 Sentries","floor":7,"turns":11},{"damage":2,"enemies":"Blue Slaver","floor":9,"turns":3},{"damage":5,"enemies":"Blue Slaver","floor":11,"turns":4},{"damage":0,"enemies":"Looter","floor":14,"turns":3},{"damage":2,"enemies":"The Guardian","floor":16,"turns":11},{"damage":20,"enemies":"Spheric Guardian","floor":18,"turns":4},{"damage":14,"enemies":"2 Thieves","floor":22,"turns":4},{"damage":6,"enemies":"conspire:HollyBat","floor":24,"turns":7},{"damage":3,"enemies":"Book of Stabbing","floor":27,"turns":7},{"damage":5,"enemies":"Centurion and Healer","floor":29,"turns":6},{"damage":10,"enemies":"conspire:SneckoGhost","floor":30,"turns":6},{"damage":19,"enemies":"Colosseum Slavers","floor":31,"turns":5},{"damage":52,"enemies":"Champ","floor":33,"turns":12}],"seed_played":"2591440402708578153","potions_obtained":[{"floor":7,"key":"PowerPotion"},{"floor":11,"key":"blueLaboratory:HorrorPotion"},{"floor":16,"key":"blueLaboratory:RememoryPotion"},{"floor":21,"key":"CultistPotion"},{"floor":21,"key":"blueLaboratory:BottleOfVodka"},{"floor":21,"key":"blueLaboratory:RelayPotion"},{"floor":27,"key":"FearPotion"},{"floor":30,"key":"Strength Potion"}],"is_trial":false,"path_per_floor":["M","M","?","M","?","R","E","?","MIM","R","M","T","R","M","R","B",null,"M","$","?","?","M","R","M","R","T","E","?","M","E","?","R","B"],"character_chosen":"DEFECT","items_purchased":["Conserve Battery","DataDisk","DollysMirror"],"campfire_rested":4,"item_purchase_floors":[19,19,19],"current_hp_per_floor":[75,75,75,75,75,75,32,25,23,45,40,40,40,40,62,60,75,55,55,52,52,38,60,54,54,54,51,51,46,43,24,48,0,0],"gold":252,"neow_bonus":"THREE_ENEMY_KILL","is_daily":false,"chose_seed":false,"campfire_upgraded":3,"win_rate":0.0,"timestamp":1611088899,"path_taken":["M","M","?","M","?","R","E","?","MIM","R","M","?","R","M","R","BOSS","M","$","?","?","?","R","M","R","T","E","?","?","E","?","R","BOSS"],"items_purchased_type":["Card","Relic","Relic"],"build_version":"2020-12-22","purchased_purges":1,"victory":false,"max_hp_per_floor":[75,75,75,75,75,75,75,75,75,75,75,75,75,75,75,75,75,75,75,75,75,75,75,75,75,75,75,75,75,82,82,82,82,82],"card_choices":[{"not_picked":["Turbo","Streamline"],"picked":"Go for the Eyes","floor":1},{"not_picked":["Hologram","hubris:PowerSurge"],"picked":"Loop","floor":2},{"not_picked":["Reinforced Body","Stack"],"picked":"Coolheaded","floor":4},{"not_picked":["White Noise","Streamline"],"picked":"Ball Lightning","floor":7},{"not_picked":["Compile Driver","Sunder"],"picked":"Conserve Battery","floor":9},{"not_picked":["FTL","Reprogram"],"picked":"Capacitor","floor":11},{"not_picked":["FTL","Hello World"],"picked":"Defragment","floor":14},{"not_picked":["Rainbow","Reboot"],"picked":"Meteor Strike","floor":16},{"not_picked":[],"picked":"Hologram+1","floor":18},{"not_picked":[],"picked":"Melter","floor":22},{"not_picked":["Steam Power+1"],"picked":"SKIP","floor":24},{"not_picked":[],"picked":"FTL","floor":27},{"not_picked":["Recycle"],"picked":"SKIP","floor":29},{"not_picked":["Creative AI"],"picked":"SKIP","floor":30}],"player_experience":223784,"relics_obtained":[{"floor":7,"key":"hubris:CrystalStatue"},{"floor":9,"key":"hubris:TenFootPole"},{"floor":26,"key":"Nunchaku"},{"floor":27,"key":"hubris:MedicalManual"},{"floor":30,"key":"Strawberry"}],"event_choices":[{"damage_healed":75,"gold_gain":0,"player_choice":"Embrace Burn","damage_taken":0,"max_hp_gain":0,"max_hp_loss":75,"event_name":"betterThird:BetterShining","floor":5,"gold_loss":0},{"cards_removed":["Burn"],"damage_healed":0,"gold_gain":0,"player_choice":"Card Removal","damage_taken":7,"max_hp_gain":0,"max_hp_loss":0,"event_name":"Golden Wing","floor":8,"gold_loss":0},{"damage_healed":0,"gold_gain":0,"player_choice":"Stopped","damage_taken":9,"max_hp_gain":0,"max_hp_loss":0,"event_name":"Cursed Tome","floor":20,"gold_loss":0},{"damage_healed":0,"gold_gain":0,"player_choice":"Got Potions","damage_taken":0,"max_hp_gain":0,"max_hp_loss":0,"event_name":"Lab","floor":21,"gold_loss":0},{"damage_healed":0,"gold_gain":0,"player_choice":"Traded Relic","damage_taken":0,"relics_obtained":["Nloth\u0027s Gift"],"max_hp_gain":0,"max_hp_loss":0,"event_name":"N\u0027loth","floor":28,"relics_lost":["DollysMirror"],"gold_loss":0},{"damage_healed":0,"gold_gain":0,"player_choice":"Fight","damage_taken":0,"max_hp_gain":0,"max_hp_loss":0,"event_name":"Colosseum","floor":31,"gold_loss":0},{"damage_healed":0,"gold_gain":0,"player_choice":"Fled From Nobs","damage_taken":0,"max_hp_gain":0,"max_hp_loss":0,"event_name":"Colosseum","floor":31,"gold_loss":0}],"is_beta":false,"boss_relics":[{"not_picked":["conspire:RunicOctahedron","Coffee Dripper"],"picked":"Busted Crown"}],"items_purged_floors":[19],"is_endless":false,"potions_floor_spawned":[7,11,16,22,27,30],"killed_by":"Champ","ascension_level":0}}