{"host":"f5mjulaw5aqlqmd7","time":1611087509,"event":{"mods":["Act Like it!","BaseMod","Colored Map","GifTheSpireLib","Hallownest","Minty Spire (QoL Compilation)","StSLib","The Bug Knight"],"gold_per_floor":[112,112,112,34,53,84,98,98,125,156,156,156,173,185,185,280,280,294,17,17,17,34,34,50,50,50],"floor_reached":25,"language":"ENG","playtime":1589,"items_purged":["Pain"],"score":236,"play_id":"745525c2-5799-4bb6-945f-f285e2b69df2","local_time":"20210119151829","is_ascension_mode":false,"campfire_choices":[{"data":"HollowMod:WraithStrike","floor":12,"key":"SMITH"},{"data":"HollowMod:VengefulVoid","floor":15,"key":"SMITH"},{"data":"HollowMod:ShadowDash","floor":23,"key":"SMITH"}],"circlet_count":0,"master_deck":["HollowMod:NailStrikeStart","HollowMod:NailStrikeStart","HollowMod:NailStrikeStart","HollowMod:QuickDashStart","HollowMod:QuickDashStart","HollowMod:QuickDashStart","HollowMod:QuickDashStart","HollowMod:FocusHealStart","HollowMod:PogoStrike","HollowMod:SharpenedShadows","HollowMod:theNailsmith","HollowMod:GreatSlash","HollowMod:HeavyBlow","HollowMod:DreamGate","HollowMod:BlackTendrils","HollowMod:WraithStrike+1","HollowMod:VengefulVoid","HollowMod:VengefulVoid+1","HollowMod:AwokenDreamNail","HollowMod:DoubleDash","HollowMod:ShadowDash+1","Trip","HollowMod:WraithStrike","HollowMod:VoidDash"],"relics":["HollowMod:VesselMask","NeowsBlessing","WarpedTongs","Anchor","WingedGreaves","Orichalcum","Happy Flower","SlaversCollar","Strange Spoon"],"acts_visited":["Exordium","TheCity"],"potions_floor_usage":[],"damage_taken":[{"damage":0,"enemies":"Small Slimes","floor":1,"turns":1},{"damage":2,"enemies":"2 Louse","floor":5,"turns":1},{"damage":1,"enemies":"3 Sentries","floor":6,"turns":1},{"damage":5,"enemies":"Cultist","floor":7,"turns":3},{"damage":18,"enemies":"Gremlin Nob","floor":10,"turns":5},{"damage":5,"enemies":"3 Louse","floor":13,"turns":2},{"damage":2,"enemies":"2 Fungi Beasts","floor":14,"turns":2},{"damage":48,"enemies":"HollowMod:FalseKnight","floor":16,"turns":10},{"damage":25,"enemies":"Shell Parasite","floor":18,"turns":5},{"damage":2,"enemies":"3 Byrds","floor":22,"turns":5},{"damage":29,"enemies":"Centurion and Healer","floor":24,"turns":6},{"damage":29,"enemies":"Snecko","floor":25,"turns":4}],"seed_played":"4844979595088512681","potions_obtained":[{"floor":1,"key":"Weak Potion"},{"floor":5,"key":"PowerPotion"},{"floor":13,"key":"DuplicationPotion"},{"floor":14,"key":"BlessingOfTheForge"}],"is_trial":false,"path_per_floor":["M","?","?","$","M","E","M","?","T","E","?","R","M","M","R","B",null,"M","$","?","?","M","R","M","M"],"character_chosen":"THE_BUGKNIGHT","items_purchased":["HollowMod:GreatSlash","HollowMod:ShadowDash","Strange Spoon"],"campfire_rested":0,"item_purchase_floors":[4,19,19],"current_hp_per_floor":[75,75,75,75,73,72,67,64,64,49,75,75,70,68,68,35,75,53,53,53,41,41,41,24,0,0],"gold":50,"neow_bonus":"THREE_ENEMY_KILL","is_daily":false,"chose_seed":false,"campfire_upgraded":3,"win_rate":0.0,"timestamp":1611087509,"path_taken":["M","?","?","$","M","E","?","?","T","E","?","R","M","M","R","BOSS","M","$","?","?","M","R","M","?"],"items_purchased_type":["Card","Card","Relic"],"build_version":"2020-12-22","purchased_purges":1,"victory":false,"max_hp_per_floor":[75,75,75,75,75,75,75,75,75,75,75,75,75,75,75,75,75,75,75,75,75,75,75,75,75,75],"card_choices":[{"not_picked":["HollowMod:FallenFury","HollowMod:NewJinnsSoul"],"picked":"HollowMod:SharpenedShadows","floor":1},{"not_picked":["HollowMod:FallenFury","HollowMod:NewJinnsSoul"],"picked":"HollowMod:HeavyBlow","floor":5},{"not_picked":["HollowMod:Hiveblood","HollowMod:DoubleDash"],"picked":"HollowMod:DreamGate","floor":6},{"not_picked":["HollowMod:CrystalDash","HollowMod:GoodIntentions"],"picked":"HollowMod:BlackTendrils","floor":7},{"not_picked":["HollowMod:SiblingsSouls","HollowMod:CycloneSlash"],"picked":"HollowMod:WraithStrike","floor":10},{"not_picked":["HollowMod:WraithStrike","HollowMod:InfectionAssault"],"picked":"HollowMod:VengefulVoid","floor":13},{"not_picked":["HollowMod:BaldurShell","HollowMod:MothsMistake"],"picked":"HollowMod:VengefulVoid","floor":14},{"not_picked":["HollowMod:HerrahsAnger","HollowMod:NewInfectedGuardian"],"picked":"HollowMod:AwokenDreamNail","floor":16},{"not_picked":["HollowMod:SharpenedNail","HollowMod:NewJinnsSoul+1"],"picked":"HollowMod:DoubleDash","floor":18},{"not_picked":["HollowMod:GreatSlash","HollowMod:SoulEater+1"],"picked":"HollowMod:WraithStrike","floor":22},{"not_picked":["HollowMod:HowlingWraiths","HollowMod:TaintedHusks"],"picked":"HollowMod:VoidDash","floor":24}],"player_experience":57512,"relics_obtained":[{"floor":6,"key":"Anchor"},{"floor":9,"key":"Orichalcum"},{"floor":10,"key":"Happy Flower"}],"event_choices":[{"damage_healed":0,"gold_gain":0,"cards_transformed":["HollowMod:NailStrikeStart"],"player_choice":"Change","damage_taken":0,"max_hp_gain":0,"max_hp_loss":0,"event_name":"Living Wall","floor":2,"gold_loss":0,"cards_obtained":["HollowMod:theNailsmith"]},{"damage_healed":0,"gold_gain":0,"player_choice":"Rummage","damage_taken":0,"relics_obtained":["WarpedTongs"],"max_hp_gain":0,"max_hp_loss":0,"event_name":"Accursed Blacksmith","floor":3,"gold_loss":0,"cards_obtained":["Pain"]},{"damage_healed":0,"gold_gain":0,"player_choice":"Success","damage_taken":3,"relics_obtained":["WingedGreaves"],"max_hp_gain":0,"max_hp_loss":0,"event_name":"Scrap Ooze","floor":8,"gold_loss":0},{"damage_healed":26,"gold_gain":0,"player_choice":"Full Heal","damage_taken":0,"max_hp_gain":0,"max_hp_loss":0,"event_name":"Wheel of Change","floor":11,"gold_loss":0},{"damage_healed":0,"gold_gain":0,"player_choice":"Ignored","damage_taken":0,"max_hp_gain":0,"max_hp_loss":0,"event_name":"Vampires","floor":20,"gold_loss":0},{"damage_healed":0,"gold_gain":0,"player_choice":"CARD ","damage_taken":12,"max_hp_gain":0,"max_hp_loss":0,"event_name":"Knowing Skull","floor":21,"potions_obtained":[],"gold_loss":0,"cards_obtained":["Trip"]}],"is_beta":false,"boss_relics":[{"not_picked":["Philosopher\u0027s Stone","HollowMod:KingsSoulRelic"],"picked":"SlaversCollar"}],"items_purged_floors":[19],"is_endless":false,"potions_floor_spawned":[1,5,13,14,16,22],"killed_by":"Snecko","ascension_level":0}}