{"host":"ebj6lkgm8suah319","time":1611023513,"event":{"mods":["2.2 Compatiblity","AchievementEnabler","BaseMod","Block Reminder","Colored Map","Colored Powertips","Minty Spire (QoL Compilation)","Quick Restart","Rare Cards Sparkle","Relic Stats","SuperFastMode"],"gold_per_floor":[112,127,144,21,21,21,31,60,108,122,21,21,96,110,110,206,206,220,235,235,235,54,54,88,48,72,101,112,112,112,112,112,215,215,235,285,285,301,13,46,46,59,59,89,109,126,0,17,17,17],"floor_reached":51,"language":"ENG","playtime":2642,"items_purged":["Strike_R","Strike_R","Strike_R"],"score":1083,"play_id":"a90647d2-68f3-4949-af64-028060d0e12b","local_time":"20210118213153","is_ascension_mode":true,"campfire_choices":[{"data":"Corruption","floor":6.0,"key":"SMITH"},{"data":"Feel No Pain","floor":15.0,"key":"SMITH"},{"data":"J.A.X.","floor":23.0,"key":"SMITH"},{"data":"Disarm","floor":30,"key":"SMITH"},{"data":"Pommel Strike","floor":32,"key":"SMITH"},{"data":"Feel No Pain","floor":41,"key":"SMITH"},{"data":"Armaments","floor":49,"key":"SMITH"}],"circlet_count":0,"master_deck":["Strike_R","Strike_R","Defend_R","Defend_R","Defend_R+1","Defend_R","Bash","Corruption+1","Pommel Strike+1","Dual Wield+1","Thunderclap","Shrug It Off+1","Reaper","Shrug It Off","Battle Trance","Battle Trance","Feel No Pain+1","Armaments+1","Demon Form+1","Flame Barrier","Iron Wave+1","J.A.X.+1","Reaper","Warcry+1","Disarm+1","Inflame+1","Reaper+1","Iron Wave+1","Sword Boomerang+1","Flame Barrier+1","Feel No Pain+1","Flash of Steel+1","Dual Wield","Armaments+1"],"relics":["Burning Blood","Kunai","Blood Vial","Bag of Marbles","Snecko Eye","War Paint","Juzu Bracelet","Molten Egg 2","Question Card","Philosopher\u0027s Stone","Ginger","Gambling Chip","Bronze Scales","Regal Pillow","Red Mask"],"acts_visited":["Exordium","TheCity","TheBeyond"],"potions_floor_usage":[24,33,50,50],"damage_taken":[{"damage":6.0,"enemies":"Cultist","floor":1.0,"turns":4.0},{"damage":4.0,"enemies":"Small Slimes","floor":2.0,"turns":4.0},{"damage":8.0,"enemies":"Jaw Worm","floor":3.0,"turns":4.0},{"damage":10.0,"enemies":"Looter","floor":7.0,"turns":4.0},{"damage":50.0,"enemies":"Lagavulin","floor":8.0,"turns":10.0},{"damage":15.0,"enemies":"Exordium Thugs","floor":10.0,"turns":6.0},{"damage":7.0,"enemies":"Large Slime","floor":14.0,"turns":6.0},{"damage":20.0,"enemies":"The Guardian","floor":16.0,"turns":17.0},{"damage":28.0,"enemies":"Spheric Guardian","floor":18.0,"turns":6.0},{"damage":0.0,"enemies":"Chosen","floor":19.0,"turns":4.0},{"damage":23,"enemies":"Gremlin Leader","floor":24,"turns":6},{"damage":12,"enemies":"Book of Stabbing","floor":27,"turns":6},{"damage":0,"enemies":"Snecko","floor":28,"turns":5},{"damage":65,"enemies":"Automaton","floor":33,"turns":10},{"damage":39,"enemies":"3 Darklings","floor":35,"turns":5},{"damage":65,"enemies":"2 Orb Walkers","floor":36,"turns":5},{"damage":23,"enemies":"Orb Walker","floor":38,"turns":5},{"damage":41,"enemies":"Reptomancer","floor":40,"turns":6},{"damage":23,"enemies":"3 Darklings","floor":42,"turns":5},{"damage":13,"enemies":"Giant Head","floor":44,"turns":7},{"damage":0,"enemies":"Transient","floor":45,"turns":5},{"damage":9,"enemies":"4 Shapes","floor":46,"turns":2},{"damage":26,"enemies":"Jaw Worm Horde","floor":48,"turns":6},{"damage":46,"enemies":"Awakened One","floor":50,"turns":9}],"seed_played":"-4315964169759110471","potions_obtained":[{"floor":7.0,"key":"BloodPotion"},{"floor":8.0,"key":"Weak Potion"},{"floor":10.0,"key":"Strength Potion"},{"floor":18.0,"key":"DuplicationPotion"},{"floor":27,"key":"Fruit Juice"},{"floor":35,"key":"SteroidPotion"},{"floor":42,"key":"ElixirPotion"},{"floor":44,"key":"Ancient Potion"}],"is_trial":false,"path_per_floor":["M","M","M","$","?","R","M","E","T","M","$","T","?","M","R","B",null,"M","M","?","?","$","R","E","?","T","E","M","?","R","T","R","B",null,"M","?","?","M","$","E","R","M","T","E","M","M","?","M","R","B",null],"character_chosen":"IRONCLAD","items_purchased":["Shrug It Off","Feel No Pain","Armaments","Reaper","Feel No Pain","Flash of Steel+1"],"campfire_rested":0,"item_purchase_floors":[4,11,11,22,39,39],"current_hp_per_floor":[51,53,51,51,51,51,53,17,17,19,19,19,8,16,16,23,66,53,61,61,46,46,46,85,85,85,85,85,85,85,85,85,90,90,90,78,78,79,79,85,85,85,85,85,85,82,82,85,85,85],"gold":17,"neow_bonus":"THREE_RARE_CARDS","is_daily":false,"chose_seed":false,"campfire_upgraded":7,"win_rate":0.0,"timestamp":1611023513,"path_taken":["M","M","?","$","?","R","M","E","T","M","?","?","?","M","R","BOSS","M","M","?","?","?","R","E","?","T","E","M","?","R","?","R","BOSS","M","?","?","M","?","E","R","M","T","E","M","M","?","M","R","BOSS"],"items_purchased_type":["Card","Card","Card","Card","Card","Card"],"build_version":"2020-12-22","purchased_purges":3,"victory":true,"max_hp_per_floor":[80,80,80,80,80,80,80,80,80,80,80,80,80,80,80,80,80,80,80,80,85,85,85,85,85,85,85,85,85,85,85,85,90,90,90,90,85,85,85,85,85,85,85,85,85,85,85,85,85,85],"relic_stats":{"Regal Pillow":0,"counters":[24,147],"Juzu Bracelet":1,"Ginger":[2],"War Paint":["Defend_R","Shrug It Off"],"Question Card":10,"Burning Blood":88,"Blood Vial":18,"Gambling Chip":[10],"Bronze Scales":[93],"Snecko Eye":[191,198,182,214],"Kunai":[28],"obtain_stats":[{"Regal Pillow":44,"Juzu Bracelet":26,"Ginger":36,"War Paint":24,"Question Card":31,"Burning Blood":0,"Blood Vial":9,"Gambling Chip":40,"Bronze Scales":43,"Snecko Eye":17,"Molten Egg 2":27,"Philosopher\u0027s Stone":34,"Bag of Marbles":12,"Red Mask":47,"Kunai":8},{"Regal Pillow":20,"Juzu Bracelet":11,"Ginger":16,"War Paint":11,"Question Card":13,"Burning Blood":0,"Blood Vial":5,"Gambling Chip":18,"Bronze Scales":19,"Snecko Eye":8,"Molten Egg 2":12,"Philosopher\u0027s Stone":14,"Bag of Marbles":6,"Red Mask":22,"Kunai":5},{"Regal Pillow":125,"Juzu Bracelet":71,"Ginger":102,"War Paint":71,"Question Card":82,"Burning Blood":0,"Blood Vial":26,"Gambling Chip":113,"Bronze Scales":118,"Snecko Eye":55,"Molten Egg 2":77,"Philosopher\u0027s Stone":92,"Bag of Marbles":32,"Red Mask":132,"Kunai":26}]},"card_choices":[{"not_picked":["Impervious","Demon Form"],"picked":"Corruption","floor":0.0},{"not_picked":["Perfected Strike","Iron Wave"],"picked":"Pommel Strike","floor":1.0},{"not_picked":["Rage","Havoc"],"picked":"Dual Wield","floor":2.0},{"not_picked":["Intimidate","Searing Blow"],"picked":"Thunderclap","floor":3.0},{"not_picked":["Dual Wield","Headbutt"],"picked":"Shrug It Off","floor":7.0},{"not_picked":["Disarm","Power Through"],"picked":"Battle Trance","floor":8.0},{"not_picked":["Perfected Strike","Clash"],"picked":"Battle Trance","floor":10.0},{"not_picked":["Armaments","Twin Strike","Clothesline"],"picked":"SKIP","floor":14.0},{"not_picked":["Double Tap","Exhume"],"picked":"Demon Form","floor":16.0},{"not_picked":["Flex+1","Twin Strike"],"picked":"Flame Barrier","floor":18.0},{"not_picked":["Warcry","Rage"],"picked":"Iron Wave+1","floor":19.0},{"not_picked":["Cleave+1","Flex"],"picked":"Warcry+1","floor":24},{"not_picked":["Blood for Blood+1","Cleave+1"],"picked":"Disarm","floor":27},{"not_picked":["Warcry+1","Combust"],"picked":"Inflame+1","floor":28},{"not_picked":["Berserk","Corruption","Offering"],"picked":"Reaper+1","floor":33},{"not_picked":["Twin Strike+1","Warcry","Ghostly Armor+1"],"picked":"Iron Wave+1","floor":35},{"not_picked":["Searing Blow+1","Evolve+1","Reckless Charge+1"],"picked":"Sword Boomerang+1","floor":36},{"not_picked":["Wild Strike+1","Fire Breathing","Havoc"],"picked":"Flame Barrier+1","floor":38},{"not_picked":["Pummel+1","Thunderclap+1","Clothesline+1","Intimidate"],"picked":"SKIP","floor":40},{"not_picked":["Armaments+1","Flex","Clash+1"],"picked":"Dual Wield","floor":42},{"not_picked":["Fire Breathing+1","Havoc","Cleave+1","Second Wind"],"picked":"SKIP","floor":44},{"not_picked":["Clothesline+1","Twin Strike+1","Cleave+1","Power Through+1"],"picked":"SKIP","floor":45},{"not_picked":["Clothesline+1","Warcry","Wild Strike+1"],"picked":"Armaments+1","floor":46},{"not_picked":["Heavy Blade+1","Sword Boomerang+1","Infernal Blade","Flame Barrier"],"picked":"SKIP","floor":48}],"player_experience":26899,"relics_obtained":[{"floor":8.0,"key":"Kunai"},{"floor":9.0,"key":"Blood Vial"},{"floor":12.0,"key":"Bag of Marbles"},{"floor":24,"key":"War Paint"},{"floor":26,"key":"Juzu Bracelet"},{"floor":27,"key":"Molten Egg 2"},{"floor":31,"key":"Question Card"},{"floor":36,"key":"Ginger"},{"floor":40,"key":"Gambling Chip"},{"floor":43,"key":"Bronze Scales"},{"floor":44,"key":"Regal Pillow"}],"event_choices":[{"damage_healed":0.0,"max_hp_gain":0.0,"max_hp_loss":0.0,"gold_gain":0.0,"event_name":"Match and Keep!","player_choice":"1 cards matched","floor":5.0,"gold_loss":0.0,"damage_taken":0.0,"cards_obtained":["Reaper"]},{"damage_healed":0.0,"max_hp_gain":0.0,"max_hp_loss":0.0,"gold_gain":75.0,"event_name":"World of Goop","player_choice":"Gather Gold","floor":13.0,"gold_loss":0.0,"damage_taken":11.0},{"damage_healed":0.0,"max_hp_gain":0.0,"max_hp_loss":0.0,"gold_gain":0.0,"event_name":"Drug Dealer","player_choice":"Obtain J.A.X.","floor":20.0,"gold_loss":0.0,"damage_taken":0.0,"cards_obtained":["J.A.X."]},{"damage_healed":0.0,"max_hp_gain":5.0,"max_hp_loss":0.0,"gold_gain":0.0,"event_name":"Forgotten Altar","player_choice":"Shed Blood","floor":21.0,"gold_loss":0.0,"damage_taken":20.0},{"damage_healed":0,"gold_gain":0,"player_choice":"Upgrade","damage_taken":0,"max_hp_gain":0,"max_hp_loss":0,"event_name":"Designer","floor":25,"gold_loss":40,"cards_upgraded":["Demon Form"]},{"damage_healed":0,"gold_gain":0,"player_choice":"Upgraded","damage_taken":0,"max_hp_gain":0,"max_hp_loss":0,"event_name":"Upgrade Shrine","floor":29,"gold_loss":0,"cards_upgraded":["Dual Wield"]},{"damage_healed":0,"gold_gain":0,"player_choice":"Fight","damage_taken":0,"max_hp_gain":0,"max_hp_loss":0,"event_name":"Mysterious Sphere","floor":36,"gold_loss":0},{"damage_healed":0,"gold_gain":0,"player_choice":"Max HP","damage_taken":0,"max_hp_gain":0,"max_hp_loss":5,"event_name":"Winding Halls","floor":37,"gold_loss":0},{"damage_healed":0,"gold_gain":0,"player_choice":"Paid","damage_taken":0,"relics_obtained":["Red Mask"],"max_hp_gain":0,"max_hp_loss":0,"event_name":"Tomb of Lord Red Mask","floor":47,"gold_loss":126}],"is_beta":false,"boss_relics":[{"not_picked":["Sozu","Astrolabe"],"picked":"Snecko Eye"},{"not_picked":["Velvet Choker","Black Star"],"picked":"Philosopher\u0027s Stone"}],"items_purged_floors":[4,22,39],"is_endless":false,"potions_floor_spawned":[7,8,10,18,27,35,42,44,46],"ascension_level":9}}