{"host":"hszimsrtxxc2k25w","time":1611043380,"event":{"mods":["AchievementEnabler","BaseMod","Colored Map","DeckTracker","Minty Spire (QoL Compilation)","Rare Cards Sparkle","SuperFastMode"],"gold_per_floor":[112,123,48,59,59,90,105,105,105,118,18,38,38,54,54,54,54],"floor_reached":16,"language":"KOR","playtime":397,"items_purged":["Strike_G","Strike_G"],"score":198,"play_id":"422945c3-f394-4b6f-8c6f-a03675b5c1ec","local_time":"20210119170300","is_ascension_mode":true,"campfire_choices":[{"data":"Poisoned Stab","floor":8,"key":"SMITH"},{"floor":15,"key":"REST"}],"circlet_count":0,"master_deck":["AscendersBane","Strike_G","Strike_G","Strike_G","Defend_G","Defend_G","Defend_G","Defend_G","Defend_G","Survivor","Neutralize","Heel Hook","Poisoned Stab+1","Backstab","Acrobatics","Tactician","Die Die Die"],"relics":["Ring of the Snake","NeowsBlessing","InkBottle","Singing Bowl","White Beast Statue"],"acts_visited":["Exordium"],"potions_floor_usage":[6,12,14,16],"damage_taken":[{"damage":0.0,"enemies":"Cultist","floor":1.0,"turns":1.0},{"damage":0.0,"enemies":"2 Louse","floor":2.0,"turns":1.0},{"damage":0.0,"enemies":"Jaw Worm","floor":4.0,"turns":1.0},{"damage":40,"enemies":"3 Sentries","floor":6,"turns":10},{"damage":6,"enemies":"2 Fungi Beasts","floor":7,"turns":4},{"damage":12,"enemies":"3 Louse","floor":10,"turns":3},{"damage":0,"enemies":"Looter","floor":12,"turns":3},{"damage":0,"enemies":"Gremlin Gang","floor":14,"turns":4},{"damage":8,"enemies":"The Guardian","floor":16,"turns":7}],"seed_played":"-1998364962464639565","potions_obtained":[{"floor":2.0,"key":"SpeedPotion"},{"floor":4.0,"key":"PowerPotion"},{"floor":7,"key":"Weak Potion"},{"floor":10,"key":"SkillPotion"},{"floor":12,"key":"Block Potion"},{"floor":14,"key":"FairyPotion"}],"is_trial":false,"path_per_floor":["M","M","$","M","?","E","M","R","T","M","$","M","$","M","R","B"],"character_chosen":"THE_SILENT","items_purchased":[],"campfire_rested":1,"item_purchase_floors":[],"current_hp_per_floor":[59,59,59,59,59,19,13,13,13,1,1,3,3,5,26,18,18],"gold":54,"neow_bonus":"THREE_ENEMY_KILL","is_daily":false,"chose_seed":false,"campfire_upgraded":1,"win_rate":0.0,"timestamp":1611043380,"path_taken":["M","M","$","?","?","E","M","R","T","M","$","M","?","M","R","BOSS"],"items_purchased_type":[],"build_version":"2020-12-22","purchased_purges":2,"victory":false,"max_hp_per_floor":[66,66,66,66,66,66,66,66,66,66,66,68,68,70,70,70,70],"card_choices":[{"not_picked":["Sucker Punch","Slice"],"picked":"Heel Hook","floor":1.0},{"not_picked":["Noxious Fumes","Infinite Blades"],"picked":"Poisoned Stab","floor":2.0},{"not_picked":["Footwork","Reflex"],"picked":"Backstab","floor":4.0},{"not_picked":["Infinite Blades","Slice"],"picked":"Acrobatics","floor":6},{"not_picked":["Setup","Dagger Spray"],"picked":"Tactician","floor":7},{"not_picked":["PiercingWail","Escape Plan"],"picked":"Die Die Die","floor":10},{"not_picked":["Slice","Bane","Riddle With Holes"],"picked":"Singing Bowl","floor":12},{"not_picked":["Acrobatics","Expertise","Dagger Spray"],"picked":"Singing Bowl","floor":14}],"player_experience":621907,"relics_obtained":[{"floor":5.0,"key":"InkBottle"},{"floor":6,"key":"Singing Bowl"},{"floor":9,"key":"White Beast Statue"}],"event_choices":[{"damage_healed":0.0,"max_hp_gain":0.0,"max_hp_loss":0.0,"gold_gain":0.0,"event_name":"Wheel of Change","player_choice":"Relic","floor":5.0,"gold_loss":0.0,"damage_taken":0.0}],"is_beta":false,"boss_relics":[],"items_purged_floors":[3,11],"is_endless":false,"potions_floor_spawned":[2,4,7,10,12,14],"killed_by":"The Guardian","ascension_level":18}}