{"host":"zv753xhrtese558r","time":1611033540,"event":{"mods":["2.2 Compatiblity","AchievementEnabler","BaseMod","Bestiary","Better Match","Better Note","Better Skull","Better Third Choice","BetterRewards","Colored Map","Colored Powertips","Googly Eyes","Infinite Spire","Minty Spire (QoL Compilation)","Spicy Shops","StSLib"],"gold_per_floor":[114,127,127,1,1,1,34,34,34,34,34,64,74,90,90,191,191,203,203,203,53,0,0,13,13,61,61,93,93,104,114,114,114,114],"floor_reached":33,"language":"ENG","playtime":1732,"items_purged":[],"score":445,"play_id":"f136356e-228a-4e07-a9b2-44acc8f26bb1","local_time":"20210118211900","is_ascension_mode":true,"campfire_choices":[{"data":"All Out Attack","floor":6.0,"key":"SMITH"},{"data":"Acrobatics","floor":11.0,"key":"SMITH"},{"floor":15.0,"key":"REST"},{"floor":23.0,"key":"REST"},{"floor":25.0,"key":"REST"},{"floor":32,"key":"REST"}],"circlet_count":0,"master_deck":["Strike_G","Strike_G","Strike_G","Strike_G","Strike_G","Defend_G","Defend_G","Defend_G","Defend_G","Defend_G","Survivor","Neutralize","Footwork","All Out Attack+1","Acrobatics+1","Backstab","Accuracy","Backflip","Sucker Punch","Noxious Fumes","Tactician","Envenom","Infinite Blades","Deadly Poison","J.A.X.","Corpse Explosion","Infinite Blades","Caltrops"],"relics":["Ring of the Snake","Snake Skull","Ginger","Oddly Smooth Stone","infinitespire:Beetle Shell","White Beast Statue","infinitespire:Lucky Rock","Paper Crane","Shuriken","Ancient Tea Set","Tiny Chest","Nunchaku"],"acts_visited":["Exordium","TheCity"],"potions_floor_usage":[30,30,30,31,33],"damage_taken":[{"damage":0.0,"enemies":"Jaw Worm","floor":1.0,"turns":4.0},{"damage":6.0,"enemies":"2 Louse","floor":2.0,"turns":2.0},{"damage":1.0,"enemies":"3 Sentries","floor":7.0,"turns":7.0},{"damage":18.0,"enemies":"Lagavulin","floor":12.0,"turns":8.0},{"damage":0.0,"enemies":"Small Slimes","floor":13.0,"turns":2.0},{"damage":0.0,"enemies":"Exordium Wildlife","floor":14.0,"turns":2.0},{"damage":19.0,"enemies":"Hexaghost","floor":16.0,"turns":10.0},{"damage":14.0,"enemies":"Shell Parasite","floor":18.0,"turns":6.0},{"damage":24.0,"enemies":"3 Byrds","floor":24.0,"turns":4.0},{"damage":29.0,"enemies":"Gremlin Leader","floor":28.0,"turns":5.0},{"damage":9,"enemies":"Shelled Parasite and Fungi","floor":30,"turns":5},{"damage":19,"enemies":"Centurion and Healer","floor":31,"turns":5},{"damage":46,"enemies":"Automaton","floor":33,"turns":6}],"seed_played":"-8037547669642035115","potions_obtained":[{"floor":2.0,"key":"LiquidBronze"},{"floor":7.0,"key":"SpeedPotion"},{"floor":12.0,"key":"Ancient Potion"},{"floor":13.0,"key":"EntropicBrew"},{"floor":14.0,"key":"Weak Potion"},{"floor":18.0,"key":"Poison Potion"},{"floor":24.0,"key":"SteroidPotion"},{"floor":28.0,"key":"LiquidBronze"},{"floor":30,"key":"ColorlessPotion"},{"floor":31,"key":"PowerPotion"}],"is_trial":false,"path_per_floor":["M","M","?","$","?","R","E","?","T","?","R","E","M","M","R","B",null,"M","?","?","$","?","R","M","R","T","?","E","?","M","M","R","B"],"character_chosen":"THE_SILENT","items_purchased":["Snake Skull","Ginger","Footwork","Oddly Smooth Stone","infinitespire:Beetle Shell","All Out Attack","Accuracy","Poison Potion","Ancient Tea Set"],"campfire_rested":4,"item_purchase_floors":[0,0,0,0,0,0,4,4,21],"current_hp_per_floor":[44,38,38,38,61,61,60,60,60,64,64,46,46,46,67,48,70,56,56,43,43,43,65,41,63,63,63,34,34,25,6,28,0,0],"gold":114,"neow_bonus":"","is_daily":false,"chose_seed":false,"campfire_upgraded":2,"win_rate":0.0,"timestamp":1611033540,"path_taken":["M","M","?","$","?","R","E","?","T","?","R","E","?","M","R","BOSS","M","?","?","$","?","R","M","R","T","?","E","?","M","?","R","BOSS"],"items_purchased_type":["Relic","Relic","Card","Relic","Relic","Card","Card","Potion","Relic"],"build_version":"2020-12-22","purchased_purges":0,"victory":false,"max_hp_per_floor":[70,70,70,70,70,70,70,70,70,70,70,70,70,70,70,70,70,70,70,75,75,75,75,75,75,75,75,75,75,75,75,75,75,75],"card_choices":[{"not_picked":["PiercingWail","Well Laid Plans"],"picked":"Acrobatics","floor":1.0},{"not_picked":["Bane","Prepared"],"picked":"Backstab","floor":2.0},{"not_picked":["Dagger Throw","Acrobatics"],"picked":"Backflip","floor":7.0},{"not_picked":["Riddle With Holes","Endless Agony"],"picked":"Sucker Punch","floor":12.0},{"not_picked":["Flechettes","All Out Attack"],"picked":"Noxious Fumes","floor":13.0},{"not_picked":["Slice","Escape Plan"],"picked":"Tactician","floor":14.0},{"not_picked":["Phantasmal Killer","Adrenaline"],"picked":"Envenom","floor":16.0},{"not_picked":["Outmaneuver","Backflip"],"picked":"Infinite Blades","floor":18.0},{"not_picked":["Underhanded Strike+1","Cloak And Dagger"],"picked":"Deadly Poison","floor":24.0},{"not_picked":["Flechettes","Underhanded Strike"],"picked":"Corpse Explosion","floor":28.0},{"not_picked":["Expertise","Prepared"],"picked":"Infinite Blades","floor":30},{"not_picked":["Noxious Fumes","Dagger Spray+1"],"picked":"Caltrops","floor":31}],"player_experience":369723,"relics_obtained":[{"floor":7.0,"key":"White Beast Statue"},{"floor":8.0,"key":"infinitespire:Lucky Rock"},{"floor":9.0,"key":"Paper Crane"},{"floor":12.0,"key":"Shuriken"},{"floor":26.0,"key":"Tiny Chest"},{"floor":28.0,"key":"Nunchaku"}],"event_choices":[{"damage_healed":0.0,"max_hp_gain":0.0,"max_hp_loss":0.0,"gold_gain":0.0,"event_name":"betterThird:BetterSerpent","player_choice":"Ignored","floor":3.0,"gold_loss":0.0,"damage_taken":127.0},{"damage_healed":23.0,"max_hp_gain":0.0,"max_hp_loss":0.0,"gold_gain":0.0,"event_name":"Big Fish","player_choice":"Banana","floor":5.0,"gold_loss":0.0,"damage_taken":0.0},{"damage_healed":4.0,"max_hp_gain":0.0,"max_hp_loss":0.0,"gold_gain":0.0,"event_name":"betterSkull:BetterSkull","player_choice":"LEAVE ","floor":10.0,"gold_loss":0.0,"damage_taken":0.0,"cards_upgraded":[],"relics_obtained":[]},{"damage_healed":0.0,"max_hp_gain":0.0,"max_hp_loss":0.0,"gold_gain":0.0,"event_name":"Cursed Tome","player_choice":"Ignored","floor":19.0,"gold_loss":0.0,"damage_taken":0.0},{"damage_healed":0.0,"max_hp_gain":5.0,"max_hp_loss":0.0,"gold_gain":0.0,"event_name":"Forgotten Altar","player_choice":"Shed Blood","floor":20.0,"gold_loss":0.0,"damage_taken":18.0},{"damage_healed":0.0,"max_hp_gain":0.0,"max_hp_loss":0.0,"gold_gain":0.0,"event_name":"Masked Bandits","player_choice":"Paid Fearfully","floor":22.0,"gold_loss":53.0,"damage_taken":0.0},{"damage_healed":0.0,"max_hp_gain":0.0,"max_hp_loss":0.0,"gold_gain":0.0,"event_name":"Drug Dealer","player_choice":"Obtain J.A.X.","floor":27.0,"gold_loss":0.0,"damage_taken":0.0,"cards_obtained":["J.A.X."]},{"damage_healed":0.0,"max_hp_gain":0.0,"max_hp_loss":0.0,"gold_gain":0.0,"event_name":"The Woman in Blue","player_choice":"Bought 0 Potions","floor":29.0,"gold_loss":0.0,"damage_taken":0.0}],"is_beta":false,"boss_relics":[{"not_picked":["infinitespire:Cupcake","Coffee Dripper","Runic Dome"]}],"items_purged_floors":[],"is_endless":false,"potions_floor_spawned":[2,7,12,13,14,16,18,24,28,30,31],"killed_by":"Automaton","ascension_level":4}}