{"host":"jpol0bbzretdyr3c","time":1611081524,"event":{"mods":["100% Spire Juice","Act Like it!","BaseMod","Colored Map","Gensokyo","Infinite Spire","Koishi","Marisa????????","Minty Spire (QoL Compilation)","Replay The Spire","StSLib","The Servant 0.9.4"],"gold_per_floor":[111,186,186,156,156,156,190,28,54,64,103,103,114,147,147,447,447,466,466,488,509,525,525,553,553,553,573,176,176,176,202,202,310,310,323,343,343,343,343,388,160,194,194,213,213,213,242,252,252,359,359,364,464,466,473,473,473,480,479,479,479,488,488,496,500,500,563,613,617,942,0,0,0,0,6,6],"floor_reached":75,"language":"ENG","playtime":6171,"items_purged":[],"score":1788,"play_id":"07a844f3-ff3b-4f31-b19d-dc6d170f1424","local_time":"20210119103844","is_ascension_mode":true,"campfire_choices":[{"data":"Koishi:Provoke","floor":6.0,"key":"SMITH"},{"data":"Koishi:UnconsciousUrges","floor":12.0,"key":"SMITH"},{"data":"Koishi:Ego","floor":15,"key":"SMITH"},{"data":"Koishi:VengefulSpirit","floor":23,"key":"SMITH"},{"data":"Koishi:MindStellarRelief","floor":29,"key":"SMITH"},{"data":"Koishi:PerfectMindControl","floor":32,"key":"SMITH"},{"data":"Gensokyo:UnlikelyAid","floor":46,"key":"SMITH"},{"data":"Koishi:PerfectMindControl","floor":49,"key":"SMITH"},{"data":"Koishi:JumpScare","floor":57,"key":"SMITH"},{"data":"Koishi:JumpScare","floor":61,"key":"SMITH"},{"data":"Koishi:JumpScare","floor":63,"key":"SMITH"},{"data":"Koishi:ImGoingToCallYouNow","floor":66,"key":"SMITH"},{"data":"Koishi:TerrifyingSpectre","floor":74,"key":"SMITH"}],"circlet_count":0,"master_deck":["Koishi:BasicStrike","Koishi:BasicStrike","Koishi:BasicStrike","Koishi:BasicStrike","Koishi:BasicDefend","Koishi:BasicDefend","Koishi:BasicDefend","Koishi:BasicDefend","Koishi:Provoke+1","Koishi:HauntingSlash+1","Koishi:DreadfulBlow","Koishi:JumpScare+1","Koishi:SprinkleStarAndHeart+1","Koishi:PredatoryInstincts","Koishi:UnconsciousUrges+1","Koishi:ParalyzingFear","Koishi:BloodcurdlingScream","Koishi:Ego+1","Koishi:MindStellarRelief+1","Koishi:DNAsFlaw+1","Koishi:VengefulSpirit+1","Koishi:SubterraneanRose+1","Koishi:DanmakuParanoia+1","Koishi:EmbryosDream+1","Koishi:SpiritedAway","Koishi:PerfectMindControl+1","Koishi:GrowingPain+1","Koishi:ReflexRadar+1","Koishi:UnansweredLove","Koishi:LastRemote+1","Koishi:PredatoryInstincts","Koishi:UnseenTerror+1","Koishi:Catatonia+1","Gensokyo:UnlikelyAid+1","Koishi:PerfectMindControl+1","Koishi:JumpScare+1","Koishi:TerrifyingSpectre+1","Koishi:JumpScare+1","Koishi:JumpScare+1","Koishi:EmbersOfLove","Koishi:ReleaseOfTheId+1","Koishi:PhantomStrike+1","Koishi:PredatoryInstincts","Koishi:ImGoingToCallYouNow+1","Koishi:StingingMind","Koishi:TremblingHands","infinitespire:Execution+1","Koishi:RuptureMind+1","Koishi:RacingHeart+1","Koishi:FleetingPhantom"],"relics":["Koishi:ImaginaryFriend","NeowsBlessing","infinitespire:Midas Blood","Replay:Mystery Machine","infinitespire:PuzzleCube","War Paint","Simple Rune","Coffee Dripper","Gensokyo:ConquerorOfFear","HornCleat","infinitespire:ShieldingShard","Happy Flower","Shuriken","Replay:Wax Seal","Replay:Bottled Flurry","Philosopher\u0027s Stone","Snack Pack","Guide Book","Pet Ghost","Pear","Replay:Baseball","Meat on the Bone","Counterbalance","Toy Ornithopter","Eternal Feather","Lantern","Blood Vial","Tiny House","Koishi:BloodstainedWhiteRose"],"acts_visited":["Gensokyo:Gensokyo","Gensokyo:Gensokyoer","Gensokyo:Gensokyoest","Gensokyo:Gensokyo","Gensokyo:Gensokyoer"],"potions_floor_usage":[16,16,24,24,24,33,75],"damage_taken":[{"damage":0.0,"enemies":"Gensokyo:3_Fairies","floor":1.0,"turns":2.0},{"damage":0.0,"enemies":"Gensokyo:Cirno","floor":7.0,"turns":2.0},{"damage":0.0,"enemies":"Gensokyo:Gryphon","floor":10.0,"turns":1.0},{"damage":8.0,"enemies":"Gensokyo:Aya","floor":11.0,"turns":7.0},{"damage":0.0,"enemies":"Gensokyo:Python","floor":13.0,"turns":3.0},{"damage":12.0,"enemies":"Gensokyo:Mamizou","floor":14.0,"turns":11.0},{"damage":6,"enemies":"Gensokyo:Reimu","floor":16,"turns":11},{"damage":0,"enemies":"Gensokyo:2_Gloops","floor":18,"turns":4},{"damage":13,"enemies":"Gensokyo:Chomper","floor":20,"turns":5},{"damage":18,"enemies":"Gensokyo:Monolith_and_Dog","floor":21,"turns":4},{"damage":8,"enemies":"Gensokyo:Mirror_and_Dog","floor":22,"turns":4},{"damage":2,"enemies":"Gensokyo:Reisen","floor":24,"turns":5},{"damage":37,"enemies":"Gensokyo:3_Gloops","floor":27,"turns":6},{"damage":0,"enemies":"Nightmare","floor":31,"turns":7},{"damage":28,"enemies":"Gensokyo:Kaguya","floor":33,"turns":10},{"damage":0,"enemies":"Gensokyo:AncientGuardian","floor":35,"turns":4},{"damage":0,"enemies":"Gensokyo:3_Boulders","floor":36,"turns":6},{"damage":35,"enemies":"Gensokyo:Marisa","floor":40,"turns":6},{"damage":0,"enemies":"Gensokyo:Doremy","floor":42,"turns":5},{"damage":0,"enemies":"Gensokyo:Rafflesia","floor":44,"turns":5},{"damage":17,"enemies":"Nightmare","floor":47,"turns":6},{"damage":0,"enemies":"Gensokyo:Dusk_and_Dawn","floor":48,"turns":3},{"damage":18,"enemies":"Gensokyo:Shinki","floor":50,"turns":11},{"damage":0,"enemies":"Gensokyo:Python","floor":52,"turns":3},{"damage":14,"enemies":"Gensokyo:3_Fairies","floor":54,"turns":3},{"damage":8,"enemies":"Gensokyo:Gryphon","floor":55,"turns":2},{"damage":0,"enemies":"Gensokyo:2_Rabbits","floor":56,"turns":3},{"damage":0,"enemies":"Gensokyo:Mamizou","floor":58,"turns":5},{"damage":0,"enemies":"Gensokyo:VengefulSpirit","floor":59,"turns":3},{"damage":0,"enemies":"Gensokyo:Aya","floor":62,"turns":3},{"damage":14,"enemies":"Gensokyo:Python_and_Kodama","floor":64,"turns":3},{"damage":0,"enemies":"Gensokyo:Mamizou","floor":65,"turns":4},{"damage":0,"enemies":"Gensokyo:Reimu","floor":67,"turns":7},{"damage":60,"enemies":"Gensokyo:3_Dogs","floor":69,"turns":4},{"damage":79,"enemies":"Gensokyo:Tenshi","floor":75,"turns":1}],"seed_played":"7222261327079354964","potions_obtained":[{"floor":11.0,"key":"Fire Potion"},{"floor":13.0,"key":"Slimebound:ThreeZeroPotion"},{"floor":16,"key":"LiquidBronze"},{"floor":20,"key":"LifebloodPotion"},{"floor":21,"key":"EntropicBrew"},{"floor":35,"key":"Strength Potion"},{"floor":55,"key":"AttackPotion"}],"is_trial":false,"path_per_floor":["M","T","?","COS","?","R","E","$","T","M","E","R","M","E","R","B",null,"M","?","M","M","M","R","E","?","T","M","$","R","AVR","NM","R","B",null,"M","M","?","?","T","E","$","E","T","M","?","R","NM","M","R","B",null,"M","?","M","M","M","R","E","M","T","R","E","R","M","E","R","B",null,"M","?","?","?","?","R","E"],"character_chosen":"KOISHI","items_purchased":["Koishi:PredatoryInstincts","Koishi:UnconsciousUrges","Happy Flower","Shuriken","Guide Book","Koishi:PredatoryInstincts"],"campfire_rested":0,"item_purchase_floors":[8,8,28,28,41,41],"current_hp_per_floor":[60,60,60,60,60,60,60,60,60,60,60,60,60,60,60,60,60,60,60,55,52,55,55,60,60,60,40,40,40,40,52,52,36,54,59,60,60,60,60,35,35,54,64,70,70,70,70,70,70,67,69,70,70,66,70,70,70,70,70,70,70,70,70,70,70,70,70,75,75,75,75,75,69,69,0,0],"gold":6,"neow_bonus":"THREE_ENEMY_KILL","is_daily":false,"chose_seed":false,"campfire_upgraded":13,"win_rate":0.0,"timestamp":1611081524,"path_taken":["M","?","?","COS","?","R","E","?","T","?","E","R","M","E","R","BOSS","M","?","M","M","?","R","E","?","T","M","?","R","AVR","NM","R","BOSS","M","?","?","?","?","E","?","E","T","?","?","R","NM","?","R","BOSS","M","?","?","?","M","R","E","M","T","R","E","R","?","E","R","BOSS","M","?","?","?","?","R","E"],"items_purchased_type":["Card","Card","Relic","Relic","Relic","Card"],"build_version":"2020-12-22","purchased_purges":0,"victory":false,"max_hp_per_floor":[60,60,60,60,60,60,60,60,60,60,60,60,60,60,60,60,60,60,60,60,60,60,60,60,60,60,60,60,60,60,60,60,60,60,60,60,60,60,60,60,60,60,70,70,70,70,70,70,70,70,70,70,70,70,70,70,70,70,70,70,70,70,70,70,70,70,70,75,75,75,75,75,69,69,69,69],"card_choices":[{"not_picked":["Koishi:FleetingPhantom","Koishi:Jaunt"],"picked":"Koishi:DreadfulBlow","floor":1.0},{"not_picked":["Koishi:HeartAttack","Koishi:EmbryosDream"],"picked":"Koishi:SprinkleStarAndHeart","floor":7.0},{"not_picked":["Koishi:Prune","Koishi:ReflexRadar"],"picked":"Koishi:ParalyzingFear","floor":10.0},{"not_picked":["Koishi:DanmakuParanoia","Koishi:ReflexRadar"],"picked":"Koishi:BloodcurdlingScream","floor":11.0},{"not_picked":["Koishi:Prune","Koishi:StrangeCloudFist"],"picked":"Koishi:SubterraneanRose","floor":13.0},{"not_picked":["Koishi:FleetingPhantom","Koishi:UnconsciousUrges"],"picked":"Koishi:Ego","floor":14},{"not_picked":["Koishi:RollingInRichesHeart","Koishi:RoseHell"],"picked":"Koishi:MindStellarRelief","floor":16},{"not_picked":["Koishi:Vanish","Koishi:RacingHeart"],"picked":"Koishi:DNAsFlaw","floor":18},{"not_picked":["Koishi:Jaunt+1","Koishi:EmbryosDream+1"],"picked":"Koishi:VengefulSpirit","floor":20},{"not_picked":["Koishi:HeartfeltFancy","Koishi:BloodcurdlingScream"],"picked":"Koishi:SubterraneanRose+1","floor":21},{"not_picked":["Koishi:SubterraneanRose+1","Koishi:ConditionedTeleport"],"picked":"Koishi:DanmakuParanoia","floor":22},{"not_picked":["Koishi:Prune","Koishi:BloodcurdlingScream"],"picked":"Koishi:EmbryosDream+1","floor":24},{"not_picked":["Koishi:FreudianInstinct","Koishi:SubconsciousSweep"],"picked":"Koishi:SpiritedAway","floor":27},{"not_picked":["Koishi:CatchAndRose","Koishi:SubconsciousSweep"],"picked":"Koishi:PerfectMindControl","floor":31},{"not_picked":["Koishi:RoseHell","Koishi:PerfectMindControl"],"picked":"Koishi:GrowingPain","floor":33},{"not_picked":["Koishi:HeartAttack","Koishi:Bloodlust+1"],"picked":"Koishi:ReflexRadar","floor":35},{"not_picked":["Koishi:Catatonia","Koishi:SpiritedAway+1"],"picked":"Koishi:UnansweredLove","floor":36},{"not_picked":["Koishi:GeneticsOfTheUnconscious+1","Koishi:MindNumbingTerror+1"],"picked":"Koishi:LastRemote+1","floor":40},{"not_picked":["Koishi:VengefulSpirit+1","Koishi:Jaunt+1"],"picked":"Koishi:UnseenTerror","floor":42},{"not_picked":["Koishi:SubterraneanRose","Koishi:DreadfulBlow"],"picked":"Koishi:Catatonia+1","floor":44},{"not_picked":["Gensokyo:NewMoon","Gensokyo:BrilliantDragonBullet"],"picked":"Gensokyo:UnlikelyAid","floor":45},{"not_picked":["Koishi:VengefulSpirit","Koishi:FleetingPhantom"],"picked":"Koishi:PerfectMindControl","floor":47},{"not_picked":["Koishi:ReflexRadar+1","Koishi:RacingHeart"],"picked":"Koishi:JumpScare","floor":48},{"not_picked":["Koishi:Ego","Koishi:GrowingPain"],"picked":"Koishi:TerrifyingSpectre","floor":50},{"not_picked":["Koishi:HeartfeltFancy","Koishi:ParalyzingFear"],"picked":"Koishi:JumpScare","floor":52},{"not_picked":["Koishi:GeneticsOfTheUnconscious","Koishi:ReflexRadar"],"picked":"Koishi:JumpScare","floor":54},{"not_picked":["Koishi:BloodcurdlingScream","Koishi:StingingMind"],"picked":"Koishi:EmbersOfLove","floor":55},{"not_picked":["Koishi:IdleWhim","Koishi:FleetingPhantom"],"picked":"Koishi:ReleaseOfTheId","floor":56},{"not_picked":["Koishi:SprinkleStarAndHeart","Koishi:DanmakuParanoia"],"picked":"Koishi:PhantomStrike","floor":58},{"not_picked":["Koishi:BloodcurdlingScream","Koishi:SpiritedAway"],"picked":"Koishi:PredatoryInstincts","floor":59},{"not_picked":["Koishi:Bloodlust","Koishi:DanmakuParanoia"],"picked":"Koishi:ImGoingToCallYouNow","floor":62},{"not_picked":["Koishi:GeneticsOfTheUnconscious","Koishi:TraumaticStroke"],"picked":"Koishi:StingingMind","floor":64},{"not_picked":["Koishi:ApparitionsStalkTheNight","Koishi:Untouchable"],"picked":"Koishi:TremblingHands","floor":65},{"not_picked":["infinitespire:SevenWalls","infinitespire:SealOfDarkness+"],"picked":"infinitespire:Execution","floor":67},{"not_picked":["Koishi:FormlessExistence","Koishi:ConditionedTeleport"],"picked":"Koishi:RuptureMind","floor":67},{"not_picked":["Koishi:StingingMind","Koishi:SpiritedAway"],"picked":"Koishi:RacingHeart","floor":68},{"not_picked":["Koishi:Whimsy","Koishi:UnconsciousUprising"],"picked":"Koishi:FleetingPhantom","floor":69}],"player_experience":434889,"relics_obtained":[{"floor":2.0,"key":"infinitespire:Midas Blood"},{"floor":7.0,"key":"Replay:Mystery Machine"},{"floor":9.0,"key":"infinitespire:PuzzleCube"},{"floor":11.0,"key":"War Paint"},{"floor":14,"key":"Simple Rune"},{"floor":20,"key":"Gensokyo:ConquerorOfFear"},{"floor":24,"key":"HornCleat"},{"floor":26,"key":"infinitespire:ShieldingShard"},{"floor":31,"key":"Replay:Bottled Flurry"},{"floor":39,"key":"Matryoshka"},{"floor":40,"key":"Snack Pack"},{"floor":42,"key":"Pet Ghost"},{"floor":43,"key":"Pear"},{"floor":43,"key":"Replay:Baseball"},{"floor":47,"key":"Meat on the Bone"},{"floor":58,"key":"Counterbalance"},{"floor":60,"key":"Toy Ornithopter"},{"floor":60,"key":"Eternal Feather"},{"floor":62,"key":"Lantern"},{"floor":65,"key":"Blood Vial"}],"event_choices":[],"is_beta":false,"boss_relics":[{"not_picked":["Replay:Ancient Bell","Painkiller Herb"],"picked":"Coffee Dripper"},{"not_picked":["Replay:Grab Bag","Calling Bell"],"picked":"Philosopher\u0027s Stone"},{"not_picked":["Runic Dome","ReplayTheSpireMod:DimensionalGlitch","Abe\u0027s Treasure"]},{"not_picked":["Snecko Eye","Replay:Wanted Poster"],"picked":"Tiny House"}],"items_purged_floors":[],"is_endless":true,"potions_floor_spawned":[11,13,16,20,21,24,27,35,40,44,48,54,55,58,62,65,67,69],"killed_by":"Gensokyo:Tenshi","ascension_level":5}}