{"host":"t9zjxed0utvsfjwc","time":1611041693,"event":{"mods":["2.2 Compatiblity","Aspiration","BaseMod","Better Altar","Better Match","Better Note","Better Sensory Stone","Better Skull","Better Third Choice","Block Reminder","Colored Map","Colored Powertips","Hermit","Highlight Path","Hubris","Infinite Spire","Minty Spire (QoL Compilation)","Quick Restart","Rare Cards Sparkle","Replay The Spire","Shade Mod","StSLib","The Bug Knight","The Cursed","The Marked","Unceasing Turn Reminder","everything is the same but u backflip on backflip"],"gold_per_floor":[114,114,114,39,39,39,70,85,136,169,187,213,283,299,299,299,299],"floor_reached":16,"language":"ENG","playtime":511,"items_purged":["Strike_R"],"score":166,"play_id":"51852b35-176a-4161-b896-91d3a5fe1b00","local_time":"20210119073453","is_ascension_mode":true,"campfire_choices":[{"data":"Searing Blow","floor":6,"key":"SMITH"}],"circlet_count":0,"master_deck":["Strike_R","Strike_R","Strike_R","Defend_R","Defend_R","Defend_R","Defend_R","Searing Blow+1","Corruption+1","Limit Break","Twin Strike","Heavy Blade","ReplayTheSpireMod:Limb From Limb","Armaments","Noxious Fumes"],"relics":["Burning Blood","NeowsBlessing","Golden Idol","Replay:Rubber Ducky","Orichalcum","Anchor","Potion Belt","Replay:Wax Seal","Tiny Chest"],"acts_visited":["Exordium"],"potions_floor_usage":[10,14,16],"damage_taken":[{"damage":0,"enemies":"2 Louse","floor":1,"turns":1},{"damage":0,"enemies":"HollowMod:MossKnight","floor":7,"turns":1},{"damage":0,"enemies":"Jaw Worm","floor":8,"turns":1},{"damage":0,"enemies":"3 Sentries","floor":10,"turns":1},{"damage":0,"enemies":"Small Slimes","floor":11,"turns":4},{"damage":48,"enemies":"Lagavulin Event","floor":13,"turns":8},{"damage":5,"enemies":"Looter","floor":14,"turns":3},{"damage":35,"enemies":"Slime Boss","floor":16,"turns":10}],"seed_played":"8560761282542707006","potions_obtained":[{"floor":7,"key":"infinitespire:BlackPotion"},{"floor":13,"key":"SkillPotion"},{"floor":14,"key":"Block Potion"}],"is_trial":false,"path_per_floor":["M","?","?","$","?","R","E","M","T","E","M","T","?","M","R_BF","B"],"character_chosen":"IRONCLAD","items_purchased":[],"campfire_rested":0,"item_purchase_floors":[],"current_hp_per_floor":[80,60,53,53,53,53,59,65,65,71,77,77,35,36,27,0,0],"gold":299,"neow_bonus":"THREE_ENEMY_KILL","is_daily":false,"chose_seed":false,"campfire_upgraded":1,"win_rate":0.0,"timestamp":1611041693,"path_taken":["M","?","?","$","?","R","E","M","T","E","M","?","?","M","R_BF","BOSS"],"items_purchased_type":[],"build_version":"2020-12-22","purchased_purges":1,"victory":false,"max_hp_per_floor":[80,80,80,80,80,80,80,80,80,80,80,80,80,80,80,80,80],"card_choices":[{"not_picked":["Pommel Strike","Replay:Undeath\u0027s Touch"],"picked":"Searing Blow","floor":1},{"not_picked":["ReplayTheSpireMod:Strike From Hell","hubris:SharpeningStone"],"picked":"Limit Break","floor":7},{"not_picked":["Sword Boomerang","hubris:ReadiedAction"],"picked":"Twin Strike","floor":8},{"not_picked":["Evolve","Fire Breathing"],"picked":"Heavy Blade","floor":10},{"not_picked":["Life Link","Replay:Undeath\u0027s Touch","Reckless Charge"],"picked":"SKIP","floor":11},{"not_picked":["Replay:Undeath\u0027s Touch","ReplayTheSpireMod:Stacked"],"picked":"ReplayTheSpireMod:Limb From Limb","floor":13},{"not_picked":["Sword Boomerang","Warcry"],"picked":"Armaments","floor":14}],"player_experience":383520,"relics_obtained":[{"floor":7,"key":"Replay:Rubber Ducky"},{"floor":9,"key":"Orichalcum"},{"floor":10,"key":"Anchor"},{"floor":12,"key":"Potion Belt"},{"floor":13,"key":"Replay:Wax Seal"}],"event_choices":[{"damage_healed":0,"gold_gain":0,"player_choice":"Take Damage","damage_taken":20,"relics_obtained":["Golden Idol"],"max_hp_gain":0,"max_hp_loss":0,"event_name":"Golden Idol","floor":2,"gold_loss":0},{"cards_removed":["Strike_R"],"damage_healed":0,"gold_gain":0,"player_choice":"Card Removal","damage_taken":7,"max_hp_gain":0,"max_hp_loss":0,"event_name":"Golden Wing","floor":3,"gold_loss":0},{"damage_healed":0,"gold_gain":30,"player_choice":"Searched \u00272\u0027 times","damage_taken":0,"max_hp_gain":0,"max_hp_loss":0,"event_name":"Dead Adventurer","floor":13,"gold_loss":0}],"is_beta":false,"boss_relics":[],"items_purged_floors":[4],"is_endless":false,"potions_floor_spawned":[7,13,14],"killed_by":"Slime Boss","ascension_level":1}}