{"host":"h4qgcirtxz6qax9j","time":1611062177,"event":{"mods":["AchievementEnabler","BaseMod","Colored Powertips","Hermit","Minty Spire (QoL Compilation)","StSLib","SuperFastMode","The Servant 0.9.4"],"gold_per_floor":[114,114,134,149,149,149,174,174,198,214,239,263,286,300,300,430,430,444,469,483,271,271,271,271],"floor_reached":23,"language":"KOR","playtime":540,"items_purged":[],"score":215,"play_id":"86b4f788-0714-4ec4-a6ae-4be1145f6021","local_time":"20210119221617","is_ascension_mode":true,"campfire_choices":[{"data":"Ricochet","floor":6,"key":"SMITH"},{"floor":8,"key":"REST"},{"floor":15,"key":"REST"}],"circlet_count":0,"master_deck":["Strike_S","Strike_S","Strike_S","Strike_S","Defend_S","Defend_S","Defend_S","Defend_S","KidneyShot+1","Exchange","Rewind","Ricochet+1","Initiator","TimeWarp","Potential","ShatteredReality","Advance","Deny","Alleviate","TimeWarp+1","SilverBlades"],"relics":["Uniform","Golden Idol","PreservedInsect","Vajra","Philosopher\u0027s Stone","Regal Pillow"],"acts_visited":["Exordium","TheCity"],"potions_floor_usage":[14,20,23,23],"damage_taken":[{"damage":9,"enemies":"Jaw Worm","floor":1,"turns":4},{"damage":0,"enemies":"Small Slimes","floor":3,"turns":4},{"damage":0,"enemies":"Cultist","floor":4,"turns":3},{"damage":23,"enemies":"Exordium Thugs","floor":7,"turns":3},{"damage":0,"enemies":"3 Louse","floor":10,"turns":3},{"damage":6,"enemies":"Blue Slaver","floor":12,"turns":2},{"damage":10,"enemies":"Lots of Slimes","floor":13,"turns":3},{"damage":0,"enemies":"2 Fungi Beasts","floor":14,"turns":1},{"damage":41,"enemies":"Hexaghost","floor":16,"turns":11},{"damage":15,"enemies":"Chosen","floor":18,"turns":4},{"damage":12,"enemies":"2 Thieves","floor":19,"turns":3},{"damage":42,"enemies":"Shelled Parasite and Fungi","floor":20,"turns":4},{"damage":7,"enemies":"Gremlin Leader","floor":23,"turns":1}],"seed_played":"2013343961963546160","potions_obtained":[{"floor":3,"key":"EssenceOfSteel"},{"floor":4,"key":"ColorlessPotion"},{"floor":10,"key":"DistilledChaos"},{"floor":14,"key":"Swift Potion"}],"is_trial":false,"path_per_floor":["M","?","M","M","?","R","M","R","T","M","T","M","M","M","R","B",null,"M","M","M","$","?","E"],"character_chosen":"THE_SERVANT","items_purchased":["Regal Pillow","SilverBlades"],"campfire_rested":2,"item_purchase_floors":[21,21],"current_hp_per_floor":[56,40,40,40,45,45,22,43,43,43,43,37,27,27,48,7,70,55,43,1,1,1,0,0],"gold":271,"neow_bonus":"UPGRADE_CARD","is_daily":false,"chose_seed":false,"campfire_upgraded":1,"win_rate":0.0,"timestamp":1611062177,"path_taken":["M","?","M","M","?","R","?","R","T","M","?","?","M","M","R","BOSS","M","M","M","$","?","E"],"items_purchased_type":["Relic","Card"],"build_version":"2020-12-22","purchased_purges":0,"victory":false,"max_hp_per_floor":[65,65,65,65,70,70,70,70,70,70,70,70,70,70,70,70,70,70,70,70,70,70,70,70],"card_choices":[{"not_picked":["Revamp","Spin","DancingSilver"],"picked":"SKIP","floor":1},{"not_picked":["SpecialFormula","Spin"],"picked":"Rewind","floor":3},{"not_picked":["Alleviate","Rewind"],"picked":"Ricochet","floor":4},{"not_picked":["ReturningBlade","Unruled"],"picked":"Initiator","floor":7},{"not_picked":["Alleviate","SpecialFormula"],"picked":"TimeWarp","floor":10},{"not_picked":["Gouge","Luminosity"],"picked":"Potential","floor":12},{"not_picked":["BottledTime","DoubleEdge"],"picked":"ShatteredReality","floor":13},{"not_picked":["Revamp","Gouge"],"picked":"Advance","floor":14},{"not_picked":["Sunlight","Duplication"],"picked":"Deny","floor":16},{"not_picked":["Desolation+1","DancingSilver","Rearm"],"picked":"SKIP","floor":18},{"not_picked":["Desolation+1","DancingSilver","Rearm"],"picked":"SKIP","floor":18},{"not_picked":["Collapse+1","SurpressingFire"],"picked":"Alleviate","floor":19},{"not_picked":["Revamp","DoubleEdge"],"picked":"TimeWarp+1","floor":20}],"player_experience":74221,"relics_obtained":[{"floor":9,"key":"PreservedInsect"},{"floor":11,"key":"Vajra"}],"event_choices":[{"damage_healed":0,"gold_gain":0,"player_choice":"Take Damage","damage_taken":16,"relics_obtained":["Golden Idol"],"max_hp_gain":0,"max_hp_loss":0,"event_name":"Golden Idol","floor":2,"gold_loss":0},{"damage_healed":0,"gold_gain":0,"player_choice":"Donut","damage_taken":0,"max_hp_gain":5,"max_hp_loss":0,"event_name":"Big Fish","floor":5,"gold_loss":0},{"damage_healed":0,"gold_gain":0,"player_choice":"Ignored","damage_taken":0,"max_hp_gain":0,"max_hp_loss":0,"event_name":"Ghosts","floor":22,"gold_loss":0}],"is_beta":false,"boss_relics":[{"not_picked":["Coffee Dripper","Ectoplasm"],"picked":"Philosopher\u0027s Stone"}],"items_purged_floors":[],"is_endless":false,"potions_floor_spawned":[3,4,10,14,18,19],"killed_by":"Gremlin Leader","ascension_level":3}}