{"host":"bq4pt811tk9yrmjl","time":1611077372,"event":{"mods":["AchievementEnabler","BaseMod","Colored Map","Colored Powertips","Defuse TimeMaze Blight","Hermit","Minty Spire (QoL Compilation)","StSLib","SuperFastMode"],"gold_per_floor":[117,117,292,316,316,360,35,68,68,68,68,93,93,126,126,245,245,268,54,74,74,93,93,93,93,120,120,120,164,187,210,210,330,330,354,201,215,230,248,248,282,282,282,302,302,3,3,34,34,34,34,34,34,75,75],"floor_reached":56,"language":"ENG","playtime":1522,"items_purged":["Doubt"],"score":1387,"play_id":"0732acfc-259f-4a42-a573-aa375434392c","local_time":"20210119152932","is_ascension_mode":true,"campfire_choices":[{"floor":11.0,"key":"REST"},{"floor":13.0,"key":"REST"},{"data":"hermit:Snapshot","floor":15.0,"key":"SMITH"},{"data":"hermit:Maintenance","floor":23.0,"key":"SMITH"},{"floor":25.0,"key":"REST"},{"data":"hermit:Covet","floor":27.0,"key":"SMITH"},{"floor":32,"key":"REST"},{"floor":40,"key":"REST"},{"floor":42,"key":"REST"},{"floor":49,"key":"RECALL"},{"data":"hermit:HighNoon","floor":52,"key":"SMITH"}],"circlet_count":0,"master_deck":["hermit:Strike_Hermit","hermit:Strike_Hermit","hermit:Strike_Hermit","hermit:Strike_Hermit","hermit:Defend_Hermit","hermit:Defend_Hermit","hermit:Defend_Hermit","hermit:Defend_Hermit","hermit:Snapshot+1","hermit:Covet+1","hermit:Maintenance+1","hermit:Maintenance+1","hermit:HighNoon+1","hermit:TakeCover+1"],"relics":["hermit:Momento","NeowsBlessing","Golden Idol","Mummified Hand","Shuriken","Pen Nib","Pantograph","Meat on the Bone","Empty Cage","Sling","Singing Bowl","Busted Crown","ClockworkSouvenir","Kunai","Incense Burner","Medical Kit","Orichalcum","Question Card","Bronze Scales"],"acts_visited":["Exordium","TheCity","TheBeyond","TheEnding"],"potions_floor_usage":[29,33,41,45,54,55,55],"damage_taken":[{"damage":0.0,"enemies":"Jaw Worm","floor":1.0,"turns":1.0},{"damage":0.0,"enemies":"2 Louse","floor":4.0,"turns":2.0},{"damage":0.0,"enemies":"Lagavulin","floor":6.0,"turns":1.0},{"damage":44.0,"enemies":"Gremlin Nob","floor":8.0,"turns":7.0},{"damage":0.0,"enemies":"Small Slimes","floor":12.0,"turns":3.0},{"damage":27.0,"enemies":"Lagavulin","floor":14.0,"turns":6.0},{"damage":35.0,"enemies":"The Guardian","floor":16.0,"turns":16.0},{"damage":11.0,"enemies":"2 Thieves","floor":18.0,"turns":4.0},{"damage":0.0,"enemies":"Chosen","floor":20.0,"turns":6.0},{"damage":38.0,"enemies":"Snake Plant","floor":22.0,"turns":5.0},{"damage":0.0,"enemies":"Slavers","floor":24.0,"turns":1.0},{"damage":16,"enemies":"Gremlin Leader","floor":29,"turns":6},{"damage":10,"enemies":"Sentry and Sphere","floor":30,"turns":4},{"damage":17,"enemies":"Shelled Parasite and Fungi","floor":31,"turns":8},{"damage":79,"enemies":"Collector","floor":33,"turns":15},{"damage":11,"enemies":"3 Shapes","floor":35,"turns":8},{"damage":26,"enemies":"3 Darklings","floor":37,"turns":6},{"damage":8,"enemies":"Maw","floor":38,"turns":9},{"damage":9,"enemies":"4 Shapes","floor":39,"turns":8},{"damage":30,"enemies":"Reptomancer","floor":41,"turns":7},{"damage":23,"enemies":"3 Darklings","floor":44,"turns":7},{"damage":0,"enemies":"Transient","floor":45,"turns":1},{"damage":33,"enemies":"Nemesis","floor":48,"turns":7},{"damage":20,"enemies":"Time Eater","floor":50,"turns":13},{"damage":0,"enemies":"Shield and Spear","floor":54,"turns":9},{"damage":50,"enemies":"The Heart","floor":55,"turns":15}],"seed_played":"-2106793636639593018","potions_obtained":[{"floor":8.0,"key":"FearPotion"},{"floor":14.0,"key":"hermit:Tonic"},{"floor":16.0,"key":"Swift Potion"},{"floor":18.0,"key":"CultistPotion"},{"floor":22.0,"key":"SmokeBomb"},{"floor":30,"key":"Dexterity Potion"},{"floor":31,"key":"SmokeBomb"},{"floor":33,"key":"Ancient Potion"},{"floor":37,"key":"PowerPotion"},{"floor":44,"key":"Ancient Potion"},{"floor":54,"key":"Fire Potion"}],"is_trial":false,"path_per_floor":["M","?","?","M","?","E","$","E","T","$","R","M","R","E","R","B",null,"M","$","M","?","M","R","E","R","T","R","?","E","M","M","R","B",null,"M","$","M","M","M","R","E","R","T","M","M","$","?","E","R","B",null,"R","$","E","B",null],"character_chosen":"HERMIT","items_purchased":["Shuriken","Sling","hermit:Maintenance","ClockworkSouvenir","Medical Kit","Orichalcum"],"campfire_rested":6,"item_purchase_floors":[7,19,19,36,46,46],"current_hp_per_floor":[75,75,75,75,75,75,75,31,31,31,53,53,75,48,48,38,75,64,64,64,64,38,38,38,60,60,60,60,46,50,47,71,14,81,72,72,48,54,45,71,55,81,81,60,60,60,91,58,58,63,91,91,91,93,55],"gold":75,"neow_bonus":"THREE_ENEMY_KILL","is_daily":false,"chose_seed":false,"campfire_upgraded":4,"win_rate":0.0,"timestamp":1611077372,"path_taken":["M","?","?","M","?","E","?","E","T","$","R","M","R","E","R","BOSS","M","$","M","?","M","R","E","R","T","R","?","E","M","M","R","BOSS","M","?","M","?","M","R","E","R","T","M","M","$","?","E","R","BOSS","R","$","E","BOSS"],"items_purchased_type":["Relic","Relic","Card","Relic","Relic","Relic"],"build_version":"2020-12-22","purchased_purges":1,"victory":true,"max_hp_per_floor":[75,75,75,75,75,75,75,75,75,75,75,75,75,75,75,75,75,75,75,75,75,75,75,75,75,75,75,75,77,79,81,81,81,81,83,83,85,87,87,87,89,89,89,91,91,91,91,91,91,91,91,91,91,93,93],"card_choices":[{"not_picked":["hermit:ItchyTrigger","hermit:Roulette","hermit:Vantage"],"picked":"SKIP","floor":1.0},{"not_picked":["hermit:BodyArmor","hermit:Feint"],"picked":"hermit:GhostlyPresence","floor":4.0},{"not_picked":["hermit:LowProfile","hermit:Quickdraw","hermit:WideOpen"],"picked":"SKIP","floor":6.0},{"not_picked":["hermit:BodyArmor","hermit:EternalForm","hermit:Ricochet"],"picked":"SKIP","floor":8.0},{"not_picked":["hermit:Dive","hermit:Feint","hermit:BigShot"],"picked":"SKIP","floor":12.0},{"not_picked":["hermit:Cheat","hermit:NoHoldsBarred","hermit:HoleUp"],"picked":"SKIP","floor":14.0},{"not_picked":["hermit:Vantage","hermit:LoneWolf+1","hermit:TakeCover"],"picked":"SKIP","floor":18.0},{"not_picked":["hermit:HoleUp+1","hermit:TrackingShot+1","hermit:Scavenge"],"picked":"SKIP","floor":20.0},{"not_picked":["hermit:Desperado","hermit:HighCaliber","hermit:Dive"],"picked":"SKIP","floor":22.0},{"not_picked":["hermit:LowProfile","hermit:Desperado+1","hermit:EternalForm"],"picked":"Singing Bowl","floor":29},{"not_picked":["hermit:Misfire","hermit:Desperado+1","hermit:LowProfile"],"picked":"Singing Bowl","floor":30},{"not_picked":["hermit:HighCaliber","hermit:Manifest","hermit:Malice+1"],"picked":"Singing Bowl","floor":31},{"not_picked":["hermit:RoundhouseKick","hermit:FinalCanter"],"picked":"hermit:HighNoon","floor":33},{"not_picked":["hermit:Headshot"],"picked":"Singing Bowl","floor":35},{"not_picked":["hermit:Enervate+1"],"picked":"Singing Bowl","floor":37},{"not_picked":["hermit:Enervate"],"picked":"Singing Bowl","floor":38},{"not_picked":[],"picked":"hermit:Maintenance+1","floor":39},{"not_picked":["hermit:Horror+1"],"picked":"Singing Bowl","floor":41},{"not_picked":["hermit:Desperado"],"picked":"Singing Bowl","floor":44},{"not_picked":[],"picked":"hermit:TakeCover+1","floor":48},{"not_picked":["hermit:Quickdraw+1","hermit:TrackingShot+1"],"picked":"Singing Bowl","floor":54}],"player_experience":186747,"relics_obtained":[{"floor":6.0,"key":"Mummified Hand"},{"floor":8.0,"key":"Pen Nib"},{"floor":9.0,"key":"Pantograph"},{"floor":14.0,"key":"Meat on the Bone"},{"floor":29,"key":"Singing Bowl"},{"floor":41,"key":"Kunai"},{"floor":43,"key":"Incense Burner"},{"floor":48,"key":"Question Card"},{"floor":54,"key":"Bronze Scales"}],"event_choices":[{"damage_healed":0.0,"max_hp_gain":0.0,"max_hp_loss":0.0,"gold_gain":0.0,"event_name":"Golden Idol","player_choice":"Take Wound","floor":2.0,"gold_loss":0.0,"damage_taken":0.0,"relics_obtained":["Golden Idol"],"cards_obtained":["Injury"]},{"damage_healed":0.0,"max_hp_gain":0.0,"max_hp_loss":0.0,"gold_gain":175.0,"event_name":"Liars Game","player_choice":"AGREE","floor":3.0,"gold_loss":0.0,"damage_taken":0.0,"cards_obtained":["Doubt"]},{"damage_healed":0.0,"max_hp_gain":0.0,"max_hp_loss":0.0,"gold_gain":0.0,"event_name":"Living Wall","player_choice":"Grow","floor":5.0,"gold_loss":0.0,"damage_taken":0.0,"cards_upgraded":["hermit:GhostlyPresence"]},{"damage_healed":0.0,"max_hp_gain":0.0,"max_hp_loss":0.0,"gold_gain":0.0,"event_name":"Vampires","player_choice":"Ignored","floor":21.0,"gold_loss":0.0,"damage_taken":0.0},{"damage_healed":0,"gold_gain":0,"player_choice":"Copied","damage_taken":0,"max_hp_gain":0,"max_hp_loss":0,"event_name":"Duplicator","floor":28,"gold_loss":0,"cards_obtained":["hermit:Maintenance"]},{"cards_removed":["hermit:Maintenance"],"damage_healed":31,"gold_gain":0,"player_choice":"Offered Uncommon","damage_taken":0,"max_hp_gain":0,"max_hp_loss":0,"event_name":"Bonfire Elementals","floor":47,"gold_loss":0}],"is_beta":false,"boss_relics":[{"not_picked":["SacredBark","hermit:ClaspedLocket"],"picked":"Empty Cage"},{"not_picked":["Sozu","hermit:BartenderGlass"],"picked":"Busted Crown"}],"items_purged_floors":[7],"is_endless":false,"potions_floor_spawned":[8,14,16,18,22,30,31,33,37,39,44,45,54],"ascension_level":1}}