{"host":"hbel9g7s7ibv8po6","time":1611073823,"event":{"mods":["Act Like it!","BaseMod","Duelist Mod","Minty Spire (QoL Compilation)","StSLib"],"gold_per_floor":[138,138,138,150,150,179,196,227,266,292,314,154,154,181,181,285,285,295,115,115,115,133,133,168,168,220,220,244,244,269,144,144,253,253,280,298,298,42,65,65,100,100,168,212,212,212,212],"floor_reached":46,"language":"ENG","playtime":1964,"items_purged":["Regret","theDuelist:Sparks","theDuelist:Sparks"],"score":610,"play_id":"07e2bc5f-9703-43e1-bb02-371385353831","local_time":"20210120003022","is_ascension_mode":true,"campfire_choices":[{"data":"theDuelist:PotGreed","floor":13.0,"key":"SMITH"},{"data":"theDuelist:DragonRavine","floor":15.0,"key":"SMITH"},{"data":"theDuelist:Raigeki","floor":23.0,"key":"SMITH"},{"data":"theDuelist:SliferSky","floor":27.0,"key":"SMITH"},{"data":"theDuelist:WhiteHowling","floor":29.0,"key":"SMITH"},{"data":"theDuelist:GreyGreedOni","floor":32.0,"key":"SMITH"},{"data":"Madness","floor":40.0,"key":"SMITH"},{"floor":42,"key":"REST"},{"floor":45,"key":"RECALL"}],"circlet_count":0,"master_deck":["theDuelist:BabyDragon","theDuelist:CastleWalls","theDuelist:CastleWalls","theDuelist:CaveDragon","theDuelist:LesserDragon","theDuelist:LesserDragon","theDuelist:YamataDragon","theDuelist:CyberEmergency+1","theDuelist:TrihornedDragon","theDuelist:SpiralSpearStrike+1","theDuelist:AncientPixieDragon","theDuelist:GreyGreedOni+1","theDuelist:WhiteHowling+1","theDuelist:DreadnoughtDreadnoid","theDuelist:PotGreed+1","theDuelist:DragonRavine+1","theDuelist:SliferSky+1","theDuelist:FiendSkull","theDuelist:PsiCurse","theDuelist:Raigeki+1","theDuelist:BlueEyes","theDuelist:ForbiddenLance","theDuelist:Scapegoat","theDuelist:DragonMirror+1","Madness","Madness+1","theDuelist:PreventRat+1","theDuelist:VeilDarkness+1","theDuelist:BoosterDragon+1"],"relics":["theDuelist:MillenniumPuzzle","theDuelist:CardPoolRelic","theDuelist:CardPoolBasicRelic","theDuelist:BoosterPackPoolRelic","theDuelist:CardPoolAddRelic","theDuelist:CardPoolMinusRelic","theDuelist:CardPoolSaveRelic","theDuelist:CardPoolOptionsRelic","NeowsBlessing","Bronze Scales","theDuelist:NamelessPowerRelicB","Vajra","MawBank","Champion Belt","Runic Dome","theDuelist:ResummonBranch","Pen Nib","CeramicFish","Omamori","Cursed Key","Bronze Scales","Calipers","theDuelist:KaibaToken"],"acts_visited":["Exordium","TheCity","TheBeyond"],"potions_floor_usage":[],"damage_taken":[{"damage":0.0,"enemies":"2 Louse","floor":1.0,"turns":1.0},{"damage":0.0,"enemies":"Cultist","floor":4.0,"turns":1.0},{"damage":0.0,"enemies":"Lagavulin","floor":6.0,"turns":1.0},{"damage":3.0,"enemies":"Jaw Worm","floor":7.0,"turns":2.0},{"damage":6.0,"enemies":"Gremlin Nob","floor":8.0,"turns":3.0},{"damage":2.0,"enemies":"Blue Slaver","floor":10.0,"turns":2.0},{"damage":14.0,"enemies":"2 Fungi Beasts","floor":11.0,"turns":3.0},{"damage":4.0,"enemies":"Lagavulin","floor":14.0,"turns":4.0},{"damage":17.0,"enemies":"Slime Boss","floor":16.0,"turns":7.0},{"damage":0.0,"enemies":"3 Byrds","floor":18.0,"turns":2.0},{"damage":1.0,"enemies":"Chosen","floor":22.0,"turns":2.0},{"damage":13.0,"enemies":"theDuelist:KaibaA2","floor":24.0,"turns":3.0},{"damage":6.0,"enemies":"Snecko","floor":28.0,"turns":4.0},{"damage":0.0,"enemies":"Cultist and Chosen","floor":30.0,"turns":4.0},{"damage":3.0,"enemies":"Collector","floor":33.0,"turns":7.0},{"damage":18.0,"enemies":"3 Shapes","floor":35.0,"turns":3.0},{"damage":25.0,"enemies":"3 Darklings","floor":39.0,"turns":5.0},{"damage":33.0,"enemies":"Reptomancer","floor":41.0,"turns":5.0},{"damage":3,"enemies":"Sphere and 2 Shapes","floor":44,"turns":4},{"damage":33,"enemies":"Nemesis","floor":46,"turns":4}],"seed_played":"-5679056796266541540","potions_obtained":[{"floor":1.0,"key":"theDuelist:TributeBottle"},{"floor":7.0,"key":"theDuelist:SolderPotionB"},{"floor":11.0,"key":"theDuelist:OrbBottle"},{"floor":16.0,"key":"theDuelist:WaterBottle"},{"floor":39.0,"key":"theDuelist:StunPotion"},{"floor":41.0,"key":"theDuelist:SealedPackB"}],"is_trial":false,"path_per_floor":["M","?","?","M","?","E","M","E","T","M","M","$","R","E","R","B",null,"M","$","?","$","M","R","E","?","T","R","M","R","M","$","R","B",null,"M","?","?","?","M","R","E","R","T","M","R","E"],"character_chosen":"THE_DUELIST","items_purchased":["theDuelist:PotGreed","theDuelist:FiendSkull"],"campfire_rested":1,"item_purchase_floors":[12,19],"current_hp_per_floor":[80,80,80,80,51,51,48,42,42,40,26,26,26,22,22,5,96,96,96,96,96,95,95,82,82,82,82,76,76,76,76,76,73,96,78,66,66,66,41,41,8,36,36,33,33,0,0],"gold":212,"neow_bonus":"THREE_ENEMY_KILL","is_daily":false,"chose_seed":false,"campfire_upgraded":7,"win_rate":0.0,"timestamp":1611073822,"path_taken":["M","?","?","?","?","E","M","E","T","M","M","$","R","E","R","BOSS","M","$","?","$","M","R","E","?","T","R","M","R","M","$","R","BOSS","M","?","?","?","M","R","E","R","T","?","R","E"],"items_purchased_type":["Card","Card"],"build_version":"2020-12-22","purchased_purges":3,"victory":false,"max_hp_per_floor":[80,80,80,80,96,96,96,96,96,96,96,96,96,96,96,96,96,96,96,96,96,96,96,96,96,96,96,96,96,96,96,96,96,96,96,96,96,96,96,96,96,96,96,96,96,96,96],"card_choices":[{"not_picked":["theDuelist:LavaDragon","theDuelist:JurassicImpact","theDuelist:DefenseDraw","theDuelist:BusterBlader"],"picked":"theDuelist:CyberEmergency","floor":1.0},{"not_picked":["theDuelist:Kabazauls","theDuelist:BlackPtera","theDuelist:BlackBrachios","theDuelist:CyberTwinDragon"],"picked":"theDuelist:TrihornedDragon","floor":4.0},{"not_picked":["theDuelist:TyrantWing","theDuelist:SafeZone","theDuelist:FireDarts","theDuelist:DragonCaptureJar"],"picked":"theDuelist:SpiralSpearStrike+1","floor":6.0},{"not_picked":["theDuelist:Hydrogeddon","theDuelist:Freezadon","theDuelist:DefenseZone","theDuelist:Earthquake"],"picked":"theDuelist:AncientPixieDragon","floor":7.0},{"not_picked":["theDuelist:BattleguardKing","theDuelist:BigKoala","theDuelist:DarkCreator","theDuelist:Hinotama"],"picked":"theDuelist:GreyGreedOni","floor":8.0},{"not_picked":["theDuelist:ThreateningRoar","theDuelist:SafeZone","theDuelist:JurassicImpact","theDuelist:BackupSoldier"],"picked":"theDuelist:WhiteHowling","floor":10.0},{"not_picked":["theDuelist:DarkHorus","theDuelist:BlackBrutdrago","theDuelist:DarkDriceratops","theDuelist:BlackVeloci"],"picked":"theDuelist:DreadnoughtDreadnoid","floor":11.0},{"not_picked":["theDuelist:DarkHorus","theDuelist:CaveDragon","theDuelist:CyberDinosaur","theDuelist:CloudianGhost"],"picked":"theDuelist:DragonRavine","floor":14.0},{"not_picked":["theDuelist:WingedDragonRa","theDuelist:FiveHeaded","theDuelist:DefensiveTactics","theDuelist:ArmageddonDragonEmp"],"picked":"theDuelist:SliferSky","floor":16.0},{"not_picked":["theDuelist:TwinHeadedFire","theDuelist:TwinBarrelDragon+1","theDuelist:BusterBlader","theDuelist:BlackStego","theDuelist:MirageDragon+1"],"picked":"SKIP","floor":18.0},{"not_picked":["theDuelist:BattleguardKing","theDuelist:Hinotama","theDuelist:LightningDarts","theDuelist:RainbowOverdragon"],"picked":"theDuelist:Raigeki","floor":22.0},{"not_picked":["theDuelist:Pyrorex","theDuelist:CoralDragon+1","theDuelist:CyberDragonCore","theDuelist:Duoterion","theDuelist:ArmedDragon3+1"],"picked":"SKIP","floor":24.0},{"not_picked":["theDuelist:MadFlameKaiju","theDuelist:LordD","theDuelist:ArmedDragon3","theDuelist:GiantRex"],"picked":"theDuelist:BlueEyes","floor":28.0},{"not_picked":["theDuelist:BattleguardKing+1","theDuelist:BigFire","theDuelist:Hinotama","theDuelist:LightningDarts"],"picked":"theDuelist:ForbiddenLance","floor":30.0},{"not_picked":["theDuelist:WingedDragonRa","theDuelist:SeismicShockwave+1","theDuelist:BlueDuston","theDuelist:BSkullDragon"],"picked":"theDuelist:Scapegoat","floor":33.0},{"not_picked":["theDuelist:WhiteHowling+1","theDuelist:CyberDragonSieger","theDuelist:AutorokketDragon","theDuelist:Berserking+1"],"picked":"theDuelist:DragonMirror+1","floor":35.0},{"not_picked":["theDuelist:LightningDarts+1","theDuelist:StrayLambs","theDuelist:FeatherPho","theDuelist:GreyGreedOni"],"picked":"theDuelist:PreventRat+1","floor":39.0},{"not_picked":["theDuelist:TrihornedDragon+1","theDuelist:DarkHorus","theDuelist:BlackVeloci","theDuelist:EvilMind"],"picked":"theDuelist:VeilDarkness+1","floor":41.0},{"not_picked":["theDuelist:AutorokketDragon+1","theDuelist:TotemDragon+1","theDuelist:WhiteHowling+1","theDuelist:SliferSky+1"],"picked":"theDuelist:BoosterDragon+1","floor":44}],"player_experience":120533,"relics_obtained":[{"floor":6.0,"key":"Vajra"},{"floor":8.0,"key":"MawBank"},{"floor":14.0,"key":"Champion Belt"},{"floor":24.0,"key":"Pen Nib"},{"floor":26.0,"key":"Omamori"},{"floor":41.0,"key":"Calipers"},{"floor":43,"key":"theDuelist:KaibaToken"}],"event_choices":[{"damage_healed":0.0,"max_hp_gain":0.0,"max_hp_loss":0.0,"gold_gain":0.0,"event_name":"Big Fish","player_choice":"Box","floor":2.0,"gold_loss":0.0,"damage_taken":0.0,"relics_obtained":["Bronze Scales"],"cards_obtained":["Regret"]},{"damage_healed":0.0,"max_hp_gain":0.0,"max_hp_loss":0.0,"gold_gain":0.0,"event_name":"Upgrade Shrine","player_choice":"Upgraded","floor":3.0,"gold_loss":0.0,"damage_taken":0.0,"cards_upgraded":["theDuelist:CyberEmergency"]},{"power_reward":3.0,"total_magic_score":24.0,"gold_gain":0.0,"duelist":true,"damage_taken":45.0,"relics_obtained":["theDuelist:NamelessPowerRelicB"],"points":5.0,"max_hp_gain":20.0,"max_hp_loss":4.0,"spent_points":{"magic":0.0,"greed":0.0,"war":0.0,"power":3.0,"hunger":2.0},"event_name":"Nameless Tomb","hunger_reward":2.0,"floor":5.0,"gold_loss":0.0,"cards_obtained":[]},{"damage_healed":0.0,"max_hp_gain":0.0,"max_hp_loss":0.0,"gold_gain":0.0,"event_name":"Millennium Items","player_choice":"Took item - Received: Millennium Branch","duelist":true,"floor":20.0,"gold_loss":0.0,"damage_taken":0.0},{"damage_healed":0.0,"max_hp_gain":0.0,"max_hp_loss":0.0,"gold_gain":0.0,"event_name":"The Mausoleum","player_choice":"Opened","floor":25.0,"gold_loss":0.0,"damage_taken":0.0,"relics_obtained":["CeramicFish"]},{"damage_healed":0.0,"max_hp_gain":0.0,"max_hp_loss":0.0,"gold_gain":0.0,"event_name":"Winding Halls","player_choice":"Embrace Madness","floor":36.0,"gold_loss":0.0,"damage_taken":12.0,"cards_obtained":["Madness","Madness"]},{"cards_removed":["theDuelist:CaveDragon"],"damage_healed":0.0,"max_hp_gain":0.0,"max_hp_loss":0.0,"gold_gain":0.0,"event_name":"Falling","player_choice":"Removed Skill","floor":37.0,"gold_loss":0.0,"damage_taken":0.0},{"damage_healed":0.0,"max_hp_gain":0.0,"max_hp_loss":0.0,"gold_gain":0.0,"event_name":"Relic Duplicator","player_choice":"Duplicated Relic - Bronze Scales","duelist":true,"floor":38.0,"gold_loss":0.0,"damage_taken":0.0}],"is_beta":false,"boss_relics":[{"not_picked":["Coffee Dripper","Tiny House"],"picked":"Runic Dome"},{"not_picked":["theDuelist:HauntedRelic","SacredBark"],"picked":"Cursed Key"}],"items_purged_floors":[12,19,31],"is_endless":false,"potions_floor_spawned":[1,7,11,16,18,30,35,39,41],"killed_by":"Nemesis","ascension_level":3}}