{"host":"obplhmlw33xb91v8","time":1611091840,"event":{"mods":["BaseMod","Block Reminder","Curses Come First","Evolution","Minty Spire (QoL Compilation)","Quick Restart","Relic Stats","Spicy Shops","StSLib","Uncapped","Waifu the Spire","slay the spire mod where everything is the same but ironclad has a cowboy hat"],"gold_per_floor":[111,111,126,139,42,42,77,28,55,55,55,73,84,94,94,192,192,210,135,189,201,219,219,219],"floor_reached":23,"language":"ENG","playtime":2216,"items_purged":[],"score":193,"play_id":"47602ba8-eafd-49d7-8068-df1e73395239","local_time":"20210119163040","is_ascension_mode":false,"campfire_choices":[{"data":"Consecrate","floor":6,"key":"SMITH"},{"data":"Crescendo","floor":11,"key":"SMITH"},{"data":"Eruption","floor":15,"key":"SMITH"}],"circlet_count":0,"master_deck":["SashWhip","SashWhip","Strike_P","Defend_P","Defend_P","Defend_P","Eruption+1","Vigilance","Sanctity","ClearTheMind","Weave","Consecrate+1","FollowUp","Crescendo+1","Tantrum","Indignation","ConjureBlade","MasterReality","Perseverance","FearNoEvil"],"relics":["EVO:Axolotl","Black Star","FossilizedHelix","Anchor","Torii","Tiny Chest","VioletLotus","Ancient Tea Set"],"acts_visited":["Exordium","TheCity"],"potions_floor_usage":[16,23],"damage_taken":[{"damage":3,"enemies":"Jaw Worm","floor":1,"turns":3},{"damage":0,"enemies":"Cultist","floor":3,"turns":2},{"damage":0,"enemies":"Small Slimes","floor":4,"turns":3},{"damage":12,"enemies":"Gremlin Nob","floor":7,"turns":4},{"damage":0,"enemies":"Exordium Wildlife","floor":12,"turns":3},{"damage":0,"enemies":"2 Fungi Beasts","floor":13,"turns":1},{"damage":0,"enemies":"Blue Slaver","floor":14,"turns":2},{"damage":30,"enemies":"The Guardian","floor":16,"turns":6},{"damage":0,"enemies":"Chosen","floor":18,"turns":2},{"damage":33,"enemies":"Shell Parasite","floor":21,"turns":6},{"damage":37,"enemies":"Shelled Parasite and Fungi","floor":22,"turns":4},{"damage":12,"enemies":"Book of Stabbing","floor":23,"turns":1}],"seed_played":"6520241999246018529","potions_obtained":[{"floor":1,"key":"Block Potion"},{"floor":3,"key":"FearPotion"},{"floor":21,"key":"Dexterity Potion"}],"is_trial":false,"path_per_floor":["M","?","M","M","$","R","E","$","T","?","R","M","M","M","R","B",null,"M","?","T","M","M","E"],"character_chosen":"WATCHER","items_purchased":["FossilizedHelix","Consecrate","Crescendo"],"campfire_rested":0,"item_purchase_floors":[5,5,8],"current_hp_per_floor":[69,62,62,62,62,62,50,50,50,50,50,50,50,50,50,20,72,72,72,72,39,2,0,0],"gold":219,"neow_bonus":"BOSS_RELIC","is_daily":false,"chose_seed":false,"campfire_upgraded":3,"win_rate":0.0,"timestamp":1611091840,"path_taken":["M","?","M","M","$","R","E","$","T","?","R","M","M","?","R","BOSS","M","?","?","M","M","E"],"items_purchased_type":["Relic","Card","Card"],"build_version":"2020-12-22","purchased_purges":0,"victory":false,"max_hp_per_floor":[72,72,72,72,72,72,72,72,72,72,72,72,72,72,72,72,72,72,72,72,72,72,72,72],"relic_stats":{"Torii":4,"counters":[12,37],"Tiny Chest":1,"VioletLotus":[7],"Black Star":1,"obtain_stats":[{"Anchor":7,"Torii":7,"Tiny Chest":9,"VioletLotus":17,"Black Star":0,"EVO:Axolotl":0,"PureWater":0,"Ancient Tea Set":20,"FossilizedHelix":5},{"Anchor":4,"Torii":4,"Tiny Chest":4,"VioletLotus":8,"Black Star":0,"EVO:Axolotl":0,"PureWater":0,"Ancient Tea Set":9,"FossilizedHelix":3},{"Anchor":12,"Torii":12,"Tiny Chest":12,"VioletLotus":24,"Black Star":0,"EVO:Axolotl":0,"PureWater":0,"Ancient Tea Set":26,"FossilizedHelix":8}]},"card_choices":[{"not_picked":["SashWhip","SignatureMove"],"picked":"Sanctity","floor":1},{"not_picked":["Halt","FollowUp"],"picked":"ClearTheMind","floor":3},{"not_picked":["FlurryOfBlows","Evaluate"],"picked":"Weave","floor":4},{"not_picked":["ThirdEye","WaveOfTheHand"],"picked":"FollowUp","floor":7},{"not_picked":["CrushJoints","WheelKick"],"picked":"Tantrum","floor":12},{"not_picked":["Meditate","Nirvana"],"picked":"Indignation","floor":13},{"not_picked":["EmptyFist","Evaluate"],"picked":"ConjureBlade","floor":14},{"not_picked":["Vault","ConjureBlade"],"picked":"MasterReality","floor":16},{"not_picked":["FlurryOfBlows","SashWhip"],"picked":"Perseverance","floor":18},{"not_picked":["Protect","EmptyBody"],"picked":"FearNoEvil","floor":21},{"not_picked":["WheelKick","Consecrate","Evaluate"],"picked":"SKIP","floor":22}],"player_experience":213268,"relics_obtained":[{"floor":7,"key":"Anchor"},{"floor":7,"key":"Torii"},{"floor":9,"key":"Tiny Chest"},{"floor":20,"key":"Ancient Tea Set"}],"event_choices":[{"cards_removed":["Defend_P"],"damage_healed":0,"gold_gain":0,"player_choice":"Card Removal","damage_taken":7,"max_hp_gain":0,"max_hp_loss":0,"event_name":"Golden Wing","floor":2,"gold_loss":0},{"damage_healed":0,"gold_gain":0,"player_choice":"Bought 0 Potions","damage_taken":0,"max_hp_gain":0,"max_hp_loss":0,"event_name":"The Woman in Blue","floor":10,"gold_loss":0},{"cards_removed":["Strike_P"],"damage_healed":0,"gold_gain":0,"player_choice":"Gave Gold","damage_taken":0,"max_hp_gain":0,"max_hp_loss":0,"event_name":"Beggar","floor":19,"gold_loss":75}],"is_beta":false,"boss_relics":[{"not_picked":["Astrolabe","Velvet Choker"],"picked":"VioletLotus"}],"items_purged_floors":[],"is_endless":false,"potions_floor_spawned":[1,3,7,21,22],"killed_by":"Book of Stabbing","ascension_level":0}}