{"host":"43eszqhj3e37fphl","time":1611044469,"event":{"mods":["100% Spire Juice","Act Like it!","BaseMod","Colored Map","Colored Powertips","Downfall","GungeonMod","Hallownest","Hermit","Marisa????????","Minty Spire (QoL Compilation)","READ ME - Guardian Mod","Rare Cards Sparkle","StSLib","The Animator","The Bug Knight","The Forsaken","The Jungle","The Necromancer","The Poker Player"],"gold_per_floor":[112,128,144,144,144,144,164,179,179,179,202,202,202,202],"floor_reached":13,"language":"ENG","playtime":610,"items_purged":[],"score":75,"play_id":"fa08b982-97ab-4c4e-bb0f-523b2e47eee7","local_time":"20210119092109","is_ascension_mode":false,"campfire_choices":[{"floor":6,"key":"REST"},{"floor":10,"key":"REST"}],"circlet_count":0,"master_deck":["hermit:Strike_Hermit","hermit:Strike_Hermit","hermit:Strike_Hermit+1","hermit:Strike_Hermit","hermit:Defend_Hermit","hermit:Defend_Hermit+1","hermit:Defend_Hermit","hermit:Defend_Hermit","hermit:Snapshot+1","hermit:Covet","hermit:Feint","hermit:Snipe","hermit:Snipe","hermit:Malice","hermit:Misfire"],"relics":["hermit:Momento","NeowsBlessing","DemoMod:LamentConfigurum","Pen Nib","Meat on the Bone"],"acts_visited":["Exordium"],"potions_floor_usage":[7,13,13],"damage_taken":[{"damage":0,"enemies":"Cultist","floor":1,"turns":1},{"damage":0,"enemies":"Small Slimes","floor":2,"turns":1},{"damage":0,"enemies":"2 Louse","floor":3,"turns":1},{"damage":15,"enemies":"Blue Slaver","floor":7,"turns":4},{"damage":37,"enemies":"Large Slime","floor":8,"turns":10},{"damage":52,"enemies":"Lagavulin","floor":13,"turns":6}],"seed_played":"-9031916607383631746","potions_obtained":[{"floor":1,"key":"PowerPotion"},{"floor":2,"key":"BlessingOfTheForge"},{"floor":7,"key":"Weak Potion"}],"is_trial":false,"path_per_floor":["M","M","M","?","?","R","M","M","T","R","T","?","E"],"character_chosen":"HERMIT","items_purchased":[],"campfire_rested":2,"item_purchase_floors":[],"current_hp_per_floor":[75,75,75,60,53,75,60,23,23,45,45,45,0,0],"gold":202,"neow_bonus":"THREE_ENEMY_KILL","is_daily":false,"chose_seed":false,"campfire_upgraded":0,"win_rate":0.0,"timestamp":1611044469,"path_taken":["M","M","?","?","?","R","M","M","T","R","?","?","E"],"items_purchased_type":[],"build_version":"2020-12-22","purchased_purges":0,"victory":false,"max_hp_per_floor":[75,75,75,75,75,75,75,75,75,75,75,75,75,75],"card_choices":[{"not_picked":["hermit:Snipe","hermit:Desperado"],"picked":"hermit:Feint","floor":1},{"not_picked":["hermit:Gestalt","hermit:Cheat"],"picked":"hermit:Snipe","floor":2},{"not_picked":["hermit:ItchyTrigger","hermit:Maintenance"],"picked":"hermit:Snipe","floor":3},{"not_picked":["hermit:Desperado","hermit:PistolWhip"],"picked":"hermit:Malice","floor":7},{"not_picked":["hermit:FromBeyond","hermit:Scavenge"],"picked":"hermit:Misfire","floor":8}],"player_experience":38737,"relics_obtained":[{"floor":11,"key":"Pen Nib"}],"event_choices":[{"damage_healed":0,"gold_gain":0,"player_choice":"Entered Light","damage_taken":15,"max_hp_gain":0,"max_hp_loss":0,"event_name":"Shining Light","floor":4,"gold_loss":0,"cards_upgraded":["hermit:Strike_Hermit","hermit:Defend_Hermit"]},{"damage_healed":0,"gold_gain":0,"player_choice":"Success","damage_taken":7,"relics_obtained":["DemoMod:LamentConfigurum"],"max_hp_gain":0,"max_hp_loss":0,"event_name":"Scrap Ooze","floor":5,"gold_loss":0},{"damage_healed":0,"gold_gain":0,"player_choice":"Grow","damage_taken":0,"max_hp_gain":0,"max_hp_loss":0,"event_name":"Living Wall","floor":12,"gold_loss":0,"cards_upgraded":["hermit:Snapshot"]}],"is_beta":false,"boss_relics":[],"items_purged_floors":[],"is_endless":false,"potions_floor_spawned":[1,2,7],"killed_by":"Lagavulin","ascension_level":0}}