{"host":"yvb207ks1sg3cxef","time":1611054909,"event":{"mods":["2.2 Compatiblity","BaseMod","Bestiary","Colored Powertips","Minty Spire (QoL Compilation)","Permanent Neow","Quick Restart","Relic Stats","StSLib"],"gold_per_floor":[365,315,328,15,35,35,67,67,91,123,123,149,172,183,183,259,259,269,297,52,66,66,66,92,92,92],"floor_reached":25,"language":"ENG","playtime":1324,"items_purged":["Strike_P"],"score":556,"play_id":"740336a5-98c5-4a92-b68d-7f392d581cd4","local_time":"20210119164509","is_ascension_mode":true,"campfire_choices":[{"data":"Wallop","floor":6,"key":"SMITH"},{"data":"Study","floor":11,"key":"SMITH"},{"data":"Eruption","floor":15,"key":"SMITH"},{"data":"ConjureBlade","floor":23,"key":"SMITH"}],"circlet_count":0,"master_deck":["AscendersBane","Strike_P","Strike_P","Defend_P","Defend_P","Defend_P","Defend_P","Eruption+1","Vigilance+1","MentalFortress","SashWhip","FearNoEvil","Wallop+1","Study+1","DeceiveReality+1","DevaForm","EmptyBody","FlurryOfBlows","ConjureBlade+1"],"relics":["PureWater","Happy Flower","Ginger","Pen Nib","Du-Vu Doll","War Paint","Odd Mushroom","SacredBark","Red Mask","Sundial","Bottled Tornado","Frozen Egg 2"],"acts_visited":["Exordium","TheCity"],"potions_floor_usage":[10,19],"damage_taken":[{"damage":0,"enemies":"Small Slimes","floor":1,"turns":2},{"damage":0,"enemies":"2 Louse","floor":3,"turns":2},{"damage":2,"enemies":"Jaw Worm","floor":5,"turns":4},{"damage":0,"enemies":"Lagavulin","floor":7,"turns":7},{"damage":8,"enemies":"3 Sentries","floor":10,"turns":10},{"damage":0,"enemies":"Lagavulin","floor":12,"turns":8},{"damage":0,"enemies":"The Mushroom Lair","floor":13,"turns":4},{"damage":0,"enemies":"Exordium Wildlife","floor":14,"turns":4},{"damage":0,"enemies":"The Guardian","floor":16,"turns":9},{"damage":1,"enemies":"2 Thieves","floor":18,"turns":4},{"damage":17,"enemies":"Masked Bandits","floor":19,"turns":6},{"damage":5,"enemies":"Shell Parasite","floor":21,"turns":8},{"damage":28,"enemies":"Gremlin Leader","floor":24,"turns":9},{"damage":14,"enemies":"Snake Plant","floor":25,"turns":3}],"seed_played":"2907878763086100263","potions_obtained":[{"floor":5,"key":"FearPotion"},{"floor":7,"key":"Explosive Potion"},{"floor":12,"key":"PowerPotion"},{"floor":13,"key":"LiquidMemories"},{"floor":18,"key":"CultistPotion"}],"is_trial":false,"path_per_floor":["M","?","M","$","M","R","E","?","T","E","R","E","?","M","R","B",null,"M","?","$","M","T","R","E","M"],"character_chosen":"WATCHER","items_purchased":["FearNoEvil","Wallop","Fire Potion","Study","Sundial"],"campfire_rested":0,"item_purchase_floors":[4,4,4,4,20],"current_hp_per_floor":[65,65,65,65,63,63,63,56,56,48,48,48,48,48,48,48,61,60,43,43,38,38,38,10,0,0],"gold":92,"neow_bonus":"TWO_FIFTY_GOLD","is_daily":false,"chose_seed":false,"campfire_upgraded":4,"win_rate":0.0,"timestamp":1611054909,"path_taken":["M","?","M","$","M","R","E","?","T","E","R","E","?","M","R","BOSS","M","?","$","M","?","R","E","M"],"items_purchased_type":["Card","Card","Potion","Card","Relic"],"build_version":"2020-12-22","purchased_purges":1,"victory":false,"max_hp_per_floor":[65,65,65,65,65,65,65,65,65,65,65,65,65,65,65,65,65,65,65,65,65,65,65,65,65,65],"relic_stats":{"Happy Flower":[21],"counters":[14,80],"Sundial":[2],"Pen Nib":[13],"Ginger":[7],"War Paint":["DeceiveReality","Vigilance"],"obtain_stats":[{"Du-Vu Doll":10,"Happy Flower":7,"Sundial":20,"SacredBark":17,"Pen Nib":9,"Red Mask":19,"Ginger":8,"PureWater":0,"War Paint":12,"Odd Mushroom":13,"Bottled Tornado":22,"Frozen Egg 2":24},{"Du-Vu Doll":5,"Happy Flower":4,"Sundial":11,"SacredBark":9,"Pen Nib":4,"Red Mask":11,"Ginger":4,"PureWater":0,"War Paint":6,"Odd Mushroom":7,"Bottled Tornado":12,"Frozen Egg 2":13},{"Du-Vu Doll":25,"Happy Flower":15,"Sundial":60,"SacredBark":50,"Pen Nib":15,"Red Mask":60,"Ginger":15,"PureWater":0,"War Paint":33,"Odd Mushroom":37,"Bottled Tornado":68,"Frozen Egg 2":77}]},"card_choices":[{"not_picked":["Halt","PathToVictory"],"picked":"MentalFortress","floor":1},{"not_picked":["Prostrate","EmptyMind"],"picked":"SashWhip","floor":3},{"not_picked":["ClearTheMind","CrushJoints"],"picked":"DeceiveReality","floor":5},{"not_picked":["Crescendo","DeceiveReality"],"picked":"DevaForm","floor":7},{"not_picked":["EmptyBody","Evaluate","Wish"],"picked":"SKIP","floor":10},{"not_picked":["Evaluate","Wish"],"picked":"EmptyBody","floor":10},{"not_picked":["JustLucky","FlyingSleeves","BowlingBash"],"picked":"SKIP","floor":12},{"not_picked":["WreathOfFlame","CrushJoints"],"picked":"FlurryOfBlows","floor":13},{"not_picked":["PathToVictory","EmptyBody","BowlingBash"],"picked":"SKIP","floor":14},{"not_picked":["Blasphemy","Alpha"],"picked":"ConjureBlade","floor":16},{"not_picked":["FlyingSleeves","ClearTheMind","Crescendo+1"],"picked":"SKIP","floor":18},{"not_picked":["Evaluate","EmptyBody+1","ThirdEye"],"picked":"SKIP","floor":21},{"not_picked":["Worship","CutThroughFate","EmptyFist"],"picked":"SKIP","floor":24}],"player_experience":394923,"relics_obtained":[{"floor":7,"key":"Happy Flower"},{"floor":9,"key":"Pen Nib"},{"floor":10,"key":"Du-Vu Doll"},{"floor":12,"key":"War Paint"},{"floor":13,"key":"Odd Mushroom"},{"floor":19,"key":"Red Mask"},{"floor":22,"key":"Bottled Tornado"},{"floor":24,"key":"Frozen Egg 2"}],"event_choices":[{"cards_removed":["Strike_P"],"damage_healed":0,"gold_gain":0,"player_choice":"Card Removal","damage_taken":0,"max_hp_gain":0,"max_hp_loss":0,"event_name":"The Cleric","floor":2,"gold_loss":50},{"damage_healed":0,"gold_gain":0,"player_choice":"Success","damage_taken":7,"relics_obtained":["Ginger"],"max_hp_gain":0,"max_hp_loss":0,"event_name":"Scrap Ooze","floor":8,"gold_loss":0},{"damage_healed":0,"gold_gain":0,"player_choice":"Fought Mushrooms","damage_taken":0,"max_hp_gain":0,"max_hp_loss":0,"event_name":"Mushrooms","floor":13,"gold_loss":0},{"damage_healed":0,"gold_gain":0,"player_choice":"Fought Bandits","damage_taken":0,"max_hp_gain":0,"max_hp_loss":0,"event_name":"Masked Bandits","floor":19,"gold_loss":0}],"is_beta":false,"boss_relics":[{"not_picked":["Busted Crown","Runic Dome"],"picked":"SacredBark"}],"items_purged_floors":[4],"is_endless":false,"potions_floor_spawned":[5,7,12,13,18],"killed_by":"Snake Plant","ascension_level":13}}