{"host":"wshh0nphwn6jv7vj","time":1611054926,"event":{"mods":["BaseMod","Bestiary","Minty Spire (QoL Compilation)","Relic Stats"],"gold_per_floor":[368,78,90,90,106,106,139,139,164,199,74,84,0,16,16,94,94,106,118,138,138,53,383,383,383,383,393,393,424,435,435,435],"floor_reached":31,"language":"ENG","playtime":1753,"items_purged":["Strike_B"],"score":552,"play_id":"6d67ba57-9dd1-4086-aac2-0dca05bafab8","local_time":"20210119061526","is_ascension_mode":true,"campfire_choices":[{"data":"Zap","floor":6.0,"key":"SMITH"},{"floor":15.0,"key":"REST"},{"data":"Defragment","floor":24,"key":"SMITH"},{"data":"Defragment","floor":28,"key":"SMITH"}],"circlet_count":0,"master_deck":["AscendersBane","Defend_B","Defend_B","Defend_B","Defend_B","Zap+1","Dualcast","Cold Snap","Cold Snap","Compile Driver+1","Aggregate","Sunder","Go for the Eyes","Defragment+1","Undo","Sweeping Beam","Compile Driver","Biased Cognition","Turbo","Beam Cell","Defragment+1","Writhe","Stack","Bite","Bite","Bite","Bite","Bite","Turbo"],"relics":["Cracked Core","Orichalcum","Oddly Smooth Stone","Regal Pillow","Lizard Tail","Runic Pyramid","Ancient Tea Set","Bag of Marbles","Old Coin","Blue Candle","Juzu Bracelet"],"acts_visited":["Exordium","TheCity"],"potions_floor_usage":[23,29],"damage_taken":[{"damage":11.0,"enemies":"Small Slimes","floor":1.0,"turns":4.0},{"damage":0.0,"enemies":"Cultist","floor":3.0,"turns":3.0},{"damage":0.0,"enemies":"Jaw Worm","floor":5.0,"turns":3.0},{"damage":21.0,"enemies":"3 Sentries","floor":7.0,"turns":9.0},{"damage":17.0,"enemies":"Lagavulin","floor":10.0,"turns":6.0},{"damage":6.0,"enemies":"Exordium Thugs","floor":12.0,"turns":4.0},{"damage":0.0,"enemies":"Exordium Wildlife","floor":14.0,"turns":3.0},{"damage":26.0,"enemies":"Hexaghost","floor":16.0,"turns":11.0},{"damage":6.0,"enemies":"Spheric Guardian","floor":18.0,"turns":4.0},{"damage":7.0,"enemies":"3 Byrds","floor":19.0,"turns":4.0},{"damage":34.0,"enemies":"Snecko","floor":20.0,"turns":8.0},{"damage":5,"enemies":"Gremlin Leader","floor":23,"turns":9},{"damage":18,"enemies":"Sentry and Sphere","floor":27,"turns":6},{"damage":3,"enemies":"Book of Stabbing","floor":29,"turns":7},{"damage":23,"enemies":"Shelled Parasite and Fungi","floor":30,"turns":5},{"damage":29,"enemies":"Slavers","floor":31,"turns":3}],"seed_played":"6227988393490060825","potions_obtained":[{"floor":3.0,"key":"LiquidBronze"},{"floor":12.0,"key":"Swift Potion"},{"floor":14.0,"key":"ColorlessPotion"},{"floor":20,"key":"SteroidPotion"},{"floor":23,"key":"Energy Potion"},{"floor":27,"key":"SkillPotion"}],"is_trial":false,"path_per_floor":["M","$","M","?","M","R","E","?","T","E","$","M","$","M","R","B",null,"M","M","M","?","?","E","R","?","T","M","R","E","M","E"],"character_chosen":"DEFECT","items_purchased":["Orichalcum","Cold Snap","Defragment","Undo","DuplicationPotion"],"campfire_rested":1,"item_purchase_floors":[2,2,11,11,13],"current_hp_per_floor":[53,53,53,53,53,53,32,32,32,15,15,9,9,9,43,17,52,46,39,5,5,5,32,32,32,32,28,28,41,24,0,0],"gold":435,"neow_bonus":"TWO_FIFTY_GOLD","is_daily":false,"chose_seed":false,"campfire_upgraded":3,"win_rate":0.0,"timestamp":1611054926,"path_taken":["M","$","M","?","?","R","E","?","T","E","?","?","$","M","R","BOSS","M","M","M","?","?","E","R","?","T","M","R","E","M","E"],"items_purchased_type":["Relic","Card","Card","Card","Potion"],"build_version":"2020-12-22","purchased_purges":1,"victory":false,"max_hp_per_floor":[64,64,64,64,64,64,64,64,64,64,64,64,64,64,64,64,64,64,64,64,64,64,64,64,44,44,44,44,44,44,44,44],"relic_stats":{"Regal Pillow":15,"Lizard Tail":32,"counters":[16,89],"Blue Candle":[2],"Juzu Bracelet":0,"Orichalcum":[222],"obtain_stats":[{"Regal Pillow":9,"Lizard Tail":10,"Blue Candle":26,"Oddly Smooth Stone":7,"Bag of Marbles":22,"Juzu Bracelet":29,"Orichalcum":2,"Cracked Core":0,"Ancient Tea Set":21,"Runic Pyramid":17,"Old Coin":23},{"Regal Pillow":4,"Lizard Tail":5,"Blue Candle":12,"Oddly Smooth Stone":4,"Bag of Marbles":11,"Juzu Bracelet":14,"Orichalcum":1,"Cracked Core":0,"Ancient Tea Set":11,"Runic Pyramid":8,"Old Coin":12},{"Regal Pillow":19,"Lizard Tail":25,"Blue Candle":68,"Oddly Smooth Stone":19,"Bag of Marbles":59,"Juzu Bracelet":81,"Orichalcum":4,"Cracked Core":0,"Ancient Tea Set":59,"Runic Pyramid":43,"Old Coin":68}]},"card_choices":[{"not_picked":["Stack","Rip and Tear"],"picked":"Cold Snap","floor":1.0},{"not_picked":["Redo","Conserve Battery"],"picked":"Compile Driver","floor":3.0},{"not_picked":["Loop","Fusion"],"picked":"Aggregate","floor":5.0},{"not_picked":["Turbo","Echo Form"],"picked":"Sunder","floor":7.0},{"not_picked":["Chaos","Steam"],"picked":"Go for the Eyes","floor":10.0},{"not_picked":["Rip and Tear","Redo"],"picked":"Sweeping Beam","floor":12.0},{"not_picked":["Chaos","Aggregate"],"picked":"Compile Driver","floor":14.0},{"not_picked":["All For One","Buffer"],"picked":"Biased Cognition","floor":16.0},{"not_picked":["Redo","Streamline+1"],"picked":"Turbo","floor":18.0},{"not_picked":["Steam","Barrage"],"picked":"Beam Cell","floor":19.0},{"not_picked":["Tempest+1","Coolheaded"],"picked":"Defragment","floor":20},{"not_picked":["Go for the Eyes","Barrage"],"picked":"Stack","floor":23},{"not_picked":["Cold Snap","Rebound"],"picked":"Turbo","floor":27},{"not_picked":["Ball Lightning","Hyperbeam","Rebound"],"picked":"SKIP","floor":29},{"not_picked":["Barrage","Leap","Steam"],"picked":"SKIP","floor":30}],"player_experience":1588282,"relics_obtained":[{"floor":7.0,"key":"Oddly Smooth Stone"},{"floor":9.0,"key":"Regal Pillow"},{"floor":10.0,"key":"Lizard Tail"},{"floor":23,"key":"Old Coin"},{"floor":26,"key":"Blue Candle"},{"floor":29,"key":"Juzu Bracelet"}],"event_choices":[{"damage_healed":0.0,"max_hp_gain":0.0,"max_hp_loss":0.0,"gold_gain":0.0,"event_name":"Upgrade Shrine","player_choice":"Upgraded","floor":4.0,"gold_loss":0.0,"damage_taken":0.0,"cards_upgraded":["Compile Driver"]},{"damage_healed":0.0,"max_hp_gain":0.0,"max_hp_loss":0.0,"gold_gain":0.0,"event_name":"Liars Game","player_choice":"Ignored","floor":8.0,"gold_loss":0.0,"damage_taken":0.0},{"damage_healed":0,"gold_gain":0,"player_choice":"Opened","damage_taken":0,"relics_obtained":["Ancient Tea Set"],"max_hp_gain":0,"max_hp_loss":0,"event_name":"The Mausoleum","floor":21,"gold_loss":0,"cards_obtained":["Writhe"]},{"damage_healed":0,"gold_gain":0,"player_choice":"Obtained Relic","damage_taken":0,"relics_obtained":["Bag of Marbles"],"max_hp_gain":0,"max_hp_loss":0,"event_name":"Addict","floor":22,"gold_loss":85},{"damage_healed":0,"gold_gain":0,"player_choice":"Became a vampire","damage_taken":0,"max_hp_gain":0,"max_hp_loss":20,"event_name":"Vampires","floor":25,"gold_loss":0,"cards_obtained":["Bite","Bite","Bite","Bite","Bite"]}],"is_beta":false,"boss_relics":[{"not_picked":["Snecko Eye","Fusion Hammer"],"picked":"Runic Pyramid"}],"items_purged_floors":[2],"is_endless":false,"potions_floor_spawned":[3,12,14,20,23,27],"killed_by":"Slavers","ascension_level":17}}