{"host":"Lingo","time":1611027747,"event":{"mods":["BaseMod","Better Third Choice","BetterRewards","Evolution","Hermit","Minty Spire (QoL Compilation)","Relic Stats","Spicy Shops","StSLib"],"gold_per_floor":[117,179,179,254,89,89,107,107,188,204,217,217,249,199,199,199,199],"floor_reached":16,"language":"ENG","playtime":1215,"items_purged":["Pain"],"score":148,"play_id":"f46312b6-e284-44d3-97a2-d4d85b348ee0","local_time":"20210118194227","is_ascension_mode":false,"campfire_choices":[{"floor":6,"key":"REST"},{"data":"hermit:OverwhelmingPower","floor":12,"key":"SMITH"},{"data":"hermit:PistolWhip","floor":15,"key":"SMITH"}],"circlet_count":0,"master_deck":["hermit:Misfire","hermit:Misfire","hermit:LowProfile","hermit:Defend_Hermit","hermit:Defend_Hermit","hermit:Defend_Hermit","hermit:Snapshot","hermit:Covet","hermit:WideOpen","Necronomicurse","hermit:Enervate","hermit:BodyArmor","hermit:EyeOfTheStorm","hermit:OverwhelmingPower+1","hermit:Glare","hermit:PistolWhip+1","hermit:FromBeyond"],"relics":["EVO:Axolotl","Membership Card","Unceasing Top","Pen Nib","Necronomicon","Regal Pillow","Oddly Smooth Stone","Turnip","Orrery","Frozen Egg 2"],"acts_visited":["Exordium"],"potions_floor_usage":[],"damage_taken":[{"damage":3,"enemies":"Small Slimes","floor":1,"turns":2},{"damage":3,"enemies":"Jaw Worm","floor":7,"turns":2},{"damage":0,"enemies":"2 Louse","floor":10,"turns":1},{"damage":3,"enemies":"Large Slime","floor":11,"turns":5},{"damage":14,"enemies":"3 Sentries","floor":13,"turns":7},{"damage":45,"enemies":"Slime Boss","floor":16,"turns":5}],"seed_played":"-3464081249550585327","potions_obtained":[{"floor":1,"key":"DuplicationPotion"}],"is_trial":false,"path_per_floor":["M","?","?","?","$","R","M","?","T","M","M","R","E","?","R","B"],"character_chosen":"HERMIT","items_purchased":["Membership Card","hermit:WideOpen","hermit:BodyArmor","Oddly Smooth Stone","Turnip","Orrery"],"campfire_rested":1,"item_purchase_floors":[0,0,5,5,5,5],"current_hp_per_floor":[38,38,38,27,27,64,61,61,61,61,58,58,44,44,44,0,0],"gold":199,"neow_bonus":"","is_daily":false,"chose_seed":false,"campfire_upgraded":2,"win_rate":0.0,"timestamp":1611027747,"path_taken":["M","?","?","?","$","R","M","?","T","M","M","R","E","?","R","BOSS"],"items_purchased_type":["Relic","Card","Card","Relic","Relic","Relic"],"build_version":"2020-12-18","purchased_purges":1,"victory":false,"max_hp_per_floor":[75,75,75,75,75,75,75,75,75,75,75,75,75,75,75,75,75],"relic_stats":{"Regal Pillow":15,"counters":[33,100],"Pen Nib":[4],"Turnip":[2],"Necronomicon":[4],"obtain_stats":[{"Lantern":9,"Regal Pillow":0,"Astrolabe":34,"Oddly Smooth Stone":5,"Pen Nib":0,"EVO:Axolotl":0,"Whetstone":24,"Frozen Egg 2":13,"Boot":13,"Medical Kit":31,"Smiling Mask":41,"Mercury Hourglass":6,"Busted Crown":17,"Pantograph":26,"Orrery":0,"Prayer Wheel":0,"Turnip":48,"Nloth\u0027s Gift":28,"Necronomicon":0,"Membership Card":0,"hermit:Momento":0,"Unceasing Top":0,"NlothsMask":30},{"Lantern":6,"Regal Pillow":27,"Astrolabe":18,"Oddly Smooth Stone":28,"Pen Nib":27,"EVO:Axolotl":0,"Whetstone":15,"Frozen Egg 2":32,"Boot":9,"Medical Kit":17,"Smiling Mask":23,"Mercury Hourglass":6,"Busted Crown":10,"Pantograph":15,"Orrery":0,"Prayer Wheel":0,"Turnip":26,"Nloth\u0027s Gift":16,"Necronomicon":27,"Membership Card":27,"hermit:Momento":0,"Unceasing Top":27,"NlothsMask":17},{"Lantern":14,"Regal Pillow":78,"Astrolabe":52,"Oddly Smooth Stone":80,"Pen Nib":78,"EVO:Axolotl":0,"Whetstone":42,"Frozen Egg 2":95,"Boot":19,"Medical Kit":47,"Smiling Mask":67,"Mercury Hourglass":14,"Busted Crown":30,"Pantograph":42,"Orrery":0,"Prayer Wheel":0,"Turnip":75,"Nloth\u0027s Gift":45,"Necronomicon":78,"Membership Card":78,"hermit:Momento":0,"Unceasing Top":78,"NlothsMask":47}],"Unceasing Top":[1]},"card_choices":[{"not_picked":["hermit:Ricochet","hermit:LowProfile"],"picked":"hermit:Enervate","floor":1},{"not_picked":["hermit:FlashPowder","hermit:CalledShot"],"picked":"hermit:EyeOfTheStorm","floor":5},{"not_picked":["hermit:Feint","hermit:Misfire"],"picked":"hermit:OverwhelmingPower","floor":5},{"not_picked":["hermit:Shortfuse","hermit:Ricochet","hermit:WideOpen"],"picked":"SKIP","floor":7},{"not_picked":["hermit:Showdown","hermit:LowProfile"],"picked":"hermit:PistolWhip","floor":10},{"not_picked":["hermit:Manifest","hermit:Brawl","hermit:Ricochet"],"picked":"SKIP","floor":11},{"not_picked":["hermit:Coalescence","hermit:Headshot"],"picked":"hermit:FromBeyond","floor":13}],"player_experience":644070,"relics_obtained":[{"floor":13,"key":"Frozen Egg 2"}],"event_choices":[{"damage_healed":0,"gold_gain":62,"player_choice":"Gained Gold","damage_taken":0,"max_hp_gain":0,"max_hp_loss":0,"event_name":"Golden Wing","floor":2,"gold_loss":0},{"damage_healed":38,"gold_gain":0,"player_choice":"Leave","damage_taken":0,"max_hp_gain":0,"max_hp_loss":75,"event_name":"betterThird:BetterShining","floor":3,"gold_loss":0},{"damage_healed":0,"gold_gain":75,"player_choice":"Gold","damage_taken":11,"max_hp_gain":0,"max_hp_loss":0,"event_name":"betterThird:BetterGoop","floor":4,"gold_loss":0},{"damage_healed":0,"gold_gain":0,"cards_transformed":["hermit:Misfire"],"player_choice":"Change","damage_taken":0,"max_hp_gain":0,"max_hp_loss":0,"event_name":"Living Wall","floor":8,"gold_loss":0,"cards_obtained":["hermit:Glare"]},{"cards_removed":["hermit:Misfire"],"damage_healed":0,"gold_gain":0,"player_choice":"Card Removal","damage_taken":0,"max_hp_gain":0,"max_hp_loss":0,"event_name":"The Cleric","floor":14,"gold_loss":50}],"is_beta":true,"boss_relics":[],"items_purged_floors":[0],"is_endless":false,"potions_floor_spawned":[1],"killed_by":"Slime Boss","ascension_level":0}}