{"host":"f5mjulaw5aqlqmd7","time":1611090274,"event":{"mods":["Act Like it!","BaseMod","Colored Map","GifTheSpireLib","Hallownest","Minty Spire (QoL Compilation)","StSLib","The Bug Knight"],"gold_per_floor":[110,122,136,136,154,154,154,30,54,77,77,101,134,152,152,152,152],"floor_reached":16,"language":"ENG","playtime":1379,"items_purged":["Regret"],"score":104,"play_id":"4c6e3925-b522-43f5-9ddb-9a9797e93920","local_time":"20210119160434","is_ascension_mode":false,"campfire_choices":[{"floor":6,"key":"REST"},{"floor":11,"key":"REST"},{"floor":15,"key":"REST"}],"circlet_count":0,"master_deck":["HollowMod:NailStrikeStart","HollowMod:NailStrikeStart","HollowMod:NailStrikeStart","HollowMod:NailStrikeStart","HollowMod:QuickDashStart","HollowMod:QuickDashStart","HollowMod:QuickDashStart","HollowMod:QuickDashStart","HollowMod:FocusHealStart","HollowMod:PogoStrike","HollowMod:VengefulSpirit","HollowMod:SoulSplash","HollowMod:CloakDash","Injury","HollowMod:GoodIntentions","HollowMod:SoulEater","HollowMod:GoodIntentions","HollowMod:HowlingWraiths","HollowMod:VengefulSpirit","HollowMod:CoiledNail","HollowMod:LifebloodCore","HollowMod:SoulShaman","HollowMod:HowlingWraiths"],"relics":["HollowMod:VesselMask","Dream Catcher","Golden Idol","Regal Pillow","MealTicket","Eternal Feather"],"acts_visited":["Exordium"],"potions_floor_usage":[],"damage_taken":[{"damage":3,"enemies":"Jaw Worm","floor":1,"turns":3},{"damage":0,"enemies":"Small Slimes","floor":2,"turns":2},{"damage":6,"enemies":"2 Louse","floor":3,"turns":2},{"damage":9,"enemies":"Blue Slaver","floor":5,"turns":3},{"damage":17,"enemies":"Exordium Wildlife","floor":10,"turns":4},{"damage":23,"enemies":"Large Slime","floor":12,"turns":5},{"damage":22,"enemies":"3 Sentries","floor":13,"turns":6},{"damage":5,"enemies":"Looter","floor":14,"turns":4},{"damage":86,"enemies":"The Guardian","floor":16,"turns":16}],"seed_played":"-7016787502911637925","potions_obtained":[{"floor":2,"key":"Block Potion"},{"floor":5,"key":"DuplicationPotion"}],"is_trial":false,"path_per_floor":["M","M","M","?","M","R","?","$","T","M","R","M","E","M","R","B"],"character_chosen":"THE_BUGKNIGHT","items_purchased":["HollowMod:GoodIntentions"],"campfire_rested":3,"item_purchase_floors":[8],"current_hp_per_floor":[72,72,66,66,63,75,75,75,75,58,75,52,30,25,74,0,0],"gold":152,"neow_bonus":"RANDOM_COMMON_RELIC","is_daily":false,"chose_seed":false,"campfire_upgraded":0,"win_rate":0.0,"timestamp":1611090274,"path_taken":["M","M","M","?","M","R","?","$","T","M","R","M","E","M","R","BOSS"],"items_purchased_type":["Card"],"build_version":"2020-12-22","purchased_purges":1,"victory":false,"max_hp_per_floor":[75,75,75,75,75,75,75,75,75,75,75,75,75,75,75,75,75],"card_choices":[{"not_picked":["HollowMod:LifebloodCocoon","HollowMod:CoiledNail"],"picked":"HollowMod:VengefulSpirit","floor":1},{"not_picked":["HollowMod:MawleksShell","HollowMod:RecoilStrike"],"picked":"HollowMod:SoulSplash","floor":2},{"not_picked":["HollowMod:LifebloodCocoon","HollowMod:BlackTendrils"],"picked":"HollowMod:CloakDash","floor":3},{"not_picked":["HollowMod:ChannelNail","HollowMod:FallenFury"],"picked":"HollowMod:GoodIntentions","floor":5},{"not_picked":["HollowMod:DoubleDash","HollowMod:GoodIntentions"],"picked":"HollowMod:SoulEater","floor":6},{"not_picked":["HollowMod:NewLittleFool","HollowMod:HuntersJournal"],"picked":"HollowMod:HowlingWraiths","floor":10},{"not_picked":["HollowMod:SoulStrike","HollowMod:InfectedAttack"],"picked":"HollowMod:VengefulSpirit","floor":11},{"not_picked":["HollowMod:LuriensSpire","HollowMod:SharpenedNail"],"picked":"HollowMod:CoiledNail","floor":12},{"not_picked":["HollowMod:SoulEater","HollowMod:InfectedCysts"],"picked":"HollowMod:LifebloodCore","floor":13},{"not_picked":["HollowMod:NewJinnsSoul","HollowMod:DashSlash"],"picked":"HollowMod:SoulShaman","floor":14},{"not_picked":["HollowMod:NewJinnsSoul","HollowMod:GoodIntentions"],"picked":"HollowMod:HowlingWraiths","floor":15}],"player_experience":60440,"relics_obtained":[{"floor":9,"key":"MealTicket"},{"floor":13,"key":"Eternal Feather"}],"event_choices":[{"damage_healed":0,"gold_gain":0,"player_choice":"Take Wound","damage_taken":0,"relics_obtained":["Golden Idol"],"max_hp_gain":0,"max_hp_loss":0,"event_name":"Golden Idol","floor":4,"gold_loss":0,"cards_obtained":["Injury"]},{"damage_healed":0,"gold_gain":0,"player_choice":"Box","damage_taken":0,"relics_obtained":["Regal Pillow"],"max_hp_gain":0,"max_hp_loss":0,"event_name":"Big Fish","floor":7,"gold_loss":0,"cards_obtained":["Regret"]}],"is_beta":false,"boss_relics":[],"items_purged_floors":[8],"is_endless":false,"potions_floor_spawned":[2,5],"killed_by":"The Guardian","ascension_level":0}}