{"host":"qgrlfjrqk9z96gfi","time":1611024650,"event":{"mods":["BaseMod","Block Reminder","Colored Map","Custom Start","DeckTracker","Minty Spire (QoL Compilation)"],"gold_per_floor":[118,35,185,34,34,67,78,109,109,52,52,65,85,103,103,174,174,144,144,144,59,59,88,33,33,33,63,63,76,111,138,138,216,216,228,86,98,98,98,126,126,159,159,159,75,109,109,109,109,109,109],"floor_reached":50,"language":"ENG","playtime":2067,"items_purged":["Doubt","Strike_G"],"score":1351,"play_id":"32d879c5-b8b8-4748-bf62-463b25a94dea","local_time":"20210118165050","is_ascension_mode":true,"campfire_choices":[{"data":"Footwork","floor":11,"key":"SMITH"},{"data":"Finisher","floor":15,"key":"SMITH"},{"data":"A Thousand Cuts","floor":25,"key":"SMITH"},{"data":"Neutralize","floor":28,"key":"SMITH"},{"data":"Well Laid Plans","floor":32,"key":"SMITH"},{"floor":41,"key":"REST"},{"floor":47,"key":"REST"},{"data":"Footwork","floor":49,"key":"SMITH"}],"circlet_count":0,"master_deck":["AscendersBane","Strike_G","Defend_G+1","Defend_G","Defend_G+1","Defend_G","Defend_G","Survivor","Neutralize+1","Dagger Throw","Terror+1","Infinite Blades","Footwork+1","Well Laid Plans+1","Deflect+1","Dodge and Roll+1","Blade Dance+1","Malaise+1","Corpse Explosion+1","Deflect+1","Venomology+1","A Thousand Cuts+1","PiercingWail+1","Dagger Throw+1","Cloak And Dagger+1","Malaise+1","Adrenaline+1","Footwork+1","Predator+1","Blur+1","Neutralize+1","Dagger Spray+1","PiercingWail+1","Finisher+1","Skewer+1","Infinite Blades"],"relics":["Ring of the Snake","NeowsBlessing","Gambling Chip","Toxic Egg 2","Sundial","HoveringKite","CaptainsWheel","Boot","Molten Egg 2","War Paint","Juzu Bracelet","Happy Flower","Sozu","Bag of Preparation","Blue Candle","Pen Nib","Smiling Mask"],"acts_visited":["Exordium","TheCity","TheBeyond"],"potions_floor_usage":[16,27,30,33,33,46],"damage_taken":[{"damage":0,"enemies":"Cultist","floor":1,"turns":1},{"damage":0,"enemies":"Gremlin Nob","floor":6,"turns":1},{"damage":0,"enemies":"Small Slimes","floor":7,"turns":1},{"damage":8,"enemies":"Lagavulin","floor":8,"turns":6},{"damage":1,"enemies":"Jaw Worm","floor":12,"turns":2},{"damage":11,"enemies":"Looter","floor":13,"turns":4},{"damage":6,"enemies":"Large Slime","floor":14,"turns":7},{"damage":6,"enemies":"The Guardian","floor":16,"turns":8},{"damage":25,"enemies":"2 Thieves","floor":18,"turns":4},{"damage":8,"enemies":"Book of Stabbing","floor":23,"turns":7},{"damage":10,"enemies":"Gremlin Leader","floor":27,"turns":7},{"damage":4,"enemies":"Spheric Guardian","floor":29,"turns":6},{"damage":1,"enemies":"Slavers","floor":30,"turns":3},{"damage":25,"enemies":"Automaton","floor":33,"turns":10},{"damage":0,"enemies":"3 Shapes","floor":35,"turns":5},{"damage":13,"enemies":"3 Darklings","floor":37,"turns":4},{"damage":2,"enemies":"Giant Head","floor":40,"turns":7},{"damage":0,"enemies":"Nemesis","floor":42,"turns":5},{"damage":18,"enemies":"Reptomancer","floor":46,"turns":6},{"damage":94,"enemies":"Time Eater","floor":50,"turns":14}],"seed_played":"-1455900003942824712","potions_obtained":[{"floor":1,"key":"Block Potion"},{"floor":6,"key":"Regen Potion"},{"floor":14,"key":"SteroidPotion"},{"floor":18,"key":"SpeedPotion"},{"floor":29,"key":"GhostInAJar"},{"floor":33,"key":"LiquidBronze"}],"is_trial":false,"path_per_floor":["M","$","?","$","?","E","M","E","T","$","R","M","M","M","R","B",null,"M","?","?","?","?","E","$","R","T","E","R","M","E","T","R","B",null,"M","$","M","?","?","E","R","E","T","?","$","E","R","?","R","B"],"character_chosen":"THE_SILENT","items_purchased":["Terror","Infinite Blades","Deflect+1","PiercingWail+1","Predator+1","Skewer+1"],"campfire_rested":2,"item_purchase_floors":[2,4,10,24,36,45],"current_hp_per_floor":[59,59,59,59,59,59,59,51,51,51,51,50,39,33,33,27,56,31,31,31,31,66,58,58,58,58,57,57,53,52,52,52,27,56,56,56,43,43,43,41,60,60,60,60,60,42,61,61,61,0,0],"gold":109,"neow_bonus":"THREE_ENEMY_KILL","is_daily":false,"chose_seed":false,"campfire_upgraded":6,"win_rate":0.0,"timestamp":1611024650,"path_taken":["M","$","?","$","?","E","M","E","T","?","R","M","M","M","R","BOSS","M","?","?","?","?","E","$","R","T","E","R","?","E","?","R","BOSS","M","$","M","?","?","E","R","E","T","?","$","E","R","?","R","BOSS"],"items_purchased_type":["Card","Card","Card","Card","Card","Card"],"build_version":"2020-12-22","purchased_purges":2,"victory":false,"max_hp_per_floor":[66,66,66,66,66,66,66,66,66,66,66,66,66,66,66,66,66,66,66,66,66,66,66,66,66,66,66,66,66,66,66,66,66,66,66,66,66,66,66,66,66,66,66,66,66,66,66,63,63,63,63],"card_choices":[{"not_picked":["Distraction","Masterful Stab"],"picked":"Dagger Throw","floor":1},{"not_picked":["Underhanded Strike","Flechettes"],"picked":"Footwork","floor":6},{"not_picked":["Setup","Poisoned Stab"],"picked":"Finisher","floor":7},{"not_picked":["Dagger Throw","Noxious Fumes"],"picked":"Well Laid Plans","floor":8},{"not_picked":["Outmaneuver+1","Finisher"],"picked":"Dodge and Roll+1","floor":12},{"not_picked":["Poisoned Stab","Tactician+1"],"picked":"Blade Dance+1","floor":13},{"not_picked":["Underhanded Strike","Blur+1"],"picked":"Malaise+1","floor":14},{"not_picked":["Adrenaline+1","Burst+1"],"picked":"Corpse Explosion+1","floor":16},{"not_picked":["Terror+1","Slice"],"picked":"Masterful Stab+1","floor":18},{"not_picked":["Endless Agony","Deadly Poison+1"],"picked":"A Thousand Cuts","floor":23},{"not_picked":["Slice+1","Poisoned Stab+1"],"picked":"Dagger Throw+1","floor":27},{"not_picked":["Flying Knee+1","Backflip+1"],"picked":"Cloak And Dagger+1","floor":29},{"not_picked":["Quick Slash+1","Terror+1"],"picked":"Malaise+1","floor":30},{"not_picked":["Night Terror+1","Envenom"],"picked":"Adrenaline+1","floor":33},{"not_picked":["Concentrate+1","All Out Attack+1"],"picked":"Footwork","floor":35},{"not_picked":["Prepared+1","Flying Knee+1"],"picked":"Blur+1","floor":37},{"not_picked":["Setup+1","Bouncing Flask+1"],"picked":"PiercingWail+1","floor":40},{"not_picked":["Dagger Throw+1","PiercingWail+1"],"picked":"Finisher+1","floor":42},{"not_picked":["Dash+1","Concentrate+1"],"picked":"Infinite Blades","floor":46}],"player_experience":1025974,"relics_obtained":[{"floor":6,"key":"Gambling Chip"},{"floor":8,"key":"Toxic Egg 2"},{"floor":9,"key":"Sundial"},{"floor":23,"key":"Boot"},{"floor":26,"key":"Molten Egg 2"},{"floor":27,"key":"War Paint"},{"floor":30,"key":"Juzu Bracelet"},{"floor":31,"key":"Happy Flower"},{"floor":40,"key":"Bag of Preparation"},{"floor":42,"key":"Blue Candle"},{"floor":43,"key":"Pen Nib"},{"floor":46,"key":"Smiling Mask"}],"event_choices":[{"damage_healed":0,"gold_gain":150,"player_choice":"AGREE","damage_taken":0,"max_hp_gain":0,"max_hp_loss":0,"event_name":"Liars Game","floor":3,"gold_loss":0,"cards_obtained":["Doubt"]},{"damage_healed":0,"gold_gain":0,"player_choice":"Grow","damage_taken":0,"max_hp_gain":0,"max_hp_loss":0,"event_name":"Living Wall","floor":5,"gold_loss":0,"cards_upgraded":["Terror"]},{"damage_healed":0,"gold_gain":0,"player_choice":"Ignored","damage_taken":0,"max_hp_gain":0,"max_hp_loss":0,"event_name":"Cursed Tome","floor":19,"gold_loss":0},{"damage_healed":0,"gold_gain":0,"cards_transformed":["Strike_G","Strike_G"],"player_choice":"Became Test Subject","damage_taken":0,"max_hp_gain":0,"max_hp_loss":0,"event_name":"Drug Dealer","floor":20,"gold_loss":0,"cards_obtained":["Deflect","Venomology"]},{"damage_healed":0,"gold_gain":0,"player_choice":"Obtained Relic","damage_taken":0,"relics_obtained":["CaptainsWheel"],"max_hp_gain":0,"max_hp_loss":0,"event_name":"Addict","floor":21,"gold_loss":85},{"cards_removed":["Masterful Stab"],"damage_healed":35,"gold_gain":0,"player_choice":"Offered Uncommon","damage_taken":0,"max_hp_gain":0,"max_hp_loss":0,"event_name":"Bonfire Elementals","floor":22,"gold_loss":0},{"damage_healed":0,"gold_gain":0,"player_choice":"1 cards matched","damage_taken":0,"max_hp_gain":0,"max_hp_loss":0,"event_name":"Match and Keep!","floor":38,"gold_loss":0,"cards_obtained":["Neutralize"]},{"damage_healed":0,"gold_gain":0,"cards_transformed":["Strike_G"],"player_choice":"Transformed","damage_taken":0,"max_hp_gain":0,"max_hp_loss":0,"event_name":"Transmorgrifier","floor":39,"gold_loss":0,"cards_obtained":["Dagger Spray"]},{"cards_removed":["Finisher"],"damage_healed":0,"gold_gain":0,"player_choice":"Removed Attack","damage_taken":0,"max_hp_gain":0,"max_hp_loss":0,"event_name":"Falling","floor":44,"gold_loss":0},{"damage_healed":0,"gold_gain":0,"player_choice":"Max HP","damage_taken":0,"max_hp_gain":0,"max_hp_loss":3,"event_name":"Winding Halls","floor":48,"gold_loss":0}],"is_beta":false,"boss_relics":[{"not_picked":["SlaversCollar","Tiny House"],"picked":"HoveringKite"},{"not_picked":["Black Star","Ring of the Serpent"],"picked":"Sozu"}],"items_purged_floors":[4,36],"is_endless":false,"potions_floor_spawned":[1,6,8,14,18,29,33,40],"killed_by":"Time Eater","ascension_level":20}}