{"host":"rzpi613efy9j52u4","time":1611026906,"event":{"mods":["Aspiration","BaseMod","Colored Powertips","Downfall","Hermit","Hubris","Marisa????????","Minty Spire (QoL Compilation)","Rare Cards Sparkle","StSLib","The Cursed","The Necromancer","The Servant 0.9.4"],"gold_per_floor":[99,112,127,127,127,127,175,78,97,149,169,189,201,201,215,310,310,310,310,310,310,34,51,77,23,40,60,75,75,75],"floor_reached":29,"language":"ENG","playtime":2378,"items_purged":[],"score":217,"play_id":"64445977-ec74-4f4c-9838-9a6a2b8b1234","local_time":"20210118222826","is_ascension_mode":false,"campfire_choices":[{"data":"Exchange","floor":1,"key":"SMITH"},{"data":"SilverBlades","floor":6,"key":"SMITH"},{"data":"MurderousAura","floor":18,"key":"SMITH"}],"circlet_count":0,"master_deck":["Strike_S","Strike_S","Strike_S+1","Defend_S","Defend_S","Defend_S","Defend_S","KidneyShot+1","Exchange+1","Ricochet","SilverBlades+1","InstantArmor","Rearm","FanOfKnives","Starlight","Barrier","MurderousAura+1","Hightail","Luminosity","TheWorld","Defy+1","Duplication","Advance","Contraction","Initiator","Collapse","StarChef+1"],"relics":["Uniform","Oddly Smooth Stone","Potion Belt","downfall:ShatteredFragment","MysterySword","hubris:Towel","hubris:MysteriousPyramids","Whetstone"],"acts_visited":["Exordium","TheCity"],"potions_floor_usage":[16,16,16,16,29,29,29],"damage_taken":[{"damage":4,"enemies":"Jaw Worm","floor":2,"turns":6},{"damage":0,"enemies":"Small Slimes","floor":3,"turns":2},{"damage":0,"enemies":"downfall:FleeingMerchant","floor":8,"turns":4},{"damage":0,"enemies":"Cultist","floor":9,"turns":2},{"damage":10,"enemies":"Lots of Slimes","floor":11,"turns":3},{"damage":4,"enemies":"Large Slime","floor":12,"turns":6},{"damage":0,"enemies":"3 Louse","floor":13,"turns":2},{"damage":0,"enemies":"Blue Slaver","floor":15,"turns":4},{"damage":23,"enemies":"WA_ARCHETYPE_RETAIN","floor":16,"turns":7},{"damage":0,"enemies":"downfall:FleeingMerchant","floor":22,"turns":4},{"damage":0,"enemies":"Spheric Guardian","floor":23,"turns":6},{"damage":0,"enemies":"downfall:FleeingMerchant","floor":25,"turns":4},{"damage":0,"enemies":"Snecko","floor":26,"turns":5},{"damage":0,"enemies":"Centurion and Healer","floor":27,"turns":5},{"damage":0,"enemies":"Snake Plant","floor":28,"turns":4},{"damage":62,"enemies":"Book of Stabbing","floor":29,"turns":4}],"seed_played":"-2432398105361727839","potions_obtained":[{"floor":9,"key":"bronze:BurnAndBuffPotion"},{"floor":12,"key":"Dexterity Potion"},{"floor":13,"key":"Ancient Potion"},{"floor":15,"key":"Dexterity Potion"},{"floor":26,"key":"Weak Potion"},{"floor":27,"key":"bronze:BurnAndBuffPotion"},{"floor":28,"key":"AttackPotion"}],"is_trial":false,"path_per_floor":["R","M","M","?","?","R","T","$","M","T","M","M","M","?","M","B",null,"R","?","?","?","$","M","T","$","M","M","M","E"],"character_chosen":"THE_SERVANT","items_purchased":["FanOfKnives","hubris:MysteriousPyramids","Contraction"],"campfire_rested":0,"item_purchase_floors":[8,22,25],"current_hp_per_floor":[71,67,67,67,67,67,67,67,67,67,57,53,53,38,38,15,71,71,71,71,58,58,58,58,58,58,58,58,0,0],"gold":75,"neow_bonus":"TEN_PERCENT_HP_BONUS","is_daily":false,"chose_seed":false,"campfire_upgraded":3,"win_rate":0.0,"timestamp":1611026906,"path_taken":["R","M","M","?","?","R","T","?","?","?","?","M","M","?","M","BOSS","R","?","?","?","$","M","T","?","M","M","M","E"],"items_purchased_type":["Card","Relic","Card"],"build_version":"2020-12-13","purchased_purges":0,"victory":false,"max_hp_per_floor":[71,71,71,71,71,71,71,71,71,71,71,71,71,71,71,71,71,71,71,71,76,76,76,76,76,76,76,76,76,76],"card_choices":[{"not_picked":["Defy","TimeWarp"],"picked":"Ricochet","floor":2},{"not_picked":["TimeWarp","SpecialFormula"],"picked":"SilverBlades","floor":3},{"not_picked":["BottledTime","ShatteredReality"],"picked":"Rearm","floor":8},{"not_picked":["Potential","TimeWarp"],"picked":"Starlight","floor":9},{"not_picked":["Defy","SilverBlades"],"picked":"Barrier","floor":11},{"not_picked":["DualDimension","DoubleEdge"],"picked":"MurderousAura","floor":12},{"not_picked":["Unruled","Rearm"],"picked":"Hightail","floor":13},{"not_picked":["FastForward","MoonPhase"],"picked":"Luminosity","floor":15},{"not_picked":["ForgedInTime","Solidify"],"picked":"TheWorld","floor":16},{"not_picked":["Potential","DoubleEdge"],"picked":"Defy+1","floor":22},{"not_picked":["Rearm","DoubleEdge"],"picked":"Duplication","floor":23},{"not_picked":["Unruled","Spin"],"picked":"Advance","floor":25},{"not_picked":["Ricochet","FastForward"],"picked":"Initiator","floor":26},{"not_picked":["Unruled","FanOfKnives+1"],"picked":"Collapse","floor":27},{"not_picked":["Barrier","Alleviate"],"picked":"StarChef+1","floor":28}],"player_experience":45588,"relics_obtained":[{"floor":7,"key":"Oddly Smooth Stone"},{"floor":10,"key":"Potion Belt"},{"floor":24,"key":"Whetstone"}],"event_choices":[{"damage_healed":0,"gold_gain":0,"player_choice":"Ignored","damage_taken":0,"max_hp_gain":0,"max_hp_loss":0,"event_name":"Vampires","floor":19,"gold_loss":0}],"is_beta":false,"boss_relics":[{"not_picked":["Tiny House","Empty Cage"],"picked":"MysterySword"}],"items_purged_floors":[],"is_endless":false,"potions_floor_spawned":[9,12,13,15,26,27,28],"killed_by":"Book of Stabbing","ascension_level":0}}