{"host":"f9ntswufr8mq3t4y","time":1611092647,"event":{"mods":["AchievementEnabler","BaseMod","Best Route Mod","Block Reminder","Colored Map","Colored Powertips","Curses Come First","DeckTracker","Displayed Cursed Tome","Highlight Path","Minty Spire (QoL Compilation)","Permanent Neow","Quick Restart","Slay-I","StSLib"],"gold_per_floor":[117,67,67,67,87,87,87,87,169,169,183,197,208,233,233,336,336,354,354,339,354,42,42,54,54,79,119,119,132,157,201,201,201,201],"floor_reached":33,"language":"ENG","playtime":2187,"items_purged":[],"score":398,"play_id":"f19d265c-b17b-4e01-9703-694b39c54a38","local_time":"20210120004407","is_ascension_mode":true,"campfire_choices":[{"data":"Neutralize","floor":6,"key":"SMITH"},{"data":"Defend_G","floor":8,"key":"SMITH"},{"data":"Defend_G","floor":10,"key":"SMITH"},{"floor":15,"key":"REST"},{"floor":23,"key":"DIG"},{"floor":25,"key":"DIG"},{"floor":28,"key":"REST"},{"floor":32,"key":"DIG"}],"circlet_count":0,"master_deck":["Strike_G","Strike_G","Strike_G","Strike_G","Strike_G+1","Defend_G","Defend_G","Defend_G+1","Defend_G+1","Defend_G+1","Survivor","Neutralize+1","Poisoned Stab","Malaise","Prepared+1","Escape Plan+1","Die Die Die","Injury","Masterful Stab","Tools of the Trade","Well Laid Plans+1"],"relics":["Ring of the Snake","Pocketwatch","InkBottle","Shovel","Cursed Key","Mango","Torii","Eternal Feather","Centennial Puzzle","CeramicFish","Bronze Scales","Mercury Hourglass"],"acts_visited":["Exordium","TheCity"],"potions_floor_usage":[14,14,18,20,27,31,31,31],"damage_taken":[{"damage":2,"enemies":"Small Slimes","floor":1,"turns":4},{"damage":0,"enemies":"2 Louse","floor":5,"turns":2},{"damage":0,"enemies":"Cultist","floor":11,"turns":3},{"damage":1,"enemies":"Large Slime","floor":12,"turns":6},{"damage":2,"enemies":"Red Slaver","floor":13,"turns":3},{"damage":29,"enemies":"3 Sentries","floor":14,"turns":9},{"damage":8,"enemies":"The Guardian","floor":16,"turns":14},{"damage":0,"enemies":"Chosen","floor":18,"turns":6},{"damage":14,"enemies":"2 Thieves","floor":20,"turns":4},{"damage":10,"enemies":"Shelled Parasite and Fungi","floor":21,"turns":11},{"damage":10,"enemies":"Centurion and Healer","floor":24,"turns":16},{"damage":13,"enemies":"Book of Stabbing","floor":27,"turns":8},{"damage":1,"enemies":"Chosen and Byrds","floor":29,"turns":5},{"damage":5,"enemies":"Snake Plant","floor":30,"turns":8},{"damage":13,"enemies":"Gremlin Leader","floor":31,"turns":10},{"damage":62,"enemies":"Collector","floor":33,"turns":8}],"seed_played":"8822118688797369380","potions_obtained":[{"floor":1,"key":"Weak Potion"},{"floor":12,"key":"LiquidBronze"},{"floor":14,"key":"Regen Potion"},{"floor":16,"key":"GamblersBrew"},{"floor":21,"key":"SteroidPotion"},{"floor":24,"key":"Poison Potion"},{"floor":29,"key":"BlessingOfTheForge"},{"floor":30,"key":"Fire Potion"}],"is_trial":false,"path_per_floor":["M","?","$","?","M","R","$","R","T","R","M","M","M","E","R","B",null,"M","?","M","M","$","R","M","R","T","E","R","M","M","E","R","B"],"character_chosen":"THE_SILENT","items_purchased":["Mango"],"campfire_rested":2,"item_purchase_floors":[22],"current_hp_per_floor":[61,61,61,47,47,47,47,47,47,47,47,46,44,15,36,28,60,60,47,47,37,51,51,41,41,41,28,63,62,57,44,56,0,0],"gold":201,"neow_bonus":"ONE_RARE_RELIC","is_daily":false,"chose_seed":false,"campfire_upgraded":3,"win_rate":0.0,"timestamp":1611092647,"path_taken":["M","?","$","?","M","R","$","R","T","R","M","M","M","E","R","BOSS","M","?","M","M","$","R","M","R","T","E","R","M","M","E","R","BOSS"],"items_purchased_type":["Relic"],"build_version":"2020-12-22","purchased_purges":0,"victory":false,"max_hp_per_floor":[70,70,70,70,70,70,70,70,70,70,70,70,70,70,70,70,70,70,75,75,75,89,89,89,89,89,89,89,89,89,89,89,89,89],"card_choices":[{"not_picked":["Riddle With Holes","Catalyst","Deflect"],"picked":"SKIP","floor":1},{"not_picked":["Flying Knee","Bane","Blade Dance"],"picked":"SKIP","floor":5},{"not_picked":["Quick Slash","Predator"],"picked":"Poisoned Stab","floor":11},{"not_picked":["Cloak And Dagger","Acrobatics","Deadly Poison"],"picked":"SKIP","floor":12},{"not_picked":["Outmaneuver","Bane","PiercingWail"],"picked":"SKIP","floor":13},{"not_picked":["Dagger Spray","Expertise"],"picked":"Malaise","floor":14},{"not_picked":["Underhanded Strike","Deflect"],"picked":"Prepared+1","floor":18},{"not_picked":["Setup","Prepared"],"picked":"Escape Plan+1","floor":20},{"not_picked":["Flying Knee+1","Deflect"],"picked":"Die Die Die","floor":21},{"not_picked":["Flying Knee","Bane","Blade Dance"],"picked":"SKIP","floor":24},{"not_picked":["Underhanded Strike","Prepared"],"picked":"Masterful Stab","floor":27},{"not_picked":["Distraction","Dagger Throw","Deadly Poison"],"picked":"SKIP","floor":29},{"not_picked":["Flying Knee+1","Outmaneuver+1"],"picked":"Tools of the Trade","floor":30},{"not_picked":["Noxious Fumes+1","Flechettes+1"],"picked":"Well Laid Plans+1","floor":31}],"player_experience":357536,"relics_obtained":[{"floor":9,"key":"InkBottle"},{"floor":14,"key":"Shovel"},{"floor":23,"key":"Torii"},{"floor":25,"key":"Eternal Feather"},{"floor":26,"key":"Centennial Puzzle"},{"floor":27,"key":"CeramicFish"},{"floor":31,"key":"Bronze Scales"},{"floor":32,"key":"Mercury Hourglass"}],"event_choices":[{"cards_removed":["Decay"],"damage_healed":0,"gold_gain":0,"player_choice":"Card Removal","damage_taken":0,"max_hp_gain":0,"max_hp_loss":0,"event_name":"The Cleric","floor":2,"gold_loss":50},{"damage_healed":0,"gold_gain":0,"player_choice":"Entered Light","damage_taken":14,"max_hp_gain":0,"max_hp_loss":0,"event_name":"Shining Light","floor":4,"gold_loss":0,"cards_upgraded":["Defend_G","Strike_G"]},{"damage_healed":0,"gold_gain":0,"player_choice":"Shed Blood","damage_taken":18,"max_hp_gain":5,"max_hp_loss":0,"event_name":"Forgotten Altar","floor":19,"gold_loss":0}],"is_beta":false,"boss_relics":[{"not_picked":["Snecko Eye","SacredBark"],"picked":"Cursed Key"}],"items_purged_floors":[],"is_endless":false,"potions_floor_spawned":[1,12,14,16,21,24,29,30],"killed_by":"Collector","ascension_level":6}}