{"host":"mnljlkge2zm8bbif","time":1611089569,"event":{"mods":["Aspiration","BaseMod","Beaked The Cultist","Better Third Choice","BetterRewards","CCEM","Challenge The Spire","Displayed Cursed Tome","Gremlin Mod","Hubris","Minty Spire (QoL Compilation)","Relic Stats","Replay The Spire","Robot Space Explorer","Shop Mod","Spicy Shops","StSLib","The Marked"],"gold_per_floor":[116,132,132,132,146,146,174,139,188,188,201,215,248,260,260,362,362,379,78,78,88,100,100,134,134,434,459,153,178,191,203,203,300,300,317,317,317,317,317,317,345,358,431,431,431],"floor_reached":44,"language":"ENG","playtime":4415,"items_purged":["Writhe","Parasite"],"score":1206,"play_id":"1cdb1d24-cf45-4e4b-8c94-f4be8553bb7e","local_time":"20210119155249","is_ascension_mode":true,"campfire_choices":[{"floor":6,"key":"REST"},{"floor":10,"key":"RECALL"},{"floor":15,"key":"REST"},{"data":"Dramatic Entrance","floor":23,"key":"SMITH"},{"floor":25,"key":"REST"},{"floor":32,"key":"DIG"},{"floor":40,"key":"REST"}],"circlet_count":0,"master_deck":["AscendersBane","Strike_G","Strike_G","Strike_G","Strike_G","Strike_G+2","Defend_G+1","Defend_G","Defend_G","Defend_G","Defend_G","Survivor","Neutralize","Backstab+1","Thinking Ahead","Dramatic Entrance+1","Dagger Throw","Setup","Footwork","Acrobatics","Neutralize","Backflip","Replay:Bag of Tricks","Poison Darts","Poisoned Stab","Adrenaline","Poisoned Stab","Doppelganger","Venomology","CurseOfTheBell","Skewer+1","Decay","Madness","Madness","Pot Of Greed","Pot Of Greed","Pot Of Greed","Footwork+1","Outmaneuver+1","Pot Of Greed"],"relics":["Ring of the Snake","Byrd Skull","hubris:BottledRain","Membership Card","Pantograph","hubris:Zylophone","White Beast Statue","hubris:Towel","Simple Rune","Whetstone","Juzu Bracelet","Philosopher\u0027s Stone","Lee\u0027s Waffle","CCEMRelics:JestersCrown","CCEMRelics:PorcelainBowl","Snake Skull","Old Coin","aspiration:HummingbirdHeart","ReplayTheSpireMod:CursedCoin","TwistedFunnel","Mango","beaked:ShinyBauble","Bottled Lightning","hubris:BundleOfHerbs","Bronze Scales","Calling Bell","aspiration:HiddenCompartment","The Courier","Shovel","hubris:Icosahedron","Grinning Jar"],"acts_visited":["Exordium","TheCity","TheBeyond"],"potions_floor_usage":[5,7,11],"damage_taken":[{"damage":0,"enemies":"Cultist","floor":1,"turns":2},{"damage":0,"enemies":"Jaw Worm","floor":2,"turns":2},{"damage":0,"enemies":"Small Slimes","floor":5,"turns":1},{"damage":3,"enemies":"3 Sentries","floor":7,"turns":9},{"damage":4,"enemies":"Exordium Wildlife","floor":11,"turns":2},{"damage":0,"enemies":"Blue Slaver","floor":12,"turns":1},{"damage":15,"enemies":"Replay:BlueRogue","floor":13,"turns":7},{"damage":6,"enemies":"Large Slime","floor":14,"turns":4},{"damage":52,"enemies":"Slime Boss","floor":16,"turns":19},{"damage":0,"enemies":"Spheric Guardian","floor":18,"turns":3},{"damage":0,"enemies":"Chosen","floor":21,"turns":3},{"damage":15,"enemies":"Centurion and Healer","floor":22,"turns":5},{"damage":25,"enemies":"Slavers","floor":24,"turns":4},{"damage":16,"enemies":"Replay:Snechameleon","floor":27,"turns":6},{"damage":0,"enemies":"Slavers","floor":29,"turns":4},{"damage":0,"enemies":"Chosen and Byrds","floor":30,"turns":5},{"damage":0,"enemies":"3 Cultists","floor":31,"turns":3},{"damage":84,"enemies":"Collector","floor":33,"turns":8},{"damage":8,"enemies":"3 Shapes","floor":35,"turns":4},{"damage":84,"enemies":"Giant Head","floor":41,"turns":8},{"damage":0,"enemies":"Orb Walker","floor":42,"turns":2},{"damage":37,"enemies":"Reptomancer","floor":44,"turns":5}],"seed_played":"-8611243269782917026","potions_obtained":[{"floor":1,"key":"BlessingOfTheForge"},{"floor":5,"key":"Energy Potion"},{"floor":7,"key":"FearPotion"},{"floor":11,"key":"Energy Potion"},{"floor":12,"key":"LifebloodPotion"},{"floor":13,"key":"FairyPotion"}],"is_trial":false,"path_per_floor":["M","M","?","?","M","R","E","?","T","R","M","M","E","M","R","B",null,"M","$","?","M","M","R","E","R","T","E","$","E","M","M","R","B",null,"M","?","?","?","?","R","E","M","T","E"],"character_chosen":"THE_SILENT","items_purchased":["Byrd Skull","Backstab","hubris:BottledRain","Membership Card","Pantograph","hubris:Zylophone","Thinking Ahead","Dramatic Entrance","White Beast Statue","Dagger Throw","Lee\u0027s Waffle","CCEMRelics:JestersCrown","Adrenaline","CCEMRelics:PorcelainBowl","ReplayTheSpireMod:CursedCoin","TwistedFunnel","Mango","beaked:ShinyBauble","Bottled Lightning"],"campfire_rested":4,"item_purchase_floors":[0,0,0,0,0,0,0,0,0,0,19,19,19,19,28,28,28,28,28],"current_hp_per_floor":[25,25,25,25,25,46,43,60,60,60,56,56,41,35,56,18,57,57,77,77,77,62,62,37,60,60,44,58,58,73,73,73,4,67,59,59,59,59,48,74,5,5,5,0,0],"gold":431,"neow_bonus":"","is_daily":false,"chose_seed":false,"campfire_upgraded":1,"win_rate":0.0,"timestamp":1611089569,"path_taken":["M","?","?","?","?","R","E","?","T","R","M","M","E","M","R","BOSS","M","$","?","M","M","R","E","R","T","E","$","E","M","M","R","BOSS","M","?","?","?","?","R","E","M","T","E"],"items_purchased_type":["Relic","Card","Relic","Relic","Relic","Relic","Card","Card","Relic","Card","Relic","Relic","Card","Relic","Relic","Relic","Relic","Relic","Relic"],"build_version":"2020-12-22","purchased_purges":2,"victory":false,"max_hp_per_floor":[70,70,70,70,70,70,70,70,70,70,70,70,70,70,70,70,70,70,77,77,77,77,77,77,77,77,77,88,88,88,88,88,88,88,88,88,88,88,88,88,88,88,88,88,88],"relic_stats":{"Lee\u0027s Waffle":20,"Shovel":1,"counters":[179,841],"Pantograph":29,"Bronze Scales":[73],"Snake Skull":[59],"Juzu Bracelet":1,"Whetstone":["Backstab","Strike_G"],"obtain_stats":[{"TwistedFunnel":0,"Replay:Accelerometer":10,"CCEMRelics:PorcelainBowl":19,"Spirit Poop":11,"Whetstone":0,"hubris:MysteriousPyramids":0,"Boot":9,"Old Coin":6,"Blood Vial":26,"Replay:Ringing Soul":41,"hubris:AstralHammer":0,"Replay:Bronze Core":17,"beaked:SacredDeck":17,"CCEMRelics:DissonantTune":9,"MealTicket":41,"CCEMRelics:Sandal":8,"Fusion Hammer":34,"Replay:Wax Seal":53,"MerchantsRug":0,"hubris:SphereOfDissonance":43,"Eternal Feather":23,"Paper Crane":3,"CCEMRelics:FestiveHat":9,"hubris:TenFootPole":24,"Kintsugi":34,"hubris:Reverence":4,"Regal Pillow":0,"Lantern":53,"CCEMRelics:WrappedPresent":11,"StoneCalendar":42,"Bag of Preparation":7,"Replay:Multitool":6,"hubris:EmptyBottle":0,"Smiling Mask":31,"Pet Ghost":54,"Burning Blood":0,"Replay:Rubber Ducky":13,"Matryoshka":6,"Shovel":34,"hubris:FunFungus":11,"Chemical X":0,"aspiration:FutureDiary":17,"CCEMRelics:PaperClip":0,"CCEMRelics:JestersCrown":12,"Ring of the Snake":0,"aspiration:ChemicalBlood":38,"hubris:GlazedTorus":0,"aspiration:VileToxins":5,"Lee\u0027s Waffle":19,"NeowsBlessing":0,"hubris:64BitClover":29,"PreservedInsect":9,"The Courier":34,"beaked:SacredNecklace":34,"hubris:Towel":21,"MawBank":7,"hubris:Spice":0,"Ornamental Fan":27,"CCEMRelics:FryingPan":9,"Durian":12,"Bottled Lightning":28,"hubris:BottledRain":0,"Calipers":0,"hubris:CrystalStatue":43,"Vajra":23,"HoveringKite":17,"hubris:VirtuousBlindfold":34,"aspiration:Stabinomicon":24,"Lizard Tail":9,"Centennial Puzzle":41,"HornCleat":14,"FaceOfCleric":4,"DollysMirror":42,"Strawberry":26,"Honey Jar":0,"Philosopher\u0027s Stone":17,"Iron Hammer":5,"Toxic Egg 2":4,"Byrd Skull":0,"Ring of Hypnosis":4,"Happy Flower":0,"hubris:DuctTape":53,"aspiration:Nostalgia":0,"ReplayTheSpireMod:CursedCoin":5,"Replay:Grab Bag":34,"Oddly Smooth Stone":54,"aspiration:SeaSaltIceCream":0,"War Paint":38,"aspiration:HiddenCompartment":34,"hubris:Zylophone":10,"Replay:Baseball":3,"Bronze Scales":32,"Onion Ring":9,"Molten Egg 2":5,"hubris:PeanutButter":4,"Simple Rune":7,"ReplayTheSpireMod:TigerMarble":53,"Grinning Jar":41,"Mirror":29,"aspiration:HatOfInfinitePower":9,"NlothsMask":24,"ReplayFunnel":8,"Iron Core":38,"beaked:ShinyBauble":28,"Enchiridion":21,"Mango":0,"Snake Skull":12,"Juzu Bracelet":0,"Incense Burner":10,"Dream Catcher":0,"Replay:Bandana":20,"hubris:Icosahedron":21,"Chameleon Ring":0,"Gambling Chip":27,"Pantograph":0,"Red Mask":19,"Gremlin Food":9,"CCEMRelics:Barrel":7,"Quantum Egg":7,"aspiration:HummingbirdHeart":27,"White Beast Statue":0,"CCEMRelics:SpiritsEdge":0,"Calling Bell":34,"Anchor":12,"CaptainsWheel":21,"Ring of Fury":4,"ChewingGum":34,"aspiration:KaomsHeart":36,"hubris:BundleOfHerbs":10,"Snack Pack":9,"hubris:GrandSneckoEye":34,"Bag of Marbles":31,"Membership Card":0,"FossilizedHelix":38,"hubris:AncientText":25},{"TwistedFunnel":0,"Replay:Accelerometer":58,"CCEMRelics:PorcelainBowl":167,"Spirit Poop":87,"Whetstone":16,"hubris:MysteriousPyramids":108,"Boot":57,"Old Coin":20,"Blood Vial":12,"Replay:Ringing Soul":36,"hubris:AstralHammer":84,"Replay:Bronze Core":91,"beaked:SacredDeck":23,"CCEMRelics:DissonantTune":126,"MealTicket":78,"CCEMRelics:Sandal":117,"Fusion Hammer":145,"Replay:Wax Seal":82,"MerchantsRug":84,"hubris:SphereOfDissonance":36,"Eternal Feather":95,"Paper Crane":18,"CCEMRelics:FestiveHat":64,"hubris:TenFootPole":12,"Kintsugi":100,"hubris:Reverence":62,"Regal Pillow":0,"Lantern":155,"CCEMRelics:WrappedPresent":134,"StoneCalendar":36,"Bag of Preparation":46,"Replay:Multitool":51,"hubris:EmptyBottle":0,"Smiling Mask":15,"Pet Ghost":41,"Burning Blood":42,"Replay:Rubber Ducky":60,"Matryoshka":63,"Shovel":175,"hubris:FunFungus":134,"Chemical X":84,"aspiration:FutureDiary":9,"CCEMRelics:PaperClip":42,"CCEMRelics:JestersCrown":65,"Ring of the Snake":0,"aspiration:ChemicalBlood":76,"hubris:GlazedTorus":108,"aspiration:VileToxins":55,"Lee\u0027s Waffle":167,"NeowsBlessing":53,"hubris:64BitClover":13,"PreservedInsect":51,"The Courier":175,"beaked:SacredNecklace":100,"hubris:Towel":11,"MawBank":125,"hubris:Spice":0,"Ornamental Fan":142,"CCEMRelics:FryingPan":133,"Durian":21,"Bottled Lightning":171,"hubris:BottledRain":157,"Calipers":42,"hubris:CrystalStatue":150,"Vajra":27,"HoveringKite":67,"hubris:VirtuousBlindfold":100,"aspiration:Stabinomicon":70,"Lizard Tail":64,"Centennial Puzzle":149,"HornCleat":121,"FaceOfCleric":110,"DollysMirror":36,"Strawberry":71,"Honey Jar":122,"Philosopher\u0027s Stone":166,"Iron Hammer":85,"Toxic Egg 2":49,"Byrd Skull":157,"Ring of Hypnosis":18,"Happy Flower":42,"hubris:DuctTape":82,"aspiration:Nostalgia":42,"ReplayTheSpireMod:CursedCoin":55,"Replay:Grab Bag":100,"Oddly Smooth Stone":83,"aspiration:SeaSaltIceCream":42,"War Paint":76,"aspiration:HiddenCompartment":175,"hubris:Zylophone":21,"Replay:Baseball":62,"Bronze Scales":174,"Onion Ring":46,"Molten Egg 2":124,"hubris:PeanutButter":131,"Simple Rune":161,"ReplayTheSpireMod:TigerMarble":82,"Grinning Jar":177,"Mirror":29,"aspiration:HatOfInfinitePower":117,"NlothsMask":27,"ReplayFunnel":64,"Iron Core":76,"beaked:ShinyBauble":171,"Enchiridion":139,"Mango":108,"Snake Skull":21,"Juzu Bracelet":16,"Incense Burner":134,"Dream Catcher":0,"Replay:Bandana":11,"hubris:Icosahedron":69,"Chameleon Ring":84,"Gambling Chip":72,"Pantograph":157,"Red Mask":25,"Gremlin Food":5,"CCEMRelics:Barrel":56,"Quantum Egg":86,"aspiration:HummingbirdHeart":171,"White Beast Statue":157,"CCEMRelics:SpiritsEdge":84,"Calling Bell":175,"Anchor":21,"CaptainsWheel":93,"Ring of Fury":18,"ChewingGum":31,"aspiration:KaomsHeart":101,"hubris:BundleOfHerbs":21,"Snack Pack":21,"hubris:GrandSneckoEye":74,"Bag of Marbles":99,"Membership Card":157,"FossilizedHelix":34,"hubris:AncientText":97},{"TwistedFunnel":0,"Replay:Accelerometer":218,"CCEMRelics:PorcelainBowl":784,"Spirit Poop":409,"Whetstone":52,"hubris:MysteriousPyramids":480,"Boot":214,"Old Coin":66,"Blood Vial":35,"Replay:Ringing Soul":126,"hubris:AstralHammer":402,"Replay:Bronze Core":418,"beaked:SacredDeck":81,"CCEMRelics:DissonantTune":556,"MealTicket":350,"CCEMRelics:Sandal":521,"Fusion Hammer":663,"Replay:Wax Seal":384,"MerchantsRug":402,"hubris:SphereOfDissonance":126,"Eternal Feather":430,"Paper Crane":61,"CCEMRelics:FestiveHat":243,"hubris:TenFootPole":35,"Kintsugi":444,"hubris:Reverence":241,"Regal Pillow":0,"Lantern":717,"CCEMRelics:WrappedPresent":594,"StoneCalendar":126,"Bag of Preparation":168,"Replay:Multitool":199,"hubris:EmptyBottle":0,"Smiling Mask":46,"Pet Ghost":150,"Burning Blood":156,"Replay:Rubber Ducky":237,"Matryoshka":242,"Shovel":822,"hubris:FunFungus":594,"Chemical X":402,"aspiration:FutureDiary":26,"CCEMRelics:PaperClip":156,"CCEMRelics:JestersCrown":260,"Ring of the Snake":0,"aspiration:ChemicalBlood":338,"hubris:GlazedTorus":480,"aspiration:VileToxins":210,"Lee\u0027s Waffle":784,"NeowsBlessing":208,"hubris:64BitClover":38,"PreservedInsect":199,"The Courier":822,"beaked:SacredNecklace":444,"hubris:Towel":31,"MawBank":554,"hubris:Spice":0,"Ornamental Fan":642,"CCEMRelics:FryingPan":588,"Durian":69,"Bottled Lightning":802,"hubris:BottledRain":734,"Calipers":156,"hubris:CrystalStatue":695,"Vajra":88,"HoveringKite":281,"hubris:VirtuousBlindfold":444,"aspiration:Stabinomicon":298,"Lizard Tail":243,"Centennial Puzzle":688,"HornCleat":535,"FaceOfCleric":489,"DollysMirror":126,"Strawberry":304,"Honey Jar":540,"Philosopher\u0027s Stone":781,"Iron Hammer":404,"Toxic Egg 2":179,"Byrd Skull":734,"Ring of Hypnosis":61,"Happy Flower":156,"hubris:DuctTape":384,"aspiration:Nostalgia":156,"ReplayTheSpireMod:CursedCoin":210,"Replay:Grab Bag":444,"Oddly Smooth Stone":392,"aspiration:SeaSaltIceCream":156,"War Paint":338,"aspiration:HiddenCompartment":822,"hubris:Zylophone":69,"Replay:Baseball":241,"Bronze Scales":814,"Onion Ring":168,"Molten Egg 2":549,"hubris:PeanutButter":580,"Simple Rune":748,"ReplayTheSpireMod:TigerMarble":384,"Grinning Jar":834,"Mirror":96,"aspiration:HatOfInfinitePower":521,"NlothsMask":88,"ReplayFunnel":243,"Iron Core":338,"beaked:ShinyBauble":802,"Enchiridion":624,"Mango":480,"Snake Skull":69,"Juzu Bracelet":52,"Incense Burner":594,"Dream Catcher":0,"Replay:Bandana":31,"hubris:Icosahedron":292,"Chameleon Ring":402,"Gambling Chip":311,"Pantograph":734,"Red Mask":84,"Gremlin Food":10,"CCEMRelics:Barrel":211,"Quantum Egg":406,"aspiration:HummingbirdHeart":802,"White Beast Statue":734,"CCEMRelics:SpiritsEdge":402,"Calling Bell":822,"Anchor":69,"CaptainsWheel":423,"Ring of Fury":61,"ChewingGum":105,"aspiration:KaomsHeart":446,"hubris:BundleOfHerbs":69,"Snack Pack":69,"hubris:GrandSneckoEye":331,"Bag of Marbles":438,"Membership Card":734,"FossilizedHelix":114,"hubris:AncientText":433}],"Ring of the Snake":[101]},"card_choices":[{"not_picked":["hubris:SlightOfHand","Dagger Throw"],"picked":"Setup","floor":1},{"not_picked":["Outmaneuver","Acrobatics"],"picked":"Footwork","floor":2},{"not_picked":["hubris:Sniper","Accuracy"],"picked":"Backflip","floor":5},{"not_picked":["Bane","Quick Slash","Underhanded Strike"],"picked":"SKIP","floor":7},{"not_picked":["Sucker Punch","Hidden Blade","Blade Dance"],"picked":"SKIP","floor":11},{"not_picked":["Prepared","Acrobatics"],"picked":"Replay:Bag of Tricks","floor":12},{"not_picked":["Underhanded Strike","hubris:TrickCloak","Reflex"],"picked":"SKIP","floor":13},{"not_picked":["Hidden Blade","Poisoned Stab","PiercingWail"],"picked":"SKIP","floor":14},{"not_picked":["Unload","Night Terror"],"picked":"Poison Darts","floor":16},{"not_picked":["Outmaneuver","Dodge and Roll"],"picked":"Poisoned Stab","floor":18},{"not_picked":["Sucker Punch","Blade Dance+1","Slice+1"],"picked":"SKIP","floor":21},{"not_picked":["Riddle With Holes","Hidden Blade","Acrobatics+1"],"picked":"SKIP","floor":22},{"not_picked":["Acrobatics+1","Grand Finale"],"picked":"Poisoned Stab","floor":24},{"not_picked":["PiercingWail+1","Backflip","Deadly Poison"],"picked":"SKIP","floor":27},{"not_picked":["Quick Slash","Well Laid Plans","Underhanded Strike"],"picked":"SKIP","floor":29},{"not_picked":["Blade Dance+1","Dagger Spray"],"picked":"Doppelganger","floor":30},{"not_picked":["Sucker Punch","Blade Dance","Poisoned Stab"],"picked":"SKIP","floor":31},{"not_picked":["Storm of Steel","Night Terror"],"picked":"Venomology","floor":33},{"not_picked":["Finisher+1","Choke+1"],"picked":"Skewer+1","floor":35},{"not_picked":["ReplayTheSpireMod:Tripwire","Skewer+1"],"picked":"Footwork+1","floor":41},{"not_picked":["Distraction+1","Infinite Blades+1"],"picked":"Outmaneuver+1","floor":42}],"player_experience":487518,"relics_obtained":[{"floor":7,"key":"Simple Rune"},{"floor":9,"key":"Whetstone"},{"floor":13,"key":"Juzu Bracelet"},{"floor":24,"key":"Snake Skull"},{"floor":26,"key":"Old Coin"},{"floor":27,"key":"aspiration:HummingbirdHeart"},{"floor":29,"key":"hubris:BundleOfHerbs"},{"floor":32,"key":"Bronze Scales"},{"floor":34,"key":"aspiration:HiddenCompartment"},{"floor":34,"key":"The Courier"},{"floor":34,"key":"Shovel"},{"floor":41,"key":"Grinning Jar"}],"event_choices":[{"damage_healed":0,"gold_gain":0,"player_choice":"2 cards matched","damage_taken":0,"max_hp_gain":0,"max_hp_loss":0,"event_name":"Match and Keep!","floor":4,"gold_loss":0,"cards_obtained":["Acrobatics","Neutralize"]},{"damage_healed":17,"gold_gain":0,"player_choice":"Healed","damage_taken":0,"max_hp_gain":0,"max_hp_loss":0,"event_name":"The Cleric","floor":8,"gold_loss":35},{"damage_healed":0,"gold_gain":0,"player_choice":"Ignored","damage_taken":0,"max_hp_gain":0,"max_hp_loss":0,"event_name":"Ghosts","floor":20,"gold_loss":0},{"damage_healed":0,"gold_gain":0,"player_choice":"Ignored","damage_taken":0,"max_hp_gain":0,"max_hp_loss":0,"event_name":"Tomb of Lord Red Mask","floor":36,"gold_loss":0},{"damage_healed":0,"gold_gain":0,"player_choice":"Cursed","damage_taken":0,"max_hp_gain":0,"max_hp_loss":0,"event_name":"Wheel of Change","floor":37,"gold_loss":0,"cards_obtained":["Decay"]},{"damage_healed":0,"gold_gain":0,"player_choice":"Embrace Madness","damage_taken":11,"max_hp_gain":0,"max_hp_loss":0,"event_name":"Winding Halls","floor":39,"gold_loss":0,"cards_obtained":["Madness","Madness"]}],"is_beta":false,"boss_relics":[{"not_picked":["beaked:SacredDeck","Kintsugi"],"picked":"Philosopher\u0027s Stone"},{"not_picked":["hubris:BlackHole","SacredBark"],"picked":"Calling Bell"}],"items_purged_floors":[19,28],"is_endless":false,"potions_floor_spawned":[1,2,5,7,11,12,13,14,16,18,21,22,24,27,29,30,31,33,35,41,42],"killed_by":"Reptomancer","ascension_level":11}}