{"host":"51fyd6gkml7xavq8","time":1611092951,"event":{"mods":["BaseMod","BetterRewards","Colored Map","Energized Spire","Infinite Spire","Minty Spire (QoL Compilation)","Replay The Spire","Shop Mod","Spicy Shops","StSLib","The Blue Laboratory","[IsaacMod]????"],"gold_per_floor":[133,147,254,266,294,294,324,28,52,52,68,68,98,23,23,30,30],"floor_reached":16,"language":"ENG","playtime":769,"items_purged":["Dualcast"],"score":153,"play_id":"d913adf2-db69-4975-8406-8410ad1cde72","local_time":"20210119184911","is_ascension_mode":true,"campfire_choices":[{"data":"ReplayTheSpireMod:Calculation Training","floor":6,"key":"SMITH"},{"data":"Zap","floor":12,"key":"SMITH"},{"data":"BettingIsNotGood","floor":15,"key":"SMITH"}],"circlet_count":0,"master_deck":["AscendersBane","Strike_B","Strike_B","Strike_B","Strike_B","Defend_B","Defend_B","Defend_B","Defend_B","Zap+1","BettingIsNotGood+1","Core Surge","ReplayTheSpireMod:Calculation Training+1"],"relics":["Cracked Core","HushsDoor","PillsDrop","Replay:Lucky Slots","MerchantsRug","TheBean","infinitespire:Satchel","ReplayTheSpireMod:TigerMarble"],"acts_visited":["Exordium"],"potions_floor_usage":[2,13],"damage_taken":[{"damage":1.0,"enemies":"Cultist","floor":1.0,"turns":4.0},{"damage":9,"enemies":"Small Slimes","floor":2,"turns":3},{"damage":11,"enemies":"2 Louse","floor":4,"turns":3},{"damage":8,"enemies":"Blue Slaver","floor":5,"turns":3},{"damage":8,"enemies":"Red Slaver","floor":7,"turns":3},{"damage":2,"enemies":"Exordium Thugs","floor":11,"turns":2},{"damage":15,"enemies":"Lagavulin","floor":13,"turns":5},{"damage":59,"enemies":"Fading Forest","floor":16,"turns":5}],"seed_played":"7318762873863888796","potions_obtained":[{"floor":1.0,"key":"blueLaboratory:HorrorPotion"},{"floor":11,"key":"DistilledChaos"}],"is_trial":false,"path_per_floor":["M","M","?","M","M","R","M","$","T","$","M","R","E","$","R","B"],"character_chosen":"DEFECT","items_purchased":["Replay:Lucky Slots","MerchantsRug","TheBean"],"campfire_rested":0,"item_purchase_floors":[0,8,8],"current_hp_per_floor":[67,58,40,29,21,21,16,16,16,16,14,14,4,4,4,0,0],"gold":30,"neow_bonus":"","is_daily":false,"chose_seed":false,"campfire_upgraded":3,"win_rate":0.0,"timestamp":1611092951,"path_taken":["M","?","?","?","M","R","M","$","T","$","M","R","E","?","R","BOSS"],"items_purchased_type":["Relic","Relic","Relic"],"build_version":"2020-12-22","purchased_purges":1,"victory":false,"max_hp_per_floor":[75,75,75,75,75,75,78,78,78,78,78,78,78,78,78,78,78],"card_choices":[{"not_picked":[],"picked":"BettingIsNotGood","floor":0.0},{"not_picked":["Go for the Eyes","Stack"],"picked":"Core Surge","floor":1.0},{"not_picked":["Hello World","Gash","Biased Cognition"],"picked":"SKIP","floor":2},{"not_picked":["ReplaySolidLightProjector","ReplayTheSpireMod:Repulse"],"picked":"ReplayTheSpireMod:Calculation Training","floor":3},{"not_picked":["Leap","Cold Snap","ReplaySolidLightProjector"],"picked":"SKIP","floor":4},{"not_picked":["Gash","Force Field","Cancel"],"picked":"SKIP","floor":5},{"not_picked":["Leap","ReplayTheSpireMod:System Scan","Beam Cell"],"picked":"SKIP","floor":7},{"not_picked":["Stack","Sweeping Beam","Fan"],"picked":"SKIP","floor":11},{"not_picked":["Turbo","Aggregate","Panic Button"],"picked":"SKIP","floor":13}],"player_experience":653359,"relics_obtained":[{"floor":9,"key":"infinitespire:Satchel"},{"floor":13,"key":"ReplayTheSpireMod:TigerMarble"}],"event_choices":[],"is_beta":false,"boss_relics":[],"items_purged_floors":[14],"is_endless":false,"potions_floor_spawned":[1,11],"killed_by":"Fading Forest","ascension_level":10}}