{"host":"rbccvrvdyhsypb23","time":1611096734,"event":{"mods":["AchievementEnabler","Act Like it!","Arknights The Spire","Aspiration","BaseMod","Better Third Choice","BetterRewards","Fox Events","Friendly Minions","Gensokyo","Hubris","Infinite Spire","Ironclad Rager","KomeijiMod","Minty Spire (QoL Compilation)","Replay The Spire","Shade Mod","StSLib","The Blackbeard","The Marked","The Mystic","Wandering Minibosses","vexMod"],"gold_per_floor":[117,135,152,140,159,188,188,188,188,216,231,217,231,249,249,350,350,427,440,458,458,476,344,363,363,363,379,379,389,389,400,400,477,477,477,527,546,546,565,596,607,607,630,650,650,650,677,697,697,796,796,799,802,800,775,775,771,771,335,335,335,34,58,56,61,61,415,415,418,413,413,413,407,410,410,410,436,644,644,645,653,653,653,710,710,702,704,696,665,665,655,646,646,672,656,656,656,658,652,652,698,698,697,697,777,777,822,822,822,822,868,887,899,899,927,927,927,1017,1017,1030,1028,1054,1069,1069,1089,1084,1101,1127,1159,1159,1177,1177,1192,1192,1287,1287,1294,1308,1308,1322,1322,1169,1186,1186,1186,1186,1186,1218,1260,1259,1259,1356,1356,1356,999,1024,1073],"floor_reached":158,"language":"ENG","playtime":9113,"items_purged":["theMarked:BanishingStrike"],"score":5603,"play_id":"532bc28d-d2f9-4031-b01a-4fc433ad390e","local_time":"20210120015214","is_ascension_mode":true,"campfire_choices":[{"data":"theMarked:Seal","floor":7.0,"key":"SMITH"},{"data":"theMarked:WardOff","floor":15.0,"key":"SMITH"},{"data":"Pot Of Greed","floor":28.0,"key":"SMITH"},{"data":"infinitespire:TheBestDefense","floor":32.0,"key":"SMITH"},{"data":"Pot Of Greed","floor":42.0,"key":"SMITH"},{"data":"theMarked:Levitate","floor":45.0,"key":"SMITH"},{"data":"Pot Of Greed","floor":58,"key":"SMITH"},{"floor":66,"key":"DIG"},{"data":"theMarked:Levitate","floor":76,"key":"SMITH"},{"data":"ReplayTheSpireMod:Echoes of Time","floor":93,"key":"SMITH"},{"data":"Pot Of Greed","floor":96,"key":"SMITH"},{"data":"theMarked:EmpowerWeapon","floor":100,"key":"SMITH"},{"data":"infinitespire:Fortify","floor":108,"key":"SMITH"},{"data":"hubris:InfiniteBlow+361","floor":110,"key":"SMITH"},{"data":"hubris:InfiniteBlow+362","floor":114,"key":"SMITH"},{"data":"hubris:InfiniteBlow+363","floor":117,"key":"SMITH"},{"data":"theMarked:EternalStudent","floor":130,"key":"SMITH"},{"data":"hubris:InfiniteBlow+365","floor":132,"key":"SMITH"},{"data":"hubris:InfiniteBlow+366","floor":134,"key":"SMITH"},{"data":"hubris:InfiniteBlow+367","floor":144,"key":"SMITH"},{"data":"hubris:InfiniteBlow+368","floor":147,"key":"SMITH"},{"data":"hubris:InfiniteBlow+369","floor":151,"key":"SMITH"},{"data":"hubris:InfiniteBlow+370","floor":154,"key":"SMITH"}],"circlet_count":0,"master_deck":["theMarked:Strike","theMarked:Strike","theMarked:Strike","theMarked:Strike","theMarked:Defend","theMarked:Defend","theMarked:Defend","theMarked:Defend","theMarked:SoldierOfQuellstein","Pot Of Greed+1","theMarked:WardOff+1","theMarked:WardOff","Pot Of Greed+1","theMarked:SwordAndMagic","theMarked:Seal+1","theMarked:Abjuration+1","theMarked:ResourceFulStrike","theMarked:ReduceFriction","theMarked:StartUp","theMarked:BindingBlade+1","theMarked:ElementalBlade","infinitespire:TheBestDefense+1","Pot Of Greed+1","theMarked:Levitate+1","theMarked:EmpowerWeapon+1","theMarked:MysticalArsenal+1","theMarked:EternalStudent+1","theMarked:Levitate+1","Gensokyo:ShootingStar","ReplayTheSpireMod:Echoes of Time+1","Pot Of Greed+1","Gensokyo:RisingWorld+1","hubris:InfiniteBlow+371","infinitespire:Fortify+1","vexMod:StairwayStrike"],"relics":["theMarked:ArtifactOfAir","Mango","Oddly Smooth Stone","Grinning Jar","Replay:Wax Seal","Happy Flower","hubris:BundleOfHerbs","vexMod:DeviousBotling","wanderingMiniBosses:ThiefScarf","ClockworkSouvenir","Torii","vexMod:TanglingVine","aspiration:DSix","SacredBark","Gensokyo:Companionship","infinitespire:Joker Card","aspiration:Lifesprig","hubris:TenFootPole","hubris:ToyBattleship","Black Star","wanderingMiniBosses:AbyssPearl","Simple Rune","Vajra","Calipers","Membership Card","Sundial","vexMod:Spyglass","Pen Nib","Replay:Baseball","Busted Crown","hubris:Towel","aspiration:SeaSaltIceCream","wanderingMiniBosses:CarrionFlame","CaptainsWheel","Dream Catcher","hubris:64BitClover","Gremlin Horn","Replay:Kaleidoscope","Pear","Gensokyo:RedStar","SlaversCollar","Tiny Chest","Boot","infinitespire:Lucky Rock","infinitespire:Beetle Shell","theMarked:Gun","Onion Ring","aspiration:RandomNobGenerator","hubris:SlimyHat","Blue Doll","aspiration:HatOfInfinitePower","ReplayFunnel","Bronze Scales","Juzu Bracelet","hubris:TerracottaHorce","Centennial Puzzle","PreservedInsect","Red Mask","Bag of Marbles","Ice Cream","Shuriken","Bag of Preparation","Whetstone","theMarked:SecretDocuments","HornCleat","hubris:Metronome","theMarked:NailFile","vexMod:BigBerry","InkBottle","aspiration:AnachronicSnailShell","vexMod:FocusSash","vexMod:ScavengeHelm","vexMod:HeadHunter","Mummified Hand","KyoryuNoHagoromo","Incense Burner","aspiration:IroncladSkillbook","PrismaticShard","Replay:WaspNest","infinitespire:BottledMercury","theMarked:DemonDagger","Lantern"],"acts_visited":["Exordium","Exordium","TheBeyond","TheBeyond","Gensokyo:Gensokyo","Gensokyo:Gensokyoer","Gensokyo:Gensokyoest","TheCity","TheBeyond","TheEnding"],"potions_floor_usage":[57,73,101,101],"damage_taken":[{"damage":0.0,"enemies":"Small Slimes","floor":1.0,"turns":4.0},{"damage":0.0,"enemies":"Cultist","floor":2.0,"turns":4.0},{"damage":2.0,"enemies":"Jaw Worm","floor":3.0,"turns":3.0},{"damage":7.0,"enemies":"Looter","floor":4.0,"turns":6.0},{"damage":0.0,"enemies":"Lots of Slimes","floor":5.0,"turns":4.0},{"damage":0.0,"enemies":"Gremlin Nob","floor":6.0,"turns":2.0},{"damage":12.0,"enemies":"3 Sentries","floor":10.0,"turns":8.0},{"damage":0.0,"enemies":"Exordium Thugs","floor":11.0,"turns":2.0},{"damage":7.0,"enemies":"3 Louse","floor":12.0,"turns":7.0},{"damage":0.0,"enemies":"2 Fungi Beasts","floor":13.0,"turns":3.0},{"damage":0.0,"enemies":"Exordium Wildlife","floor":14.0,"turns":2.0},{"damage":30.0,"enemies":"Fading Forest","floor":16.0,"turns":11.0},{"damage":10.0,"enemies":"Gensokyo:Chomper","floor":18.0,"turns":4.0},{"damage":1.0,"enemies":"Gensokyo:CosmicMonolith","floor":19.0,"turns":3.0},{"damage":0.0,"enemies":"Gensokyo:Wraith","floor":20.0,"turns":2.0},{"damage":2.0,"enemies":"Gensokyo:Monolith_and_Dog","floor":22.0,"turns":2.0},{"damage":0.0,"enemies":"Gensokyo:3_Gloops","floor":24.0,"turns":2.0},{"damage":0.0,"enemies":"Gensokyo:Slime_Group","floor":27.0,"turns":2.0},{"damage":3.0,"enemies":"Gensokyo:Wraith","floor":29.0,"turns":2.0},{"damage":2.0,"enemies":"Gensokyo:Mirror_and_Dog","floor":30.0,"turns":3.0},{"damage":4.0,"enemies":"Gensokyo:Monolith_and_Dog","floor":31.0,"turns":4.0},{"damage":37.0,"enemies":"Gensokyo:Eternal_Rivals","floor":33.0,"turns":9.0},{"damage":3.0,"enemies":"3 Darklings","floor":35.0,"turns":5.0},{"damage":0.0,"enemies":"Mind Bloom Boss Battle","floor":36.0,"turns":3.0},{"damage":2.0,"enemies":"3 Shapes","floor":37.0,"turns":3.0},{"damage":0.0,"enemies":"Spire Growth","floor":39.0,"turns":3.0},{"damage":14.0,"enemies":"Nightmare","floor":40.0,"turns":8.0},{"damage":8.0,"enemies":"Jaw Worm Horde","floor":41.0,"turns":3.0},{"damage":0.0,"enemies":"Maw","floor":44.0,"turns":4.0},{"damage":8.0,"enemies":"R_Hoarder","floor":47.0,"turns":5.0},{"damage":1.0,"enemies":"Sphere and 2 Shapes","floor":48.0,"turns":3.0},{"damage":31.0,"enemies":"Time Eater","floor":50.0,"turns":7.0},{"damage":0.0,"enemies":"Gensokyo:3_Fairies","floor":52.0,"turns":2.0},{"damage":0.0,"enemies":"Gensokyo:Gryphon","floor":53.0,"turns":1.0},{"damage":0.0,"enemies":"Gensokyo:Python","floor":54.0,"turns":2.0},{"damage":0,"enemies":"Gensokyo:Cirno","floor":57,"turns":6},{"damage":1,"enemies":"Gensokyo:2_Rabbits","floor":64,"turns":2},{"damage":0,"enemies":"Gensokyo:3_Kodama","floor":65,"turns":2},{"damage":2,"enemies":"Gensokyo:Reimu","floor":67,"turns":4},{"damage":0,"enemies":"Gensokyo:CosmicMonolith","floor":69,"turns":2},{"damage":1,"enemies":"Gensokyo:3_Dogs","floor":70,"turns":3},{"damage":28,"enemies":"Gensokyo:Swordslinger","floor":73,"turns":3},{"damage":0,"enemies":"Gensokyo:Reisen","floor":74,"turns":3},{"damage":0,"enemies":"Gensokyo:Koishi","floor":78,"turns":2},{"damage":10,"enemies":"Gensokyo:Monolith_and_Dog","floor":80,"turns":2},{"damage":9,"enemies":"Gensokyo:Reisen","floor":81,"turns":3},{"damage":0,"enemies":"Gensokyo:Kaguya","floor":84,"turns":3},{"damage":0,"enemies":"Gensokyo:AncientGuardian","floor":86,"turns":2},{"damage":0,"enemies":"Gensokyo:3_Bats","floor":87,"turns":2},{"damage":0,"enemies":"Gensokyo:SeedOfUnknown","floor":88,"turns":2},{"damage":8,"enemies":"Gensokyo:SeedOfUnknown","floor":89,"turns":4},{"damage":3,"enemies":"Gensokyo:Doremy","floor":91,"turns":4},{"damage":0,"enemies":"Gensokyo:3_Boulders","floor":92,"turns":1},{"damage":11,"enemies":"Gensokyo:Sharpion","floor":95,"turns":2},{"damage":0,"enemies":"Gensokyo:AtlasGolem","floor":98,"turns":2},{"damage":36,"enemies":"Gensokyo:Marisa","floor":99,"turns":3},{"damage":0,"enemies":"Gensokyo:Scarlet_Devils","floor":101,"turns":4},{"damage":0,"enemies":"Gensokyo:Gryphon","floor":103,"turns":1},{"damage":0,"enemies":"Gensokyo:2_Kodama","floor":112,"turns":1},{"damage":0,"enemies":"Gensokyo:Cirno","floor":113,"turns":4},{"damage":0,"enemies":"Gensokyo:Aya","floor":115,"turns":1},{"damage":0,"enemies":"Gensokyo:3_Fairies","floor":116,"turns":2},{"damage":0,"enemies":"Gensokyo:Reimu","floor":118,"turns":1},{"damage":0,"enemies":"Spheric Guardian","floor":120,"turns":1},{"damage":0,"enemies":"Chosen","floor":121,"turns":2},{"damage":0,"enemies":"Masked Bandits","floor":123,"turns":2},{"damage":0,"enemies":"Slavers","floor":125,"turns":1},{"damage":0,"enemies":"Centurion and Healer","floor":126,"turns":2},{"damage":0,"enemies":"Replay:Snechameleon","floor":127,"turns":2},{"damage":0,"enemies":"Slavers","floor":129,"turns":1},{"damage":0,"enemies":"Nightmare","floor":131,"turns":1},{"damage":0,"enemies":"Chosen and Byrds","floor":133,"turns":1},{"damage":0,"enemies":"Automaton","floor":135,"turns":1},{"damage":0,"enemies":"3 Darklings","floor":137,"turns":1},{"damage":0,"enemies":"3 Shapes","floor":138,"turns":1},{"damage":0,"enemies":"Maw","floor":140,"turns":1},{"damage":0,"enemies":"Reptomancer","floor":143,"turns":1},{"damage":0,"enemies":"3 Darklings","floor":146,"turns":1},{"damage":0,"enemies":"R_Hoarder","floor":148,"turns":1},{"damage":0,"enemies":"Mind Bloom Boss Battle","floor":149,"turns":1},{"damage":0,"enemies":"Writhing Mass","floor":150,"turns":1},{"damage":0,"enemies":"infinitespire:LordOfFortification","floor":152,"turns":1},{"damage":0,"enemies":"Shield and Spear","floor":156,"turns":1},{"damage":4,"enemies":"The Heart","floor":157,"turns":6}],"seed_played":"-8782357799551104524","potions_obtained":[{"floor":1.0,"key":"Flashbang"},{"floor":3.0,"key":"Energy Potion"},{"floor":11.0,"key":"Weak Potion"},{"floor":12.0,"key":"Swift Potion"},{"floor":13.0,"key":"SteroidPotion"},{"floor":16.0,"key":"GamblersBrew"},{"floor":19.0,"key":"Weak Potion"},{"floor":30.0,"key":"Energy Potion"},{"floor":39.0,"key":"UndeadPotion"},{"floor":40.0,"key":"Languid Potion"},{"floor":41.0,"key":"BlessingOfTheForge"},{"floor":44.0,"key":"Energy Potion"},{"floor":52.0,"key":"Energy Potion"},{"floor":69,"key":"Regen Potion"},{"floor":98,"key":"SkillPotion"}],"is_trial":false,"path_per_floor":["M","M","M","M","M","E","R","?","T","E","M","M","M","M","R","B",null,"M","M","M","AVR","M","COS","M","?","T","M","R","M","M","M","R","B",null,"M","?","M","?","M","NM","M","R","T","M","R","?","E","M","R","B",null,"M","M","M","?","?","E","R","$","T","?","COS","T","M","M","R","B",null,"M","M","?","?","M","E","AVR","R","T","E","?","M","E","?","R","B",null,"M","M","M","?","T","E","M","R","T","M","R","?","M","E","R","B",null,"M","AVR","?","?","T","R","?","R","T","M","E","R","E","M","R","B",null,"M","M","T","?","?","E","M","E","T","E","R","NM","R","M","R","B",null,"M","M","AVR","M","?","$","E","R","T","M","R","E","?","M","R","B",null,"R","$","E","B",null],"character_chosen":"THE_DEFAULT","items_purchased":["Oddly Smooth Stone","ClockworkSouvenir","Grinning Jar","Replay:Wax Seal","theMarked:WardOff","Calipers","Membership Card","aspiration:AnachronicSnailShell","PrismaticShard","Replay:WaspNest","infinitespire:BottledMercury"],"campfire_rested":0,"item_purchase_floors":[0,0,0,0,0,59,59,142,155,155,155],"current_hp_per_floor":[84,84,82,75,75,75,75,75,75,69,69,62,62,62,62,42,84,74,73,73,73,71,71,71,71,71,71,71,68,66,62,62,45,87,84,84,82,82,82,74,66,66,66,66,66,66,58,57,57,26,87,87,87,87,87,87,87,87,87,87,87,87,87,86,86,86,84,87,87,86,86,86,60,60,60,60,60,60,69,59,60,60,60,97,97,97,97,97,97,103,100,100,100,100,89,89,99,99,63,63,103,103,103,103,103,90,90,90,100,100,100,100,100,100,100,100,100,100,110,110,110,110,112,113,113,113,113,113,113,113,113,113,113,113,113,143,143,143,143,143,143,143,143,143,143,143,143,143,143,143,143,143,143,143,143,143,143],"gold":1073,"neow_bonus":"","is_daily":false,"chose_seed":false,"campfire_upgraded":22,"win_rate":0.0,"timestamp":1611096734,"path_taken":["M","M","M","M","M","E","R","?","T","E","M","M","M","M","R","BOSS","M","M","M","AVR","M","COS","?","?","T","M","R","M","M","M","R","BOSS","M","?","M","?","?","NM","M","R","T","M","R","?","E","M","R","BOSS","M","M","M","?","?","E","R","?","T","?","COS","?","M","M","R","BOSS","M","?","?","?","M","E","AVR","R","T","E","?","M","E","?","R","BOSS","M","?","M","?","?","E","M","R","T","M","R","?","M","E","R","BOSS","M","AVR","?","?","?","R","?","R","T","M","E","R","E","M","R","BOSS","M","M","?","?","?","E","M","E","T","E","R","NM","R","M","R","BOSS","M","M","AVR","M","?","?","E","R","T","?","R","E","?","M","R","BOSS","R","$","E","BOSS"],"items_purchased_type":["Relic","Relic","Relic","Relic","Card","Relic","Relic","Relic","Relic","Relic","Relic"],"build_version":"2020-12-22","purchased_purges":1,"victory":true,"max_hp_per_floor":[84,84,84,84,84,84,84,84,84,84,84,84,84,84,84,84,84,84,84,84,84,84,84,84,84,84,84,84,84,84,84,84,87,87,87,87,87,87,87,87,87,87,87,87,87,87,87,87,87,87,87,87,87,87,87,87,87,87,87,87,87,87,87,87,87,87,87,87,87,87,87,87,87,87,87,87,87,87,87,87,97,97,97,97,97,97,97,97,97,103,103,103,103,103,103,103,103,103,103,103,103,103,103,103,103,103,103,103,113,113,113,113,113,113,113,113,113,113,113,113,113,113,113,113,113,113,113,113,113,113,113,113,113,113,113,143,143,143,143,143,143,143,143,143,143,143,143,143,143,143,143,143,143,143,143,143,143],"card_choices":[{"not_picked":["theMarked:EnhanceMovement","theMarked:Static","theMarked:MaelstromOfLightning"],"picked":"SKIP","floor":1.0},{"not_picked":["theMarked:Aftermath","theMarked:ElectricStrings"],"picked":"theMarked:SwordAndMagic","floor":2.0},{"not_picked":["theMarked:TunnelVision","theMarked:Parkour","theMarked:RepellingDischarge"],"picked":"SKIP","floor":3.0},{"not_picked":["theMarked:Reabsorb","theMarked:EmpowerWeapon"],"picked":"theMarked:Seal","floor":4.0},{"not_picked":["theMarked:Electrocute","theMarked:ContemptForTheProud"],"picked":"theMarked:Abjuration","floor":5.0},{"not_picked":["theMarked:CreepingChasm","theMarked:Parkour"],"picked":"theMarked:ResourceFulStrike","floor":6.0},{"not_picked":["theMarked:Static","theMarked:Parkour"],"picked":"theMarked:BanishingStrike","floor":10.0},{"not_picked":["theMarked:Panic","theMarked:WastefulDefense","theMarked:Static"],"picked":"SKIP","floor":11.0},{"not_picked":["theMarked:Overthink","theMarked:CreepingChasm"],"picked":"theMarked:ReduceFriction","floor":12.0},{"not_picked":["theMarked:WastefulAttack","theMarked:TakeCover","theMarked:HeightenedSenses"],"picked":"SKIP","floor":13.0},{"not_picked":["theMarked:Parkour","theMarked:RepellingDischarge"],"picked":"theMarked:StartUp","floor":14.0},{"not_picked":["theMarked:DispelDoubt","theMarked:Abjuration"],"picked":"theMarked:BindingBlade","floor":16.0},{"not_picked":["theMarked:Parkour","theMarked:Static+1","theMarked:WardOff"],"picked":"SKIP","floor":18.0},{"not_picked":["theMarked:EmpowerWeapon","theMarked:PowerFlow"],"picked":"theMarked:ElementalBlade","floor":19.0},{"not_picked":["theMarked:Improvise","theMarked:EnhanceMovement","theMarked:Standoff+1"],"picked":"SKIP","floor":20.0},{"not_picked":["theMarked:RepellingDischarge","theMarked:EmpowerWeapon","theMarked:Static+1"],"picked":"SKIP","floor":22.0},{"not_picked":["theMarked:ResourceFulStrike","theMarked:WastefulDefense+1","theMarked:RepellingDischarge+1"],"picked":"SKIP","floor":24.0},{"not_picked":["theMarked:EnhanceMovement","theMarked:Panic","theMarked:TwofoldDefense"],"picked":"SKIP","floor":27.0},{"not_picked":["theMarked:ElementalBlade","theMarked:HeightenedSenses","theMarked:ElectricStrings+1"],"picked":"SKIP","floor":29.0},{"not_picked":["theMarked:Frustration","theMarked:Snap","theMarked:AttractMetal"],"picked":"SKIP","floor":30.0},{"not_picked":["theMarked:ReduceFriction","theMarked:Static","theMarked:Frustration+1"],"picked":"SKIP","floor":31.0},{"not_picked":["theMarked:TakeOffHeels","theMarked:Defy"],"picked":"theMarked:Levitate","floor":33.0},{"not_picked":["theMarked:HeightenedSenses+1","theMarked:BanishingStrike+1","theMarked:Overthink+1"],"picked":"SKIP","floor":35.0},{"not_picked":["theMarked:Parkour+1","theMarked:GodGivenPower","theMarked:TwofoldDefense"],"picked":"SKIP","floor":37.0},{"not_picked":["theMarked:TwofoldDefense+1","theMarked:Parkour","theMarked:WastefulAttack"],"picked":"SKIP","floor":39.0},{"not_picked":["theMarked:Frustration+1","theMarked:TwofoldDefense+1","theMarked:ReduceFriction+1"],"picked":"SKIP","floor":40.0},{"not_picked":["theMarked:Frustration+1","theMarked:Improvise"],"picked":"theMarked:EmpowerWeapon","floor":41.0},{"not_picked":["theMarked:Parkour+1","theMarked:TakeOffHeels"],"picked":"theMarked:MysticalArsenal+1","floor":44.0},{"not_picked":["theMarked:Parkour","theMarked:Static","theMarked:WastefulAttack+1"],"picked":"SKIP","floor":47.0},{"not_picked":["theMarked:WardOff","theMarked:RepellingDischarge","theMarked:ElementalBlade+1"],"picked":"SKIP","floor":48.0},{"not_picked":["theMarked:MuscleMemory","theMarked:Challenge"],"picked":"theMarked:EternalStudent","floor":50.0},{"not_picked":["theMarked:SwordAndMagic","theMarked:Static","theMarked:Improvise"],"picked":"SKIP","floor":52.0},{"not_picked":["theMarked:HeightenedSenses","theMarked:WastefulDefense","theMarked:TwofoldDefense"],"picked":"SKIP","floor":53.0},{"not_picked":["theMarked:WastefulAttack","theMarked:ChainLightning"],"picked":"theMarked:Levitate","floor":54.0},{"not_picked":["theMarked:ParalyzingBlade","theMarked:KeepCalmAndFightOn","theMarked:AttractMetal"],"picked":"SKIP","floor":57},{"not_picked":["theMarked:HeightenedSenses","theMarked:TakeCover","theMarked:Static"],"picked":"SKIP","floor":64},{"not_picked":["theMarked:WardOff","theMarked:TunnelVision","theMarked:WastefulDefense"],"picked":"SKIP","floor":65},{"not_picked":["theMarked:RepellingDischarge"],"picked":"SKIP","floor":69},{"not_picked":["theMarked:Parkour"],"picked":"SKIP","floor":70},{"not_picked":["theMarked:ElementalBlade"],"picked":"SKIP","floor":73},{"not_picked":["theMarked:Generate"],"picked":"SKIP","floor":74},{"not_picked":["theMarked:ResourceFulStrike+1"],"picked":"SKIP","floor":78},{"not_picked":["theMarked:Standoff"],"picked":"SKIP","floor":80},{"not_picked":["theMarked:Frustration"],"picked":"SKIP","floor":81},{"not_picked":[],"picked":"Gensokyo:ShootingStar","floor":84},{"not_picked":["infinitespire:DeathsTouch","infinitespire:Oblivion"],"picked":"ReplayTheSpireMod:Echoes of Time","floor":85},{"not_picked":["theMarked:BanishingWave"],"picked":"SKIP","floor":86},{"not_picked":["theMarked:BanishingWave"],"picked":"SKIP","floor":86},{"not_picked":["theMarked:SwordAndMagic+1"],"picked":"SKIP","floor":87},{"not_picked":["theMarked:DeterminationOfTheMarked+1"],"picked":"SKIP","floor":88},{"not_picked":["Gensokyo:UnlikelyAid+1","Gensokyo:RainbowDanmaku+1"],"picked":"Gensokyo:RisingWorld+1","floor":89},{"not_picked":["theMarked:AttractMetal+1"],"picked":"SKIP","floor":91},{"not_picked":["theMarked:ElementalBlade+1"],"picked":"SKIP","floor":92},{"not_picked":["theMarked:ShockingTouch+1"],"picked":"SKIP","floor":95},{"not_picked":["theMarked:EmpowerWeapon"],"picked":"SKIP","floor":98},{"not_picked":["theMarked:ElectricStrings"],"picked":"SKIP","floor":99},{"not_picked":["theMarked:BanishingStrike"],"picked":"SKIP","floor":103},{"not_picked":["infinitespire:Collect","hubris:Rewind"],"picked":"infinitespire:Fortify","floor":106},{"not_picked":["theMarked:HeightenedSenses"],"picked":"SKIP","floor":112},{"not_picked":["theMarked:TwofoldDefense"],"picked":"SKIP","floor":113},{"not_picked":["theMarked:MaelstromOfLightning"],"picked":"SKIP","floor":115},{"not_picked":["theMarked:EmpowerWeapon"],"picked":"SKIP","floor":116},{"not_picked":["theMarked:Seal"],"picked":"SKIP","floor":120},{"not_picked":["theMarked:ElectricStrings"],"picked":"SKIP","floor":121},{"not_picked":["theMarked:Convert"],"picked":"SKIP","floor":125},{"not_picked":["theMarked:ContemptForTheProud"],"picked":"SKIP","floor":126},{"not_picked":["theMarked:ElementalBlade"],"picked":"SKIP","floor":127},{"not_picked":["theMarked:Improvise"],"picked":"SKIP","floor":129},{"not_picked":["theMarked:Parkour"],"picked":"SKIP","floor":131},{"not_picked":["theMarked:Overcharge"],"picked":"SKIP","floor":133},{"not_picked":["theMarked:MysticalArsenal"],"picked":"SKIP","floor":137},{"not_picked":["theMarked:Aftermath"],"picked":"SKIP","floor":138},{"not_picked":["theMarked:ChainLightning"],"picked":"SKIP","floor":140},{"not_picked":["theMarked:TakeCover+1"],"picked":"SKIP","floor":143},{"not_picked":["theMarked:WardOff+1"],"picked":"SKIP","floor":146},{"not_picked":["theMarked:TurnInvisible"],"picked":"SKIP","floor":148},{"not_picked":["theMarked:TwofoldDefense+1"],"picked":"SKIP","floor":148},{"not_picked":["theMarked:WardOff+1"],"picked":"SKIP","floor":150},{"not_picked":["theMarked:TakeOffHeels"],"picked":"SKIP","floor":156},{"not_picked":["YoungDemonLord","Dropkick"],"picked":"SKIP","floor":156},{"not_picked":["MasterReality"],"picked":"vexMod:StairwayStrike","floor":157}],"player_experience":554309,"relics_obtained":[{"floor":6.0,"key":"Happy Flower"},{"floor":9.0,"key":"hubris:BundleOfHerbs"},{"floor":10.0,"key":"Torii"},{"floor":18.0,"key":"wanderingMiniBosses:ThiefScarf"},{"floor":18.0,"key":"ClockworkSouvenir"},{"floor":18.0,"key":"Torii"},{"floor":36.0,"key":"infinitespire:Joker Card"},{"floor":40.0,"key":"aspiration:Lifesprig"},{"floor":43.0,"key":"hubris:TenFootPole"},{"floor":47.0,"key":"hubris:ToyBattleship"},{"floor":57,"key":"Simple Rune"},{"floor":57,"key":"Vajra"},{"floor":60,"key":"Sundial"},{"floor":63,"key":"Pen Nib"},{"floor":66,"key":"Replay:Baseball"},{"floor":74,"key":"aspiration:SeaSaltIceCream"},{"floor":74,"key":"CaptainsWheel"},{"floor":77,"key":"Dream Catcher"},{"floor":78,"key":"hubris:64BitClover"},{"floor":78,"key":"Gremlin Horn"},{"floor":81,"key":"Replay:Kaleidoscope"},{"floor":81,"key":"Pear"},{"floor":90,"key":"vexMod:BerryBomb"},{"floor":91,"key":"Tiny Chest"},{"floor":91,"key":"Boot"},{"floor":94,"key":"infinitespire:Lucky Rock"},{"floor":95,"key":"infinitespire:Beetle Shell"},{"floor":99,"key":"theMarked:Gun"},{"floor":99,"key":"Onion Ring"},{"floor":107,"key":"hubris:SlimyHat"},{"floor":111,"key":"Blue Doll"},{"floor":113,"key":"aspiration:HatOfInfinitePower"},{"floor":113,"key":"ReplayFunnel"},{"floor":115,"key":"Bronze Scales"},{"floor":115,"key":"Juzu Bracelet"},{"floor":120,"key":"Centennial Puzzle"},{"floor":122,"key":"PreservedInsect"},{"floor":123,"key":"Red Mask"},{"floor":125,"key":"Bag of Marbles"},{"floor":125,"key":"Ice Cream"},{"floor":127,"key":"Shuriken"},{"floor":127,"key":"Bag of Preparation"},{"floor":128,"key":"Whetstone"},{"floor":129,"key":"theMarked:SecretDocuments"},{"floor":129,"key":"HornCleat"},{"floor":131,"key":"hubris:Metronome"},{"floor":131,"key":"theMarked:NailFile"},{"floor":140,"key":"InkBottle"},{"floor":143,"key":"vexMod:FocusSash"},{"floor":143,"key":"vexMod:ScavengeHelm"},{"floor":145,"key":"vexMod:HeadHunter"},{"floor":148,"key":"Mummified Hand"},{"floor":148,"key":"KyoryuNoHagoromo"},{"floor":149,"key":"Incense Burner"},{"floor":156,"key":"theMarked:DemonDagger"},{"floor":156,"key":"Lantern"}],"event_choices":[{"damage_healed":0.0,"max_hp_gain":0.0,"max_hp_loss":0.0,"gold_gain":0.0,"event_name":"Match and Keep!","player_choice":"0 cards matched","floor":8.0,"gold_loss":0.0,"damage_taken":0.0,"cards_obtained":[]},{"damage_healed":0.0,"max_hp_gain":0.0,"max_hp_loss":0.0,"gold_gain":0.0,"event_name":"MindBloom","player_choice":"Fight","floor":36.0,"gold_loss":0.0,"damage_taken":0.0},{"damage_healed":0.0,"max_hp_gain":0.0,"max_hp_loss":0.0,"gold_gain":0.0,"event_name":"Upgrade Shrine","player_choice":"Upgraded","floor":38.0,"gold_loss":0.0,"damage_taken":0.0,"cards_upgraded":["theMarked:BindingBlade"]},{"damage_healed":0,"gold_gain":0,"player_choice":"Fought Bandits","damage_taken":0,"max_hp_gain":0,"max_hp_loss":0,"event_name":"Masked Bandits","floor":123,"gold_loss":0},{"damage_healed":0,"gold_gain":0,"player_choice":"Fight","damage_taken":0,"max_hp_gain":0,"max_hp_loss":0,"event_name":"MindBloom","floor":149,"gold_loss":0}],"is_beta":false,"boss_relics":[{"not_picked":["Astrolabe","vexMod:RockOfEvil"],"picked":"vexMod:DeviousBotling"},{"not_picked":["Runic Pyramid","Abe\u0027s Treasure"],"picked":"SacredBark"},{"not_picked":["ReplayTheSpireMod:SealedPack","hubris:ScarierMask"],"picked":"Black Star"},{"not_picked":["aspiration:RunicSpoon","aspiration:SecretTechniqueScroll"],"picked":"Busted Crown"},{"not_picked":["theMarked:BronzeBlade","Ring of Chaos"],"picked":"SlaversCollar"},{"not_picked":["aspiration:PoetsPen","Replay:Wanted Poster"],"picked":"aspiration:RandomNobGenerator"},{"not_picked":["Velvet Choker","hubris:VirtuousBlindfold"],"picked":"hubris:TerracottaHorce"},{"not_picked":["aspiration:FutureDiary","theMarked:SpiritSword"],"picked":"vexMod:BigBerry"},{"not_picked":["vexMod:EndlessSickness","Replay:Drink Me"],"picked":"aspiration:IroncladSkillbook"}],"items_purged_floors":[155],"is_endless":true,"potions_floor_spawned":[1,3,10,11,12,13,16,19,22,24,30,31,36,39,40,41,44,52,53,65,67,69,74,78,81,88,92,95,98,113,123,125,129,133,135,137,143,146,148,152,156],"ascension_level":5}}