{"host":"cudglqt97a2fwbb6","time":1611081329,"event":{"mods":["2.2 Compatiblity","Abigail Mod","Act Like it!","Aspiration","BaseMod","BetterRewards","Colored Powertips","Energized Spire","Gensokyo","GifTheSpireLib","HololiveMod","Infinite Spire","Jorbs\u0027s Wanderer Trilogy","KinomotoSakuraMod(????)","Koishi","KomeijiMod","Marisa????????","Minty Spire (QoL Compilation)","Relic Stats","Replay The Spire","StSLib","Stuff the Spire","The Administrix","The Animator","The Servant 0.9.4"],"gold_per_floor":[121,121,139,173,207,207,247,422,473,504,504,524,546,578,578,659,659,688,712,470,487,529,560,580,606,606,606,643,656,656,690,690,841,841,917,997,997,1072,1072,1177,1177,1270,1270,1372,1508,889,889,12,66,72],"floor_reached":51,"language":"ENG","playtime":5559,"items_purged":["animator:Strike","animator:Strike","animator:Strike","animator:Strike_MadokaMagica"],"score":2254,"play_id":"972773be-1fa1-4838-9d48-1e9c9a444c40","local_time":"20210119193529","is_ascension_mode":true,"campfire_choices":[{"data":"animator:IrohaTamaki","floor":6,"key":"SMITH"},{"data":"animator:FeridBathory","floor":15,"key":"SMITH"},{"data":"animator:Eve","floor":30,"key":"SMITH"},{"data":"animator:Walpurgisnacht","floor":32,"key":"SMITH"},{"data":"animator:Laby","floor":47,"key":"SMITH"}],"circlet_count":0,"master_deck":["AscendersBane","animator:Defend_MadokaMagica","animator:Defend","animator:Defend","animator:Defend","animator:IrohaTamaki+1","animator:YuiTsuruno","animator:MisaKurobane+1","animator:Curse_GriefSeed","animator:Eris+1","animator:Chris+1","animator:Ara+1","animator:Jibril+1","animator:MamiTomoe+1","animator:FeridBathory+1","Doubt","animator:Entoma+12","animator:Shiro","animator:LeleiLaLalena+1","animator:KyokoSakura+1","animator:KyokoSakura+1","animator:Tet+1","animator:Eve+1","animator:Elsword+1","animator:Chung+1","animator:Shizu+1","animator:Walpurgisnacht+1","animator:SayakaMiki+1","animator:MamiTomoe+1","animator:Aqua+1","animator:Elsword+1","StuffTheSpire:Deluminance+1","StuffTheSpire:Deluminance+1","StuffTheSpire:Deluminance+1","StuffTheSpire:Deluminance+1","StuffTheSpire:Deluminance+1","animator:FeridBathory+1","animator:Aqua+1","animator:YachiyoNanami","animator:MadokaKaname+1","animator:HiiragiShinya+1","animator:HomuraAkemi+1","Confused","animator:Ain+1","animator:Laby+1","animator:SuzuneAmano+1","stsjorbsmod:Procrastination","animator:NagisaMomoe+1","animator:Wiz+1","Pot Of Greed+1","Pot Of Greed+1","Pot Of Greed+1","Pot Of Greed+1","Pot Of Greed+1","animator:Laby+1","animator:Patchouli+1","ReplayTheSpireMod:Calculation Training+1"],"relics":["StuffTheSpire:OccultApparatus","animator:TheMissingPiece","animator:PurgingStone","Toxic Egg 2","aspiration:HummingbirdHeart","Replay:Rubber Ducky","Runic Capacitor","Replay:Kaleidoscope","Du-Vu Doll","ReplayTheSpireMod:CursedCoin","Molten Egg 2","Hololive_LightStick","BranchBurnRelic","White Beast Statue","Potion Belt","StuffTheSpire:OldFever","infinitespire:Broken Mirror","Replay:Bronze Core","animator:CursedGlyph","Anchor","Happy Flower","Paper Crane","StuffTheSpire:BlackoutCurse","Golden Egg","Matryoshka","infinitespire:EvilPickle","Cursed Key","Pocketwatch","StuffTheSpire:GreaterSneckoEye","ReplayTheSpireMod:Ninjato","Torii","Grinning Jar","infinitespire:Lucky Rock","TwistedFunnel","aspiration:Nostalgia","m_SpellCore","StuffTheSpire:PointBlank","Pet Ghost","CatCart"],"acts_visited":["Exordium","TheCity","TheBeyond"],"potions_floor_usage":[18,21,22,23,23,24,25,31,42,45],"damage_taken":[{"damage":0,"enemies":"2 Louse","floor":1,"turns":2},{"damage":0,"enemies":"Small Slimes","floor":3,"turns":3},{"damage":0,"enemies":"Cultist","floor":4,"turns":2},{"damage":0,"enemies":"Exordium Thugs","floor":5,"turns":3},{"damage":0,"enemies":"3 Sentries","floor":7,"turns":4},{"damage":0,"enemies":"Lagavulin","floor":10,"turns":5},{"damage":0,"enemies":"Looter","floor":12,"turns":2},{"damage":0,"enemies":"Blue Slaver","floor":13,"turns":2},{"damage":4,"enemies":"3 Sentries","floor":14,"turns":5},{"damage":7,"enemies":"The Guardian","floor":16,"turns":5},{"damage":0,"enemies":"Chosen","floor":18,"turns":2},{"damage":0,"enemies":"Spheric Guardian","floor":19,"turns":3},{"damage":0,"enemies":"Centurion and Healer","floor":21,"turns":3},{"damage":5,"enemies":"Shelled Parasite and Fungi","floor":22,"turns":4},{"damage":26,"enemies":"Book of Stabbing","floor":23,"turns":5},{"damage":0,"enemies":"Sentry and Sphere","floor":24,"turns":6},{"damage":1,"enemies":"Gremlin Leader","floor":25,"turns":5},{"damage":8,"enemies":"Book of Stabbing","floor":28,"turns":4},{"damage":0,"enemies":"3 Cultists","floor":29,"turns":4},{"damage":0,"enemies":"Replay:Snechameleon","floor":31,"turns":4},{"damage":0,"enemies":"Pondfish","floor":33,"turns":7},{"damage":0,"enemies":"Orb Walker","floor":35,"turns":4},{"damage":10,"enemies":"3 Shapes","floor":36,"turns":5},{"damage":0,"enemies":"3 Darklings","floor":38,"turns":5},{"damage":0,"enemies":"R_Hoarder","floor":40,"turns":8},{"damage":0,"enemies":"Jaw Worm Horde","floor":42,"turns":5},{"damage":0,"enemies":"Sphere and 2 Shapes","floor":44,"turns":4},{"damage":14,"enemies":"Reptomancer","floor":45,"turns":6},{"damage":0,"enemies":"Orin","floor":49,"turns":4},{"damage":0,"enemies":"infinitespire:MassOfShapes","floor":50,"turns":6}],"seed_played":"-8312451899810572628","potions_obtained":[{"floor":3,"key":"CalmPotion"},{"floor":4,"key":"Weak Potion"},{"floor":10,"key":"Milkshake"},{"floor":12,"key":"Swift Potion"},{"floor":13,"key":"EntropicBrew"},{"floor":14,"key":"Dexterity Potion"},{"floor":16,"key":"Adrenaline Potion"},{"floor":18,"key":"Explosive Potion"},{"floor":21,"key":"Fruit Juice"},{"floor":22,"key":"Energy Potion"},{"floor":23,"key":"animator:GrowthPotion"},{"floor":24,"key":"Strength Potion"},{"floor":25,"key":"BlessingOfTheForge"},{"floor":28,"key":"DuplicationPotion"},{"floor":29,"key":"animator:FalseLifePotion"},{"floor":31,"key":"Block Potion"},{"floor":42,"key":"Adrenaline Potion"},{"floor":45,"key":"Adrenaline Potion"}],"is_trial":false,"path_per_floor":["M","?","M","M","M","R","E","?","T","E","?","M","M","E","R","B",null,"M","M","$","M","M","E","M","E","T","?","E","M","R","E","R","B",null,"M","M","?","M","?","E","?","M","T","M","E","$","R","$","R","B",null],"character_chosen":"THE_ANIMATOR","items_purchased":["Toxic Egg 2","aspiration:HummingbirdHeart","animator:MisaKurobane+1","Replay:Rubber Ducky","Runic Capacitor","Du-Vu Doll","ReplayTheSpireMod:CursedCoin","animator:Eris+1","Molten Egg 2","animator:Shizu+1","Grinning Jar","infinitespire:Lucky Rock","TwistedFunnel","animator:Laby+1","aspiration:Nostalgia","StuffTheSpire:PointBlank","Pet Ghost","animator:Patchouli+1"],"campfire_rested":0,"item_purchase_floors":[0,0,0,0,0,0,0,0,0,20,46,46,46,46,48,48,48,48],"current_hp_per_floor":[24,24,30,36,42,42,60,60,60,66,66,67,67,70,70,65,69,71,74,74,77,74,50,68,70,70,70,68,68,68,81,81,87,87,87,89,89,91,91,91,71,82,82,93,91,91,91,91,95,95],"gold":72,"neow_bonus":"","is_daily":false,"chose_seed":false,"campfire_upgraded":5,"win_rate":0.0,"timestamp":1611081329,"path_taken":["M","?","M","M","M","R","E","?","T","E","?","M","?","E","R","BOSS","M","M","$","M","M","E","M","E","T","?","E","M","R","E","R","BOSS","M","M","?","M","?","E","?","M","T","M","E","$","R","?","R","BOSS"],"items_purchased_type":["Relic","Relic","Card","Relic","Relic","Relic","Relic","Card","Relic","Card","Relic","Relic","Relic","Card","Relic","Relic","Relic","Card"],"build_version":"2020-12-22","purchased_purges":4,"victory":true,"max_hp_per_floor":[66,66,66,66,66,66,66,66,66,66,66,67,67,70,70,70,70,72,74,74,77,79,81,84,84,84,84,84,84,84,85,85,87,87,87,89,89,91,91,91,91,93,93,93,93,93,93,93,95,95],"relic_stats":{"Happy Flower":[22],"Torii":0,"counters":[384,1976],"Cursed Key":1,"obtain_stats":[{"ShirouKen":6,"Gensokyo:UndefinedDarkness":19,"infinitespire:Cubic Diamond":5,"Ring of Searing":3,"Blood Vial":8,"Replay:Wanted Poster":17,"infinitespire:ShieldingShard":0,"Replay:Bronze Core":37,"Fusion Hammer":21,"Necronomicon":3,"Blue Candle":29,"BreadOfAWashokuLover":43,"Eternal Feather":0,"StuffTheSpire:Wildfire":0,"infinitespire:Magic Flask":12,"Akabeko":45,"infinitespire:EvilPickle":34,"animator:HolyGrailRelic":34,"infinitespire:Broken Mirror":9,"Bird Faced Urn":0,"MutagenicStrength":19,"ReplayTheSpireMod:Ring of Collecting":44,"aspiration:ServantSkillbook":34,"Gensokyo:FoxMask":28,"MiniHakkero":0,"animator:ShionDessert":43,"animator:Hoodie":10,"Torii":9,"animator:TheMissingPiece":0,"stsjorbsmod:AlchemistsFireRelic":14,"StuffTheSpire:GrapeVine":45,"Ancient Tea Set":26,"Smiling Mask":26,"Pet Ghost":47,"StuffTheSpire:Gunfinga":44,"KSMOD_DarknessWand":34,"infinitespire:Bottled Soul":41,"aspiration:AnachronicSnailShell":45,"Toolbox":5,"Chemical X":29,"Replay:Bottled Eggs":26,"aspiration:FutureDiary":34,"InkBottle":36,"Potion Belt":26,"Lee\u0027s Waffle":39,"Gensokyo:DirgeOfMelancholy":22,"Circlet":0,"Gensokyo:MosesMiracle":25,"PreservedInsect":0,"infinitespire:Lucky Rock":27,"Replay:Arrowhead":0,"animator:TheEgnaroPiece":54,"StuffTheSpire:Mouthbags":12,"Ornamental Fan":7,"Gensokyo:DayTheSeaSplit":21,"Garlic":7,"Art of War":23,"animator:AlchemistGlove":19,"SpellCardsRule":5,"Divine Protection":9,"animator:WizardHat":46,"Calipers":38,"Gremlin Horn":35,"Runic Capacitor":0,"aspiration:Stabinomicon":30,"Sozu":17,"Centennial Puzzle":25,"Prayer Wheel":25,"Philosopher\u0027s Stone":18,"RampagingMagicTools":17,"Girya":0,"ReplayTheSpireMod:CursedCoin":24,"Replay:Grab Bag":34,"stsjorbsmod:GrimoireRelic":19,"Charon\u0027s Ashes":25,"Ring of Chaos":17,"aspiration:HiddenCompartment":10,"WarpedTongs":5,"Du-Vu Doll":0,"OrangePellets":37,"Onion Ring":8,"infinitespire:EmpoweringShard":10,"StuffTheSpire:PointBlank":48,"KSMOD_TouyasBicycle":6,"aspiration:HatOfInfinitePower":27,"StuffTheSpire:OldFever":20,"Pocketwatch":0,"Gensokyo:DemonMask":27,"animator:CursedGlyph":21,"aspiration:TomeofQuesting":3,"Juzu Bracelet":7,"Replay:Mystery Machine":31,"aspiration:StickyExplosives_weak":27,"Dream Catcher":45,"Nunchaku":31,"animator:PurgingStone":0,"aspiration:DefectSkillbook":34,"KSMOD_SealedWand":0,"Red Mask":21,"StuffTheSpire:Nightcore":0,"animator:ColorlessFragment":0,"infinitespire:FocusingShard":24,"Replay:WaspNest":25,"Gensokyo:ConquerorOfFear":21,"animator:WornHelmet":49,"Medical Kit":39,"Mercury Hourglass":10,"Pondfish Scales":19,"infinitespire:Satchel":37,"StuffTheSpire:CocoNut":48,"Membership Card":0,"FossilizedHelix":36,"TwistedFunnel":46,"Golden Egg":11,"Whetstone":23,"Ginger":31,"Boot":12,"Replay:Ringing Soul":43,"Sundial":28,"MealTicket":47,"infinitespire:Golems Mask":0,"Kunai":16,"Replay:Wax Seal":21,"StuffTheSpire:NeowsTribute":9,"Pear":3,"KSMOD_SealedBook":0,"ReplayTheSpireMod:Ring of Addiction":39,"Paper Crane":26,"aspiration:FrozenJewel":25,"SlaversCollar":34,"Runic Dome":17,"animator:ExquisiteBloodVial":27,"energizedSpire:MagnifyingGlass":17,"animator:HeavyHalberd":0,"infinitespire:PuzzleCube":45,"Abe\u0027s Treasure":17,"infinitespire:Cupcake":37,"AmplifyWand":24,"Lantern":7,"aspiration:Lifesprig":20,"Painkiller Herb":29,"StoneCalendar":41,"StuffTheSpire:EmeraldSignet":28,"Replay:Multitool":30,"Bag of Preparation":40,"Cursed Key":34,"Gensokyo:LunaticRedEyes":10,"Replay:Rubber Ducky":9,"StuffTheSpire:OccultApparatus":44,"BranchBurnRelic":7,"Shovel":46,"Matryoshka":22,"animator:AncientMedallion":54,"Ring of Peace":12,"WingedGreaves":14,"Paper Frog":43,"StuffTheSpire:Expresso":0,"energizedSpire:EnergizedDie":17,"Thread and Needle":30,"The Courier":26,"infinitespire:Joker Card":45,"Omamori":23,"infinitespire:CheckeredPen":28,"KyoryuNoHagoromo":41,"MawBank":47,"Busted Crown":34,"Orrery":0,"Turnip":43,"animator:LivingPicture":0,"ReplayTheSpireMod:Ring of Challenge":44,"ReplayTheSpireMod:Lightbulb":24,"Toy Ornithopter":39,"Mark of the Bloom":46,"StuffTheSpire:BlackoutCurse":27,"Vajra":0,"Lizard Tail":0,"HornCleat":10,"Strawberry":40,"Toxic Egg 2":14,"Ring of Hypnosis":12,"Happy Flower":13,"aspiration:Nostalgia":19,"Dead Branch":0,"Oddly Smooth Stone":44,"animator:TheEruzaStone":53,"Letter Opener":46,"aspiration:SeaSaltIceCream":36,"Replay:Kaleidoscope":0,"War Paint":40,"Bottled Flame":48,"Replay:Baseball":41,"ReplayTheSpireMod:Shallot":43,"Shuriken":47,"Bronze Scales":36,"StuffTheSpire:GreaterSneckoEye":48,"Molten Egg 2":45,"Simple Rune":0,"ReplayTheSpireMod:TigerMarble":24,"CatCart":38,"Grinning Jar":40,"Meat on the Bone":39,"ReplayFunnel":8,"ReplayTheSpireMod:Ring of Exchange":29,"Replay:PocketPolymizer":0,"Snecko Heart":17,"SacredBark":17,"Mango":42,"Gensokyo:NagashiBinaDoll":11,"Incense Burner":42,"Gensokyo:Justice":12,"ClockworkSouvenir":36,"ReplayTheSpireMod:EnergyBall":34,"Frozen Eye":24,"StuffTheSpire:Experiment12":8,"Replay:Bandana":6,"energizedSpire:CursedPentagram":17,"Mummified Hand":18,"StuffTheSpire:HeavyRock":43,"Pantograph":44,"Gambling Chip":26,"Red Skull":28,"Gensokyo:SongOfSouls":25,"ReplayTheSpireMod:Ninjato":43,"StuffTheSpire:RunicHypercube":34,"Quantum Egg":36,"aspiration:HummingbirdHeart":29,"Orichalcum":45,"White Beast Statue":29,"Peace Pipe":0,"Anchor":14,"CaptainsWheel":25,"Hololive_LightStick":45,"m_SpellCore":48,"infinitespire:WardingShard":26,"aspiration:WatcherSkillbook":21,"ChewingGum":34,"Coffee Dripper":17,"Snack Pack":25,"StuffTheSpire:RubySignet":27,"TungstenRod":13},{"ShirouKen":59,"Gensokyo:UndefinedDarkness":34,"infinitespire:Cubic Diamond":169,"Ring of Searing":26,"Blood Vial":60,"Replay:Wanted Poster":121,"infinitespire:ShieldingShard":202,"Replay:Bronze Core":242,"Fusion Hammer":285,"Necronomicon":145,"Blue Candle":13,"BreadOfAWashokuLover":46,"Eternal Feather":53,"StuffTheSpire:Wildfire":143,"infinitespire:Magic Flask":88,"Akabeko":271,"infinitespire:EvilPickle":240,"animator:HolyGrailRelic":240,"infinitespire:Broken Mirror":86,"Bird Faced Urn":111,"MutagenicStrength":152,"ReplayTheSpireMod:Ring of Collecting":191,"aspiration:ServantSkillbook":159,"Gensokyo:FoxMask":128,"MiniHakkero":0,"animator:ShionDessert":297,"animator:Hoodie":117,"Torii":60,"animator:TheMissingPiece":0,"stsjorbsmod:AlchemistsFireRelic":90,"StuffTheSpire:GrapeVine":137,"Ancient Tea Set":12,"Smiling Mask":262,"Pet Ghost":247,"StuffTheSpire:Gunfinga":107,"KSMOD_DarknessWand":15,"infinitespire:Bottled Soul":105,"aspiration:AnachronicSnailShell":192,"Toolbox":145,"Chemical X":289,"Replay:Bottled Eggs":37,"aspiration:FutureDiary":219,"InkBottle":268,"Potion Belt":68,"Lee\u0027s Waffle":323,"Gensokyo:DirgeOfMelancholy":10,"Circlet":0,"Gensokyo:MosesMiracle":262,"PreservedInsect":228,"infinitespire:Lucky Rock":263,"Replay:Arrowhead":165,"animator:TheEgnaroPiece":140,"StuffTheSpire:Mouthbags":31,"Ornamental Fan":170,"Gensokyo:DayTheSeaSplit":259,"Garlic":115,"Art of War":214,"animator:AlchemistGlove":123,"SpellCardsRule":169,"Divine Protection":333,"animator:WizardHat":164,"Calipers":188,"Gremlin Horn":73,"Runic Capacitor":202,"aspiration:Stabinomicon":217,"Sozu":91,"Centennial Puzzle":287,"Prayer Wheel":12,"Philosopher\u0027s Stone":152,"RampagingMagicTools":33,"Girya":0,"ReplayTheSpireMod:CursedCoin":214,"Replay:Grab Bag":291,"stsjorbsmod:GrimoireRelic":8,"Charon\u0027s Ashes":155,"Ring of Chaos":258,"aspiration:HiddenCompartment":255,"WarpedTongs":332,"Du-Vu Doll":0,"OrangePellets":42,"Onion Ring":5,"infinitespire:EmpoweringShard":208,"StuffTheSpire:PointBlank":382,"KSMOD_TouyasBicycle":4,"aspiration:HatOfInfinitePower":38,"StuffTheSpire:OldFever":213,"Pocketwatch":228,"Gensokyo:DemonMask":12,"animator:CursedGlyph":367,"aspiration:TomeofQuesting":229,"Juzu Bracelet":146,"Replay:Mystery Machine":158,"aspiration:StickyExplosives_weak":98,"Dream Catcher":48,"Nunchaku":184,"animator:PurgingStone":0,"aspiration:DefectSkillbook":185,"KSMOD_SealedWand":0,"Red Mask":177,"StuffTheSpire:Nightcore":249,"animator:ColorlessFragment":249,"infinitespire:FocusingShard":67,"Replay:WaspNest":215,"Gensokyo:ConquerorOfFear":35,"animator:WornHelmet":194,"Medical Kit":162,"Mercury Hourglass":61,"Pondfish Scales":123,"infinitespire:Satchel":42,"StuffTheSpire:CocoNut":300,"Membership Card":0,"FossilizedHelix":132,"TwistedFunnel":382,"Golden Egg":281,"Whetstone":126,"Ginger":319,"Boot":233,"Replay:Ringing Soul":223,"Sundial":69,"MealTicket":23,"infinitespire:Golems Mask":274,"Kunai":63,"Replay:Wax Seal":153,"StuffTheSpire:NeowsTribute":5,"Pear":2,"KSMOD_SealedBook":0,"ReplayTheSpireMod:Ring of Addiction":348,"Paper Crane":371,"aspiration:FrozenJewel":314,"SlaversCollar":131,"Runic Dome":234,"animator:ExquisiteBloodVial":128,"energizedSpire:MagnifyingGlass":211,"animator:HeavyHalberd":301,"infinitespire:PuzzleCube":78,"Abe\u0027s Treasure":151,"infinitespire:Cupcake":268,"AmplifyWand":67,"Lantern":29,"aspiration:Lifesprig":34,"Painkiller Herb":38,"StoneCalendar":76,"StuffTheSpire:EmeraldSignet":69,"Replay:Multitool":13,"Bag of Preparation":44,"Cursed Key":375,"Gensokyo:LunaticRedEyes":5,"Replay:Rubber Ducky":29,"StuffTheSpire:OccultApparatus":325,"BranchBurnRelic":4,"Shovel":50,"Matryoshka":66,"animator:AncientMedallion":140,"Ring of Peace":5,"WingedGreaves":210,"Paper Frog":246,"StuffTheSpire:Expresso":25,"energizedSpire:EnergizedDie":175,"Thread and Needle":217,"The Courier":127,"infinitespire:Joker Card":137,"Omamori":96,"infinitespire:CheckeredPen":238,"KyoryuNoHagoromo":20,"MawBank":51,"Busted Crown":101,"Orrery":202,"Turnip":106,"animator:LivingPicture":0,"ReplayTheSpireMod:Ring of Challenge":191,"ReplayTheSpireMod:Lightbulb":67,"Toy Ornithopter":348,"Mark of the Bloom":271,"StuffTheSpire:BlackoutCurse":371,"Vajra":143,"Lizard Tail":53,"HornCleat":61,"Strawberry":20,"Toxic Egg 2":120,"Ring of Hypnosis":5,"Happy Flower":210,"aspiration:Nostalgia":8,"Dead Branch":0,"Oddly Smooth Stone":298,"animator:TheEruzaStone":195,"Letter Opener":50,"aspiration:SeaSaltIceCream":132,"Replay:Kaleidoscope":202,"War Paint":135,"Bottled Flame":80,"Replay:Baseball":105,"ReplayTheSpireMod:Shallot":77,"Shuriken":51,"Bronze Scales":73,"StuffTheSpire:GreaterSneckoEye":138,"Molten Egg 2":22,"Simple Rune":228,"ReplayTheSpireMod:TigerMarble":11,"CatCart":104,"Grinning Jar":295,"Meat on the Bone":75,"ReplayFunnel":232,"ReplayTheSpireMod:Ring of Exchange":69,"Replay:PocketPolymizer":165,"Snecko Heart":337,"SacredBark":283,"Mango":270,"Gensokyo:NagashiBinaDoll":30,"Incense Burner":46,"Gensokyo:Justice":306,"ClockworkSouvenir":132,"ReplayTheSpireMod:EnergyBall":72,"Frozen Eye":10,"StuffTheSpire:Experiment12":86,"Replay:Bandana":115,"energizedSpire:CursedPentagram":7,"Mummified Hand":64,"StuffTheSpire:HeavyRock":21,"Pantograph":78,"Gambling Chip":314,"Red Skull":156,"Gensokyo:SongOfSouls":37,"ReplayTheSpireMod:Ninjato":380,"StuffTheSpire:RunicHypercube":291,"Quantum Egg":186,"aspiration:HummingbirdHeart":182,"Orichalcum":78,"White Beast Statue":99,"Peace Pipe":0,"Anchor":6,"CaptainsWheel":12,"Hololive_LightStick":137,"m_SpellCore":382,"infinitespire:WardingShard":237,"aspiration:WatcherSkillbook":213,"ChewingGum":41,"Coffee Dripper":63,"Snack Pack":98,"StuffTheSpire:RubySignet":181,"TungstenRod":282},{"ShirouKen":272,"Gensokyo:UndefinedDarkness":171,"infinitespire:Cubic Diamond":869,"Ring of Searing":143,"Blood Vial":283,"Replay:Wanted Poster":618,"infinitespire:ShieldingShard":1091,"Replay:Bronze Core":1297,"Fusion Hammer":1517,"Necronomicon":762,"Blue Candle":74,"BreadOfAWashokuLover":217,"Eternal Feather":246,"StuffTheSpire:Wildfire":753,"infinitespire:Magic Flask":450,"Akabeko":1455,"infinitespire:EvilPickle":1290,"animator:HolyGrailRelic":1290,"infinitespire:Broken Mirror":442,"Bird Faced Urn":555,"MutagenicStrength":801,"ReplayTheSpireMod:Ring of Collecting":996,"aspiration:ServantSkillbook":827,"Gensokyo:FoxMask":656,"MiniHakkero":0,"animator:ShionDessert":1569,"animator:Hoodie":596,"Torii":283,"animator:TheMissingPiece":0,"stsjorbsmod:AlchemistsFireRelic":458,"StuffTheSpire:GrapeVine":710,"Ancient Tea Set":69,"Smiling Mask":1395,"Pet Ghost":1321,"StuffTheSpire:Gunfinga":533,"KSMOD_DarknessWand":84,"infinitespire:Bottled Soul":524,"aspiration:AnachronicSnailShell":1000,"Toolbox":762,"Chemical X":1534,"Replay:Bottled Eggs":180,"aspiration:FutureDiary":1193,"InkBottle":1437,"Potion Belt":335,"Lee\u0027s Waffle":1691,"Gensokyo:DirgeOfMelancholy":52,"Circlet":0,"Gensokyo:MosesMiracle":1395,"PreservedInsect":1226,"infinitespire:Lucky Rock":1402,"Replay:Arrowhead":848,"animator:TheEgnaroPiece":727,"StuffTheSpire:Mouthbags":160,"Ornamental Fan":878,"Gensokyo:DayTheSeaSplit":1380,"Garlic":582,"Art of War":1161,"animator:AlchemistGlove":630,"SpellCardsRule":869,"Divine Protection":1741,"animator:WizardHat":841,"Calipers":979,"Gremlin Horn":365,"Runic Capacitor":1091,"aspiration:Stabinomicon":1179,"Sozu":464,"Centennial Puzzle":1527,"Prayer Wheel":69,"Philosopher\u0027s Stone":799,"RampagingMagicTools":168,"Girya":0,"ReplayTheSpireMod:CursedCoin":1161,"Replay:Grab Bag":1546,"stsjorbsmod:GrimoireRelic":43,"Charon\u0027s Ashes":813,"Ring of Chaos":1374,"aspiration:HiddenCompartment":1354,"WarpedTongs":1733,"Du-Vu Doll":0,"OrangePellets":200,"Onion Ring":22,"infinitespire:EmpoweringShard":1124,"StuffTheSpire:PointBlank":1966,"KSMOD_TouyasBicycle":16,"aspiration:HatOfInfinitePower":183,"StuffTheSpire:OldFever":1153,"Pocketwatch":1226,"Gensokyo:DemonMask":69,"animator:CursedGlyph":1892,"aspiration:TomeofQuesting":1230,"Juzu Bracelet":768,"Replay:Mystery Machine":821,"aspiration:StickyExplosives_weak":495,"Dream Catcher":225,"Nunchaku":958,"animator:PurgingStone":0,"aspiration:DefectSkillbook":968,"KSMOD_SealedWand":0,"Red Mask":919,"StuffTheSpire:Nightcore":1331,"animator:ColorlessFragment":1331,"infinitespire:FocusingShard":328,"Replay:WaspNest":1167,"Gensokyo:ConquerorOfFear":175,"animator:WornHelmet":1007,"Medical Kit":833,"Mercury Hourglass":286,"Pondfish Scales":630,"infinitespire:Satchel":200,"StuffTheSpire:CocoNut":1580,"Membership Card":0,"FossilizedHelix":683,"TwistedFunnel":1966,"Golden Egg":1496,"Whetstone":644,"Ginger":1670,"Boot":1249,"Replay:Ringing Soul":1207,"Sundial":337,"MealTicket":126,"infinitespire:Golems Mask":1473,"Kunai":299,"Replay:Wax Seal":804,"StuffTheSpire:NeowsTribute":22,"Pear":9,"KSMOD_SealedBook":0,"ReplayTheSpireMod:Ring of Addiction":1820,"Paper Crane":1912,"aspiration:FrozenJewel":1647,"SlaversCollar":678,"Runic Dome":1258,"animator:ExquisiteBloodVial":656,"energizedSpire:MagnifyingGlass":1139,"animator:HeavyHalberd":1588,"infinitespire:PuzzleCube":395,"Abe\u0027s Treasure":797,"infinitespire:Cupcake":1437,"AmplifyWand":323,"Lantern":152,"aspiration:Lifesprig":171,"Painkiller Herb":183,"StoneCalendar":385,"StuffTheSpire:EmeraldSignet":342,"Replay:Multitool":74,"Bag of Preparation":210,"Cursed Key":1931,"Gensokyo:LunaticRedEyes":22,"Replay:Rubber Ducky":152,"StuffTheSpire:OccultApparatus":1701,"BranchBurnRelic":16,"Shovel":234,"Matryoshka":322,"animator:AncientMedallion":727,"Ring of Peace":22,"WingedGreaves":1133,"Paper Frog":1317,"StuffTheSpire:Expresso":139,"energizedSpire:EnergizedDie":913,"Thread and Needle":1179,"The Courier":650,"infinitespire:Joker Card":710,"Omamori":482,"infinitespire:CheckeredPen":1278,"KyoryuNoHagoromo":107,"MawBank":238,"Busted Crown":509,"Orrery":1091,"Turnip":528,"animator:LivingPicture":0,"ReplayTheSpireMod:Ring of Challenge":996,"ReplayTheSpireMod:Lightbulb":328,"Toy Ornithopter":1820,"Mark of the Bloom":1455,"StuffTheSpire:BlackoutCurse":1912,"Vajra":753,"Lizard Tail":246,"HornCleat":292,"Strawberry":107,"Toxic Egg 2":609,"Ring of Hypnosis":22,"Happy Flower":1133,"aspiration:Nostalgia":43,"Dead Branch":0,"Oddly Smooth Stone":1575,"animator:TheEruzaStone":1012,"Letter Opener":231,"aspiration:SeaSaltIceCream":683,"Replay:Kaleidoscope":1091,"War Paint":700,"Bottled Flame":408,"Replay:Baseball":524,"ReplayTheSpireMod:Shallot":388,"Shuriken":237,"Bronze Scales":367,"StuffTheSpire:GreaterSneckoEye":716,"Molten Egg 2":121,"Simple Rune":1226,"ReplayTheSpireMod:TigerMarble":57,"CatCart":520,"Grinning Jar":1558,"Meat on the Bone":378,"ReplayFunnel":1243,"ReplayTheSpireMod:Ring of Exchange":342,"Replay:PocketPolymizer":848,"Snecko Heart":1759,"SacredBark":1508,"Mango":1449,"Gensokyo:NagashiBinaDoll":154,"Incense Burner":217,"Gensokyo:Justice":1615,"ClockworkSouvenir":683,"ReplayTheSpireMod:EnergyBall":364,"Frozen Eye":52,"StuffTheSpire:Experiment12":442,"Replay:Bandana":582,"energizedSpire:CursedPentagram":41,"Mummified Hand":309,"StuffTheSpire:HeavyRock":115,"Pantograph":395,"Gambling Chip":1647,"Red Skull":816,"Gensokyo:SongOfSouls":180,"ReplayTheSpireMod:Ninjato":1957,"StuffTheSpire:RunicHypercube":1546,"Quantum Egg":972,"aspiration:HummingbirdHeart":950,"Orichalcum":395,"White Beast Statue":498,"Peace Pipe":0,"Anchor":31,"CaptainsWheel":69,"Hololive_LightStick":710,"m_SpellCore":1966,"infinitespire:WardingShard":1271,"aspiration:WatcherSkillbook":1153,"ChewingGum":196,"Coffee Dripper":305,"Snack Pack":495,"StuffTheSpire:RubySignet":943,"TungstenRod":1502}],"Pocketwatch":[3]},"card_choices":[{"not_picked":["animator:Lu+1","animator:Yoichi+1"],"picked":"animator:Chris+1","floor":1},{"not_picked":["animator:DwarfShaman+1","animator:OrikoMikuni+1"],"picked":"animator:Ara+1","floor":3},{"not_picked":["animator:DolaSchwi+1","animator:YuiTsuruno+1"],"picked":"animator:Jibril+1","floor":4},{"not_picked":["animator:SuzuneAmano+1","animator:KyokoSakura+1"],"picked":"animator:MamiTomoe+1","floor":5},{"not_picked":["animator:Elesis+1","animator:HomuraAkemi+1"],"picked":"animator:FeridBathory","floor":7},{"not_picked":["animator:SayakaMiki+1","animator:Ain+1"],"picked":"animator:Entoma+1","floor":10},{"not_picked":["animator:Witch+1","animator:Yoichi+1"],"picked":"animator:KyokoSakura+1","floor":12},{"not_picked":["animator:OrikoMikuni+1","animator:YuiTsuruno+1"],"picked":"animator:KyokoSakura+1","floor":13},{"not_picked":["animator:Rimuru","animator:Mikaela+1"],"picked":"animator:Tet+1","floor":14},{"not_picked":["animator:Kyubey+1","animator:ItamiYouji+1"],"picked":"animator:Eve","floor":16},{"not_picked":["animator:SuzuneAmano+1","animator:Mitsuba+1"],"picked":"animator:Elsword+1","floor":18},{"not_picked":["animator:Lu+1","animator:NarberalGamma+1"],"picked":"animator:Chung+1","floor":19},{"not_picked":["animator:MamiTomoe+1","animator:OrikoMikuni+1"],"picked":"animator:Walpurgisnacht","floor":21},{"not_picked":["animator:Ciel+1","animator:Rena+1"],"picked":"animator:SayakaMiki+1","floor":22},{"not_picked":["animator:Ara+1","animator:Elsword+1"],"picked":"animator:MamiTomoe+1","floor":23},{"not_picked":["animator:MamiTomoe+1","animator:TukaLunaMarceau+1"],"picked":"animator:Aqua+1","floor":24},{"not_picked":["animator:Ara+1","animator:Raven+1"],"picked":"animator:Elsword+1","floor":25},{"not_picked":["animator:Shuna+1","animator:KyokoSakura+1"],"picked":"animator:FeridBathory","floor":28},{"not_picked":["animator:Shalltear+1","animator:NarberalGamma+1"],"picked":"animator:Aqua+1","floor":29},{"not_picked":["animator:IzunaHatsuse+1","animator:KyokoSakura+1"],"picked":"animator:YachiyoNanami","floor":31},{"not_picked":["animator:ItamiYouji+1","animator:Shizu+1"],"picked":"animator:MadokaKaname+1","floor":33},{"not_picked":["animator:Yoichi+1","animator:Mitsuba+1"],"picked":"animator:HiiragiShinya+1","floor":35},{"not_picked":["animator:HiiragiShinya+1","animator:Ciel+1"],"picked":"animator:HomuraAkemi+1","floor":36},{"not_picked":["animator:Evileye+1","animator:Aqua+1"],"picked":"animator:Ain+1","floor":38},{"not_picked":["animator:TukaLunaMarceau+1","animator:Shuna+1"],"picked":"animator:Laby","floor":40},{"not_picked":["animator:IrohaTamaki+1","animator:NagisaMomoe+1"],"picked":"animator:SuzuneAmano+1","floor":42},{"not_picked":["animator:MamiTomoe+1","animator:Evileye+1"],"picked":"animator:NagisaMomoe+1","floor":44},{"not_picked":["animator:TukaLunaMarceau+1","animator:Aqua+1"],"picked":"animator:Wiz+1","floor":45},{"not_picked":["animator:Demiurge+1","Capacitor"],"picked":"ReplayTheSpireMod:Calculation Training+1","floor":49}],"player_experience":976866,"relics_obtained":[{"floor":2,"key":"Hololive_LightStick"},{"floor":7,"key":"White Beast Statue"},{"floor":9,"key":"Potion Belt"},{"floor":10,"key":"StuffTheSpire:OldFever"},{"floor":14,"key":"infinitespire:Broken Mirror"},{"floor":21,"key":"animator:CursedGlyph"},{"floor":23,"key":"Anchor"},{"floor":25,"key":"Happy Flower"},{"floor":26,"key":"Paper Crane"},{"floor":28,"key":"Golden Egg"},{"floor":31,"key":"Matryoshka"},{"floor":40,"key":"Pocketwatch"},{"floor":41,"key":"StuffTheSpire:GreaterSneckoEye"},{"floor":43,"key":"ReplayTheSpireMod:Ninjato"},{"floor":45,"key":"Torii"},{"floor":49,"key":"CatCart"}],"event_choices":[{"damage_healed":0,"gold_gain":175,"player_choice":"AGREE","damage_taken":0,"max_hp_gain":0,"max_hp_loss":0,"event_name":"Liars Game","floor":8,"gold_loss":0,"cards_obtained":["Doubt"]},{"damage_healed":0,"gold_gain":0,"player_choice":"2 cards matched","damage_taken":0,"max_hp_gain":0,"max_hp_loss":0,"event_name":"Match and Keep!","floor":11,"gold_loss":0,"cards_obtained":["animator:Shiro","animator:LeleiLaLalena"]},{"damage_healed":0,"gold_gain":0,"player_choice":"2 cards matched","damage_taken":0,"max_hp_gain":0,"max_hp_loss":0,"event_name":"Match and Keep!","floor":11,"gold_loss":0,"cards_obtained":["animator:Shiro","animator:LeleiLaLalena"]},{"damage_healed":0,"gold_gain":0,"player_choice":"Fight","damage_taken":0,"max_hp_gain":0,"max_hp_loss":0,"event_name":"OrinTheCat","floor":49,"gold_loss":0}],"is_beta":false,"boss_relics":[{"not_picked":["Runic Dome","aspiration:SilentSkillbook"],"picked":"Replay:Bronze Core"},{"not_picked":["ChewingGum","Replay:Wanted Poster"],"picked":"Cursed Key"}],"items_purged_floors":[0,20,46,48],"is_endless":false,"potions_floor_spawned":[3,4,10,12,13,14,16,18,19,21,22,23,24,25,28,29,31,33,35,36,38,40,42,44,45,49],"ascension_level":13}}