{"host":"yvb207ks1sg3cxef","time":1611069476,"event":{"mods":["2.2 Compatiblity","BaseMod","Bestiary","Colored Powertips","Minty Spire (QoL Compilation)","Permanent Neow","Quick Restart","Relic Stats","StSLib"],"gold_per_floor":[115,77,93,93,106,106,135,135,183,218,4,38,38,55,55,129,129,139,139,156,172,30,30,55,55,55,55,82,82,82],"floor_reached":29,"language":"ENG","playtime":1925,"items_purged":[],"score":543,"play_id":"ba7e3fb6-bb35-461d-a02b-70c32e59595b","local_time":"20210119204756","is_ascension_mode":true,"campfire_choices":[{"data":"Eruption","floor":6.0,"key":"SMITH"},{"data":"CrushJoints","floor":8.0,"key":"SMITH"},{"data":"Adaptation","floor":13.0,"key":"SMITH"},{"data":"Wallop","floor":15.0,"key":"SMITH"},{"data":"DeusExMachina","floor":23.0,"key":"SMITH"},{"data":"MentalFortress","floor":25,"key":"SMITH"}],"circlet_count":0,"master_deck":["AscendersBane","Defend_P+1","Defend_P","Defend_P+1","Defend_P","Eruption+1","Vigilance","ReachHeaven+1","Establishment+1","SashWhip+1","CrushJoints+1","MentalFortress+1","DeusExMachina+1","ClearTheMind","FearNoEvil","Wallop+1","Adaptation+1","Vengeance","Devotion","ClearTheMind","FlurryOfBlows","Tantrum","Evaluate","FlurryOfBlows"],"relics":["Astrolabe","War Paint","Juzu Bracelet","WingedGreaves","Boot","Runic Pyramid","FossilizedHelix","Yang","Akabeko"],"acts_visited":["Exordium","TheCity"],"potions_floor_usage":[24],"damage_taken":[{"damage":1.0,"enemies":"Cultist","floor":1.0,"turns":4.0},{"damage":2.0,"enemies":"2 Louse","floor":3.0,"turns":2.0},{"damage":0.0,"enemies":"Jaw Worm","floor":5.0,"turns":3.0},{"damage":0.0,"enemies":"Lagavulin","floor":7.0,"turns":6.0},{"damage":0.0,"enemies":"Gremlin Nob","floor":10.0,"turns":3.0},{"damage":5.0,"enemies":"Lagavulin","floor":12.0,"turns":6.0},{"damage":2.0,"enemies":"Large Slime","floor":14.0,"turns":4.0},{"damage":27.0,"enemies":"The Guardian","floor":16.0,"turns":7.0},{"damage":0.0,"enemies":"Shell Parasite","floor":18.0,"turns":4.0},{"damage":0.0,"enemies":"3 Byrds","floor":20.0,"turns":5.0},{"damage":0.0,"enemies":"Centurion and Healer","floor":21.0,"turns":5.0},{"damage":15,"enemies":"Slavers","floor":24,"turns":5},{"damage":25,"enemies":"Gremlin Leader","floor":28,"turns":4},{"damage":22,"enemies":"Slavers","floor":29,"turns":3}],"seed_played":"-7793681548444160407","potions_obtained":[{"floor":3.0,"key":"ColorlessPotion"},{"floor":7.0,"key":"GamblersBrew"},{"floor":12.0,"key":"DistilledChaos"},{"floor":20.0,"key":"Block Potion"}],"is_trial":false,"path_per_floor":["M","?","M","?","M","R","E","R","T","E","$","E","R","M","R","B",null,"M","?","M","M","$","R","E","R","T","?","E","E"],"character_chosen":"WATCHER","items_purchased":["FearNoEvil","Wallop","Adaptation","Tantrum","Evaluate","PowerPotion"],"campfire_rested":0,"item_purchase_floors":[11,11,11,22,22,22],"current_hp_per_floor":[64,64,62,55,55,55,55,55,55,55,55,50,50,48,48,21,59,59,59,59,59,59,59,44,44,44,44,19,0,0],"gold":82,"neow_bonus":"BOSS_RELIC","is_daily":false,"chose_seed":false,"campfire_upgraded":6,"win_rate":0.0,"timestamp":1611069476,"path_taken":["M","?","M","?","M","R","E","R","T","E","$","E","R","M","R","BOSS","M","?","M","M","$","R","E","R","T","?","E","E"],"items_purchased_type":["Card","Card","Card","Card","Card","Potion"],"build_version":"2020-12-22","purchased_purges":0,"victory":false,"max_hp_per_floor":[72,72,72,72,72,72,72,72,72,72,72,72,72,72,72,72,72,72,72,72,72,72,72,72,72,72,72,72,72,72],"relic_stats":{"counters":[14,61],"Astrolabe":["ReachHeaven","Establishment","SashWhip"],"Yang":[22],"Juzu Bracelet":0,"War Paint":["Defend_P","Defend_P"],"Boot":[48],"obtain_stats":[{"Astrolabe":0,"Yang":26,"WingedGreaves":10,"Juzu Bracelet":9,"PureWater":0,"War Paint":7,"Boot":12,"FossilizedHelix":24,"Akabeko":28,"Runic Pyramid":17},{"Astrolabe":0,"Yang":12,"WingedGreaves":5,"Juzu Bracelet":4,"PureWater":0,"War Paint":4,"Boot":6,"FossilizedHelix":12,"Akabeko":13,"Runic Pyramid":8},{"Astrolabe":0,"Yang":54,"WingedGreaves":18,"Juzu Bracelet":15,"PureWater":0,"War Paint":15,"Boot":24,"FossilizedHelix":54,"Akabeko":58,"Runic Pyramid":35}]},"card_choices":[{"not_picked":["Evaluate","Collect"],"picked":"CrushJoints","floor":1.0},{"not_picked":["Collect","FlyingSleeves","EmptyFist"],"picked":"SKIP","floor":3.0},{"not_picked":["CutThroughFate","Wireheading"],"picked":"MentalFortress","floor":5.0},{"not_picked":["Weave","FollowUp"],"picked":"DeusExMachina","floor":7.0},{"not_picked":["Indignation","Brilliance"],"picked":"ClearTheMind","floor":10.0},{"not_picked":["BattleHymn","EmptyBody","CutThroughFate"],"picked":"SKIP","floor":12.0},{"not_picked":["Halt","Consecrate"],"picked":"Vengeance","floor":14.0},{"not_picked":["Alpha","Judgement"],"picked":"Devotion","floor":16.0},{"not_picked":["BowlingBash","SashWhip"],"picked":"ClearTheMind","floor":18.0},{"not_picked":["FlurryOfBlows","CrushJoints","BowlingBash+1"],"picked":"SKIP","floor":20.0},{"not_picked":["CrushJoints","BowlingBash+1"],"picked":"FlurryOfBlows","floor":20.0},{"not_picked":["PathToVictory","FlyingSleeves","Evaluate"],"picked":"SKIP","floor":21.0},{"not_picked":["PathToVictory+1","SashWhip"],"picked":"FlurryOfBlows","floor":24},{"not_picked":["FlyingSleeves","FollowUp","EmptyBody"],"picked":"SKIP","floor":28}],"player_experience":399696,"relics_obtained":[{"floor":7.0,"key":"War Paint"},{"floor":9.0,"key":"Juzu Bracelet"},{"floor":10.0,"key":"WingedGreaves"},{"floor":12.0,"key":"Boot"},{"floor":24,"key":"FossilizedHelix"},{"floor":26,"key":"Yang"},{"floor":28,"key":"Akabeko"}],"event_choices":[{"damage_healed":0.0,"max_hp_gain":0.0,"max_hp_loss":0.0,"gold_gain":0.0,"event_name":"World of Goop","player_choice":"Left Gold","floor":2.0,"gold_loss":38.0,"damage_taken":0.0},{"cards_removed":["Strike_P"],"damage_healed":0.0,"max_hp_gain":0.0,"max_hp_loss":0.0,"gold_gain":0.0,"event_name":"Golden Wing","player_choice":"Card Removal","floor":4.0,"gold_loss":0.0,"damage_taken":7.0},{"damage_healed":0.0,"max_hp_gain":0.0,"max_hp_loss":0.0,"gold_gain":0.0,"event_name":"Cursed Tome","player_choice":"Ignored","floor":19.0,"gold_loss":0.0,"damage_taken":0.0},{"damage_healed":0,"gold_gain":0,"player_choice":"Leave","damage_taken":0,"max_hp_gain":0,"max_hp_loss":0,"event_name":"FaceTrader","floor":27,"gold_loss":0}],"is_beta":false,"boss_relics":[{"not_picked":["Tiny House","Black Star"],"picked":"Runic Pyramid"}],"items_purged_floors":[],"is_endless":false,"potions_floor_spawned":[3,7,12,18,20],"killed_by":"Slavers","ascension_level":13}}