{"host":"1c52r9kaxdyo25eq","time":1611054341,"event":{"mods":["AchievementEnabler","BaseMod","Minty Spire (QoL Compilation)","Rare Cards Sparkle","SuperFastMode","everything is the same but u backflip on backflip"],"gold_per_floor":[117,128,53,53,53,385,395,395,395,258,275,286,311,324,324,324,324],"floor_reached":16,"language":"KOR","playtime":271,"items_purged":["Defend_G","Defend_G"],"score":274,"play_id":"2525bf12-fe4a-4b95-b088-45e5bde15ccb","local_time":"20210119200541","is_ascension_mode":true,"campfire_choices":[{"data":"Blade Dance","floor":8,"key":"SMITH"},{"floor":15,"key":"REST"}],"circlet_count":0,"master_deck":["AscendersBane","Strike_G","Strike_G","Strike_G","Strike_G","Defend_G","Defend_G","Defend_G","Survivor","Neutralize","Blade Dance+1","Calculated Gamble","Catalyst","Tactician","Predator"],"relics":["Ring of the Snake","NeowsBlessing","Old Coin","Eternal Feather","Sundial"],"acts_visited":["Exordium"],"potions_floor_usage":[13,13,14],"damage_taken":[{"damage":0,"enemies":"Jaw Worm","floor":1,"turns":1},{"damage":0,"enemies":"Small Slimes","floor":2,"turns":1},{"damage":0,"enemies":"Gremlin Nob","floor":6,"turns":1},{"damage":4,"enemies":"Cultist","floor":7,"turns":3},{"damage":5,"enemies":"Blue Slaver","floor":11,"turns":4},{"damage":3,"enemies":"Looter","floor":12,"turns":3},{"damage":25,"enemies":"Lagavulin","floor":13,"turns":4},{"damage":1,"enemies":"Lots of Slimes","floor":14,"turns":5},{"damage":25,"enemies":"The Guardian","floor":16,"turns":6}],"seed_played":"3579050245400282391","potions_obtained":[{"floor":7,"key":"SkillPotion"},{"floor":11,"key":"Poison Potion"},{"floor":13,"key":"LiquidMemories"}],"is_trial":false,"path_per_floor":["M","M","$","?","?","E","M","R","T","$","M","M","E","M","R","B"],"character_chosen":"THE_SILENT","items_purchased":["Catalyst"],"campfire_rested":1,"item_purchase_floors":[10],"current_hp_per_floor":[59,59,59,59,52,52,48,48,48,48,43,40,15,14,42,17,17],"gold":324,"neow_bonus":"THREE_ENEMY_KILL","is_daily":false,"chose_seed":false,"campfire_upgraded":1,"win_rate":0.0,"timestamp":1611054341,"path_taken":["M","M","$","?","?","E","M","R","T","$","M","M","E","?","R","BOSS"],"items_purchased_type":["Card"],"build_version":"2020-12-22","purchased_purges":2,"victory":false,"max_hp_per_floor":[66,66,66,66,66,66,66,66,66,66,66,66,66,66,66,66,66],"card_choices":[{"not_picked":["Deflect","Setup"],"picked":"Blade Dance","floor":1},{"not_picked":["Dagger Spray","PiercingWail"],"picked":"Calculated Gamble","floor":2},{"not_picked":["Outmaneuver","Skewer","Dodge and Roll"],"picked":"SKIP","floor":6},{"not_picked":["Blade Dance","Dagger Throw","Blur"],"picked":"SKIP","floor":7},{"not_picked":["Deflect","Acrobatics","PiercingWail"],"picked":"SKIP","floor":11},{"not_picked":["Outmaneuver","Quick Slash","Infinite Blades"],"picked":"SKIP","floor":12},{"not_picked":["Infinite Blades","Blade Dance"],"picked":"Tactician","floor":13},{"not_picked":["Dagger Spray","Footwork"],"picked":"Predator","floor":14}],"player_experience":597747,"relics_obtained":[{"floor":6,"key":"Old Coin"},{"floor":9,"key":"Eternal Feather"},{"floor":13,"key":"Sundial"}],"event_choices":[{"damage_healed":0,"gold_gain":0,"player_choice":"Ignored","damage_taken":0,"max_hp_gain":0,"max_hp_loss":0,"event_name":"Liars Game","floor":4,"gold_loss":0},{"cards_removed":["Strike_G"],"damage_healed":0,"gold_gain":0,"player_choice":"Card Removal","damage_taken":7,"max_hp_gain":0,"max_hp_loss":0,"event_name":"Golden Wing","floor":5,"gold_loss":0}],"is_beta":false,"boss_relics":[],"items_purged_floors":[3,10],"is_endless":false,"potions_floor_spawned":[7,11,12,13],"killed_by":"The Guardian","ascension_level":20}}