{"host":"pyvqvk2ltcevcwmf","time":1611025086,"event":{"mods":["BaseMod","BetterRewards","Good Game Mod","Marisa£®ÏF”Í°°ƒß¿Ì…≥£©","Minty Spire (QoL Compilation)","Rare Cards Sparkle","Shop Mod","Spicy Shops","StSLib","The Alterego","The Servant 0.9.4","Youmu£®ªÍ∆«—˝√Œ£©"],"gold_per_floor":[109,109,127,127,3,42,42,73,73,108,108,108,131,156,156,156,156],"floor_reached":16,"language":"ZHS","playtime":823,"items_purged":["Strike_R"],"score":150,"play_id":"27971390-928a-4936-a41a-d88a0182e8a9","local_time":"20210119105806","is_ascension_mode":true,"campfire_choices":[{"data":"Echo Form","floor":7.0,"key":"SMITH"},{"data":"Iron Wave","floor":15,"key":"SMITH"}],"circlet_count":0,"master_deck":["Strike_R","Strike_R","Strike_R","Defend_R","Defend_R","Defend_R","Defend_R","Bash","Echo Form+1","Body Slam","Cleave","Iron Wave","Iron Wave+1","Double Tap","Dual Wield","Cleave","Anger"],"relics":["Burning Blood","REME:ComplimentaryCards","NeowsBlessing","Golden Idol","Gremlin Horn","Vajra","Juzu Bracelet","Mercury Hourglass","Anchor"],"acts_visited":["Exordium"],"potions_floor_usage":[16,16],"damage_taken":[{"damage":0.0,"enemies":"Jaw Worm","floor":1.0,"turns":1.0},{"damage":0.0,"enemies":"Small Slimes","floor":3.0,"turns":1.0},{"damage":0.0,"enemies":"Lagavulin","floor":6.0,"turns":1.0},{"damage":50.0,"enemies":"Gremlin Nob","floor":8.0,"turns":6.0},{"damage":9.0,"enemies":"Lagavulin","floor":10.0,"turns":8.0},{"damage":0,"enemies":"2 Louse","floor":13,"turns":2},{"damage":3,"enemies":"Looter","floor":14,"turns":4},{"damage":22,"enemies":"The Guardian","floor":16,"turns":6}],"seed_played":"7655086413229418872","potions_obtained":[{"floor":6.0,"key":"Strength Potion"},{"floor":10.0,"key":"HeartOfIron"},{"floor":13,"key":"Weak Potion"}],"is_trial":false,"path_per_floor":["M","?","M","?","$","E","R","E","T","E","?","?","M","M","R","B"],"character_chosen":"IRONCLAD","items_purchased":["Iron Wave"],"campfire_rested":0,"item_purchase_floors":[5],"current_hp_per_floor":[80,60,66,54,54,60,60,16,16,13,13,13,19,22,22,0,0],"gold":156,"neow_bonus":"THREE_ENEMY_KILL","is_daily":false,"chose_seed":false,"campfire_upgraded":2,"win_rate":0.0,"timestamp":1611025086,"path_taken":["M","?","M","?","?","E","R","E","T","E","?","?","M","M","R","BOSS"],"items_purchased_type":["Card"],"build_version":"2020-12-22","purchased_purges":1,"victory":false,"max_hp_per_floor":[80,80,80,80,80,80,80,80,80,80,80,80,80,80,80,80,80],"card_choices":[{"not_picked":["Clash","Wild Strike"],"picked":"Body Slam","floor":1.0},{"not_picked":["Body Slam","Havoc"],"picked":"Cleave","floor":3.0},{"not_picked":["Carnage","Warcry","Flex"],"picked":"SKIP","floor":6.0},{"not_picked":["Cleave","Perfected Strike"],"picked":"Iron Wave","floor":8.0},{"not_picked":["Shrug It Off","Sentinel"],"picked":"Double Tap","floor":10.0},{"not_picked":["Havoc","Shrug It Off"],"picked":"Cleave","floor":13},{"not_picked":["Iron Wave","Perfected Strike"],"picked":"Anger","floor":14}],"player_experience":204139,"relics_obtained":[{"floor":6.0,"key":"Vajra"},{"floor":8.0,"key":"Juzu Bracelet"},{"floor":9.0,"key":"Mercury Hourglass"},{"floor":10.0,"key":"Anchor"}],"event_choices":[{"damage_healed":0.0,"max_hp_gain":0.0,"max_hp_loss":0.0,"gold_gain":0.0,"event_name":"Golden Idol","player_choice":"Take Damage","floor":2.0,"gold_loss":0.0,"damage_taken":20.0,"relics_obtained":["Golden Idol"]},{"damage_healed":0.0,"max_hp_gain":0.0,"max_hp_loss":0.0,"gold_gain":0.0,"event_name":"Scrap Ooze","player_choice":"Success","floor":4.0,"gold_loss":0.0,"damage_taken":12.0,"relics_obtained":["Gremlin Horn"]},{"damage_healed":0,"gold_gain":0,"cards_transformed":["Strike_R"],"player_choice":"Change","damage_taken":0,"max_hp_gain":0,"max_hp_loss":0,"event_name":"Living Wall","floor":12,"gold_loss":0,"cards_obtained":["Dual Wield"]}],"is_beta":false,"boss_relics":[],"items_purged_floors":[5],"is_endless":false,"potions_floor_spawned":[6,10,13],"killed_by":"The Guardian","ascension_level":1}}