{"host":"7pdbvbnybm62aded","time":1611074596,"event":{"mods":["BaseMod","Downfall","Minty Spire (QoL Compilation)","READ ME - Guardian Mod","Shop Mod","Spicy Shops","StSLib","The Construct","[IsaacMod]ÒÔÈö¼âËþ","¡¾ÒÅÎï¿¨ÅÆ¡¿REMEMod"],"gold_per_floor":[99,118,43,43,58,68,68,78,78,110,110,121,174,192,205,302,302,227,227,227,11,20,20,43,71,71,94,103,137,137,137,155,266,275,275,304,313,313,372,150,150,50,86,86,86,86,121,221,248,248,248,248,248],"floor_reached":52,"language":"ZHS","playtime":7122,"items_purged":["Injury"],"score":564,"play_id":"0b843826-9e41-4f89-9ecc-318c23d996f2","local_time":"20210120004316","is_ascension_mode":true,"campfire_choices":[{"floor":1.0,"key":"RECALL"},{"data":"Slimebound:WasteNot","floor":3.0,"key":"SMITH"},{"data":"Slimebound:DivideAndConquer","floor":18.0,"key":"SMITH"},{"data":"Slimebound:Split","floor":23.0,"key":"SMITH"},{"floor":30.0,"key":"REST"},{"data":"Slimebound:DouseInSlime","floor":35.0,"key":"SMITH"},{"data":"Slimebound:Nibble","floor":42.0,"key":"SMITH"},{"data":"Thinking Ahead","floor":44.0,"key":"SMITH"},{"data":"Slimebound:GrowthPunch","floor":46.0,"key":"SMITH"}],"circlet_count":0,"master_deck":["Slimebound:Tackle","Slimebound:Defend_Slimebound","Slimebound:Defend_Slimebound","Slimebound:Defend_Slimebound","Slimebound:Defend_Slimebound","Slimebound:Split+1","Slimebound:CorrosiveSpit","Slimebound:DivideAndConquer+1","Slimebound:SplitMire","Slimebound:SplitMire","Slimebound:Repurpose","Thinking Ahead+1","Slimebound:Darklings","Slimebound:GrowthPunch+1","Slimebound:LeechLife","CurseOfTheBell","Madness","Slimebound:SlimeBarrage","Slimebound:LeechEnergy","Slimebound:DouseInSlime+1","Slimebound:Overexert","Slimebound:Schlurp+1","Slimebound:SpikyOuterGoop+1","Slimebound:GoopSpray+1","Slimebound:Nibble+1","Slimebound:HauntingLick","Slimebound:ProtectTheBoss+1"],"relics":["Slimebound:AbsorbEndCombatUpgraded","HushsDoor","PokeGo","downfall:HeartBlessingRed","DeadEye","Letter Opener","Oddly Smooth Stone","Calling Bell","MealTicket","SharpPlug","TungstenRod","downfall:HeartBlessingGreen","sneckomod:BabySnecko","SteamSale","Vajra","CeramicFish","Juzu Bracelet","PreservedInsect","Matryoshka","GuppysHead","MoneyPower","Bronze Scales","Medical Kit","TheBean","Chaos","downfall:HeartBlessingBlue","StoneCalendar","BelialBook"],"acts_visited":["TheBeyond","TheEnding"],"potions_floor_usage":[],"damage_taken":[{"damage":10.0,"enemies":"2 Louse","floor":2.0,"turns":3.0},{"damage":11.0,"enemies":"Cultist","floor":5.0,"turns":4.0},{"damage":12.0,"enemies":"Small Slimes","floor":6.0,"turns":3.0},{"damage":25.0,"enemies":"Gremlin Gang","floor":8.0,"turns":4.0},{"damage":36.0,"enemies":"Lagavulin","floor":10.0,"turns":6.0},{"damage":24.0,"enemies":"Blue Slaver","floor":12.0,"turns":3.0},{"damage":17.0,"enemies":"3 Louse","floor":14.0,"turns":2.0},{"damage":27.0,"enemies":"Exordium Wildlife","floor":15.0,"turns":3.0},{"damage":54.0,"enemies":"downfall:CharBossIronclad","floor":16.0,"turns":6.0},{"damage":3.0,"enemies":"downfall:FleeingMerchant","floor":21.0,"turns":4.0},{"damage":5.0,"enemies":"3 Byrds","floor":25.0,"turns":3.0},{"damage":55.0,"enemies":"Slavers","floor":29.0,"turns":4.0},{"damage":0.0,"enemies":"Chosen","floor":32.0,"turns":3.0},{"damage":0.0,"enemies":"downfall:CharBossDefect","floor":33.0,"turns":1.0},{"damage":17.0,"enemies":"Orb Walker","floor":36.0,"turns":3.0},{"damage":0.0,"enemies":"2 Orb Walkers","floor":39.0,"turns":6.0},{"damage":10.0,"enemies":"downfall:FleeingMerchant","floor":40.0,"turns":4.0},{"damage":15.0,"enemies":"Nemesis","floor":43.0,"turns":5.0},{"damage":6.0,"enemies":"Giant Head","floor":47.0,"turns":6.0},{"damage":14,"enemies":"3 Shapes","floor":49,"turns":2},{"damage":0,"enemies":"downfall:CharBossSilent","floor":50,"turns":1},{"damage":67,"enemies":"downfall:CharBossMerchant","floor":52,"turns":5}],"seed_played":"-580113762194707030","potions_obtained":[{"floor":2.0,"key":"DuplicationPotion"},{"floor":10.0,"key":"FearPotion"},{"floor":12.0,"key":"Fire Potion"},{"floor":15.0,"key":"Dexterity Potion"},{"floor":25.0,"key":"LiquidMemories"},{"floor":33.0,"key":"SteroidPotion"},{"floor":43.0,"key":"Weak Potion"}],"is_trial":false,"path_per_floor":["R","M","R","?","M","M","T","M","?","E","?","M","T","M","M","B",null,"R","?","?","$","?","R","T","M","?","T","?","E","R","?","M","B",null,"R","M","?","?","?","?","T","R","E","R","?","R","E","?","M","B",null,"E"],"character_chosen":"SLIMEBOUND","items_purchased":["SteamSale","REME_GoldPotion","Vajra","GuppysHead","Slimebound:Overexert","Bronze Scales","Medical Kit","Slimebound:Nibble","TheBean","SkillPotion"],"campfire_rested":1,"item_purchase_floors":[21,21,21,34,34,40,40,40,40,40],"current_hp_per_floor":[60,60,60,60,60,50,50,43,43,27,27,31,31,28,27,23,60,60,60,60,60,60,60,60,57,57,57,57,10,28,14,16,16,46,46,32,32,32,46,46,46,56,50,50,50,50,54,54,50,50,56,0,0,0],"gold":248,"neow_bonus":"TRANSFORM_CARD","is_daily":false,"chose_seed":false,"campfire_upgraded":7,"win_rate":0.0,"timestamp":1611074596,"path_taken":["R","M","R","?","M","?","T","M","?","E","?","M","?","?","M","BOSS","R","?","E","$","?","R","T","M","?","?","?","E","R","?","M","BOSS","R","M","?","?","?","?","T","R","E","R","?","R","E","?","M","BOSS","E"],"items_purchased_type":["Relic","Potion","Relic","Relic","Card","Relic","Relic","Card","Relic","Potion"],"build_version":"2020-12-22","purchased_purges":1,"victory":false,"max_hp_per_floor":[60,60,60,60,60,60,60,60,60,60,60,60,60,60,60,60,60,60,60,60,60,60,60,60,60,60,60,60,60,60,60,60,60,46,46,46,46,46,46,46,46,56,56,56,56,56,56,56,56,56,56,56,56,56],"card_choices":[{"not_picked":[],"picked":"SuicideKing","floor":0.0},{"not_picked":["Slimebound:GrowthPunch","Slimebound:LeechingTouch"],"picked":"Slimebound:DivideAndConquer","floor":2.0},{"not_picked":["Slimebound:SelfFormingGoo","Slimebound:Schlurp"],"picked":"Slimebound:SplitMire","floor":5.0},{"not_picked":["Slimebound:Schlurp","Slimebound:FirmFortitude"],"picked":"Slimebound:SplitMire","floor":6.0},{"not_picked":["Slimebound:GoopTackle","Slimebound:Schlurp","Slimebound:RollThrough"],"picked":"SKIP","floor":8.0},{"not_picked":["Slimebound:Grow","Slimebound:RollThrough"],"picked":"Slimebound:Repurpose","floor":10.0},{"not_picked":["Slimebound:PressTheAttack","Slimebound:SplitBruiser","Slimebound:SplitAcid"],"picked":"SKIP","floor":12.0},{"not_picked":["Slimebound:SlimeSpikes","Slimebound:Schlurp"],"picked":"Slimebound:Darklings","floor":14.0},{"not_picked":["Slimebound:FormOfPuddle","Slimebound:Prepare"],"picked":"Slimebound:GrowthPunch","floor":15.0},{"not_picked":["Slimebound:OneTwoCombo","Slimebound:Darklings"],"picked":"Slimebound:LeechLife","floor":16.0},{"not_picked":["Slimebound:SlimeSlap","Slimebound:GoopTackle","Slimebound:LeechLife"],"picked":"SKIP","floor":21.0},{"not_picked":["Slimebound:ItLooksTasty","Slimebound:SplitAcid+1"],"picked":"Slimebound:SlimeBarrage","floor":25.0},{"not_picked":["Slimebound:SlimeBarrage+1","Slimebound:SplitAcid","Slimebound:TongueLash"],"picked":"SKIP","floor":29.0},{"not_picked":["Slimebound:Equalize","Slimebound:GoopTackle+1","Slimebound:RollThrough"],"picked":"SKIP","floor":32.0},{"not_picked":["Slimebound:PrepareCrush","Slimebound:MassFeed"],"picked":"Slimebound:DouseInSlime","floor":33.0},{"not_picked":["Slimebound:LeechEnergy+1","Slimebound:LeechingTouch+1"],"picked":"Slimebound:Schlurp+1","floor":36.0},{"not_picked":["Slimebound:ComboTackle+1","Slimebound:Prepare"],"picked":"Slimebound:SpikyOuterGoop+1","floor":39.0},{"not_picked":["Slimebound:SlimeSpikes+1","Slimebound:FinishingTackle"],"picked":"Slimebound:GoopSpray+1","floor":40.0},{"not_picked":["Slimebound:Prepare+1","Slimebound:RollThrough+1"],"picked":"Slimebound:HauntingLick","floor":43.0},{"not_picked":["Slimebound:RollThrough","Slimebound:DouseInSlime","Slimebound:GoopSpray+1"],"picked":"SKIP","floor":47.0},{"not_picked":["Slimebound:SplitMire+1","Slimebound:HauntingLick"],"picked":"Slimebound:ProtectTheBoss+1","floor":49}],"player_experience":654360,"relics_obtained":[{"floor":7.0,"key":"DeadEye"},{"floor":10.0,"key":"Letter Opener"},{"floor":13.0,"key":"Oddly Smooth Stone"},{"floor":17.0,"key":"MealTicket"},{"floor":17.0,"key":"SharpPlug"},{"floor":17.0,"key":"TungstenRod"},{"floor":24.0,"key":"Juzu Bracelet"},{"floor":27.0,"key":"PreservedInsect"},{"floor":29.0,"key":"Matryoshka"},{"floor":39.0,"key":"MoneyPower"},{"floor":41.0,"key":"Chaos"},{"floor":43.0,"key":"StoneCalendar"},{"floor":47.0,"key":"BelialBook"}],"event_choices":[{"damage_healed":0.0,"max_hp_gain":0.0,"max_hp_loss":0.0,"gold_gain":0.0,"cards_transformed":["SuicideKing"],"event_name":"Transmorgrifier","player_choice":"Transformed","floor":11.0,"gold_loss":0.0,"damage_taken":0.0,"cards_obtained":["Thinking Ahead"]},{"cards_removed":["Slimebound:Strike_Slimebound"],"damage_healed":0.0,"max_hp_gain":0.0,"max_hp_loss":0.0,"gold_gain":0.0,"event_name":"Back to Basics","player_choice":"Elegance","floor":20.0,"gold_loss":0.0,"damage_taken":0.0},{"damage_healed":0.0,"max_hp_gain":0.0,"max_hp_loss":0.0,"gold_gain":0.0,"event_name":"Addict","player_choice":"Stole Relic","floor":22.0,"gold_loss":0.0,"damage_taken":0.0,"relics_obtained":["CeramicFish"],"cards_obtained":["Pride"]},{"damage_healed":0.0,"max_hp_gain":0.0,"max_hp_loss":0.0,"gold_gain":0.0,"event_name":"Mysterious Sphere","player_choice":"Ignored","floor":38.0,"gold_loss":0.0,"damage_taken":0.0}],"is_beta":false,"boss_relics":[{"not_picked":["Cursed Key","SacredBark"],"picked":"Calling Bell"},{"not_picked":[]},{"not_picked":["Tiny House","Pandora\u0027s Box"],"picked":"Slimebound:AbsorbEndCombatUpgraded"},{"not_picked":[]}],"items_purged_floors":[21],"is_endless":false,"potions_floor_spawned":[2,10,12,15,25,33,43],"killed_by":"downfall:CharBossMerchant","ascension_level":2}}