{"host":"snn1c4qsf0fj7fzf","time":1611077066,"event":{"mods":["AchievementEnabler","Act Like it!","Aspiration","Astrologer","Bard","Bartender","BaseMod","Colored Powertips","Energized Spire","Gensokyo","Gremlin Mod","Hallownest","Hermit","HololiveMod","Hubris","Infinite Spire","Lobotomy","LobotomyExtend","Marisa????????","Minty Spire (QoL Compilation)","Random Character Button","Rare Cards Sparkle","Reimu??????","Replay The Spire","Shop Mod","StSLib","The Animator","The Bug Knight","The Cursed","The Gatherer","The Hierophant","The Poker Player","Wandering Minibosses"],"gold_per_floor":[117,136,152,152,171,198,198,224,224,256,312,312,312],"floor_reached":12,"language":"ENG","playtime":1097,"items_purged":[],"score":129,"play_id":"899f8d5d-2407-410c-8048-d253311d5262","local_time":"20210120012426","is_ascension_mode":true,"campfire_choices":[],"circlet_count":0,"master_deck":["SpecialBullet","SpecialBullet","SpecialBullet","SpecialBullet","SpecialBullet","SpecialBullet","SpecialBullet","SpecialBullet","CentralCode","WelfareCode","DisciplinaryCode","Noise","UniverseFragment","OldLady","QueenBee","Penitence","InformationCode","OSAHOGD","BigBird","ShedSkin","Beak"],"relics":["CogitoBucket","LetterFromLob","hubris:Icosahedron","hubris:OldNail","hubris:Metronome","Replay:Bottled Flurry","Hololive_LightStick","Centennial Puzzle"],"acts_visited":["Exordium"],"potions_floor_usage":[10,11,12],"damage_taken":[{"damage":6,"enemies":"Cultist","floor":1,"turns":3},{"damage":11,"enemies":"Jaw Worm","floor":2,"turns":3},{"damage":0,"enemies":"2 Louse","floor":3,"turns":2},{"damage":0,"enemies":"2 Fungi Beasts","floor":5,"turns":2},{"damage":10,"enemies":"3 Sentries","floor":6,"turns":6},{"damage":30,"enemies":"HollowMod:MossKnight","floor":8,"turns":18},{"damage":0,"enemies":"Gremlin Nob","floor":10,"turns":2},{"damage":8,"enemies":"Lagavulin Event","floor":11,"turns":4},{"damage":13,"enemies":"HollowMod:MossKnight","floor":12,"turns":3}],"seed_played":"-130209049578311740","potions_obtained":[{"floor":3,"key":"Swift Potion"},{"floor":5,"key":"ColorlessPotion"},{"floor":10,"key":"Dexterity Potion"},{"floor":11,"key":"ZuzhouPotion:ReiMu"}],"is_trial":false,"path_per_floor":["M","M","M","?","M","E","R","E","T","E","?","E"],"character_chosen":"Angela","items_purchased":[],"campfire_rested":0,"item_purchase_floors":[],"current_hp_per_floor":[64,53,53,53,53,43,43,13,13,13,5,0,0],"gold":312,"neow_bonus":"THREE_CARDS","is_daily":false,"chose_seed":false,"campfire_upgraded":0,"win_rate":0.0,"timestamp":1611077066,"path_taken":["M","M","?","?","M","E","R","E","T","E","?","E"],"items_purchased_type":[],"build_version":"2020-12-22","purchased_purges":0,"victory":false,"max_hp_per_floor":[70,70,70,70,70,70,70,70,70,70,70,70,70],"card_choices":[{"not_picked":["Beak","TodaysExpression"],"picked":"Noise","floor":0},{"not_picked":["Bloodbath","BeautyBeast"],"picked":"UniverseFragment","floor":1},{"not_picked":["FourthMatchFlame","Gaze"],"picked":"SKIP","floor":1},{"not_picked":["Scarecrow","HeroicMonk"],"picked":"OldLady","floor":2},{"not_picked":["RapturousDream","TodaysExpression"],"picked":"SKIP","floor":2},{"not_picked":["Pleasure","Regret_ego"],"picked":"SKIP","floor":3},{"not_picked":["WallGazer","VoidDream"],"picked":"QueenBee","floor":5},{"not_picked":["Regret_ego"],"picked":"Penitence","floor":5},{"not_picked":["FourthMatchFlame","Wingbeat"],"picked":"SKIP","floor":6},{"not_picked":["VoidDream","CherryBlossoms"],"picked":"OSAHOGD","floor":8},{"not_picked":["Loneliness","Regret_ego"],"picked":"SKIP","floor":8},{"not_picked":["CherryBlossoms","Yin"],"picked":"BigBird","floor":10},{"not_picked":["Wingbeat"],"picked":"ShedSkin","floor":10},{"not_picked":["Lantern"],"picked":"Beak","floor":11}],"player_experience":321576,"relics_obtained":[{"floor":1,"key":"LetterFromLob"},{"floor":6,"key":"hubris:OldNail"},{"floor":8,"key":"hubris:Metronome"},{"floor":9,"key":"Replay:Bottled Flurry"},{"floor":10,"key":"Hololive_LightStick"},{"floor":11,"key":"Centennial Puzzle"}],"event_choices":[{"damage_healed":0,"gold_gain":0,"player_choice":"Searched \u00272\u0027 times","damage_taken":0,"max_hp_gain":0,"max_hp_loss":0,"event_name":"Dead Adventurer","floor":11,"gold_loss":0}],"is_beta":false,"boss_relics":[],"items_purged_floors":[],"is_endless":false,"potions_floor_spawned":[3,5,10,11],"killed_by":"HollowMod:MossKnight","ascension_level":1}}