{"host":"ibonnlq6s1c814xj","time":1611055653,"event":{"mods":["BaseMod","BetterRewards","Minty Spire (QoL Compilation)","Quick Restart","Shop Mod","¡¾ÒÅÎï¿¨ÅÆ¡¿REMEMod"],"gold_per_floor":[115,132,132,307,307,307,335,74,74,104,121,134,134,6,6,108,108,125,125,142,50,50,50],"floor_reached":22,"language":"ZHS","playtime":885,"items_purged":["Doubt"],"score":237,"play_id":"e93509b8-a528-4f12-855c-dae2392e9218","local_time":"20210119192733","is_ascension_mode":true,"campfire_choices":[{"data":"Concentrate","floor":6.0,"key":"SMITH"},{"data":"REME_SpectralBlade","floor":13.0,"key":"SMITH"},{"floor":15.0,"key":"REST"}],"circlet_count":0,"master_deck":["Strike_G+1","Strike_G","Strike_G","Strike_G","Strike_G+1","Defend_G","Defend_G","Defend_G","Defend_G","Defend_G","Survivor","Neutralize","REME_SpectralBlade+1","Concentrate+1","Deflect","Tactician","REME_ShadowStrike","Expertise","Calculated Gamble","Well Laid Plans","Prepared","Prepared","Grand Finale"],"relics":["Ring of the Snake","REME_ComplimentaryCards","NeowsBlessing","REME_LimitBreaker","PreservedInsect","Membership Card","Odd Mushroom","MerchantsRug","Calipers","REME_LowDesire","Happy Flower","MealTicket","Spirit Poop"],"acts_visited":["Exordium","TheCity"],"potions_floor_usage":[],"damage_taken":[{"damage":0.0,"enemies":"Small Slimes","floor":1.0,"turns":1.0},{"damage":0.0,"enemies":"2 Louse","floor":2.0,"turns":1.0},{"damage":0.0,"enemies":"3 Sentries","floor":7.0,"turns":1.0},{"damage":7.0,"enemies":"The Mushroom Lair","floor":10.0,"turns":4.0},{"damage":7.0,"enemies":"Cultist","floor":11.0,"turns":4.0},{"damage":7.0,"enemies":"3 Louse","floor":12.0,"turns":3.0},{"damage":46.0,"enemies":"The Guardian","floor":16.0,"turns":12.0},{"damage":36.0,"enemies":"Shell Parasite","floor":18.0,"turns":6.0},{"damage":32.0,"enemies":"Chosen","floor":20.0,"turns":7.0},{"damage":0,"enemies":"Snecko","floor":22,"turns":3}],"seed_played":"-7663123823376153690","potions_obtained":[{"floor":1.0,"key":"BlessingOfTheForge"},{"floor":2.0,"key":"BlessingOfTheForge"},{"floor":7.0,"key":"Fire Potion"},{"floor":12.0,"key":"REME_GoldPotion"},{"floor":20.0,"key":"Strength Potion"}],"is_trial":false,"path_per_floor":["M","M","?","?","?","R","E","$","T","?","M","M","R","$","R","B",null,"M","?","M","$","M"],"character_chosen":"THE_SILENT","items_purchased":["Membership Card","REME_ShadowStrike","MerchantsRug","Calipers","Prepared","Grand Finale"],"campfire_rested":1,"item_purchase_floors":[8,8,14,14,21,21],"current_hp_per_floor":[70,70,70,70,56,56,56,56,56,49,42,35,35,35,56,10,70,34,34,2,17,17,17],"gold":50,"neow_bonus":"THREE_ENEMY_KILL","is_daily":false,"chose_seed":false,"campfire_upgraded":2,"win_rate":0.0,"timestamp":1611055653,"path_taken":["M","M","?","?","?","R","E","$","T","?","M","M","R","$","R","BOSS","M","?","M","$","M"],"items_purchased_type":["Relic","Card","Relic","Relic","Card","Card"],"build_version":"2020-12-22","purchased_purges":1,"victory":false,"max_hp_per_floor":[70,70,70,70,70,70,70,70,70,70,70,70,70,70,70,70,70,70,70,70,70,70,70],"card_choices":[{"not_picked":["Quick Slash","Underhanded Strike"],"picked":"Concentrate","floor":1.0},{"not_picked":["Flechettes","Dagger Spray"],"picked":"Deflect","floor":2.0},{"not_picked":["Reflex","Distraction"],"picked":"Tactician","floor":7.0},{"not_picked":["Underhanded Strike","Dagger Spray"],"picked":"Expertise","floor":10.0},{"not_picked":["Bane","Blade Dance"],"picked":"Calculated Gamble","floor":11.0},{"not_picked":["Quick Slash","Poisoned Stab","Bane"],"picked":"SKIP","floor":12.0},{"not_picked":["Deflect+1","Crippling Poison","Forethought"],"picked":"Well Laid Plans","floor":18.0},{"not_picked":["Concentrate","Blade Dance","Flash of Steel"],"picked":"Prepared","floor":20.0}],"player_experience":265928,"relics_obtained":[{"floor":7.0,"key":"PreservedInsect"},{"floor":9.0,"key":"Juzu Bracelet"},{"floor":10.0,"key":"Odd Mushroom"},{"floor":17.0,"key":"Happy Flower"},{"floor":17.0,"key":"MealTicket"}],"event_choices":[{"damage_healed":0.0,"max_hp_gain":0.0,"max_hp_loss":0.0,"gold_gain":0.0,"event_name":"Big Fish","player_choice":"Box","floor":3.0,"gold_loss":0.0,"damage_taken":0.0,"relics_obtained":["REME_LimitBreaker"],"cards_obtained":["Regret"]},{"damage_healed":0.0,"max_hp_gain":0.0,"max_hp_loss":0.0,"gold_gain":175.0,"event_name":"Liars Game","player_choice":"AGREE","floor":4.0,"gold_loss":0.0,"damage_taken":0.0,"cards_obtained":["Doubt"]},{"damage_healed":0.0,"max_hp_gain":0.0,"max_hp_loss":0.0,"gold_gain":0.0,"event_name":"Shining Light","player_choice":"Entered Light","floor":5.0,"gold_loss":0.0,"damage_taken":14.0,"cards_upgraded":["Strike_G","Strike_G"]},{"damage_healed":0.0,"max_hp_gain":0.0,"max_hp_loss":0.0,"gold_gain":0.0,"event_name":"Mushrooms","player_choice":"Fought Mushrooms","floor":10.0,"gold_loss":0.0,"damage_taken":0.0},{"cards_removed":["Regret"],"damage_healed":0.0,"max_hp_gain":0.0,"max_hp_loss":0.0,"gold_gain":0.0,"event_name":"Bonfire Elementals","player_choice":"Offered Curse","floor":19.0,"gold_loss":0.0,"damage_taken":0.0,"relics_obtained":["Spirit Poop"]}],"is_beta":false,"boss_relics":[{"not_picked":["SlaversCollar","Snecko Eye"],"picked":"REME_LowDesire"}],"items_purged_floors":[8],"is_endless":false,"potions_floor_spawned":[1,2,7,12,20],"killed_by":"Snecko","ascension_level":3}}