{"host":"2ica2wc1gg7guzbw","time":1611055672,"event":{"mods":["BaseMod","Colored Map","Minty Spire (QoL Compilation)","Replay The Spire","Shop Mod","StSLib"],"gold_per_floor":[366,384,384,401,419,446,446,446,446,446,473,492,492,257,257,331,331,345,345,43,61,75,75,75],"floor_reached":23,"language":"RUS","playtime":855,"items_purged":["Decay"],"score":482,"play_id":"3930f456-2bf0-400e-a474-433a89d7eb2a","local_time":"20210119152752","is_ascension_mode":true,"campfire_choices":[{"data":"Streamline","floor":8.0,"key":"SMITH"},{"floor":10.0,"key":"REST"},{"data":"Defragment","floor":15.0,"key":"SMITH"}],"circlet_count":0,"master_deck":["AscendersBane","Strike_B","Strike_B","Strike_B","Strike_B","Defend_B","Defend_B","Defend_B","Zap","Dualcast","m_Survivalism","Eruption","Rebound","White Noise","Streamline+1","FIFO Queue","Chill","Defragment+1","Coolheaded","Core Surge","BootSequence","Loop","Creative AI","Coolheaded"],"relics":["Cracked Core","Strawberry","PreservedInsect","Divine Protection","ReplayTheSpireMod:CursedCoin","Happy Flower","Philosopher\u0027s Stone","Toolbox"],"acts_visited":["Exordium","TheCity"],"potions_floor_usage":[22],"damage_taken":[{"damage":0.0,"enemies":"2 Louse","floor":1.0,"turns":3.0},{"damage":2.0,"enemies":"Jaw Worm","floor":2.0,"turns":3.0},{"damage":8.0,"enemies":"Small Slimes","floor":4.0,"turns":4.0},{"damage":17.0,"enemies":"3 Louse","floor":5.0,"turns":3.0},{"damage":37.0,"enemies":"Lagavulin","floor":6.0,"turns":7.0},{"damage":0.0,"enemies":"Large Slime","floor":12.0,"turns":4.0},{"damage":0.0,"enemies":"The Guardian","floor":16.0,"turns":10.0},{"damage":5.0,"enemies":"3 Byrds","floor":18.0,"turns":6.0},{"damage":5.0,"enemies":"Shell Parasite","floor":21.0,"turns":7.0},{"damage":15,"enemies":"Centurion and Healer","floor":22,"turns":6},{"damage":48,"enemies":"Book of Stabbing","floor":23,"turns":5}],"seed_played":"2565198289748609577","potions_obtained":[{"floor":4.0,"key":"SpeedPotion"},{"floor":6.0,"key":"Energy Potion"},{"floor":12.0,"key":"Flashbang"},{"floor":16.0,"key":"PowerPotion"},{"floor":22,"key":"EssenceOfSteel"}],"is_trial":false,"path_per_floor":["M","M","?","M","M","E","?","R","T","R","T","M","?","$","R","B",null,"M","?","$","M","M","E"],"character_chosen":"DEFECT","items_purchased":["ReplayTheSpireMod:CursedCoin","Defragment","Coolheaded","Happy Flower","Loop","Toolbox","PowerPotion"],"campfire_rested":1,"item_purchase_floors":[14,14,14,14,20,20,20],"current_hp_per_floor":[64,62,67,59,42,12,12,12,12,36,36,36,36,36,36,36,71,66,66,66,61,46,0,0],"gold":75,"neow_bonus":"TWO_FIFTY_GOLD","is_daily":false,"chose_seed":false,"campfire_upgraded":2,"win_rate":0.0,"timestamp":1611055672,"path_taken":["M","M","?","M","M","E","?","R","T","R","?","M","?","$","R","BOSS","M","?","$","M","M","E"],"items_purchased_type":["Relic","Card","Card","Relic","Card","Relic","Potion"],"build_version":"2020-12-22","purchased_purges":1,"victory":false,"max_hp_per_floor":[71,71,76,76,76,83,83,83,83,83,83,83,83,83,83,83,83,83,83,83,83,83,83,83],"card_choices":[{"not_picked":["Conserve Battery","Compile Driver"],"picked":"Rebound","floor":1.0},{"not_picked":["Melter","Blizzard"],"picked":"White Noise","floor":2.0},{"not_picked":["ReplayTheSpireMod:Calculation Training","Redo"],"picked":"Streamline","floor":4.0},{"not_picked":["Barrage","Streamline"],"picked":"FIFO Queue","floor":5.0},{"not_picked":["Lockon","ReplayTheSpireMod:Reroute Power","Hologram"],"picked":"SKIP","floor":6.0},{"not_picked":["Self Repair","Hologram"],"picked":"Chill","floor":12.0},{"not_picked":["Thunder Strike","ReplayTheSpireMod:Fabricate Wheel"],"picked":"Core Surge","floor":16.0},{"not_picked":["BasicCrystalCard","Rebound"],"picked":"BootSequence","floor":18.0},{"not_picked":["Go for the Eyes","Redo"],"picked":"Creative AI","floor":21.0},{"not_picked":["Steam","BasicCrystalCard"],"picked":"Coolheaded","floor":22}],"player_experience":921591,"relics_obtained":[{"floor":6.0,"key":"Strawberry"},{"floor":9.0,"key":"PreservedInsect"}],"event_choices":[{"damage_healed":0.0,"max_hp_gain":5.0,"max_hp_loss":0.0,"gold_gain":0.0,"event_name":"Big Fish","player_choice":"Donut","floor":3.0,"gold_loss":0.0,"damage_taken":0.0},{"damage_healed":0.0,"max_hp_gain":0.0,"max_hp_loss":0.0,"gold_gain":0.0,"event_name":"Dead Adventurer","player_choice":"Searched \u00271\u0027 times","floor":13.0,"gold_loss":0.0,"damage_taken":0.0,"relics_obtained":["Divine Protection"]},{"damage_healed":0.0,"max_hp_gain":0.0,"max_hp_loss":0.0,"gold_gain":0.0,"event_name":"Ghosts","player_choice":"Ignored","floor":19.0,"gold_loss":0.0,"damage_taken":0.0}],"is_beta":false,"boss_relics":[{"not_picked":["Astrolabe","Kintsugi"],"picked":"Philosopher\u0027s Stone"}],"items_purged_floors":[14],"is_endless":false,"potions_floor_spawned":[4,6,12,16,21,22],"killed_by":"Book of Stabbing","ascension_level":20}}