{"host":"ojezjkpqju62j8xy","time":1611038148,"event":{"mods":["ATMod(°¢èªMod)","Act Like it!","Aspiration","BaseMod","Conspire","Minty Spire (QoL Compilation)","Pale of the Ancients","Replay The Spire","Spicy Shops","StSLib","¡¾ÒÅÎï¿¨ÅÆ¡¿REMEMod","²ÐÁôÖ®Îï"],"gold_per_floor":[144,341,341,404,448,488,488,550,598,598,635,657,749,773,773,859,859,882,909,909,959,959,977,977],"floor_reached":23,"language":"ZHS","playtime":1148,"items_purged":[],"score":484,"play_id":"613d53e3-1a25-4051-ae30-feaa486f00e8","local_time":"20210119143548","is_ascension_mode":true,"campfire_choices":[{"floor":7.0,"key":"REST"},{"floor":10.0,"key":"REST"},{"floor":15.0,"key":"RECALL"}],"circlet_count":0,"master_deck":["AscendersBane","PlaceholderMod:BaseStrike","PlaceholderMod:BaseStrike","PlaceholderMod:BaseStrike","PlaceholderMod:BaseStrike","PlaceholderMod:BaseStrike","PlaceholderMod:BaseDefend","PlaceholderMod:BaseDefend","PlaceholderMod:BaseDefend","PlaceholderMod:BaseDefend","PlaceholderMod:BaseDefend","PlaceholderMod:Crystal","PlaceholderMod:PoisonWhip","AT_FamilyPortrait","PlaceholderMod:MultipleOxi","Vigilance","PlaceholderMod:BaseDefend","PlaceholderMod:EnergyAbsorb","PlaceholderMod:HornyBlast","Regret","PlaceholderMod:SprayAttack","PlaceholderMod:SubstitutionNucleophilic1","PlaceholderMod:HighConcentration","PlaceholderMod:HighConcentration","PlaceholderMod:DirectingGroup","PlaceholderMod:ParasiteChange","PlaceholderMod:Inner","PlaceholderMod:DirectingGroup","PlaceholderMod:Assimilation","PlaceholderMod:TriggerStrike","PlaceholderMod:AttackAsDefend"],"relics":["PlaceholderMod:Tancle","AT_ATBox","REME_ComplimentaryCards","Thread and Needle","REME_ArchaeologicalTools","Replay:Accelerometer","aspiration:HatOfInfinitePower","PlaceholderMod:NyogSothep","Nunchaku","PlaceholderMod:LiveLive","Enchiridion"],"acts_visited":["Exordium","TheCity"],"potions_floor_usage":[],"damage_taken":[{"damage":0.0,"enemies":"2 Louse","floor":1.0,"turns":4.0},{"damage":5.0,"enemies":"conspire:RoseBush","floor":4.0,"turns":3.0},{"damage":5.0,"enemies":"Jaw Worm","floor":5.0,"turns":3.0},{"damage":6.0,"enemies":"Lagavulin","floor":6.0,"turns":6.0},{"damage":13.0,"enemies":"3 Sentries","floor":8.0,"turns":5.0},{"damage":11.0,"enemies":"Replay:BlueRogue","floor":11.0,"turns":6.0},{"damage":2.0,"enemies":"Exordium Wildlife","floor":12.0,"turns":4.0},{"damage":18.0,"enemies":"3 Sentries","floor":13.0,"turns":7.0},{"damage":13.0,"enemies":"conspire:2 RoseBushes","floor":14.0,"turns":6.0},{"damage":14.0,"enemies":"The Guardian","floor":16.0,"turns":5.0},{"damage":14.0,"enemies":"Spheric Guardian","floor":18.0,"turns":4.0},{"damage":10.0,"enemies":"3 Byrds","floor":19.0,"turns":3.0},{"damage":65,"enemies":"Gremlin Leader","floor":23,"turns":7}],"seed_played":"-4038113902256638964","potions_obtained":[{"floor":1.0,"key":"SkillPotion"},{"floor":8.0,"key":"SpeedPotion"},{"floor":14.0,"key":"FairyPotion"},{"floor":16.0,"key":"SteroidPotion"}],"is_trial":false,"path_per_floor":["M","?","?","M","M","E","R","E","T","R","E","M","E","M","R","B",null,"M","M","?","?","?","E"],"character_chosen":"THE_PLACEHOLDER","items_purchased":[],"campfire_rested":2,"item_purchase_floors":[],"current_hp_per_floor":[70,39,39,34,29,23,46,33,33,56,45,49,37,30,30,22,64,56,52,52,52,31,0,0],"gold":977,"neow_bonus":"ONE_RARE_RELIC","is_daily":false,"chose_seed":false,"campfire_upgraded":0,"win_rate":0.0,"timestamp":1611038148,"path_taken":["M","?","?","M","M","E","R","E","T","R","E","M","E","M","R","BOSS","M","M","?","?","?","E"],"items_purchased_type":[],"build_version":"2020-12-22","purchased_purges":0,"victory":false,"max_hp_per_floor":[78,78,78,78,78,78,78,78,78,78,78,78,78,78,78,78,78,78,78,78,78,78,78,78],"card_choices":[{"not_picked":["PlaceholderMod:HardStrike","PlaceholderMod:OHStrongAttack"],"picked":"PlaceholderMod:EnergyAbsorb","floor":1.0},{"not_picked":["PlaceholderMod:NutritionAbsorb","PlaceholderMod:OHStrongAttack"],"picked":"PlaceholderMod:HornyBlast","floor":2.0},{"not_picked":["PlaceholderMod:ThreeBenzyolStart","PlaceholderMod:SpinBlade"],"picked":"PlaceholderMod:SprayAttack","floor":4.0},{"not_picked":["PlaceholderMod:Polyp","PlaceholderMod:HardStinger"],"picked":"PlaceholderMod:SubstitutionNucleophilic1","floor":5.0},{"not_picked":["PlaceholderMod:ThreeBenzyolStart","PlaceholderMod:Sweep"],"picked":"PlaceholderMod:HighConcentration","floor":6.0},{"not_picked":["PlaceholderMod:SelectReaction","PlaceholderMod:ParasiteChange"],"picked":"PlaceholderMod:HighConcentration","floor":8.0},{"not_picked":["PlaceholderMod:Corrosion","PlaceholderMod:HardStinger"],"picked":"PlaceholderMod:DirectingGroup","floor":11.0},{"not_picked":["PlaceholderMod:Package","PlaceholderMod:NutritionAbsorb"],"picked":"PlaceholderMod:ParasiteChange","floor":12.0},{"not_picked":["PlaceholderMod:AttackAsDefend","PlaceholderMod:InnerStable"],"picked":"PlaceholderMod:Inner","floor":13.0},{"not_picked":["PlaceholderMod:Polyp","PlaceholderMod:PoisonAbsorb"],"picked":"PlaceholderMod:DirectingGroup","floor":14.0},{"not_picked":["PlaceholderMod:MultiReaction","PlaceholderMod:PericyclicReaction"],"picked":"PlaceholderMod:Assimilation","floor":16.0},{"not_picked":["PlaceholderMod:HardStrike","PlaceholderMod:ProliferateStrike+1"],"picked":"PlaceholderMod:TriggerStrike","floor":18.0},{"not_picked":["PlaceholderMod:Internalization","PlaceholderMod:Sweep"],"picked":"PlaceholderMod:AttackAsDefend","floor":19.0}],"player_experience":1422404,"relics_obtained":[{"floor":6.0,"key":"Replay:Accelerometer"},{"floor":8.0,"key":"aspiration:HatOfInfinitePower"},{"floor":11.0,"key":"PlaceholderMod:NyogSothep"},{"floor":13.0,"key":"Nunchaku"},{"floor":22,"key":"Enchiridion"}],"event_choices":[{"damage_healed":0.0,"max_hp_gain":0.0,"max_hp_loss":0.0,"gold_gain":0.0,"event_name":"Big Fish","player_choice":"Box","floor":3.0,"gold_loss":0.0,"damage_taken":0.0,"relics_obtained":["REME_ArchaeologicalTools"],"cards_obtained":["Regret"]},{"damage_healed":0.0,"max_hp_gain":0.0,"max_hp_loss":0.0,"gold_gain":0.0,"event_name":"Ghosts","player_choice":"Ignored","floor":20.0,"gold_loss":0.0,"damage_taken":0.0},{"damage_healed":0,"gold_gain":50,"player_choice":"Stole From Cult","damage_taken":0,"max_hp_gain":0,"max_hp_loss":0,"event_name":"Nest","floor":21,"gold_loss":0},{"damage_healed":0,"gold_gain":0,"player_choice":"Obtained Book","damage_taken":21,"max_hp_gain":0,"max_hp_loss":0,"event_name":"Cursed Tome","floor":22,"gold_loss":0}],"is_beta":false,"boss_relics":[{"not_picked":["aspiration:RitualDagger","Fusion Hammer"],"picked":"PlaceholderMod:LiveLive"}],"items_purged_floors":[],"is_endless":false,"potions_floor_spawned":[1,8,14,16],"killed_by":"Gremlin Leader","ascension_level":16}}