{"host":"r0e4s450fexxrjel","time":1611068669,"event":{"mods":["AchievementEnabler","Act Like it!","AlwaysNeverKeys","Bard","BaseMod","Better Third Choice","ChefMod","Colored Map","Conspire","Dota2Spire","Energized Spire","Evolution","Friendly Minions","GifTheSpireLib","Gold Saver","Hubris","Infinite Spire","Minty Spire (QoL Compilation)","Pale of the Ancients","RRrroohrrRGHHhhh!!","Replay The Spire","Shop Mod","StSLib","The Druid"],"gold_per_floor":[113,113,133,133,158,187,204,204,204,222,257,272,272,272,272,367,367,381,381,392,392,392,392,514,532,558,558,571,591,726,726,726,830,830,845,845,845,845],"floor_reached":37,"language":"DEU","playtime":1545,"items_purged":[],"score":457,"play_id":"9db8967f-cf98-4110-9c88-ac321734d7aa","local_time":"20210119160429","is_ascension_mode":false,"campfire_choices":[{"data":"theDruid:FullMoon","floor":8,"key":"SMITH"},{"data":"theDruid:Forage","floor":8,"key":"SMITH"},{"data":"theDruid:Infestation","floor":13,"key":"SMITH"},{"data":"theDruid:ExposingSlash","floor":13,"key":"SMITH"},{"floor":15,"key":"REST"},{"floor":23,"key":"REST"},{"floor":27,"key":"REST"},{"floor":32,"key":"REST"}],"circlet_count":0,"master_deck":["theDruid:Strike_O","theDruid:Strike_O+1","theDruid:Strike_O","theDruid:Strike_O","theDruid:Defend_O","theDruid:Defend_O","theDruid:Defend_O","theDruid:Defend_O","theDruid:BriarArmor","theDruid:WildSlash","theDruid:Starfall+1","theDruid:TakeShelter+1","theDruid:Stampede","theDruid:Forage+1","theDruid:FullMoon+1","theDruid:Infestation+1","theDruid:ExposingSlash+1","theDruid:ApexPredator","theDruid:Starfall+1","theDruid:BristlingDefense","theDruid:Scavenge","theDruid:BlessedStrike","theDruid:TwinStars","theDruid:Recoil"],"relics":["theDruid:CrownOfTheWilds","EVO:Axolotl","NeowsBlessing","Replay:Arrowhead","Dota2Spire:DrumOfEndurance","rorgmod:Ceramic Fish","Orichalcum","hubris:Towel","SlaversCollar","Nilry\u0027s Codex","Strawberry","Pen Nib","ReplayFunnel","Replay:Bottled Steam","Ring of Chaos"],"acts_visited":["Exordium","TheCity","TheBeyond"],"potions_floor_usage":[11,11,16,20,20,24,33],"damage_taken":[{"damage":0,"enemies":"Small Slimes","floor":1,"turns":1},{"damage":0,"enemies":"Jaw Worm","floor":3,"turns":1},{"damage":0,"enemies":"3 Sentries","floor":6,"turns":2},{"damage":0,"enemies":"2 Louse","floor":7,"turns":1},{"damage":0,"enemies":"Exordium Wildlife","floor":10,"turns":3},{"damage":2,"enemies":"conspire:MimicChest","floor":11,"turns":7},{"damage":4,"enemies":"Blue Slaver","floor":12,"turns":5},{"damage":39,"enemies":"Slime Boss","floor":16,"turns":15},{"damage":7,"enemies":"3 Byrds","floor":18,"turns":5},{"damage":39,"enemies":"Spheric Guardian","floor":20,"turns":10},{"damage":0,"enemies":"Replay:Snechameleon","floor":24,"turns":8},{"damage":29,"enemies":"Snake Plant","floor":25,"turns":6},{"damage":28,"enemies":"Centurion and Healer","floor":28,"turns":10},{"damage":34,"enemies":"3 Cultists","floor":29,"turns":5},{"damage":2,"enemies":"conspire:Head Lice","floor":30,"turns":10},{"damage":38,"enemies":"Automaton","floor":33,"turns":8},{"damage":48,"enemies":"Orb Walker","floor":35,"turns":7},{"damage":0,"enemies":"3 Darklings","floor":37,"turns":2}],"seed_played":"9185338432025335437","potions_obtained":[{"floor":1,"key":"Dota2Spire:HealingSalve"},{"floor":3,"key":"PowerPotion"},{"floor":7,"key":"AttackPotion"},{"floor":11,"key":"SpeedPotion"},{"floor":16,"key":"Doom Potion"},{"floor":18,"key":"Block Potion"},{"floor":25,"key":"FairyPotion"},{"floor":30,"key":"Reflective Coating"}],"is_trial":false,"path_per_floor":["M","?","M","?","?","E","M","R","T","M","?","M","R","?","R","B",null,"M","?","M","?","?","R","E","M","T","R","M","M","E","T","R","B",null,"M","?","M"],"character_chosen":"DRUID","items_purchased":[],"campfire_rested":4,"item_purchase_floors":[],"current_hp_per_floor":[76,76,76,61,42,42,42,42,42,47,50,51,51,51,73,39,76,74,74,49,49,33,55,67,38,38,62,39,9,20,20,44,15,83,35,35,39,39],"gold":845,"neow_bonus":"THREE_ENEMY_KILL","is_daily":false,"chose_seed":false,"campfire_upgraded":4,"win_rate":0.0,"timestamp":1611068669,"path_taken":["M","?","M","?","?","E","M","R","T","?","?","M","R","?","R","BOSS","M","?","?","?","?","R","E","M","T","R","M","M","E","?","R","BOSS","M","?","M"],"items_purchased_type":[],"build_version":"2020-12-22","purchased_purges":0,"victory":false,"max_hp_per_floor":[76,76,76,76,76,76,76,76,76,76,76,76,76,76,76,76,76,76,76,76,76,76,76,83,83,83,83,83,83,83,83,83,83,83,83,83,83,83],"card_choices":[{"not_picked":["theDruid:BloodiedFur","theDruid:AstralShield"],"picked":"theDruid:Starfall","floor":1},{"not_picked":["theDruid:Recoil","theDruid:ExposingSlash"],"picked":"theDruid:TakeShelter","floor":3},{"not_picked":["theDruid:FelineGrace","theDruid:BlessedStrike"],"picked":"theDruid:Stampede","floor":5},{"not_picked":["theDruid:ThickHide","theDruid:FuriousSlash"],"picked":"theDruid:Forage","floor":6},{"not_picked":["theDruid:AstralShield","theDruid:BlessedStrike"],"picked":"theDruid:FullMoon","floor":7},{"not_picked":["theDruid:BloodiedFur","theDruid:Swipe","theDruid:Stampede"],"picked":"SKIP","floor":10},{"not_picked":["theDruid:ForestGuard","theDruid:Pathfinder"],"picked":"theDruid:Infestation","floor":11},{"not_picked":["theDruid:TearOpen","theDruid:WildArmor"],"picked":"theDruid:ExposingSlash","floor":12},{"not_picked":["theDruid:Earthquake","theDruid:SpiritCall"],"picked":"theDruid:ApexPredator","floor":16},{"not_picked":["theDruid:TwilightsCall+1","theDruid:FuriousSlash"],"picked":"theDruid:Starfall","floor":18},{"not_picked":["theDruid:InsectSwarm+1","theDruid:Starfall+1"],"picked":"theDruid:BristlingDefense","floor":20},{"not_picked":["theDruid:FaerieFire","theDruid:Entangle+1"],"picked":"theDruid:Scavenge","floor":24},{"not_picked":["theDruid:ApexPredator","theDruid:FuriousSlash","theDruid:ExposingSlash+1"],"picked":"SKIP","floor":25},{"not_picked":["theDruid:SurvivalCache","theDruid:LunarScythe","theDruid:IronClaw"],"picked":"SKIP","floor":28},{"not_picked":["theDruid:ThickHide","theDruid:BloodiedFur+1"],"picked":"theDruid:BlessedStrike","floor":29},{"not_picked":["theDruid:ExposingSlash","theDruid:Gore+1","theDruid:Moonbeam+1"],"picked":"SKIP","floor":30},{"not_picked":["theDruid:SurvivalCache","theDruid:IronbarkArmor"],"picked":"theDruid:TwinStars","floor":33},{"not_picked":["theDruid:Resupply","theDruid:Pathfinder"],"picked":"theDruid:Recoil","floor":35}],"player_experience":49820,"relics_obtained":[{"floor":5,"key":"Replay:Arrowhead"},{"floor":6,"key":"Dota2Spire:DrumOfEndurance"},{"floor":9,"key":"rorgmod:Ceramic Fish"},{"floor":11,"key":"Orichalcum"},{"floor":22,"key":"Nilry\u0027s Codex"},{"floor":24,"key":"Strawberry"},{"floor":26,"key":"Pen Nib"},{"floor":30,"key":"ReplayFunnel"},{"floor":31,"key":"Replay:Bottled Steam"}],"event_choices":[{"damage_healed":0,"gold_gain":0,"player_choice":"Grow","damage_taken":0,"max_hp_gain":0,"max_hp_loss":0,"event_name":"Living Wall","floor":2,"gold_loss":0,"cards_upgraded":["theDruid:Starfall"]},{"damage_healed":76,"gold_gain":0,"player_choice":"Upgrade","damage_taken":15,"max_hp_gain":0,"max_hp_loss":76,"event_name":"betterThird:BetterShining","floor":4,"gold_loss":0,"cards_upgraded":["theDruid:Strike_O","theDruid:TakeShelter"]},{"damage_healed":0,"gold_gain":0,"player_choice":"Upgraded","damage_taken":0,"max_hp_gain":0,"max_hp_loss":0,"event_name":"Upgrade Shrine","floor":19,"gold_loss":0,"cards_upgraded":["theDruid:Starfall"]},{"damage_healed":0,"gold_gain":0,"player_choice":"Simplicity","damage_taken":0,"max_hp_gain":0,"max_hp_loss":0,"event_name":"betterThird:BetterWriting","floor":21,"gold_loss":0},{"damage_healed":0,"gold_gain":0,"player_choice":"Obtained Book","damage_taken":16,"max_hp_gain":0,"max_hp_loss":0,"event_name":"Cursed Tome","floor":22,"gold_loss":0},{"damage_healed":0,"gold_gain":0,"player_choice":"Leave","damage_taken":0,"max_hp_gain":0,"max_hp_loss":0,"event_name":"conspire:Investor","floor":36,"gold_loss":0}],"is_beta":false,"boss_relics":[{"not_picked":["hubris:CrackedHourglass","hubris:Stopwatch"],"picked":"SlaversCollar"},{"not_picked":["Painkiller Herb","Coffee Dripper"],"picked":"Ring of Chaos"}],"items_purged_floors":[],"is_endless":false,"potions_floor_spawned":[1,3,7,11,16,18,25,30],"killed_by":"3 Darklings","ascension_level":0}}