{"host":"d61fcf2p3sjwe6yo","time":1611076568,"event":{"mods":["AchievementEnabler","BaseMod","Colored Map","Downfall","Minty Spire (QoL Compilation)","StSLib","SuperFastMode"],"gold_per_floor":[99,109,109,126,126,26,26,36,36,55,55,87,87,121,137,233,233,133,145,145,55,55,55,105,5,35,45,80,80,100,126,145,245,245,245,261,272,272,286,286,313,330,330,347,364,364,379,404,415,415,415,447,19,19,19,19],"floor_reached":57,"language":"ENG","playtime":4091,"items_purged":["bronze:Strike","bronze:AlphaBuild","bronze:Strike","bronze:Strike"],"score":2021,"play_id":"03738f60-317c-493c-bd1b-f6e7815beeb0","local_time":"20210119201608","is_ascension_mode":true,"campfire_choices":[{"floor":1,"key":"RECALL"},{"data":"bronze:Replicate","floor":6,"key":"SMITH"},{"data":"bronze:Fortify","floor":9,"key":"SMITH"},{"data":"bronze:Flail","floor":11,"key":"SMITH"},{"floor":13,"key":"REST"},{"data":"bronze:HardenedForm","floor":18,"key":"SMITH"},{"data":"bronze:Library","floor":23,"key":"SMITH"},{"data":"bronze:Boost","floor":25,"key":"SMITH"},{"floor":29,"key":"REST"},{"data":"bronze:Mutator","floor":35,"key":"SMITH"},{"data":"bronze:Return","floor":40,"key":"SMITH"},{"data":"bronze:Frontload","floor":43,"key":"SMITH"},{"data":"bronze:SpaghettiCode","floor":46,"key":"SMITH"},{"data":"bronze:Format","floor":54,"key":"SMITH"}],"circlet_count":0,"master_deck":["bronze:Defend","bronze:Defend","bronze:Defend","bronze:Defend","bronze:Replicate+1","bronze:Goto","bronze:Flail+1","bronze:Fortify+1","bronze:TinkerersToolbox","bronze:Boost+1","bronze:HardenedForm+1","CurseOfTheBell","bronze:Library+1","bronze:Constructor+1","bronze:Frontload+1","bronze:InfiniteBeams+1","bronze:Mutator+1","bronze:Return+1","bronze:Branch+1","bronze:Repulsor","bronze:SpaghettiCode+1","bronze:GetLatest+1","bronze:Format+1","bronze:Return+1"],"relics":["Philosopher\u0027s Stone","downfall:HeartBlessingRed","Pen Nib","Regal Pillow","Mercury Hourglass","Calling Bell","Bag of Preparation","Blue Candle","Calipers","downfall:HeartBlessingGreen","downfall:HeartBlessingBlue","The Courier","StrikeDummy","Bag of Marbles","expansioncontent:StudyCardRelic","Anchor","Happy Flower","champ:DeflectingBracers"],"acts_visited":["Exordium","TheCity","TheBeyond","TheEnding"],"potions_floor_usage":[12,14,16,26,28,36,48,48,48,56],"damage_taken":[{"damage":6,"enemies":"2 Louse","floor":2,"turns":3},{"damage":5,"enemies":"Jaw Worm","floor":4,"turns":4},{"damage":4,"enemies":"Small Slimes","floor":8,"turns":2},{"damage":9,"enemies":"Blue Slaver","floor":10,"turns":2},{"damage":12,"enemies":"3 Sentries","floor":12,"turns":4},{"damage":0,"enemies":"Gremlin Nob","floor":14,"turns":2},{"damage":0,"enemies":"Gremlin Gang","floor":15,"turns":1},{"damage":27,"enemies":"SI_SHIV_ARCHETYPE","floor":16,"turns":8},{"damage":8,"enemies":"Shell Parasite","floor":19,"turns":5},{"damage":0,"enemies":"downfall:FleeingMerchant","floor":21,"turns":4},{"damage":18,"enemies":"Book of Stabbing","floor":26,"turns":4},{"damage":0,"enemies":"Spheric Guardian","floor":27,"turns":3},{"damage":7,"enemies":"Gremlin Leader","floor":28,"turns":6},{"damage":0,"enemies":"Snecko","floor":30,"turns":5},{"damage":7,"enemies":"Shelled Parasite and Fungi","floor":32,"turns":5},{"damage":18,"enemies":"IC_MUSHROOM_ARCHETYPE","floor":33,"turns":10},{"damage":0,"enemies":"Orb Walker","floor":36,"turns":1},{"damage":4,"enemies":"3 Darklings","floor":37,"turns":3},{"damage":3,"enemies":"4 Shapes","floor":39,"turns":6},{"damage":1,"enemies":"Spire Growth","floor":42,"turns":6},{"damage":2,"enemies":"Jaw Worm Horde","floor":44,"turns":2},{"damage":4,"enemies":"3 Darklings","floor":45,"turns":4},{"damage":0,"enemies":"4 Shapes","floor":47,"turns":6},{"damage":0,"enemies":"downfall:FleeingMerchant","floor":48,"turns":4},{"damage":0,"enemies":"Spire Growth","floor":49,"turns":5},{"damage":6,"enemies":"WA_ARCHETYPE_DIVINITY","floor":50,"turns":13},{"damage":0,"enemies":"downfall:CharBossMerchant","floor":52,"turns":8},{"damage":29,"enemies":"downfall:NeowBoss","floor":55,"turns":11},{"damage":21,"enemies":"downfall:NeowBossFinal","floor":56,"turns":10}],"seed_played":"-6742992979678711438","potions_obtained":[{"floor":4,"key":"ColorlessPotion"},{"floor":8,"key":"LiquidMemories"},{"floor":12,"key":"FearPotion"},{"floor":15,"key":"EssenceOfSteel"},{"floor":19,"key":"ColorlessPotion"},{"floor":26,"key":"SteroidPotion"},{"floor":28,"key":"bronze:BuildAFunctionPotion"},{"floor":32,"key":"champ:CounterPotion"},{"floor":33,"key":"SkillPotion"},{"floor":37,"key":"Slimebound:ThreeZeroPotion"},{"floor":38,"key":"bronze:CleanCodePotion"}],"is_trial":false,"path_per_floor":["R","M","?","M","?","R","T","M","R","M","R","E","R","E","M","B",null,"R","M","?","$","?","R","T","R","E","M","E","R","M","T","M","B",null,"R","M","M","?","M","R","T","M","R","M","M","R","M","$","M","B",null,"E","$","R","B","B",null],"character_chosen":"THE_AUTOMATON","items_purchased":["bronze:Format","champ:DeflectingBracers","LiquidMemories"],"campfire_rested":2,"item_purchase_floors":[48,53,53],"current_hp_per_floor":[63,57,57,52,52,52,52,48,48,39,39,27,63,63,63,36,62,62,54,54,54,33,33,33,43,25,25,18,57,57,57,50,32,68,68,68,64,64,61,61,61,60,60,58,54,54,54,54,54,48,72,72,72,72,43,22],"gold":19,"neow_bonus":"BOSS_RELIC","is_daily":false,"chose_seed":false,"campfire_upgraded":11,"win_rate":0.0,"timestamp":1611076568,"path_taken":["R","M","?","M","?","R","T","?","R","M","R","E","R","E","M","BOSS","R","M","?","$","?","R","T","R","E","M","E","R","?","?","M","BOSS","R","M","M","?","M","R","T","?","R","M","M","R","M","$","M","BOSS","E","$","R","BOSS","BOSS"],"items_purchased_type":["Card","Relic","Potion"],"build_version":"2020-12-22","purchased_purges":4,"victory":true,"max_hp_per_floor":[70,70,70,70,70,70,70,70,70,70,70,70,70,70,70,70,70,70,70,70,70,70,70,70,80,80,80,80,80,80,80,80,80,80,80,80,80,80,80,80,80,80,80,80,80,80,80,80,80,80,80,80,80,80,80,80],"card_choices":[{"not_picked":["bronze:WildBeam","bronze:Invalidate"],"picked":"bronze:Flail","floor":2},{"not_picked":["bronze:Iterate","bronze:Safeguard"],"picked":"bronze:Fortify","floor":4},{"not_picked":["bronze:Optimize","bronze:DelayedSlice","bronze:ChildClass"],"picked":"SKIP","floor":8},{"not_picked":["bronze:Safeguard","bronze:WildBeam","bronze:WhirlingStrike"],"picked":"SKIP","floor":10},{"not_picked":["bronze:Turbo","bronze:GetLatest","bronze:Safeguard"],"picked":"SKIP","floor":12},{"not_picked":["bronze:BitShift","bronze:Philosophize"],"picked":"bronze:TinkerersToolbox","floor":14},{"not_picked":["bronze:BronzeArmor","bronze:Return"],"picked":"bronze:Boost","floor":15},{"not_picked":["bronze:Mutator","bronze:Assembly"],"picked":"bronze:HardenedForm","floor":16},{"not_picked":["bronze:BitShift","bronze:WildBeam","bronze:Constructor"],"picked":"SKIP","floor":19},{"not_picked":["bronze:Hardcode","bronze:DelayedGuard"],"picked":"bronze:Library","floor":21},{"not_picked":["bronze:FineTuning","bronze:Iterate+1"],"picked":"bronze:Constructor+1","floor":26},{"not_picked":["bronze:Overheat+1","bronze:Deprecate"],"picked":"bronze:Frontload","floor":27},{"not_picked":["bronze:Philosophize","bronze:Assembly","bronze:WhirlingStrike"],"picked":"SKIP","floor":28},{"not_picked":["bronze:BuggyMess","bronze:MaxOutput","bronze:OilSpill"],"picked":"SKIP","floor":30},{"not_picked":["bronze:WhirlingStrike","bronze:Overheat"],"picked":"bronze:InfiniteBeams+1","floor":32},{"not_picked":["bronze:Virus","bronze:SpaghettiCode"],"picked":"bronze:Mutator","floor":33},{"not_picked":["bronze:Shield+1","bronze:ChosenStrike+1"],"picked":"bronze:Return","floor":36},{"not_picked":["bronze:Overload","bronze:FineTuning"],"picked":"bronze:Branch+1","floor":37},{"not_picked":["bronze:FineTuning","bronze:Frontload+1"],"picked":"bronze:Repulsor","floor":39},{"not_picked":["bronze:WildBeam+1","bronze:Turbo+1","bronze:Separator"],"picked":"SKIP","floor":42},{"not_picked":["bronze:Overheat+1","bronze:CutThrough+1","bronze:BitShift"],"picked":"SKIP","floor":44},{"not_picked":["bronze:WhirlingStrike+1","bronze:WildBeam"],"picked":"bronze:SpaghettiCode","floor":45},{"not_picked":["bronze:Constructor","bronze:Shield","bronze:Flail"],"picked":"SKIP","floor":47},{"not_picked":["bronze:Deprecate+1","bronze:Turbo"],"picked":"bronze:GetLatest+1","floor":48},{"not_picked":["bronze:Branch+1","bronze:Fortify+1"],"picked":"bronze:Return+1","floor":49},{"not_picked":["bronze:RecursiveStrike","bronze:Turbo+1","bronze:DarkDash"],"picked":"SKIP","floor":52}],"player_experience":608127,"relics_obtained":[{"floor":7,"key":"Pen Nib"},{"floor":12,"key":"Regal Pillow"},{"floor":14,"key":"Mercury Hourglass"},{"floor":17,"key":"Bag of Preparation"},{"floor":17,"key":"Blue Candle"},{"floor":17,"key":"Calipers"},{"floor":26,"key":"The Courier"},{"floor":28,"key":"StrikeDummy"},{"floor":31,"key":"Bag of Marbles"},{"floor":41,"key":"Anchor"},{"floor":52,"key":"Happy Flower"}],"event_choices":[{"cards_removed":["bronze:Strike"],"damage_healed":0,"gold_gain":0,"player_choice":"Card Removal","damage_taken":0,"max_hp_gain":0,"max_hp_loss":0,"event_name":"The Cleric","floor":3,"gold_loss":0},{"damage_healed":0,"gold_gain":0,"player_choice":"Ignored","damage_taken":0,"max_hp_gain":0,"max_hp_loss":0,"event_name":"Vampires","floor":20,"gold_loss":0},{"damage_healed":0,"gold_gain":0,"player_choice":"Got Potions","damage_taken":0,"max_hp_gain":0,"max_hp_loss":0,"event_name":"Lab","floor":38,"gold_loss":0}],"is_beta":false,"boss_relics":[{"not_picked":["Fusion Hammer","Pandora\u0027s Box"],"picked":"Calling Bell"},{"not_picked":["Velvet Choker","Empty Cage"],"picked":"expansioncontent:StudyCardRelic"}],"items_purged_floors":[21,48,48,53],"is_endless":false,"potions_floor_spawned":[4,8,12,15,19,26,28,32,33,37,42,45],"ascension_level":9}}