{"host":"3a1ypf1irl30q4k8","time":1611071375,"event":{"mods":["AchievementEnabler","BaseMod","Bestiary","Colored Map","Minty Spire (QoL Compilation)","Relic Stats"],"gold_per_floor":[218,18,29,43,43,43,43,54,78,97,97,128,139,152,152,253,253,271,285,319,319,319],"floor_reached":21,"language":"ENG","playtime":969,"items_purged":[],"score":239,"play_id":"b2ac9211-2f43-4c23-9c8d-7d0508411584","local_time":"20210119154935","is_ascension_mode":true,"campfire_choices":[{"data":"Die Die Die","floor":6.0,"key":"SMITH"},{"data":"Poisoned Stab","floor":11.0,"key":"SMITH"},{"data":"Footwork","floor":15.0,"key":"SMITH"}],"circlet_count":0,"master_deck":["Strike_G","Strike_G","Strike_G","Strike_G","Strike_G","Defend_G","Defend_G","Defend_G","Defend_G","Defend_G","Survivor","Neutralize","Deadly Poison","Die Die Die+1","Poisoned Stab+1","Blade Dance","Sucker Punch","Blade Dance","Finisher","Footwork+1","Dagger Spray","Blur","Envenom","Leg Sweep+1","Slice+1"],"relics":["Ring of the Serpent","Question Card","Ancient Tea Set","Ornamental Fan","Red Mask"],"acts_visited":["Exordium","TheCity"],"potions_floor_usage":[],"damage_taken":[{"damage":0.0,"enemies":"2 Louse","floor":1.0,"turns":3.0},{"damage":3.0,"enemies":"Jaw Worm","floor":3.0,"turns":4.0},{"damage":0.0,"enemies":"Cultist","floor":4.0,"turns":3.0},{"damage":0.0,"enemies":"Gremlin Gang","floor":8.0,"turns":1.0},{"damage":10.0,"enemies":"2 Fungi Beasts","floor":10.0,"turns":3.0},{"damage":0.0,"enemies":"Gremlin Nob","floor":12.0,"turns":2.0},{"damage":6.0,"enemies":"3 Louse","floor":13.0,"turns":3.0},{"damage":2.0,"enemies":"Exordium Thugs","floor":14.0,"turns":2.0},{"damage":7.0,"enemies":"Hexaghost","floor":16.0,"turns":10.0},{"damage":12.0,"enemies":"Spheric Guardian","floor":18.0,"turns":5.0},{"damage":4,"enemies":"3 Byrds","floor":19,"turns":4},{"damage":37,"enemies":"Masked Bandits","floor":20,"turns":5},{"damage":25,"enemies":"Snecko","floor":21,"turns":4}],"seed_played":"-4942865268541947316","potions_obtained":[{"floor":3.0,"key":"DuplicationPotion"},{"floor":10.0,"key":"ColorlessPotion"},{"floor":12.0,"key":"DistilledChaos"},{"floor":16.0,"key":"Weak Potion"},{"floor":18,"key":"SneckoOil"}],"is_trial":false,"path_per_floor":["M","$","M","M","?","R","T","M","T","M","R","E","M","M","R","B",null,"M","M","?","M"],"character_chosen":"THE_SILENT","items_purchased":["Die Die Die","Poisoned Stab"],"campfire_rested":0,"item_purchase_floors":[2,2],"current_hp_per_floor":[70,70,67,67,72,72,72,72,72,62,62,62,56,54,54,47,75,63,59,22,0,0],"gold":319,"neow_bonus":"HUNDRED_GOLD","is_daily":false,"chose_seed":false,"campfire_upgraded":3,"win_rate":0.0,"timestamp":1611071375,"path_taken":["M","$","M","M","?","R","?","?","T","?","R","E","?","M","R","BOSS","M","?","?","M"],"items_purchased_type":["Card","Card"],"build_version":"2020-12-22","purchased_purges":0,"victory":false,"max_hp_per_floor":[70,70,70,70,75,75,75,75,75,75,75,75,75,75,75,75,75,75,75,75,75,75],"relic_stats":{"counters":[13,49],"Ornamental Fan":[96],"Question Card":10,"obtain_stats":[{"Ornamental Fan":12,"Red Mask":20,"Question Card":7,"Ancient Tea Set":9,"Ring of the Serpent":17,"Ring of the Snake":0},{"Ornamental Fan":6,"Red Mask":12,"Question Card":3,"Ancient Tea Set":4,"Ring of the Serpent":9,"Ring of the Snake":0},{"Ornamental Fan":16,"Red Mask":45,"Question Card":10,"Ancient Tea Set":11,"Ring of the Serpent":31,"Ring of the Snake":0}]},"card_choices":[{"not_picked":["Deflect","Slice"],"picked":"Deadly Poison","floor":1.0},{"not_picked":["Riddle With Holes","Cloak And Dagger"],"picked":"Blade Dance","floor":3.0},{"not_picked":["Underhanded Strike","Dodge and Roll"],"picked":"Sucker Punch","floor":4.0},{"not_picked":["Acrobatics","Bane","Cloak And Dagger"],"picked":"Blade Dance","floor":8.0},{"not_picked":["Cloak And Dagger","Deflect","Slice"],"picked":"Finisher","floor":10.0},{"not_picked":["Slice","Distraction","Outmaneuver"],"picked":"Footwork","floor":12.0},{"not_picked":["Doppelganger","Quick Slash","Blade Dance"],"picked":"Dagger Spray","floor":13.0},{"not_picked":["Underhanded Strike","Deflect","Dagger Spray"],"picked":"Blur","floor":14.0},{"not_picked":["A Thousand Cuts","Grand Finale","Glass Knife"],"picked":"Envenom","floor":16.0},{"not_picked":["Poisoned Stab+1","Cloak And Dagger","Outmaneuver"],"picked":"Leg Sweep+1","floor":18},{"not_picked":["Blade Dance","Dagger Spray","Endless Agony+1","Cloak And Dagger"],"picked":"SKIP","floor":19},{"not_picked":["Flying Knee","Blade Dance","Concentrate"],"picked":"Slice+1","floor":20}],"player_experience":1123598,"relics_obtained":[{"floor":7.0,"key":"Question Card"},{"floor":9.0,"key":"Ancient Tea Set"},{"floor":12.0,"key":"Ornamental Fan"},{"floor":20,"key":"Red Mask"}],"event_choices":[{"damage_healed":0.0,"max_hp_gain":5.0,"max_hp_loss":0.0,"gold_gain":0.0,"event_name":"Big Fish","player_choice":"Donut","floor":5.0,"gold_loss":0.0,"damage_taken":0.0},{"damage_healed":0,"gold_gain":0,"player_choice":"Fought Bandits","damage_taken":0,"max_hp_gain":0,"max_hp_loss":0,"event_name":"Masked Bandits","floor":20,"gold_loss":0}],"is_beta":false,"boss_relics":[{"not_picked":["Busted Crown","Fusion Hammer"],"picked":"Ring of the Serpent"}],"items_purged_floors":[],"is_endless":false,"potions_floor_spawned":[3,10,12,16,18],"killed_by":"Snecko","ascension_level":3}}