{"host":"6a92uynocv4elkyp","time":1611077325,"event":{"mods":["AchievementEnabler","BaseMod","Infinite Spire","Minty Spire (QoL Compilation)","Quick Restart","StSLib"],"gold_per_floor":[159,204,234,279,333,411,510,609,633,729,334,436,507,594,594,816,816,858,858,906,996,1071,1167,1245,1245,1296,382,484,484,565,565,565,796,796,856,856,856,441,489,582,677,798,834,948,1057,1165,1281,1293,1305,1317,1331],"floor_reached":52,"language":"ENG","playtime":3420,"items_purged":[],"score":3111,"play_id":"05ab2866-2de5-4d64-a05e-824ed46c94e9","local_time":"20210119182845","daily_mods":["SealedDeck","Red Cards","Green Cards","Blue Cards","Purple Cards","Colorless Cards","Heirloom","Flight","DeadlyEvents","Elite Swarm","Midas"],"is_ascension_mode":true,"campfire_choices":[{"data":"1","floor":15.0,"key":"LIFT"},{"floor":25.0,"key":"REST"},{"data":"2","floor":29.0,"key":"LIFT"},{"data":"3","floor":32,"key":"LIFT"},{"floor":49,"key":"REST"}],"circlet_count":0,"master_deck":["AscendersBane","Poisoned Stab","Heatsinks","ReachHeaven","Clash","Metallicize","Consecrate","Go for the Eyes","Coolheaded","Dagger Throw","Go for the Eyes","Rage","Streamline","MentalFortress","Prostrate","Adrenaline","DevaForm","Mayhem","Apotheosis+1","Bandage Up","After Image","Panache","Conserve Battery","Metallicize","Skim","Meteor Strike","DevaForm+1","Storm of Steel","Envenom+1","Footwork+1","Transmutation","Barricade+1","infinitespire:Collect","infinitespire:TheBestDefense+1","HandOfGreed","Dark Embrace+1","LikeWater+1","Deep Breath","Juggernaut+1","Omniscience","Exhume","Electrodynamics+1","Core Surge","Devotion+1"],"relics":["Burning Blood","Girya","Ginger","Letter Opener","Nunchaku","Orichalcum","infinitespire:FocusingShard","infinitespire:WardingShard","infinitespire:ShieldingShard","Black Star","infinitespire:Satchel","Centennial Puzzle","Frozen Egg 2","Bag of Marbles","Potion Belt","MealTicket","Mummified Hand","Red Skull","Omamori","Lizard Tail","ClockworkSouvenir","infinitespire:Beetle Shell","Singing Bowl","Calipers","Pen Nib","InkBottle","Anchor","Runic Pyramid","Calling Bell","Boot","infinitespire:Eraser","Du-Vu Doll","Lantern","Sling","infinitespire:Midas Blood","MawBank","Self Forming Clay","Happy Flower","Paper Frog","PreservedInsect","Anchor","War Paint","Meat on the Bone","Pantograph","White Beast Statue","Pear","Charon\u0027s Ashes","Magic Flower","Molten Egg 2","infinitespire:EmpoweringShard"],"acts_visited":["Exordium","TheCity","TheBeyond"],"potions_floor_usage":[50,50,50],"damage_taken":[{"damage":2.0,"enemies":"2 Louse","floor":1.0,"turns":3.0},{"damage":3.0,"enemies":"Jaw Worm","floor":2.0,"turns":2.0},{"damage":0.0,"enemies":"Cultist","floor":3.0,"turns":3.0},{"damage":7.0,"enemies":"Red Slaver","floor":4.0,"turns":2.0},{"damage":12.0,"enemies":"Exordium Thugs","floor":5.0,"turns":5.0},{"damage":23.0,"enemies":"Gremlin Nob","floor":6.0,"turns":4.0},{"damage":13.0,"enemies":"3 Sentries","floor":7.0,"turns":6.0},{"damage":10.0,"enemies":"Lagavulin","floor":8.0,"turns":4.0},{"damage":2.0,"enemies":"3 Sentries","floor":10.0,"turns":7.0},{"damage":11.0,"enemies":"Lagavulin","floor":12.0,"turns":4.0},{"damage":5.0,"enemies":"3 Sentries","floor":14.0,"turns":4.0},{"damage":11.0,"enemies":"Slime Boss","floor":16.0,"turns":5.0},{"damage":3.0,"enemies":"Shell Parasite","floor":18.0,"turns":3.0},{"damage":7.0,"enemies":"2 Thieves","floor":20.0,"turns":3.0},{"damage":0.0,"enemies":"Gremlin Leader","floor":21.0,"turns":7.0},{"damage":47.0,"enemies":"Slavers","floor":22.0,"turns":5.0},{"damage":10.0,"enemies":"Book of Stabbing","floor":23.0,"turns":5.0},{"damage":33.0,"enemies":"Gremlin Leader","floor":24.0,"turns":4.0},{"damage":15.0,"enemies":"Slavers","floor":28.0,"turns":2.0},{"damage":0.0,"enemies":"Gremlin Leader","floor":30.0,"turns":7.0},{"damage":0,"enemies":"Champ","floor":33,"turns":5},{"damage":0,"enemies":"Orb Walker","floor":35,"turns":1},{"damage":27,"enemies":"3 Darklings","floor":39,"turns":4},{"damage":0,"enemies":"Nemesis","floor":40,"turns":3},{"damage":5,"enemies":"Reptomancer","floor":41,"turns":3},{"damage":0,"enemies":"Giant Head","floor":42,"turns":3},{"damage":0,"enemies":"Nemesis","floor":44,"turns":3},{"damage":24,"enemies":"Reptomancer","floor":45,"turns":3},{"damage":0,"enemies":"Nightmare","floor":46,"turns":5},{"damage":0,"enemies":"Reptomancer","floor":47,"turns":3},{"damage":0,"enemies":"infinitespire:MassOfShapes","floor":50,"turns":3},{"damage":6,"enemies":"Time Eater","floor":51,"turns":5}],"seed_played":"4900393177183367970","potions_obtained":[{"floor":5.0,"key":"Ancient Potion"},{"floor":6.0,"key":"SkillPotion"},{"floor":7.0,"key":"Energy Potion"},{"floor":8.0,"key":"AttackPotion"},{"floor":14.0,"key":"EssenceOfSteel"},{"floor":18.0,"key":"DuplicationPotion"},{"floor":20.0,"key":"SteroidPotion"},{"floor":22.0,"key":"infinitespire:BlackPotion"},{"floor":30,"key":"FearPotion"},{"floor":35,"key":"ColorlessPotion"},{"floor":42,"key":"DistilledChaos"},{"floor":44,"key":"HeartOfIron"},{"floor":45,"key":"FairyPotion"}],"is_trial":true,"path_per_floor":["M","M","M","M","M","E","E","E","T","E","$","E","?","E","R","B",null,"M","?","M","E","E","E","E","R","T","$","E","R","E","AVR","R","B",null,"M","?","?","$","M","E","E","E","T","E","E","NM","E","T","R","B","B",null],"character_chosen":"IRONCLAD","items_purchased":["Bandage Up","infinitespire:FocusingShard","Footwork+1","Lizard Tail","Transmutation","ClockworkSouvenir","infinitespire:Beetle Shell","Lantern","LikeWater+1","Sling"],"campfire_rested":2,"item_purchase_floors":[11,11,27,27,27,27,27,38,38,38],"current_hp_per_floor":[72,75,75,74,68,51,44,40,40,44,44,45,45,52,52,53,70,75,75,75,75,40,40,19,41,41,56,53,53,65,65,65,75,77,77,77,77,77,60,72,77,77,77,77,67,85,89,89,89,89,89],"gold":1343,"neow_bonus":"","is_daily":false,"chose_seed":false,"campfire_upgraded":0,"win_rate":0.0,"timestamp":1611077325,"path_taken":["M","M","M","M","M","E","E","E","T","E","$","E","?","E","R","BOSS","M","?","?","?","?","E","E","R","T","$","E","R","E","AVR","R","BOSS","M","?","?","$","?","E","E","E","T","E","E","NM","E","?","R","BOSS","BOSS"],"items_purchased_type":["Card","Relic","Card","Relic","Card","Relic","Relic","Relic","Card","Relic"],"build_version":"2020-12-22","purchased_purges":0,"victory":true,"max_hp_per_floor":[75,75,75,75,75,75,75,75,75,75,75,75,75,75,75,75,75,75,75,75,75,75,75,75,75,75,75,75,75,77,77,77,77,77,77,77,77,77,77,77,77,77,77,77,77,89,89,89,89,89,89],"card_choices":[{"not_picked":["Jack Of All Trades","Rebound"],"picked":"Rage","floor":1.0},{"not_picked":["Collect","Glacier"],"picked":"Cloak And Dagger","floor":2.0},{"not_picked":["Steam","Darkness"],"picked":"Streamline","floor":3.0},{"not_picked":["Reflex","Thunderclap"],"picked":"MentalFortress","floor":4.0},{"not_picked":["CrushJoints","Pummel"],"picked":"Prostrate","floor":5.0},{"not_picked":["The Bomb","SpiritShield"],"picked":"Adrenaline","floor":6.0},{"not_picked":["Doppelganger","All For One"],"picked":"DevaForm","floor":7.0},{"not_picked":["Multi-Cast","Limit Break"],"picked":"Mayhem","floor":8.0},{"not_picked":["Secret Technique","Wish"],"picked":"Apotheosis","floor":10.0},{"not_picked":["Hyperbeam","Fission","Reboot"],"picked":"SKIP","floor":12.0},{"not_picked":["MasterReality","Limit Break"],"picked":"After Image","floor":14.0},{"not_picked":["Feed","Electrodynamics"],"picked":"Panache","floor":16.0},{"not_picked":["Expertise","Go for the Eyes"],"picked":"Conserve Battery","floor":18.0},{"not_picked":["Madness","Ball Lightning"],"picked":"Skim","floor":20.0},{"not_picked":["infinitespire:Neurotoxin","Apotheosis"],"picked":"Meteor Strike","floor":21.0},{"not_picked":["Fission","Establishment+1"],"picked":"DevaForm+1","floor":22.0},{"not_picked":["Grand Finale","The Bomb"],"picked":"Storm of Steel","floor":23.0},{"not_picked":["Buffer+1","Storm of Steel"],"picked":"Envenom+1","floor":24.0},{"not_picked":["DevaForm+1","Reaper"],"picked":"Barricade+1","floor":28.0},{"not_picked":["Blasphemy","Biased Cognition+1","Core Surge"],"picked":"Singing Bowl","floor":30},{"not_picked":["Multi-Cast","Establishment+1"],"picked":"HandOfGreed","floor":33},{"not_picked":["Ball Lightning","Swift Strike+1"],"picked":"Dark Embrace+1","floor":35},{"not_picked":["Underhanded Strike","Skim"],"picked":"Deep Breath","floor":39},{"not_picked":["Bullet Time","Glass Knife"],"picked":"Juggernaut+1","floor":40},{"not_picked":["Chrysalis","Phantasmal Killer"],"picked":"Omniscience","floor":41},{"not_picked":["SpiritShield","Grand Finale"],"picked":"Exhume","floor":42},{"not_picked":["Reaper","DeusExMachina"],"picked":"Electrodynamics+1","floor":44},{"not_picked":["Impervious","infinitespire:Neurotoxin"],"picked":"Core Surge","floor":45},{"not_picked":["Vault","Venomology","Ragnarok"],"picked":"Singing Bowl","floor":46},{"not_picked":["Corpse Explosion","Envenom+1"],"picked":"Devotion+1","floor":47}],"player_experience":113036,"relics_obtained":[{"floor":6.0,"key":"Ginger"},{"floor":7.0,"key":"Letter Opener"},{"floor":9.0,"key":"Nunchaku"},{"floor":10.0,"key":"Orichalcum"},{"floor":12.0,"key":"infinitespire:WardingShard"},{"floor":14.0,"key":"infinitespire:ShieldingShard"},{"floor":21.0,"key":"infinitespire:Satchel"},{"floor":21.0,"key":"Centennial Puzzle"},{"floor":22.0,"key":"Frozen Egg 2"},{"floor":22.0,"key":"Bag of Marbles"},{"floor":23.0,"key":"Potion Belt"},{"floor":23.0,"key":"MealTicket"},{"floor":24.0,"key":"Mummified Hand"},{"floor":24.0,"key":"Red Skull"},{"floor":26.0,"key":"Omamori"},{"floor":28.0,"key":"Singing Bowl"},{"floor":28.0,"key":"Calipers"},{"floor":30,"key":"Pen Nib"},{"floor":30,"key":"InkBottle"},{"floor":34,"key":"Boot"},{"floor":34,"key":"infinitespire:Eraser"},{"floor":34,"key":"Du-Vu Doll"},{"floor":40,"key":"infinitespire:Midas Blood"},{"floor":40,"key":"MawBank"},{"floor":41,"key":"Self Forming Clay"},{"floor":41,"key":"Happy Flower"},{"floor":42,"key":"Paper Frog"},{"floor":42,"key":"PreservedInsect"},{"floor":43,"key":"Anchor"},{"floor":44,"key":"War Paint"},{"floor":44,"key":"Meat on the Bone"},{"floor":45,"key":"Pantograph"},{"floor":45,"key":"White Beast Statue"},{"floor":46,"key":"Pear"},{"floor":46,"key":"Charon\u0027s Ashes"},{"floor":47,"key":"Magic Flower"},{"floor":47,"key":"Molten Egg 2"},{"floor":48,"key":"infinitespire:EmpoweringShard"}],"event_choices":[{"damage_healed":0.0,"max_hp_gain":0.0,"max_hp_loss":0.0,"gold_gain":71.0,"event_name":"Golden Wing","player_choice":"Gained Gold","floor":13.0,"gold_loss":0.0,"damage_taken":0.0},{"damage_healed":0.0,"max_hp_gain":0.0,"max_hp_loss":0.0,"gold_gain":0.0,"event_name":"The Library","player_choice":"Read","floor":19.0,"gold_loss":0.0,"damage_taken":0.0,"cards_obtained":["Metallicize"]},{"damage_healed":0,"gold_gain":0,"player_choice":"Ignored","damage_taken":0,"max_hp_gain":0,"max_hp_loss":0,"event_name":"Tomb of Lord Red Mask","floor":36,"gold_loss":0},{"cards_removed":["Cloak And Dagger"],"damage_healed":0,"gold_gain":0,"player_choice":"Removed Skill","damage_taken":0,"max_hp_gain":0,"max_hp_loss":0,"event_name":"Falling","floor":37,"gold_loss":0}],"is_beta":false,"boss_relics":[{"not_picked":["Velvet Choker","Black Blood"],"picked":"Black Star"},{"not_picked":["SlaversCollar","infinitespire:Cupcake"],"picked":"Calling Bell"}],"items_purged_floors":[],"is_endless":false,"potions_floor_spawned":[5,6,7,8,14,16,18,20,22,30,35,42,44,45,46,47],"ascension_level":20}}