{"host":"1a3cjta80tad0aqj","time":1611096634,"event":{"mods":["2.2 Compatiblity","AchievementEnabler","BaseMod","Colored Map","DeckTracker","KOR Keyword Fix","Keyboard Shortcuts","Minty Spire (QoL Compilation)","Permanent Neow","Quick Restart","Random Character Button","StSLib","SuperFastMode","everything is the same but u backflip on backflip"],"gold_per_floor":[111,36,47,47,60,60,74,87,113,133,133,33,66,85,85,160,160,170,170,2,17,17,17,17,17,42,55,55,55,66,66,66,139,139,153,153,153,165,165,165,180,180,204,204,204,204],"floor_reached":45,"language":"KOR","playtime":1664,"items_purged":["Defend_P","Defend_P"],"score":926,"play_id":"6ff60d71-01b0-41d4-9d70-bfb62b8964be","local_time":"20210120075034","is_ascension_mode":true,"campfire_choices":[{"data":"Eruption","floor":6.0,"key":"SMITH"},{"data":"Vigilance","floor":11.0,"key":"SMITH"},{"data":"Adaptation","floor":15.0,"key":"SMITH"},{"floor":23.0,"key":"REST"},{"data":"FearNoEvil","floor":28.0,"key":"SMITH"},{"data":"EmptyMind","floor":32.0,"key":"SMITH"},{"floor":40.0,"key":"REST"},{"floor":42.0,"key":"RECALL"}],"circlet_count":0,"master_deck":["AscendersBane","Defend_P+1","Defend_P+1","Eruption+1","Vigilance+1","EmptyMind+1","Adaptation+1","LessonLearned+1","LikeWater+1","FearNoEvil+1","Halt+1","Purity"],"relics":["PureWater","Whetstone","Bag of Preparation","Art of War","Philosopher\u0027s Stone","Regal Pillow","Membership Card","Juzu Bracelet","Sozu","Centennial Puzzle"],"acts_visited":["Exordium","TheCity","TheBeyond"],"potions_floor_usage":[],"damage_taken":[{"damage":7.0,"enemies":"Jaw Worm","floor":1.0,"turns":3.0},{"damage":1.0,"enemies":"Cultist","floor":3.0,"turns":3.0},{"damage":1.0,"enemies":"2 Louse","floor":5.0,"turns":4.0},{"damage":4.0,"enemies":"Looter","floor":7.0,"turns":3.0},{"damage":8.0,"enemies":"Blue Slaver","floor":8.0,"turns":3.0},{"damage":0.0,"enemies":"Large Slime","floor":10.0,"turns":3.0},{"damage":0.0,"enemies":"Gremlin Nob","floor":13.0,"turns":1.0},{"damage":0.0,"enemies":"2 Fungi Beasts","floor":14.0,"turns":2.0},{"damage":37.0,"enemies":"The Guardian","floor":16.0,"turns":11.0},{"damage":19.0,"enemies":"2 Thieves","floor":18.0,"turns":4.0},{"damage":16.0,"enemies":"3 Byrds","floor":21.0,"turns":5.0},{"damage":0.0,"enemies":"Centurion and Healer","floor":27.0,"turns":4.0},{"damage":5.0,"enemies":"Sentry and Sphere","floor":30.0,"turns":4.0},{"damage":11.0,"enemies":"Automaton","floor":33.0,"turns":4.0},{"damage":0.0,"enemies":"3 Darklings","floor":35.0,"turns":3.0},{"damage":0.0,"enemies":"Orb Walker","floor":38.0,"turns":2.0},{"damage":0.0,"enemies":"Maw","floor":41.0,"turns":2.0},{"damage":49,"enemies":"Nemesis","floor":45,"turns":8}],"seed_played":"-2676750178903768114","potions_obtained":[{"floor":3.0,"key":"SteroidPotion"},{"floor":5.0,"key":"AttackPotion"},{"floor":7.0,"key":"FearPotion"},{"floor":13.0,"key":"Weak Potion"},{"floor":18.0,"key":"PowerPotion"},{"floor":30.0,"key":"DuplicationPotion"},{"floor":33.0,"key":"SteroidPotion"}],"is_trial":false,"path_per_floor":["M","$","M","?","M","R","M","M","T","M","R","$","E","M","R","B",null,"M","?","$","M","$","R","?","?","T","M","R","?","M","?","R","B",null,"M","?","?","M","?","R","M","R","T","?","E"],"character_chosen":"WATCHER","items_purchased":["Membership Card"],"campfire_rested":2,"item_purchase_floors":[20],"current_hp_per_floor":[54,54,53,53,52,52,48,40,40,40,40,40,40,40,40,3,52,33,33,33,17,17,52,52,52,52,52,52,66,61,61,61,50,64,64,64,64,64,64,68,68,68,68,68,19,19],"gold":204,"neow_bonus":"RANDOM_COMMON_RELIC","is_daily":false,"chose_seed":false,"campfire_upgraded":5,"win_rate":0.0,"timestamp":1611096634,"path_taken":["M","$","M","?","M","R","M","?","T","M","R","$","E","M","R","BOSS","M","?","$","M","?","R","?","?","T","M","R","?","M","?","R","BOSS","M","?","?","M","?","R","M","R","T","?","E"],"items_purchased_type":["Relic"],"build_version":"2020-12-22","purchased_purges":2,"victory":false,"max_hp_per_floor":[68,68,68,68,68,68,68,68,68,68,68,68,68,68,68,68,68,68,68,68,68,68,68,68,68,68,68,68,68,68,68,68,68,68,68,68,68,68,68,68,68,68,68,68,68,68],"card_choices":[{"not_picked":["CrushJoints","DeceiveReality","Prostrate"],"picked":"SKIP","floor":1.0},{"not_picked":["ForeignInfluence","Evaluate","CrushJoints"],"picked":"SKIP","floor":3.0},{"not_picked":["Crescendo","CrushJoints"],"picked":"EmptyMind","floor":5.0},{"not_picked":["Vengeance","ClearTheMind","Protect"],"picked":"SKIP","floor":7.0},{"not_picked":["ThirdEye","Crescendo","Fasting2"],"picked":"SKIP","floor":8.0},{"not_picked":["ForeignInfluence","EmptyFist","PathToVictory"],"picked":"SKIP","floor":10.0},{"not_picked":["Protect","Consecrate"],"picked":"Adaptation","floor":13.0},{"not_picked":["EmptyMind","BowlingBash","ThirdEye"],"picked":"SKIP","floor":14.0},{"not_picked":["Devotion","Establishment"],"picked":"LessonLearned","floor":16.0},{"not_picked":["Prostrate","Nirvana","WindmillStrike"],"picked":"SKIP","floor":18.0},{"not_picked":["ClearTheMind","CarveReality","EmptyMind"],"picked":"SKIP","floor":21.0},{"not_picked":["FollowUp","JustLucky"],"picked":"Halt","floor":27.0},{"not_picked":["Perseverance","Wallop","CrushJoints"],"picked":"SKIP","floor":30.0},{"not_picked":["FlurryOfBlows","Evaluate","SashWhip"],"picked":"SKIP","floor":35.0},{"not_picked":["ThirdEye+1","ClearTheMind+1","FearNoEvil"],"picked":"SKIP","floor":38.0},{"not_picked":["JustLucky","Collect","Halt"],"picked":"SKIP","floor":41.0},{"not_picked":["Finesse","Dramatic Entrance"],"picked":"Purity","floor":44.0}],"player_experience":796308,"relics_obtained":[{"floor":9.0,"key":"Bag of Preparation"},{"floor":13.0,"key":"Art of War"},{"floor":26.0,"key":"Juzu Bracelet"},{"floor":43.0,"key":"Centennial Puzzle"}],"event_choices":[{"cards_removed":["Strike_P"],"damage_healed":0.0,"max_hp_gain":0.0,"max_hp_loss":0.0,"gold_gain":0.0,"event_name":"Purifier","player_choice":"Purged","floor":4.0,"gold_loss":0.0,"damage_taken":0.0},{"damage_healed":0.0,"max_hp_gain":0.0,"max_hp_loss":0.0,"gold_gain":0.0,"event_name":"WeMeetAgain","player_choice":"Gave Potion","floor":19.0,"gold_loss":0.0,"damage_taken":0.0,"relics_obtained":["Regal Pillow"]},{"damage_healed":0.0,"max_hp_gain":0.0,"max_hp_loss":0.0,"gold_gain":0.0,"cards_transformed":["Strike_P","Strike_P"],"event_name":"Drug Dealer","player_choice":"Became Test Subject","floor":24.0,"gold_loss":0.0,"damage_taken":0.0,"cards_obtained":["LikeWater","FearNoEvil"]},{"damage_healed":0.0,"max_hp_gain":0.0,"max_hp_loss":0.0,"gold_gain":0.0,"event_name":"Vampires","player_choice":"Ignored","floor":25.0,"gold_loss":0.0,"damage_taken":0.0},{"damage_healed":14.0,"max_hp_gain":0.0,"max_hp_loss":0.0,"gold_gain":0.0,"event_name":"The Library","player_choice":"Heal","floor":29.0,"gold_loss":0.0,"damage_taken":0.0},{"cards_removed":["Strike_P"],"damage_healed":0.0,"max_hp_gain":0.0,"max_hp_loss":0.0,"gold_gain":0.0,"event_name":"Purifier","player_choice":"Purged","floor":36.0,"gold_loss":0.0,"damage_taken":0.0},{"damage_healed":0.0,"max_hp_gain":0.0,"max_hp_loss":0.0,"gold_gain":0.0,"event_name":"Tomb of Lord Red Mask","player_choice":"Ignored","floor":37.0,"gold_loss":0.0,"damage_taken":0.0},{"damage_healed":0.0,"max_hp_gain":0.0,"max_hp_loss":0.0,"gold_gain":0.0,"event_name":"Upgrade Shrine","player_choice":"Upgraded","floor":39.0,"gold_loss":0.0,"damage_taken":0.0,"cards_upgraded":["LessonLearned"]},{"damage_healed":0.0,"max_hp_gain":0.0,"max_hp_loss":0.0,"gold_gain":0.0,"event_name":"SensoryStone","player_choice":"Memory 1","floor":44.0,"gold_loss":0.0,"damage_taken":0.0}],"is_beta":false,"boss_relics":[{"not_picked":["Busted Crown","SacredBark"],"picked":"Philosopher\u0027s Stone"},{"not_picked":["Snecko Eye","Velvet Choker"],"picked":"Sozu"}],"items_purged_floors":[2,12],"is_endless":false,"potions_floor_spawned":[3,5,7,8,13,18,30,33,41],"killed_by":"Nemesis","ascension_level":20}}