{"host":"z9mq1tf06lkrncmk","time":1611085856,"event":{"mods":["BaseMod","Downfall","Minty Spire (QoL Compilation)","StSLib"],"gold_per_floor":[109,122,133,143,23,53,53,86,163,163,6,6,6,21,21,123,123,136,51,151,135,153,153,188,201,201,201,215,215,140,32,32,131,131,144,144,199,199,199,199,199,199,199,99,115,115,115,129,129,129],"floor_reached":51,"language":"ENG","playtime":2250,"items_purged":["Strike_G","Strike_G"],"score":822,"play_id":"670ef4aa-ad21-4d85-b7eb-70fd30c1f338","local_time":"20210119145056","is_ascension_mode":true,"campfire_choices":[{"floor":7,"key":"REST"},{"data":"A Thousand Cuts","floor":10,"key":"SMITH"},{"data":"Footwork","floor":13,"key":"SMITH"},{"data":"Dodge and Roll","floor":15,"key":"SMITH"},{"floor":23,"key":"REST"},{"floor":27,"key":"REST"},{"data":"Accuracy","floor":29,"key":"SMITH"},{"data":"Accuracy","floor":32,"key":"SMITH"},{"data":"After Image","floor":40,"key":"SMITH"},{"data":"Adrenaline","floor":41,"key":"SMITH"},{"data":"Adrenaline","floor":42,"key":"SMITH"},{"data":"Finisher","floor":46,"key":"SMITH"},{"floor":49,"key":"REST"}],"circlet_count":0,"master_deck":["Strike_G","Strike_G","Defend_G","Defend_G","Defend_G","Defend_G","Defend_G","Survivor","Neutralize","A Thousand Cuts+1","Dodge and Roll+1","Blade Dance","Blade Dance","Finisher+1","Footwork+1","Prepared","Flying Knee","PiercingWail","Adrenaline+1","Accuracy+1","Cloak And Dagger+1","Infinite Blades","Dash","Adrenaline+1","Accuracy+1","After Image+1"],"relics":["Ring of the Snake","Tough Bandages","Gambling Chip","Darkstone Periapt","Lee\u0027s Waffle","Sozu","Dream Catcher","StrikeDummy","Centennial Puzzle","SlaversCollar","WingedGreaves","Kunai"],"acts_visited":["Exordium","TheCity","TheBeyond"],"potions_floor_usage":[8,8,22,50],"damage_taken":[{"damage":0,"enemies":"Cultist","floor":1,"turns":6},{"damage":0,"enemies":"2 Louse","floor":2,"turns":3},{"damage":9,"enemies":"Small Slimes","floor":3,"turns":4},{"damage":4,"enemies":"Looter","floor":4,"turns":4},{"damage":23,"enemies":"3 Sentries","floor":6,"turns":10},{"damage":11,"enemies":"Gremlin Nob","floor":8,"turns":4},{"damage":0,"enemies":"Lots of Slimes","floor":14,"turns":2},{"damage":6,"enemies":"The Guardian","floor":16,"turns":15},{"damage":0,"enemies":"Shell Parasite","floor":18,"turns":3},{"damage":0,"enemies":"2 Thieves","floor":21,"turns":4},{"damage":27,"enemies":"Cultist and Chosen","floor":22,"turns":5},{"damage":11,"enemies":"Slavers","floor":24,"turns":6},{"damage":12,"enemies":"Snake Plant","floor":25,"turns":4},{"damage":0,"enemies":"Centurion and Healer","floor":28,"turns":3},{"damage":9,"enemies":"Champ","floor":33,"turns":6},{"damage":0,"enemies":"Orb Walker","floor":35,"turns":2},{"damage":15,"enemies":"2 Orb Walkers","floor":37,"turns":4},{"damage":0,"enemies":"3 Darklings","floor":45,"turns":4},{"damage":5,"enemies":"Writhing Mass","floor":48,"turns":4},{"damage":0,"enemies":"Donu and Deca","floor":50,"turns":9}],"seed_played":"7240818103490210293","potions_obtained":[{"floor":2,"key":"Weak Potion"},{"floor":6,"key":"Explosive Potion"},{"floor":8,"key":"LiquidBronze"},{"floor":16,"key":"DuplicationPotion"}],"is_trial":false,"path_per_floor":["M","M","M","M","$","E","R","E","T","R","$","?","R","M","R","B",null,"M","?","?","M","M","R","E","M","T","R","M","R","?","$","R","B",null,"M","$","?","?","T","R","R","R","T","$","M","R","$","M","R","B",null],"character_chosen":"THE_SILENT","items_purchased":["Footwork","Energy Potion","Lee\u0027s Waffle","Accuracy"],"campfire_rested":4,"item_purchase_floors":[5,5,11,31],"current_hp_per_floor":[70,70,61,57,57,34,55,44,44,44,77,82,82,82,82,76,82,82,82,82,82,55,79,68,56,56,80,80,80,80,80,80,71,82,82,82,67,67,67,67,67,67,67,67,67,67,67,62,78,78],"gold":129,"neow_bonus":"ONE_RANDOM_RARE_CARD","is_daily":false,"chose_seed":false,"campfire_upgraded":9,"win_rate":0.0,"timestamp":1611085856,"path_taken":["M","M","?","M","$","E","R","E","T","R","$","?","R","M","R","BOSS","M","?","?","?","M","R","E","M","T","R","M","R","?","?","R","BOSS","M","$","?","?","?","R","R","R","T","$","M","R","?","M","R","BOSS"],"items_purchased_type":["Card","Potion","Relic","Card"],"build_version":"2020-12-22","purchased_purges":2,"victory":true,"max_hp_per_floor":[70,70,70,70,70,70,70,70,70,70,77,82,82,82,82,82,82,82,82,82,82,82,82,82,82,82,82,82,82,82,82,82,82,82,82,82,82,78,78,78,78,78,78,78,78,78,78,78,78,78],"card_choices":[{"not_picked":["All Out Attack","Flying Knee"],"picked":"Dodge and Roll","floor":1},{"not_picked":["Outmaneuver","Dagger Throw"],"picked":"Blade Dance","floor":2},{"not_picked":["Sucker Punch","Flying Knee"],"picked":"Blade Dance","floor":3},{"not_picked":["Riddle With Holes","Burst"],"picked":"Finisher","floor":4},{"not_picked":["Acrobatics","Underhanded Strike"],"picked":"Prepared","floor":6},{"not_picked":["Wraith Form v2","Prepared"],"picked":"Flying Knee","floor":8},{"not_picked":["Deflect","Blade Dance"],"picked":"PiercingWail","floor":14},{"not_picked":["Malaise","Phantasmal Killer"],"picked":"Adrenaline","floor":16},{"not_picked":["PiercingWail+1","Outmaneuver"],"picked":"Accuracy","floor":18},{"not_picked":["PiercingWail","Backstab+1","Backflip"],"picked":"SKIP","floor":21},{"not_picked":["Well Laid Plans+1","Acrobatics"],"picked":"Cloak And Dagger+1","floor":22},{"not_picked":["Backflip","Bane+1"],"picked":"Infinite Blades","floor":23},{"not_picked":["Underhanded Strike","Backflip","Infinite Blades+1"],"picked":"SKIP","floor":24},{"not_picked":["Prepared","Flying Knee"],"picked":"Dash","floor":25},{"not_picked":["Deadly Poison","Deflect+1"],"picked":"Adrenaline","floor":27},{"not_picked":["Catalyst","Prepared","Reflex"],"picked":"SKIP","floor":28},{"not_picked":["Doppelganger","Wraith Form v2"],"picked":"After Image","floor":33},{"not_picked":["All Out Attack","Prepared","Deadly Poison+1"],"picked":"SKIP","floor":35},{"not_picked":["Blade Dance","Tactician+1","Dagger Spray+1"],"picked":"SKIP","floor":45},{"not_picked":["Bane+1","Eviscerate","Leg Sweep+1"],"picked":"SKIP","floor":48}],"player_experience":364931,"relics_obtained":[{"floor":6,"key":"Tough Bandages"},{"floor":8,"key":"Gambling Chip"},{"floor":9,"key":"Darkstone Periapt"},{"floor":24,"key":"StrikeDummy"},{"floor":26,"key":"Centennial Puzzle"},{"floor":37,"key":"WingedGreaves"},{"floor":39,"key":"Kunai"}],"event_choices":[{"damage_healed":0,"gold_gain":0,"player_choice":"Donut","damage_taken":0,"max_hp_gain":5,"max_hp_loss":0,"event_name":"Big Fish","floor":12,"gold_loss":0},{"damage_healed":0,"gold_gain":0,"player_choice":"Obtained Relic","damage_taken":0,"relics_obtained":["Dream Catcher"],"max_hp_gain":0,"max_hp_loss":0,"event_name":"Addict","floor":19,"gold_loss":85},{"damage_healed":0,"gold_gain":100,"player_choice":"Pray","damage_taken":0,"max_hp_gain":0,"max_hp_loss":0,"event_name":"Golden Shrine","floor":20,"gold_loss":0},{"cards_removed":["Strike_G"],"damage_healed":0,"gold_gain":0,"player_choice":"Gave Gold","damage_taken":0,"max_hp_gain":0,"max_hp_loss":0,"event_name":"Beggar","floor":30,"gold_loss":75},{"damage_healed":0,"gold_gain":0,"player_choice":"Fight","damage_taken":0,"max_hp_gain":0,"max_hp_loss":0,"event_name":"Mysterious Sphere","floor":37,"gold_loss":0},{"damage_healed":0,"gold_gain":0,"player_choice":"Max HP","damage_taken":0,"max_hp_gain":0,"max_hp_loss":4,"event_name":"Winding Halls","floor":38,"gold_loss":0}],"is_beta":false,"boss_relics":[{"not_picked":["HoveringKite","Snecko Eye"],"picked":"Sozu"},{"not_picked":["Velvet Choker","Calling Bell"],"picked":"SlaversCollar"}],"items_purged_floors":[31,44],"is_endless":false,"potions_floor_spawned":[2,6,8,16,18,22,25,37],"ascension_level":3}}