{"host":"m4zn6rtsd36lrr22","time":1611045067,"event":{"mods":["2.2 Compatiblity","Act Like it!","BaseMod","Better Synergies","CapriCore","Colored Map","Custom Start","Gensokyo","GungeonMod","HololiveMod","Ironclad Rager","Lobotomy","LobotomyExtend","Luminous","Minty Spire (QoL Compilation)","Permanent Neow","Prisma Mod","Quick Restart","Rare Cards Sparkle","Reimu（博丽灵梦）","Relic Stats","Remilia（蕾米莉亚）","Replay The Spire","RumiaBox-露米娅的神秘盒子","Ryuuou龙王","Shop Mod","Spicy Shops","StSLib","The Animator","The Immortal","The Senshi","Waifu the Spire","WarShipGirlsR/战舰少女R mod","Yakumo Yukari mod","【功能Mod】混沌之环修复补丁","【遗物卡牌】REMEMod"],"gold_per_floor":[910,449,465,54,71,101,101,91,118,118,118,130,130,164,164,267,267,281,281,20,37,311,339,339,10,35,200,262,604,604,666,666,786,786,798,798,889,931,946,997,997,1017,1043,1086,1126,1126,1144,759,784,784,784,784,784,459,515,515],"floor_reached":57,"language":"ZHS","playtime":4110,"items_purged":["Pain","Secret Technique","SpecialBullet","SpecialBullet","SpecialBullet","SpecialBullet"],"score":1566,"play_id":"0ea1e009-80c3-42a9-8725-041d353c0821","local_time":"20210119163107","is_ascension_mode":false,"campfire_choices":[{"floor":41,"key":"RECALL"}],"circlet_count":2,"master_deck":["SpecialBullet","SpecialBullet","SpecialBullet","SpecialBullet","ExtractionCode","RecordCode","DisciplinaryCode","CherryBlossom","Horn","CherryBlossom","Soda+1","InformationCode","GreenStem","Ecstasy","Penitence","Soda","Regret_ego","Adoration","CherryBlossom+1","Madness+1","Regret_ego+1","CherryBlossom+1","Mimicry+1","Soda+1","CherryBlossom+1","Penitence+1","DaCapo+1","Ecstasy+1","Ecstasy+1","Regret_ego+1","ControlCode","WelfareCode","CherryBlossom+1","TT2Protocol","Horn+1"],"relics":["CogitoBucket","RabbitCall","REME_ComplimentaryCards","Circlet","Gensokyo:LunaticRedEyes","Unceasing Top","LetterFromLob","ZombieArmy","Mummified Hand","Medical Kit","DemoMod:ClearGuonStone","Bird Faced Urn","Gensokyo:CelestialsFlawlessClothing","MoreBug","Question Card","DemoMod:WeirdEgg","Orichalcum","Peace Pipe","Frozen Eye","TheAbacus","Boot","REME_CardOfGreed","Replay:Baseball","Strawberry","ScarletDevilRocket","Gensokyo:EmptyGrave","AtMidnight","SSSystem","Blood Vial","GodSword4"],"acts_visited":["Gensokyo:Gensokyo","Gensokyo:Gensokyoer","Gensokyo:Gensokyoest","TheEnding"],"potions_floor_usage":[],"damage_taken":[{"damage":8.0,"enemies":"Gensokyo:2_Kodama","floor":1.0,"turns":3.0},{"damage":3.0,"enemies":"Gensokyo:3_Fairies","floor":3.0,"turns":4.0},{"damage":14.0,"enemies":"Gensokyo:Python","floor":5.0,"turns":4.0},{"damage":31.0,"enemies":"Gensokyo:Aya","floor":6.0,"turns":4.0},{"damage":0.0,"enemies":"Gensokyo:LivingMonolith","floor":12.0,"turns":2.0},{"damage":0.0,"enemies":"Gensokyo:Mamizou","floor":14.0,"turns":3.0},{"damage":0.0,"enemies":"Gensokyo:Yukari","floor":16.0,"turns":3.0},{"damage":12.0,"enemies":"Gensokyo:AngelMirror","floor":18.0,"turns":2.0},{"damage":0.0,"enemies":"Gensokyo:2_Gloops","floor":21.0,"turns":3.0},{"damage":12,"enemies":"Gensokyo:Koishi","floor":23,"turns":5},{"damage":7,"enemies":"Gensokyo:Slime_Group","floor":27,"turns":4},{"damage":0,"enemies":"Gensokyo:Monolith_and_Dog","floor":28,"turns":3},{"damage":48,"enemies":"Gensokyo:Wraith","floor":29,"turns":7},{"damage":0,"enemies":"Gensokyo:Slime_Group","floor":31,"turns":4},{"damage":0,"enemies":"Gensokyo:Kaguya","floor":33,"turns":5},{"damage":0,"enemies":"Gensokyo:3_Boulders","floor":35,"turns":2},{"damage":0,"enemies":"Gensokyo:3_Bats","floor":37,"turns":2},{"damage":13,"enemies":"Gensokyo:3_Boulders","floor":38,"turns":8},{"damage":0,"enemies":"Gensokyo:4_Bats","floor":39,"turns":3},{"damage":1,"enemies":"Gensokyo:Doremy","floor":40,"turns":4},{"damage":3,"enemies":"Gensokyo:Sharpion","floor":42,"turns":3},{"damage":0,"enemies":"Gensokyo:AtlasGolem","floor":44,"turns":2},{"damage":0,"enemies":"Gensokyo:4_Bats","floor":45,"turns":2},{"damage":0,"enemies":"Gensokyo:Dusk_and_Dawn","floor":47,"turns":2},{"damage":0,"enemies":"Gensokyo:Shinki","floor":50,"turns":4},{"damage":40,"enemies":"Shield and Spear","floor":55,"turns":3},{"damage":68,"enemies":"The Heart","floor":56,"turns":5}],"seed_played":"2385927841150239744","potions_obtained":[{"floor":6.0,"key":"Elixir"},{"floor":14.0,"key":"Fire Potion"},{"floor":16.0,"key":"Elixir"}],"is_trial":false,"path_per_floor":["M","$","M","COS","M","E","R","?","T","?","R","M","M","E","R_BF","B",null,"M","?","$","M","COS","E","R","$","T","M","M","M","?","M","R_BF","B",null,"M","?","M","M","M","E","R","M","T","M","M","?","M","$","R","B",null,null,"R","$","E","B",null],"character_chosen":"Angela","items_purchased":["ZombieArmy","AT_ImmortalShieldbow","Madness+1","Soda+1","AT_BladeRuinedKing","REME_CardOfGreed","GodSword4"],"campfire_rested":0,"item_purchase_floors":[2,2,20,20,20,25,48],"current_hp_per_floor":[600,600,597,597,583,556,556,556,556,406,406,408,408,421,421,446,600,600,552,552,552,552,552,552,552,552,559,559,559,559,559,559,559,559,559,515,515,515,515,515,515,515,515,515,515,515,515,515,515,515,515,515,515,515,515,512],"gold":515,"neow_bonus":"RANDOM_EVENT","is_daily":false,"chose_seed":false,"campfire_upgraded":0,"win_rate":0.0,"timestamp":1611045067,"path_taken":["M","$","M","COS","M","E","R","?","T","?","R","M","M","E","R_BF","BOSS","M","?","?","M","COS","E","R","$","T","?","M","M","?","M","R_BF","BOSS","M","?","?","M","M","E","R","M","T","?","?","?","?","$","R","BOSS","R","$","E","BOSS"],"items_purchased_type":["Relic","Undefined","Card","Card","Undefined","Relic","Relic"],"build_version":"2020-12-22","purchased_purges":6,"victory":true,"max_hp_per_floor":[600,600,600,600,600,600,600,600,600,600,600,600,600,600,600,600,600,600,552,552,552,552,552,552,552,552,559,559,559,559,559,559,559,559,559,515,515,515,515,515,515,515,515,515,515,515,515,515,515,515,515,515,515,515,515,515],"relic_stats":{"Peace Pipe":0,"Blood Vial":0,"TheAbacus":[420],"counters":[30,99],"Mummified Hand":[230],"Bird Faced Urn":[97],"Orichalcum":[132],"Medical Kit":[9],"Question Card":115,"Boot":[161],"obtain_stats":[{"RabbitCall":0,"AT_ATBox":0,"ScarletDevilRocket":28,"SSSystem":40,"DemoMod:GlassGuonStoneRelic":5,"Boot":23,"Gensokyo:LunaticRedEyes":0,"Blood Vial":43,"Frozen Eye":22,"CogitoBucket":0,"TheAbacus":22,"Mummified Hand":0,"Strawberry":27,"DemoMod:ClearGuonStone":6,"ZombieArmy":2,"MoreBug":14,"DemoMod:WeirdEgg":14,"Circlet":0,"AT_BladeRuinedKing":20,"Gensokyo:CelestialsFlawlessClothing":10,"Orichalcum":19,"Medical Kit":4,"Question Card":14,"AT_ImmortalShieldbow":2,"Peace Pipe":0,"Gensokyo:EmptyGrave":36,"Replay:Baseball":26,"Bird Faced Urn":6,"AtMidnight":38,"LetterFromLob":1,"REME_CardOfGreed":25,"GodSword4":48,"Unceasing Top":0,"REME_ComplimentaryCards":0},{"RabbitCall":0,"AT_ATBox":0,"ScarletDevilRocket":13,"SSSystem":23,"DemoMod:GlassGuonStoneRelic":3,"Boot":11,"Gensokyo:LunaticRedEyes":0,"Blood Vial":24,"Frozen Eye":10,"CogitoBucket":0,"TheAbacus":10,"Mummified Hand":0,"Strawberry":12,"DemoMod:ClearGuonStone":4,"ZombieArmy":1,"MoreBug":6,"DemoMod:WeirdEgg":6,"Circlet":0,"AT_BladeRuinedKing":9,"Gensokyo:CelestialsFlawlessClothing":4,"Orichalcum":9,"Medical Kit":2,"Question Card":6,"AT_ImmortalShieldbow":1,"Peace Pipe":0,"Gensokyo:EmptyGrave":18,"Replay:Baseball":11,"Bird Faced Urn":4,"AtMidnight":21,"LetterFromLob":1,"REME_CardOfGreed":11,"GodSword4":27,"Unceasing Top":0,"REME_ComplimentaryCards":0},{"RabbitCall":0,"AT_ATBox":0,"ScarletDevilRocket":40,"SSSystem":78,"DemoMod:GlassGuonStoneRelic":11,"Boot":34,"Gensokyo:LunaticRedEyes":0,"Blood Vial":81,"Frozen Eye":29,"CogitoBucket":0,"TheAbacus":29,"Mummified Hand":0,"Strawberry":36,"DemoMod:ClearGuonStone":13,"ZombieArmy":3,"MoreBug":18,"DemoMod:WeirdEgg":20,"Circlet":0,"AT_BladeRuinedKing":26,"Gensokyo:CelestialsFlawlessClothing":15,"Orichalcum":26,"Medical Kit":7,"Question Card":19,"AT_ImmortalShieldbow":3,"Peace Pipe":0,"Gensokyo:EmptyGrave":60,"Replay:Baseball":34,"Bird Faced Urn":15,"AtMidnight":71,"LetterFromLob":3,"REME_CardOfGreed":34,"GodSword4":87,"Unceasing Top":0,"REME_ComplimentaryCards":0}],"Unceasing Top":[160]},"card_choices":[{"not_picked":["DaCapo"],"picked":"CherryBlossom","floor":1.0},{"not_picked":["SwordSharpenedByTears"],"picked":"Horn","floor":3.0},{"not_picked":["FrostShard","SomewhereSpear"],"picked":"SKIP","floor":3.0},{"not_picked":["Tough"],"picked":"CherryBlossom","floor":5.0},{"not_picked":["ShedSkin+1"],"picked":"Soda+1","floor":5.0},{"not_picked":["Loneliness","Harvest"],"picked":"SKIP","floor":5.0},{"not_picked":["GoldRush","Twilight"],"picked":"SKIP","floor":6.0},{"not_picked":["Lamp","Christmas"],"picked":"SKIP","floor":6.0},{"not_picked":["FourthMatchFlame","ParadiseLost"],"picked":"SKIP","floor":6.0},{"not_picked":[],"picked":"GreenStem","floor":8.0},{"not_picked":["SomewhereSpear","FourthMatchFlame"],"picked":"Ecstasy","floor":12.0},{"not_picked":["QueenBee","Bloodbath","VoidDream"],"picked":"Singing Bowl","floor":12.0},{"not_picked":["FeatherOfHonor","ScreamingWedge"],"picked":"Penitence","floor":12.0},{"not_picked":["Horn","TodaysExpression","Tough"],"picked":"Soda","floor":14.0},{"not_picked":["RedShoes","CherryBlossoms","Murderer"],"picked":"Singing Bowl","floor":14.0},{"not_picked":["Horn","SoundOfStar","Tough"],"picked":"Regret_ego","floor":14.0},{"not_picked":["Scorched","OldLady","FairyFestival"],"picked":"Singing Bowl","floor":16.0},{"not_picked":["GoldRush","ParadiseLost","Mimicry"],"picked":"Adoration","floor":16.0},{"not_picked":["WallGazer","Yin","Scorched"],"picked":"Singing Bowl","floor":18.0},{"not_picked":["Lantern","Ecstasy","Horn"],"picked":"CherryBlossom","floor":18.0},{"not_picked":["TodaysExpression+1","Horn","SomewhereSpear","Lamp"],"picked":"SKIP","floor":18.0},{"not_picked":["GreenStem+1","Wingbeat+1","Tough+1"],"picked":"Regret_ego+1","floor":21.0},{"not_picked":["NothingThere","Yin","Alriune"],"picked":"Singing Bowl","floor":21.0},{"not_picked":["GreenStem+1","Beak+1","GrinderMk4+1","Loneliness+1"],"picked":"SKIP","floor":21.0},{"not_picked":["OSAHOGD","MeatLantern","Freischutz"],"picked":"Singing Bowl","floor":23},{"not_picked":["Penitence+2","Harmony+2","GreenStem+2","Loneliness+2"],"picked":"SKIP","floor":23},{"not_picked":["Mimicry+1","Reverberation+1","Justitia+1","Pinks+1"],"picked":"SKIP","floor":23},{"not_picked":["SwordSharpenedByTears+1","Hypocrisy+1","Harvest+1"],"picked":"CherryBlossom+1","floor":27},{"not_picked":["CherryBlossoms","SpiderBud","GalaxyChild"],"picked":"Singing Bowl","floor":27},{"not_picked":["SoundOfStar","TheSmile","Pinks"],"picked":"Mimicry","floor":27},{"not_picked":["Noise+1","WristCuter+1","FeatherOfHonor+1","Loneliness+1"],"picked":"SKIP","floor":27},{"not_picked":["RedEyes+1","Lantern+1","Beak+1"],"picked":"Soda+1","floor":28},{"not_picked":["CrumblingArmor","HeroicMonk","Mercenary"],"picked":"Singing Bowl","floor":28},{"not_picked":["Tough+1","Logging+1","Lantern+1","FourthMatchFlame+1"],"picked":"SKIP","floor":28},{"not_picked":["WhitesApple","SpiderBud","Murderer"],"picked":"Singing Bowl","floor":29},{"not_picked":["Harmony+1","TodaysExpression+1","CUTE+1","BearPaw+1"],"picked":"SKIP","floor":29},{"not_picked":["Wingbeat+1","Horn+1","RapturousDream+1","Logging+1"],"picked":"SKIP","floor":29},{"not_picked":["Horn+1","Wingbeat+1","Logging+1"],"picked":"CherryBlossom+1","floor":31},{"not_picked":["Woodsman","OldLady","Scorched"],"picked":"Singing Bowl","floor":31},{"not_picked":["RapturousDream+1","CUTE+1","Tough+1"],"picked":"Penitence+1","floor":31},{"not_picked":["Adoration+1","CENSORED_ego+1","SoundOfStar+1"],"picked":"DaCapo+1","floor":33},{"not_picked":["NothingThere","LongBird","Scarecrow"],"picked":"Singing Bowl","floor":33},{"not_picked":["VoidDream","Scarecrow","Yin"],"picked":"Singing Bowl","floor":35},{"not_picked":["Soda+1","Penitence+1","BearPaw+1","Tough+1"],"picked":"SKIP","floor":35},{"not_picked":["TodaysExpression+1","Noise+1","Hypocrisy+1","RedEyes+1"],"picked":"SKIP","floor":35},{"not_picked":["CherryBlossom+1","CUTE+1","RedEyes+1"],"picked":"Ecstasy+1","floor":37},{"not_picked":["Beak+1","RapturousDream+1","Lantern+1"],"picked":"Ecstasy+1","floor":37},{"not_picked":["RedShoes","Variant","NakedNest"],"picked":"Singing Bowl","floor":37},{"not_picked":["FeatherOfHonor+1","InTheNameOfLoveAndHate+1","RedEyes+1"],"picked":"Regret_ego+1","floor":37},{"not_picked":["Mercenary","Alriune","OldLady"],"picked":"Singing Bowl","floor":38},{"not_picked":["Soda+1","Tough+1","RapturousDream+1","TheSmile+1"],"picked":"SKIP","floor":38},{"not_picked":["TodaysExpression+1","Horn+1","RedEyes+1","Beak+1"],"picked":"SKIP","floor":38},{"not_picked":["Alriune","BodiesMountain","WhiteNight"],"picked":"Singing Bowl","floor":39},{"not_picked":["SwordSharpenedByTears+1","Amita+1","Christmas+1","RapturousDream+1"],"picked":"SKIP","floor":39},{"not_picked":["Lantern+1","MagicBullet+1","BloodyDesire+1","Twilight+1"],"picked":"SKIP","floor":39},{"not_picked":["Variant","LaLuna","GalaxyChild"],"picked":"Singing Bowl","floor":40},{"not_picked":["Pleasure+1","Loneliness+1","Beak+1","Twilight+1"],"picked":"SKIP","floor":40},{"not_picked":["Gaze+1","DaCapo+1","Ecstasy+1","Noise+1"],"picked":"SKIP","floor":40},{"not_picked":["Porccubus","BigBadWolf","SnowQueen"],"picked":"Singing Bowl","floor":42},{"not_picked":["Spore+1","FeatherOfHonor+1","Penitence+1","MagicBullet+1"],"picked":"SKIP","floor":42},{"not_picked":["Horn+1","Penitence+1","BlueScar+1","Christmas+1"],"picked":"SKIP","floor":42},{"not_picked":["QueenOfHatred","Alriune","Freischutz"],"picked":"Singing Bowl","floor":44},{"not_picked":["Harmony+1","Spore+1","SomewhereSpear+1","WristCuter+1"],"picked":"SKIP","floor":44},{"not_picked":["GalaxyChild","CENSORED","WallGazer"],"picked":"Singing Bowl","floor":45},{"not_picked":["Noise+1","WristCuter+1","TodaysExpression+1"],"picked":"CherryBlossom+1","floor":45},{"not_picked":["SingingMachine","SnowQueen","DespairKnight"],"picked":"Singing Bowl","floor":47},{"not_picked":["Spore+1","Beak+1","RapturousDream+1","RedEyes+1"],"picked":"SKIP","floor":47},{"not_picked":["Rudolta","BlackSwan","DreamingCurrent"],"picked":"Singing Bowl","floor":55},{"not_picked":["FrostShard+1","Penitence+1","Soda+1"],"picked":"Horn+1","floor":55},{"not_picked":["Noise+1","Tough+1","ShedSkin+1","BearPaw+1"],"picked":"SKIP","floor":55}],"player_experience":328300,"relics_obtained":[{"floor":1.0,"key":"LetterFromLob"},{"floor":6.0,"key":"Bird Faced Urn"},{"floor":14.0,"key":"DemoMod:WeirdEgg"},{"floor":23,"key":"Boot"},{"floor":26,"key":"Replay:Baseball"},{"floor":38,"key":"AtMidnight"},{"floor":40,"key":"SSSystem"},{"floor":43,"key":"Blood Vial"},{"floor":55,"key":"Circlet"}],"event_choices":[],"is_beta":false,"boss_relics":[{"not_picked":["ReplayTheSpireMod:DimensionalGlitch","Replay:Ancient Bell","Cursed Key"]},{"not_picked":["Ring of Chaos","Busted Crown","Calling Bell"]}],"items_purged_floors":[2,25,25,48,54,54],"is_endless":false,"potions_floor_spawned":[6,14,16,21,29,39,44,45],"ascension_level":0}}