{"host":"i9wanet4r0ff4t9y","time":1611073838,"event":{"mods":["2.2 Compatiblity","Act Like it!","BaseMod","Bestiary","Better Altar","Better Match","Better Note","Better Sensory Stone","Better Skull","Better Third Choice","Better Vampires","BetterRewards","CapriCore","Curses Come First","Downfall","Minty Spire (QoL Compilation)","Quick Restart","READ ME - Guardian Mod","READ ME - Snecko Mod","Relic Stats","Say the Spire","Spicy Shops","StSLib","The Disciple","Waifu the Spire"],"gold_per_floor":[117,117,117,130,305,305,320,339,339,339,5,5,28,48,48,176,176,192,192,215,13,36,36,61,77,77,117,133,133,149,424,424,548,548,571,571,620,640,659,703,85,85,109,109,109,133,173,173,173,173,173,173,27,60,60],"floor_reached":56,"language":"POL","playtime":1817,"items_purged":["Shame"],"score":1341,"play_id":"5f430c91-d708-4979-9387-0a7a76104d69","local_time":"20210119173038","is_ascension_mode":false,"campfire_choices":[{"data":"Dash","floor":6.0,"key":"SMITH"},{"data":"Finisher","floor":10.0,"key":"SMITH"},{"data":"Terror","floor":15.0,"key":"SMITH"},{"data":"Malaise","floor":23.0,"key":"SMITH"},{"data":"Adrenaline","floor":32.0,"key":"SMITH"},{"floor":42.0,"key":"RECALL"},{"data":"Envenom","floor":44.0,"key":"SMITH"},{"floor":49.0,"key":"REST"},{"data":"Blade Dance","floor":52.0,"key":"SMITH"}],"circlet_count":0,"master_deck":["Strike_G","Strike_G","Strike_G","Strike_G","Strike_G","Defend_G","Defend_G","Defend_G","Defend_G","Defend_G","Survivor","Neutralize+1","Deadly Poison","Dash+1","Finisher+1","Noxious Fumes","Terror+1","Accuracy","Malaise+1","Bouncing Flask+1","Slice+1","Slice","Flying Knee+1","Blade Dance","Adrenaline+1","Heel Hook","Crippling Poison+1","Die Die Die","Footwork+1","Envenom+1","Well Laid Plans+1","Accuracy+1","Predator+1","Blade Dance+1","Sucker Punch","Footwork+1","Deadly Poison+1","Blur"],"relics":["Ring of the Snake","The Specimen","Darkstone Periapt","Boot","HandDrill","Eternal Feather","Golden Idol","Shuriken","Tiny Chest","Sling","Kunai","Philosopher\u0027s Stone","Vajra","Anchor","White Beast Statue","Bag of Preparation","Spirit Poop","HoveringKite","Regal Pillow","Paper Crane","Frozen Egg 2","Toolbox","Akabeko","Juzu Bracelet","Oddly Smooth Stone","Blue Candle"],"acts_visited":["Exordium","TheCity","TheBeyond","TheEnding"],"potions_floor_usage":[55],"damage_taken":[{"damage":0.0,"enemies":"2 Louse","floor":1.0,"turns":3.0},{"damage":5.0,"enemies":"Jaw Worm","floor":4.0,"turns":5.0},{"damage":0.0,"enemies":"Small Slimes","floor":7.0,"turns":3.0},{"damage":1.0,"enemies":"3 Louse","floor":8.0,"turns":3.0},{"damage":8.0,"enemies":"2 Fungi Beasts","floor":13.0,"turns":4.0},{"damage":5.0,"enemies":"Looter","floor":14.0,"turns":3.0},{"damage":17.0,"enemies":"Hexaghost","floor":16.0,"turns":10.0},{"damage":16.0,"enemies":"3 Byrds","floor":18.0,"turns":5.0},{"damage":6.0,"enemies":"Spheric Guardian","floor":20.0,"turns":3.0},{"damage":3.0,"enemies":"Shelled Parasite and Fungi","floor":22.0,"turns":4.0},{"damage":9.0,"enemies":"Snake Plant","floor":25.0,"turns":2.0},{"damage":9.0,"enemies":"Gremlin Leader","floor":27.0,"turns":5.0},{"damage":1.0,"enemies":"Chosen and Byrds","floor":28.0,"turns":3.0},{"damage":7.0,"enemies":"3 Cultists","floor":30.0,"turns":4.0},{"damage":19.0,"enemies":"Collector","floor":33.0,"turns":6.0},{"damage":4.0,"enemies":"Orb Walker","floor":35.0,"turns":3.0},{"damage":6.0,"enemies":"3 Darklings","floor":38.0,"turns":4.0},{"damage":6.0,"enemies":"Maw","floor":39.0,"turns":8.0},{"damage":10.0,"enemies":"Giant Head","floor":40.0,"turns":7.0},{"damage":0.0,"enemies":"Jaw Worm Horde","floor":46.0,"turns":2.0},{"damage":51.0,"enemies":"Nemesis","floor":47.0,"turns":7.0},{"damage":41.0,"enemies":"Donu and Deca","floor":50.0,"turns":6.0},{"damage":24.0,"enemies":"Shield and Spear","floor":54.0,"turns":5.0},{"damage":77,"enemies":"The Heart","floor":55,"turns":9}],"seed_played":"-419367813707452125","potions_obtained":[{"floor":1.0,"key":"Energy Potion"},{"floor":13.0,"key":"Block Potion"},{"floor":16.0,"key":"BlessingOfTheForge"},{"floor":19.0,"key":"Fire Potion"},{"floor":20.0,"key":"SpeedPotion"},{"floor":22.0,"key":"SkillPotion"},{"floor":27.0,"key":"SpeedPotion"},{"floor":28.0,"key":"PowerPotion"},{"floor":30.0,"key":"BlessingOfTheForge"},{"floor":33.0,"key":"Ancient Potion"},{"floor":35.0,"key":"DistilledChaos"},{"floor":38.0,"key":"SteroidPotion"},{"floor":39.0,"key":"SteroidPotion"},{"floor":40.0,"key":"champ:CounterPotion"},{"floor":47.0,"key":"SkillPotion"},{"floor":54.0,"key":"Fruit Juice"}],"is_trial":false,"path_per_floor":["M","?","?","M","?","R","M","M","T","R","$","?","M","M","R","B",null,"M","?","M","$","M","R","T","M","T","E","M","?","M","?","R","B",null,"M","?","T","M","M","E","$","R","T","R","?","M","E","?","R","B",null,"R","$","E","B",null],"character_chosen":"THE_SILENT","items_purchased":["The Specimen","Darkstone Periapt","Boot","HandDrill","Eternal Feather","Tiny Chest","Sling","Terror","Vajra","Slice","Frozen Egg 2","Toolbox","Blade Dance","Akabeko","Sucker Punch","Oddly Smooth Stone"],"campfire_rested":1,"item_purchase_floors":[0,0,0,0,0,11,11,11,21,21,41,41,41,41,41,53],"current_hp_per_floor":[38,44,44,39,45,54,54,53,53,62,62,68,60,55,67,50,88,72,72,66,66,63,78,78,69,69,60,59,59,52,58,76,57,94,90,90,90,84,78,68,74,95,95,100,100,100,49,49,100,59,100,100,100,81,4],"gold":60,"neow_bonus":"","is_daily":false,"chose_seed":false,"campfire_upgraded":7,"win_rate":0.0,"timestamp":1611073838,"path_taken":["M","?","?","M","?","R","M","M","T","R","$","?","M","?","R","BOSS","M","?","M","$","M","R","?","M","T","E","M","?","M","?","R","BOSS","M","?","?","M","?","E","$","R","T","R","?","M","E","?","R","BOSS","R","$","E","BOSS"],"items_purchased_type":["Relic","Relic","Relic","Relic","Relic","Relic","Relic","Card","Relic","Card","Relic","Relic","Card","Relic","Card","Relic"],"build_version":"2020-12-22","purchased_purges":1,"victory":true,"max_hp_per_floor":[70,76,76,76,82,82,82,82,82,82,82,88,88,88,88,88,88,88,88,88,88,88,88,88,88,88,88,88,88,88,94,94,94,94,94,94,94,94,94,94,100,100,100,100,100,100,100,100,100,100,100,100,100,105,105],"relic_stats":{"Darkstone Periapt":30,"Regal Pillow":0,"counters":[50,235],"Golden Idol":190,"Blue Candle":[0],"HoveringKite":[7],"Eternal Feather":110,"Bag of Preparation":[24],"Juzu Bracelet":0,"Boot":[82],"Shuriken":[49],"Tiny Chest":2,"HandDrill":[42],"Kunai":[49],"obtain_stats":[{"Darkstone Periapt":0,"Regal Pillow":9,"Lantern":0,"CeramicFish":9,"Vajra":21,"Spirit Poop":29,"HoveringKite":34,"Bag of Preparation":27,"Juzu Bracelet":47,"Ancient Tea Set":11,"Boot":0,"Sling":11,"Matryoshka":6,"Toolbox":41,"Philosopher\u0027s Stone":17,"Tiny Chest":11,"HandDrill":0,"Kunai":12,"Ring of the Snake":0,"Happy Flower":10,"The Specimen":0,"Golden Idol":2,"Blue Candle":54,"Oddly Smooth Stone":53,"Eternal Feather":26,"betterThird:NestCultRelic":28,"PreservedInsect":0,"Orichalcum":0,"Paper Crane":40,"Frozen Egg 2":41,"Question Card":9,"White Beast Statue":26,"Akabeko":41,"Cauldron":21,"sneckomod:BabySnecko":22,"Anchor":24,"Shuriken":9,"Bronze Scales":9,"Bottled Lightning":7,"Toy Ornithopter":12},{"Darkstone Periapt":26,"Regal Pillow":10,"Lantern":26,"CeramicFish":24,"Vajra":35,"Spirit Poop":39,"HoveringKite":41,"Bag of Preparation":38,"Juzu Bracelet":47,"Ancient Tea Set":24,"Boot":26,"Sling":30,"Matryoshka":6,"Toolbox":45,"Philosopher\u0027s Stone":14,"Tiny Chest":30,"HandDrill":26,"Kunai":30,"Ring of the Snake":0,"Happy Flower":11,"The Specimen":26,"Golden Idol":27,"Blue Candle":49,"Oddly Smooth Stone":48,"Eternal Feather":16,"betterThird:NestCultRelic":16,"PreservedInsect":19,"Orichalcum":7,"Paper Crane":45,"Frozen Egg 2":45,"Question Card":6,"White Beast Statue":37,"Akabeko":45,"Cauldron":16,"sneckomod:BabySnecko":16,"Anchor":36,"Shuriken":30,"Bronze Scales":6,"Bottled Lightning":10,"Toy Ornithopter":25},{"Darkstone Periapt":121,"Regal Pillow":41,"Lantern":121,"CeramicFish":102,"Vajra":160,"Spirit Poop":174,"HoveringKite":184,"Bag of Preparation":171,"Juzu Bracelet":215,"Ancient Tea Set":102,"Boot":121,"Sling":135,"Matryoshka":24,"Toolbox":206,"Philosopher\u0027s Stone":64,"Tiny Chest":135,"HandDrill":121,"Kunai":135,"Ring of the Snake":0,"Happy Flower":49,"The Specimen":121,"Golden Idol":124,"Blue Candle":226,"Oddly Smooth Stone":221,"Eternal Feather":72,"betterThird:NestCultRelic":72,"PreservedInsect":89,"Orichalcum":28,"Paper Crane":206,"Frozen Egg 2":206,"Question Card":24,"White Beast Statue":166,"Akabeko":206,"Cauldron":72,"sneckomod:BabySnecko":72,"Anchor":164,"Shuriken":135,"Bronze Scales":24,"Bottled Lightning":41,"Toy Ornithopter":105}],"Ring of the Snake":[98]},"card_choices":[{"not_picked":["Expertise","Outmaneuver"],"picked":"Deadly Poison","floor":1.0},{"not_picked":["Backflip","Underhanded Strike"],"picked":"Dash","floor":4.0},{"not_picked":["Grand Finale","Caltrops"],"picked":"Finisher","floor":7.0},{"not_picked":["PiercingWail","Accuracy"],"picked":"Noxious Fumes","floor":8.0},{"not_picked":["Poisoned Stab","Masterful Stab"],"picked":"Accuracy","floor":13.0},{"not_picked":["Choke","Acrobatics"],"picked":"PiercingWail","floor":14.0},{"not_picked":["Burst","Wraith Form v2"],"picked":"Malaise","floor":16.0},{"not_picked":["Dagger Spray","Quick Slash+1"],"picked":"Bouncing Flask+1","floor":18.0},{"not_picked":["Outmaneuver","Dash"],"picked":"Slice+1","floor":20.0},{"not_picked":["Predator","Eviscerate"],"picked":"Flying Knee+1","floor":22.0},{"not_picked":["Endless Agony","Quick Slash"],"picked":"Blade Dance","floor":25.0},{"not_picked":["Terror+1","Heel Hook+1"],"picked":"Adrenaline","floor":27.0},{"not_picked":["Escape Plan+1","Dagger Throw"],"picked":"Heel Hook","floor":28.0},{"not_picked":["Backflip+1","Flechettes+1"],"picked":"Crippling Poison+1","floor":30.0},{"not_picked":["Grand Finale","Tools of the Trade"],"picked":"Die Die Die","floor":33.0},{"not_picked":["Bane+1","Concentrate+1"],"picked":"Footwork+1","floor":35.0},{"not_picked":["Sucker Punch","Prepared+1"],"picked":"Well Laid Plans+1","floor":38.0},{"not_picked":["Bouncing Flask","Flying Knee+1"],"picked":"Accuracy+1","floor":39.0},{"not_picked":["Masterful Stab","Dagger Throw+1"],"picked":"Predator+1","floor":40.0},{"not_picked":["Underhanded Strike","Deadly Poison+1"],"picked":"Footwork+1","floor":46.0},{"not_picked":["Sucker Punch","Prepared+1"],"picked":"Deadly Poison+1","floor":47.0},{"not_picked":["Sucker Punch","Deadly Poison"],"picked":"Blur","floor":54.0}],"player_experience":414473,"relics_obtained":[{"floor":9.0,"key":"Shuriken"},{"floor":24.0,"key":"Anchor"},{"floor":26.0,"key":"White Beast Statue"},{"floor":27.0,"key":"Bag of Preparation"},{"floor":37.0,"key":"Regal Pillow"},{"floor":40.0,"key":"Paper Crane"},{"floor":47.0,"key":"Juzu Bracelet"},{"floor":54.0,"key":"Blue Candle"}],"event_choices":[{"damage_healed":0.0,"max_hp_gain":0.0,"max_hp_loss":0.0,"gold_gain":0.0,"event_name":"Golden Idol","player_choice":"Take Wound","floor":2.0,"gold_loss":0.0,"damage_taken":0.0,"relics_obtained":["Golden Idol"],"cards_obtained":["Injury"]},{"damage_healed":0.0,"max_hp_gain":0.0,"max_hp_loss":0.0,"gold_gain":0.0,"event_name":"Living Wall","player_choice":"Grow","floor":3.0,"gold_loss":0.0,"damage_taken":0.0,"cards_upgraded":["Neutralize"]},{"damage_healed":0.0,"max_hp_gain":0.0,"max_hp_loss":0.0,"gold_gain":175.0,"event_name":"betterThird:BetterSerpent","player_choice":"AGREE","floor":5.0,"gold_loss":0.0,"damage_taken":130.0},{"damage_healed":0.0,"max_hp_gain":0.0,"max_hp_loss":0.0,"gold_gain":0.0,"event_name":"Big Fish","player_choice":"Box","floor":12.0,"gold_loss":0.0,"damage_taken":0.0,"relics_obtained":["Kunai"],"cards_obtained":["Regret"]},{"damage_healed":0.0,"max_hp_gain":0.0,"max_hp_loss":0.0,"gold_gain":0.0,"event_name":"Lab","player_choice":"Got Potions","floor":19.0,"gold_loss":0.0,"damage_taken":0.0},{"cards_removed":["Regret"],"damage_healed":0.0,"max_hp_gain":0.0,"max_hp_loss":0.0,"gold_gain":0.0,"event_name":"Bonfire Elementals","player_choice":"Offered Curse","floor":29.0,"gold_loss":0.0,"damage_taken":0.0,"relics_obtained":["Spirit Poop"]},{"damage_healed":0.0,"max_hp_gain":0.0,"max_hp_loss":0.0,"gold_gain":275.0,"event_name":"Golden Shrine","player_choice":"Desecrate","floor":31.0,"gold_loss":0.0,"damage_taken":0.0,"cards_obtained":["Regret"]},{"damage_healed":0.0,"max_hp_gain":0.0,"max_hp_loss":0.0,"gold_gain":3.0,"event_name":"betterStone:BetterStone","player_choice":"4","floor":36.0,"gold_loss":0.0,"damage_taken":0.0,"cards_obtained":["Envenom"]},{"cards_removed":["PiercingWail"],"damage_healed":0.0,"max_hp_gain":0.0,"max_hp_loss":0.0,"gold_gain":0.0,"event_name":"Falling","player_choice":"Removed Skill","floor":45.0,"gold_loss":0.0,"damage_taken":0.0},{"cards_removed":["Regret","Doubt","Injury"],"damage_healed":0.0,"max_hp_gain":0.0,"max_hp_loss":0.0,"gold_gain":0.0,"event_name":"Fountain of Cleansing","player_choice":"Removed Curses","floor":48.0,"gold_loss":0.0,"damage_taken":0.0}],"is_beta":false,"boss_relics":[{"not_picked":["Coffee Dripper","SacredBark"],"picked":"Philosopher\u0027s Stone"},{"not_picked":["Empty Cage","Sozu"],"picked":"HoveringKite"}],"items_purged_floors":[41],"is_endless":false,"potions_floor_spawned":[1,13,16,20,22,25,27,28,30,33,35,38,39,40,46,47,54],"ascension_level":0}}