{"host":"dmp5wkeaoxsk0qwa","time":1611046193,"event":{"mods":["AchievementEnabler","BaseMod","BetterRewards","Colored Map","Colored Powertips","Curses Come First","Minty Spire (QoL Compilation)","Permanent Neow","Quick Restart","Replay The Spire","Shop Mod","StSLib"],"gold_per_floor":[110,110,110,110,129,129,27,40,110,120,136,146,146,70,70,166,166,181,193,193,193,17,17,30,30,30,42,115,129,129,143,143,174,174,270,270,284,284,300,522,532,532,532,532,558,26,26,26],"floor_reached":47,"language":"ENG","playtime":2813,"items_purged":[],"score":635,"play_id":"db0c3ca3-9d8a-4637-b6e1-3d2b915eb1a5","local_time":"20210119094953","is_ascension_mode":false,"campfire_choices":[{"floor":6.0,"key":"REST"},{"floor":13.0,"key":"REST"},{"data":"Dual Wield","floor":15.0,"key":"SMITH"},{"floor":25,"key":"REST"},{"floor":30,"key":"REST"},{"floor":32,"key":"REST"},{"floor":34,"key":"REST"},{"floor":42,"key":"REST"}],"circlet_count":0,"master_deck":["Strike_R","Strike_R","Strike_R","Strike_R","Strike_R","Defend_R","Defend_R","Defend_R","Defend_R+1","Bash+1","Inflame","Dual Wield+1","Rage","Twin Strike+1","Entrench","Anger","Twin Strike","Flex","Sword Boomerang","Demon Form","Flex","Anger","Armaments","Replay:Undeath\u0027s Touch","ReplayReversal+1","Massacre+1","Shockwave","Metallicize+1","Double Tap","Pommel Strike","Dual Wield","Havoc+1","Blood for Blood+1","Replay:Parry","ReplayTheSpireMod:Uncanny Aura","Normality","Flex","Metallicize"],"relics":["Burning Blood","Omamori","Pantograph","Matryoshka","Cursed Key","ClockworkSouvenir","Blue Candle","Anchor","Ornamental Fan","Blood Vial","Busted Crown","Mummified Hand","Bag of Preparation","Whetstone","Bottled Flame"],"acts_visited":["Exordium","TheCity","TheBeyond"],"potions_floor_usage":[24,41,41],"damage_taken":[{"damage":11.0,"enemies":"2 Louse","floor":1.0,"turns":2.0},{"damage":13.0,"enemies":"Jaw Worm","floor":5.0,"turns":4.0},{"damage":1.0,"enemies":"Cultist","floor":8.0,"turns":4.0},{"damage":21.0,"enemies":"Gremlin Gang","floor":10.0,"turns":5.0},{"damage":5.0,"enemies":"Red Slaver","floor":11.0,"turns":5.0},{"damage":12.0,"enemies":"Looter","floor":12.0,"turns":3.0},{"damage":71.0,"enemies":"Hexaghost","floor":16.0,"turns":8.0},{"damage":28.0,"enemies":"3 Byrds","floor":18.0,"turns":6.0},{"damage":35,"enemies":"2 Thieves","floor":19,"turns":4},{"damage":12,"enemies":"Snecko","floor":24,"turns":4},{"damage":27,"enemies":"Snake Plant","floor":27,"turns":4},{"damage":13,"enemies":"3 Cultists","floor":29,"turns":4},{"damage":11,"enemies":"Centurion and Healer","floor":31,"turns":4},{"damage":33,"enemies":"Gremlin Leader","floor":33,"turns":4},{"damage":55,"enemies":"Champ","floor":35,"turns":9},{"damage":26,"enemies":"3 Shapes","floor":37,"turns":4},{"damage":15,"enemies":"Orb Walker","floor":39,"turns":3},{"damage":65,"enemies":"4 Shapes","floor":41,"turns":6},{"damage":41,"enemies":"Sphere and 2 Shapes","floor":47,"turns":5}],"seed_played":"-2138874790622799911","potions_obtained":[{"floor":1.0,"key":"Block Potion"},{"floor":12.0,"key":"Strength Potion"},{"floor":19,"key":"Ancient Potion"},{"floor":24,"key":"Elixir"},{"floor":33,"key":"FairyPotion"},{"floor":37,"key":"Swift Potion"},{"floor":40,"key":"Cursed Concoction"}],"is_trial":false,"path_per_floor":["M","?","?","?","M","R","$","M","T","M","M","M","R","$","R","B",null,"M","M","PTL","PTL","$","?","M","R","$","M","T","M","R","M","R","E","R","B",null,"M","?","M","?","M","R","?","?","T","$","M"],"character_chosen":"IRONCLAD","items_purchased":["Inflame","Dual Wield","EntropicBrew","Flex","Sword Boomerang","ClockworkSouvenir","Armaments","Whetstone","Bottled Flame","Flex","Metallicize"],"campfire_rested":7,"item_purchase_floors":[0,0,7,14,14,22,22,46,46,46,46],"current_hp_per_floor":[69,53,41,41,34,58,58,63,63,48,49,43,67,67,67,15,80,58,29,29,29,29,29,23,47,47,26,26,19,43,38,62,35,59,31,80,60,80,71,39,11,35,30,30,30,30,0,0],"gold":26,"neow_bonus":"","is_daily":false,"chose_seed":false,"campfire_upgraded":1,"win_rate":0.0,"timestamp":1611046193,"path_taken":["M","?","?","?","M","R","$","?","T","M","?","M","R","?","R","BOSS","M","M","PTL","PTL","$","?","M","R","$","M","T","M","R","M","R","E","R","BOSS","M","?","M","?","M","R","?","?","T","$","?"],"items_purchased_type":["Card","Card","Potion","Card","Card","Relic","Card","Relic","Relic","Card","Card"],"build_version":"2020-12-22","purchased_purges":0,"victory":false,"max_hp_per_floor":[80,80,80,80,80,80,80,80,80,80,80,80,80,80,80,80,80,80,80,80,80,80,80,80,80,80,80,80,80,80,80,80,80,80,80,80,80,80,80,80,80,80,80,80,80,80,80,80],"card_choices":[{"not_picked":["Pommel Strike","Reckless Charge"],"picked":"Sentinel","floor":1.0},{"not_picked":["Wild Strike","Headbutt"],"picked":"Rage","floor":5.0},{"not_picked":["Perfected Strike","Warcry"],"picked":"Twin Strike","floor":8.0},{"not_picked":["Twin Strike","Warcry"],"picked":"Entrench","floor":10.0},{"not_picked":["Ghostly Armor","Clash"],"picked":"Anger","floor":11.0},{"not_picked":["Rage","Carnage"],"picked":"Twin Strike","floor":12.0},{"not_picked":["Feed","Fiend Fire"],"picked":"Demon Form","floor":16.0},{"not_picked":["Headbutt","ReplayTheSpireMod:Stacked"],"picked":"Flex","floor":18},{"not_picked":["Pommel Strike","Wild Strike"],"picked":"Anger","floor":19},{"not_picked":["Pommel Strike","Armaments+1"],"picked":"Replay:Undeath\u0027s Touch","floor":24},{"not_picked":["Entrench","Rupture"],"picked":"ReplayReversal+1","floor":27},{"not_picked":["Headbutt","Reckless Charge"],"picked":"Massacre+1","floor":29},{"not_picked":["Havoc","Thunderclap"],"picked":"Shockwave","floor":31},{"not_picked":["Clash","Hemokinesis"],"picked":"Metallicize+1","floor":33},{"not_picked":["Exhume","Corruption"],"picked":"Double Tap","floor":35},{"not_picked":[],"picked":"Pommel Strike","floor":37},{"not_picked":[],"picked":"Dual Wield","floor":39},{"not_picked":[],"picked":"Havoc+1","floor":40},{"not_picked":[],"picked":"Blood for Blood+1","floor":41},{"not_picked":[],"picked":"Replay:Parry","floor":43},{"not_picked":[],"picked":"ReplayTheSpireMod:Uncanny Aura","floor":43}],"player_experience":59409,"relics_obtained":[{"floor":9.0,"key":"Matryoshka"},{"floor":28,"key":"Anchor"},{"floor":28,"key":"Ornamental Fan"},{"floor":33,"key":"Blood Vial"},{"floor":40,"key":"Mummified Hand"},{"floor":45,"key":"Bag of Preparation"}],"event_choices":[{"damage_healed":0.0,"max_hp_gain":0.0,"max_hp_loss":0.0,"gold_gain":0.0,"event_name":"Shining Light","player_choice":"Entered Light","floor":2.0,"gold_loss":0.0,"damage_taken":16.0,"cards_upgraded":["Defend_R","Sentinel"]},{"damage_healed":0.0,"max_hp_gain":0.0,"max_hp_loss":0.0,"gold_gain":0.0,"event_name":"Scrap Ooze","player_choice":"Success","floor":3.0,"gold_loss":0.0,"damage_taken":12.0,"relics_obtained":["Omamori"]},{"cards_removed":["Sentinel"],"damage_healed":0.0,"max_hp_gain":0.0,"max_hp_loss":0.0,"gold_gain":0.0,"event_name":"WeMeetAgain","player_choice":"Gave Card","floor":4.0,"gold_loss":0.0,"damage_taken":0.0,"relics_obtained":["Pantograph"]},{"damage_healed":0,"gold_gain":0,"player_choice":"Stole Relic","damage_taken":0,"relics_obtained":["Blue Candle"],"max_hp_gain":0,"max_hp_loss":0,"event_name":"Addict","floor":23,"gold_loss":0,"cards_obtained":["Shame"]},{"damage_healed":20,"gold_gain":0,"player_choice":"Writhe","damage_taken":0,"max_hp_gain":0,"max_hp_loss":0,"event_name":"Winding Halls","floor":38,"gold_loss":0,"cards_obtained":["Writhe"]},{"damage_healed":0,"gold_gain":0,"player_choice":"Memory 2","damage_taken":5,"max_hp_gain":0,"max_hp_loss":0,"event_name":"SensoryStone","floor":43,"gold_loss":0},{"cards_removed":["Writhe"],"damage_healed":0,"gold_gain":0,"player_choice":"Removed Curses","damage_taken":0,"max_hp_gain":0,"max_hp_loss":0,"event_name":"Fountain of Cleansing","floor":44,"gold_loss":0}],"is_beta":false,"boss_relics":[{"not_picked":["Coffee Dripper","Runic Cube"],"picked":"Cursed Key"},{"not_picked":["Empty Cage","Runic Dome"],"picked":"Busted Crown"}],"items_purged_floors":[],"is_endless":false,"potions_floor_spawned":[1,10,12,19,24,33,37],"killed_by":"Sphere and 2 Shapes","ascension_level":0}}