{"host":"qhhcmep1unj6mpf7","time":1611051803,"event":{"mods":["2.2 Compatiblity","AchievementEnabler","BaseMod","Colored Map","DeckTracker","Highlight Path","Keyboard Shortcuts","Minty Spire (QoL Compilation)","Permanent Neow","Quick Restart","Random Character Button","StSLib","SuperFastMode","everything is the same but u backflip on backflip"],"gold_per_floor":[52,5,45,102,102,102,159,159,159,229,267,267,334,376,376,376,376],"floor_reached":16,"language":"KOR","playtime":526,"items_purged":[],"score":104,"play_id":"7cd1fa99-a2aa-423d-948c-665efab76803","local_time":"20210119192323","is_ascension_mode":false,"campfire_choices":[{"data":"HandOfGreed","floor":6,"key":"SMITH"},{"data":"Glacier","floor":8,"key":"SMITH"},{"data":"Coolheaded","floor":15,"key":"SMITH"}],"circlet_count":0,"master_deck":["Strike_B","Strike_B","Strike_B","Strike_B","Defend_B","Defend_B","Defend_B","Defend_B","Zap","Dualcast","HandOfGreed+1","Glacier+1","Rebound","Undo","Coolheaded+1","Glacier"],"relics":["Cracked Core","Blue Candle","Blood Vial","Cables","PreservedInsect"],"acts_visited":["Exordium"],"potions_floor_usage":[],"damage_taken":[{"damage":1,"enemies":"2 Louse","floor":1,"turns":4},{"damage":0,"enemies":"Jaw Worm","floor":3,"turns":5},{"damage":3,"enemies":"Small Slimes","floor":4,"turns":3},{"damage":21,"enemies":"Lagavulin","floor":7,"turns":8},{"damage":6,"enemies":"Gremlin Gang","floor":10,"turns":6},{"damage":0,"enemies":"Red Slaver","floor":11,"turns":5},{"damage":2,"enemies":"3 Louse","floor":13,"turns":4},{"damage":0,"enemies":"Blue Slaver","floor":14,"turns":6},{"damage":45,"enemies":"Hexaghost","floor":16,"turns":16}],"seed_played":"-877135765736270340","potions_obtained":[{"floor":3,"key":"SteroidPotion"},{"floor":7,"key":"Swift Potion"},{"floor":14,"key":"Energy Potion"}],"is_trial":false,"path_per_floor":["M","$","M","M","?","R","E","R","T","M","M","T","M","M","R","B"],"character_chosen":"DEFECT","items_purchased":["Rebound"],"campfire_rested":0,"item_purchase_floors":[2],"current_hp_per_floor":[74,74,74,71,64,64,43,43,43,39,41,41,41,43,43,0,0],"gold":376,"neow_bonus":"RANDOM_COLORLESS_2","is_daily":false,"chose_seed":false,"campfire_upgraded":3,"win_rate":0.0,"timestamp":1611051803,"path_taken":["M","$","M","M","?","R","E","R","T","M","M","?","M","M","R","BOSS"],"items_purchased_type":["Card"],"build_version":"2020-12-22","purchased_purges":0,"victory":false,"max_hp_per_floor":[75,75,75,75,75,75,75,75,75,75,75,75,75,75,75,75,75],"card_choices":[{"not_picked":["Magnetism","Secret Weapon"],"picked":"HandOfGreed","floor":0},{"not_picked":["Barrage","Chaos"],"picked":"Glacier","floor":1},{"not_picked":["Doom and Gloom","FTL"],"picked":"Undo","floor":3},{"not_picked":["Sweeping Beam","Streamline","Undo"],"picked":"SKIP","floor":4},{"not_picked":["Streamline","All For One","Leap"],"picked":"SKIP","floor":7},{"not_picked":["Rip and Tear","Doom and Gloom"],"picked":"Coolheaded","floor":10},{"not_picked":["Chill","Compile Driver","Steam"],"picked":"SKIP","floor":11},{"not_picked":["Stack","Sunder"],"picked":"Glacier","floor":13},{"not_picked":["Go for the Eyes","Stack","Rebound"],"picked":"SKIP","floor":14}],"player_experience":316855,"relics_obtained":[{"floor":7,"key":"Blood Vial"},{"floor":9,"key":"Cables"},{"floor":12,"key":"PreservedInsect"}],"event_choices":[{"damage_healed":0,"gold_gain":0,"player_choice":"Success","damage_taken":7,"relics_obtained":["Blue Candle"],"max_hp_gain":0,"max_hp_loss":0,"event_name":"Scrap Ooze","floor":5,"gold_loss":0}],"is_beta":false,"boss_relics":[],"items_purged_floors":[],"is_endless":false,"potions_floor_spawned":[3,7,14],"killed_by":"Hexaghost","ascension_level":0}}