{"host":"jlz4is0nf6zo9oab","time":1611098036,"event":{"mods":["AchievementEnabler","BaseMod","Colored Map","Colored Powertips","Highlight Path","Minty Spire (QoL Compilation)","StSLib"],"gold_per_floor":[116,128,228,241,17,48,48,48,97,118,139,139,22,32,32,129,129,120,120,143,68,141,141,153,153,153,68,86,86,111,131,131,131,131],"floor_reached":33,"language":"SPA","playtime":845,"items_purged":["Strike_B"],"score":398,"play_id":"e42aac63-481a-48d2-91a7-83b203c7f511","local_time":"20210120001356","is_ascension_mode":true,"campfire_choices":[{"floor":7,"key":"REST"},{"data":"Dualcast","floor":12,"key":"SMITH"},{"data":"Zap","floor":15,"key":"SMITH"},{"data":"Capacitor","floor":23,"key":"SMITH"},{"data":"Leap","floor":25,"key":"SMITH"},{"data":"Sweeping Beam","floor":29,"key":"SMITH"},{"floor":32,"key":"REST"}],"circlet_count":0,"master_deck":["AscendersBane","Strike_B+1","Strike_B","Defend_B","Defend_B","Defend_B","Defend_B","Zap+1","Dualcast+1","All For One","Ball Lightning","Self Repair","Thunder Strike+1","Capacitor+1","Sweeping Beam+1","Conserve Battery","Ball Lightning","Leap+1","Streamline+1","Rip and Tear","Static Discharge+1"],"relics":["Cracked Core","Whetstone","Anchor","Happy Flower","CeramicFish","Nuclear Battery","Meat on the Bone","Matryoshka","Kunai"],"acts_visited":["Exordium","TheCity"],"potions_floor_usage":[6,16,31,33,33],"damage_taken":[{"damage":6,"enemies":"Cultist","floor":1,"turns":4},{"damage":11,"enemies":"Jaw Worm","floor":2,"turns":4},{"damage":13,"enemies":"2 Louse","floor":4,"turns":2},{"damage":25,"enemies":"3 Sentries","floor":6,"turns":5},{"damage":0,"enemies":"Blue Slaver","floor":10,"turns":3},{"damage":0,"enemies":"3 Louse","floor":11,"turns":2},{"damage":1,"enemies":"Looter","floor":14,"turns":3},{"damage":6,"enemies":"Slime Boss","floor":16,"turns":7},{"damage":18,"enemies":"2 Thieves","floor":18,"turns":4},{"damage":0,"enemies":"Chosen","floor":20,"turns":3},{"damage":1,"enemies":"Snecko","floor":24,"turns":3},{"damage":18,"enemies":"Sentry and Sphere","floor":28,"turns":4},{"damage":42,"enemies":"Snake Plant","floor":30,"turns":4},{"damage":10,"enemies":"Centurion and Healer","floor":31,"turns":5},{"damage":71,"enemies":"Automaton","floor":33,"turns":6}],"seed_played":"7212811084137482638","potions_obtained":[{"floor":2,"key":"FearPotion"},{"floor":4,"key":"ColorlessPotion"},{"floor":16,"key":"Dexterity Potion"},{"floor":28,"key":"EssenceOfSteel"},{"floor":30,"key":"Block Potion"},{"floor":31,"key":"ColorlessPotion"}],"is_trial":false,"path_per_floor":["M","M","?","M","$","E","R","?","T","M","M","R","$","M","R","B",null,"M","?","M","?","T","R","M","R","T","?","M","R","M","M","R","B"],"character_chosen":"DEFECT","items_purchased":["Thunder Strike","Whetstone","Ball Lightning"],"campfire_rested":2,"item_purchase_floors":[5,5,13],"current_hp_per_floor":[62,51,51,45,45,30,52,45,45,45,45,45,45,51,51,52,69,58,58,65,65,65,65,71,71,71,71,60,60,37,46,68,0,0],"gold":131,"neow_bonus":"ONE_RANDOM_RARE_CARD","is_daily":false,"chose_seed":false,"campfire_upgraded":5,"win_rate":0.0,"timestamp":1611098036,"path_taken":["M","?","?","M","?","E","R","?","T","M","M","R","$","M","R","BOSS","M","?","M","?","?","R","M","R","T","?","M","R","M","M","R","BOSS"],"items_purchased_type":["Card","Relic","Card"],"build_version":"2020-12-22","purchased_purges":1,"victory":false,"max_hp_per_floor":[75,75,75,75,75,75,75,75,75,75,75,75,75,75,75,75,75,75,75,75,75,75,75,75,75,75,75,75,75,75,75,75,75,75],"card_choices":[{"not_picked":["Cold Snap","Coolheaded"],"picked":"Ball Lightning","floor":1},{"not_picked":["Hello World","Genetic Algorithm"],"picked":"Self Repair","floor":2},{"not_picked":["Genetic Algorithm","Darkness","Beam Cell"],"picked":"SKIP","floor":4},{"not_picked":["Compile Driver","Steam"],"picked":"Capacitor","floor":6},{"not_picked":["Stack","FTL"],"picked":"Sweeping Beam","floor":10},{"not_picked":["Gash","Cold Snap"],"picked":"Conserve Battery","floor":11},{"not_picked":["Skim","Darkness","Steam"],"picked":"SKIP","floor":14},{"not_picked":["Steam","Cold Snap"],"picked":"Leap","floor":18},{"not_picked":["Rebound","Barrage+1"],"picked":"Streamline+1","floor":20},{"not_picked":["Doom and Gloom","Sweeping Beam","Genetic Algorithm"],"picked":"SKIP","floor":24},{"not_picked":["Recycle","Rebound","Hello World"],"picked":"SKIP","floor":28},{"not_picked":["Heatsinks","Go for the Eyes"],"picked":"Rip and Tear","floor":30},{"not_picked":["Scrape","Rip and Tear"],"picked":"Static Discharge+1","floor":31}],"player_experience":953752,"relics_obtained":[{"floor":6,"key":"Anchor"},{"floor":9,"key":"CeramicFish"},{"floor":22,"key":"Meat on the Bone"},{"floor":26,"key":"Matryoshka"}],"event_choices":[{"damage_healed":0,"gold_gain":100,"player_choice":"Pray","damage_taken":0,"max_hp_gain":0,"max_hp_loss":0,"event_name":"Golden Shrine","floor":3,"gold_loss":0},{"damage_healed":0,"gold_gain":0,"player_choice":"Success","damage_taken":7,"relics_obtained":["Happy Flower"],"max_hp_gain":0,"max_hp_loss":0,"event_name":"Scrap Ooze","floor":8,"gold_loss":0},{"damage_healed":0,"gold_gain":0,"player_choice":"Ignored","damage_taken":0,"max_hp_gain":0,"max_hp_loss":0,"event_name":"Ghosts","floor":19,"gold_loss":0},{"cards_removed":["Strike_B"],"damage_healed":0,"gold_gain":0,"player_choice":"Gave Gold","damage_taken":0,"max_hp_gain":0,"max_hp_loss":0,"event_name":"Beggar","floor":21,"gold_loss":75},{"damage_healed":0,"gold_gain":0,"player_choice":"Obtained Relic","damage_taken":0,"relics_obtained":["Kunai"],"max_hp_gain":0,"max_hp_loss":0,"event_name":"Addict","floor":27,"gold_loss":85}],"is_beta":false,"boss_relics":[{"not_picked":["Black Star","Pandora\u0027s Box"],"picked":"Nuclear Battery"}],"items_purged_floors":[13],"is_endless":false,"potions_floor_spawned":[2,4,16,28,30,31],"killed_by":"Automaton","ascension_level":12}}