{"host":"640uue19m79c7wbt","time":1611017177,"event":{"mods":["BaseMod","Colored Map","Googly Eyes","Highlight Path","Minty Spire (QoL Compilation)","Quick Restart","StSLib"],"gold_per_floor":[114,134,134,209,209,209,241,241,268,297,311,326,326,336,336,336,336],"floor_reached":16,"language":"ENG","playtime":334,"items_purged":[],"score":230,"play_id":"7312ddf5-851b-4e58-b788-3f96839e4f7e","local_time":"20210118194617","is_ascension_mode":true,"campfire_choices":[{"data":"Crippling Poison","floor":6,"key":"SMITH"},{"data":"Blur","floor":8,"key":"SMITH"},{"floor":15,"key":"REST"}],"circlet_count":0,"master_deck":["AscendersBane","Strike_G","Strike_G","Strike_G","Strike_G","Strike_G","Defend_G","Defend_G","Defend_G","Defend_G+1","Defend_G","Survivor+1","Neutralize","Crippling Poison+1","Poisoned Stab","Blur+1","Prepared","Backstab","Tactician","Leg Sweep"],"relics":["Ring of the Snake","NeowsBlessing","Oddly Smooth Stone","Blood Vial","Art of War","Incense Burner","InkBottle"],"acts_visited":["Exordium"],"potions_floor_usage":[10,12],"damage_taken":[{"damage":0,"enemies":"Small Slimes","floor":1,"turns":1},{"damage":0,"enemies":"2 Louse","floor":2,"turns":1},{"damage":0,"enemies":"Lagavulin","floor":7,"turns":1},{"damage":19,"enemies":"Gremlin Nob","floor":10,"turns":4},{"damage":0,"enemies":"Cultist","floor":11,"turns":4},{"damage":0,"enemies":"3 Louse","floor":12,"turns":3},{"damage":16,"enemies":"Large Slime","floor":14,"turns":7},{"damage":22,"enemies":"Slime Boss","floor":16,"turns":5}],"seed_played":"3371046025908379670","potions_obtained":[{"floor":2,"key":"Poison Potion"},{"floor":7,"key":"Dexterity Potion"}],"is_trial":false,"path_per_floor":["M","M","?","?","?","R","E","R","T","E","M","M","T","M","R","B"],"character_chosen":"THE_SILENT","items_purchased":[],"campfire_rested":1,"item_purchase_floors":[],"current_hp_per_floor":[59,59,46,35,32,32,32,32,32,15,17,19,19,5,24,4,4],"gold":336,"neow_bonus":"THREE_ENEMY_KILL","is_daily":false,"chose_seed":false,"campfire_upgraded":2,"win_rate":0.0,"timestamp":1611017177,"path_taken":["M","M","?","?","?","R","E","R","T","E","M","M","?","M","R","BOSS"],"items_purchased_type":[],"build_version":"2020-12-22","purchased_purges":0,"victory":false,"max_hp_per_floor":[66,66,66,66,66,66,66,66,66,66,66,66,66,66,66,66,66],"card_choices":[{"not_picked":["Flying Knee","Expertise"],"picked":"Crippling Poison","floor":1},{"not_picked":["Deadly Poison","Acrobatics"],"picked":"Poisoned Stab","floor":2},{"not_picked":["Choke","All Out Attack"],"picked":"Blur","floor":7},{"not_picked":["Dodge and Roll","Outmaneuver"],"picked":"Prepared","floor":10},{"not_picked":["Quick Slash","Eviscerate"],"picked":"Backstab","floor":11},{"not_picked":["Blade Dance","Cloak And Dagger"],"picked":"Tactician","floor":12},{"not_picked":["Riddle With Holes","Sucker Punch"],"picked":"Leg Sweep","floor":14}],"player_experience":613379,"relics_obtained":[{"floor":7,"key":"Blood Vial"},{"floor":9,"key":"Art of War"},{"floor":10,"key":"Incense Burner"},{"floor":13,"key":"InkBottle"}],"event_choices":[{"damage_healed":0,"gold_gain":0,"player_choice":"Entered Light","damage_taken":13,"max_hp_gain":0,"max_hp_loss":0,"event_name":"Shining Light","floor":3,"gold_loss":0,"cards_upgraded":["Defend_G","Survivor"]},{"damage_healed":0,"gold_gain":75,"player_choice":"Gather Gold","damage_taken":11,"max_hp_gain":0,"max_hp_loss":0,"event_name":"World of Goop","floor":4,"gold_loss":0},{"damage_healed":0,"gold_gain":0,"player_choice":"Success","damage_taken":3,"relics_obtained":["Oddly Smooth Stone"],"max_hp_gain":0,"max_hp_loss":0,"event_name":"Scrap Ooze","floor":5,"gold_loss":0}],"is_beta":false,"boss_relics":[],"items_purged_floors":[],"is_endless":false,"potions_floor_spawned":[2,7],"killed_by":"Slime Boss","ascension_level":14}}