{"host":"3h5qf14xt40jhha0","time":1611034355,"event":{"mods":["AlwaysNeverKeys","BaseMod","Colored Powertips","Minty Spire (QoL Compilation)","Permanent Neow","Relic Stats","StSLib"],"gold_per_floor":[368,25,25,38,38,63,16,16,16,16,16],"floor_reached":10,"language":"ENG","playtime":290,"items_purged":["Writhe"],"score":128,"play_id":"bd4b3eb7-0cfc-4951-9764-4da254220f0c","local_time":"20210119003235","is_ascension_mode":true,"campfire_choices":[{"floor":8,"key":"REST"}],"circlet_count":0,"master_deck":["AscendersBane","Strike_G+1","Strike_G","Strike_G","Strike_G","Strike_G","Defend_G","Defend_G+1","Defend_G","Defend_G","Defend_G","Survivor","Neutralize","Dagger Throw","Blade Dance","Blade Dance"],"relics":["Ring of the Snake","StrikeDummy","Gambling Chip","Bottled Lightning","Eternal Feather"],"acts_visited":["Exordium"],"potions_floor_usage":[],"damage_taken":[{"damage":0,"enemies":"2 Louse","floor":1,"turns":4},{"damage":0,"enemies":"Jaw Worm","floor":4,"turns":3},{"damage":30,"enemies":"Gremlin Nob","floor":6,"turns":4},{"damage":23,"enemies":"Lagavulin","floor":10,"turns":6}],"seed_played":"-1447710634397040475","potions_obtained":[],"is_trial":false,"path_per_floor":["M","$","?","M","?","E","?","R","T","E"],"character_chosen":"THE_SILENT","items_purchased":["StrikeDummy"],"campfire_rested":1,"item_purchase_floors":[2],"current_hp_per_floor":[59,59,54,54,34,4,4,23,23,0,0],"gold":16,"neow_bonus":"TWO_FIFTY_GOLD","is_daily":false,"chose_seed":false,"campfire_upgraded":0,"win_rate":0.0,"timestamp":1611034355,"path_taken":["M","$","?","M","?","E","?","R","T","E"],"items_purchased_type":["Relic"],"build_version":"2020-12-22","purchased_purges":1,"victory":false,"max_hp_per_floor":[66,66,66,66,66,66,66,66,66,66,66],"relic_stats":{"counters":[4,17],"Gambling Chip":[13],"Eternal Feather":0,"obtain_stats":[{"Gambling Chip":3,"Eternal Feather":9,"Bottled Lightning":6,"StrikeDummy":2,"Ring of the Snake":0},{"Gambling Chip":1,"Eternal Feather":3,"Bottled Lightning":3,"StrikeDummy":1,"Ring of the Snake":0},{"Gambling Chip":4,"Eternal Feather":11,"Bottled Lightning":11,"StrikeDummy":4,"Ring of the Snake":0}],"Ring of the Snake":[8]},"card_choices":[{"not_picked":["Outmaneuver","Bane"],"picked":"Dagger Throw","floor":1},{"not_picked":["Acrobatics","Riddle With Holes"],"picked":"Blade Dance","floor":4},{"not_picked":["Setup","Calculated Gamble"],"picked":"Blade Dance","floor":6}],"player_experience":1353544,"relics_obtained":[{"floor":6,"key":"Bottled Lightning"},{"floor":9,"key":"Eternal Feather"}],"event_choices":[{"damage_healed":0,"gold_gain":0,"player_choice":"Success","damage_taken":5,"relics_obtained":["Gambling Chip"],"max_hp_gain":0,"max_hp_loss":0,"event_name":"Scrap Ooze","floor":3,"gold_loss":0},{"damage_healed":0,"gold_gain":0,"player_choice":"Entered Light","damage_taken":20,"max_hp_gain":0,"max_hp_loss":0,"event_name":"Shining Light","floor":5,"gold_loss":0,"cards_upgraded":["Defend_G","Strike_G"]},{"damage_healed":0,"gold_gain":0,"player_choice":"Left Gold","damage_taken":0,"max_hp_gain":0,"max_hp_loss":0,"event_name":"World of Goop","floor":7,"gold_loss":47}],"is_beta":false,"boss_relics":[],"items_purged_floors":[2],"is_endless":false,"potions_floor_spawned":[],"killed_by":"Lagavulin","ascension_level":20}}