{"host":"dowi7cgbhepuzvpj","time":1611045447,"event":{"mods":["AchievementEnabler","BaseMod","Colored Map","Highlight Path","Keyboard Shortcuts","Minty Spire (QoL Compilation)","Permanent Neow","Quick Restart","StSLib","SuperFastMode"],"gold_per_floor":[114,114,128,138,152,152,168,178,251,263,275,301,18,33,33,110,110,126,136,4,0,19,19,35,35,35,64,64,64,75,125,125,200,200,215,265,284,284,284],"floor_reached":38,"language":"KOR","playtime":1195,"items_purged":["Tactician"],"score":804,"play_id":"d3dc5d27-c618-4787-a1ea-fe138dd7f6f1","local_time":"20210119173727","is_ascension_mode":true,"campfire_choices":[{"data":"Neutralize","floor":6.0,"key":"SMITH"},{"data":"Apotheosis","floor":15.0,"key":"SMITH"},{"data":"Madness","floor":23.0,"key":"SMITH"},{"data":"Backstab","floor":25.0,"key":"SMITH"},{"data":"Infinite Blades","floor":29.0,"key":"SMITH"},{"data":"Burst","floor":32.0,"key":"SMITH"}],"circlet_count":0,"master_deck":["AscendersBane","Survivor","Neutralize+1","Glass Knife","Riddle With Holes","Venomology+1","Blade Dance","Bouncing Flask","Dash","Die Die Die","Phantasmal Killer","Cloak And Dagger","PiercingWail","Choke","Masterful Stab","Cloak And Dagger","Cloak And Dagger","Infinite Blades+1","Backflip","Apotheosis+1","Burst+1","CurseOfTheBell","Blur+1","Crippling Poison","Madness+1","Backstab+1","PiercingWail","Bullet Time","Crippling Poison","Footwork"],"relics":["Pandora\u0027s Box","Pantograph","Strawberry","Calling Bell","Bag of Preparation","Question Card","Thread and Needle","Potion Belt","Ginger","SacredBark"],"acts_visited":["Exordium","TheCity","TheBeyond"],"potions_floor_usage":[37,37,38,38],"damage_taken":[{"damage":9.0,"enemies":"Jaw Worm","floor":1.0,"turns":3.0},{"damage":0.0,"enemies":"Cultist","floor":3.0,"turns":3.0},{"damage":0.0,"enemies":"Small Slimes","floor":4.0,"turns":2.0},{"damage":11.0,"enemies":"Exordium Thugs","floor":5.0,"turns":3.0},{"damage":5.0,"enemies":"3 Louse","floor":7.0,"turns":2.0},{"damage":0.0,"enemies":"Red Slaver","floor":8.0,"turns":2.0},{"damage":4.0,"enemies":"Exordium Wildlife","floor":10.0,"turns":2.0},{"damage":6.0,"enemies":"2 Fungi Beasts","floor":11.0,"turns":3.0},{"damage":4.0,"enemies":"Lagavulin","floor":12.0,"turns":5.0},{"damage":3.0,"enemies":"Blue Slaver","floor":14.0,"turns":4.0},{"damage":35.0,"enemies":"The Guardian","floor":16.0,"turns":8.0},{"damage":8.0,"enemies":"Chosen","floor":18.0,"turns":3.0},{"damage":0.0,"enemies":"2 Thieves","floor":19.0,"turns":2.0},{"damage":18.0,"enemies":"Snecko","floor":22.0,"turns":4.0},{"damage":0.0,"enemies":"Centurion and Healer","floor":24.0,"turns":4.0},{"damage":22.0,"enemies":"Gremlin Leader","floor":27.0,"turns":9.0},{"damage":39.0,"enemies":"Shelled Parasite and Fungi","floor":30.0,"turns":4.0},{"damage":62,"enemies":"Collector","floor":33,"turns":10},{"damage":48,"enemies":"3 Shapes","floor":35,"turns":7},{"damage":0,"enemies":"3 Darklings","floor":37,"turns":3},{"damage":26,"enemies":"Transient","floor":38,"turns":4}],"seed_played":"3646509582039387774","potions_obtained":[{"floor":1.0,"key":"Explosive Potion"},{"floor":7.0,"key":"PowerPotion"},{"floor":10.0,"key":"GhostInAJar"},{"floor":16.0,"key":"LiquidBronze"},{"floor":19.0,"key":"EssenceOfSteel"},{"floor":22.0,"key":"Swift Potion"},{"floor":24.0,"key":"CunningPotion"},{"floor":33,"key":"CunningPotion"}],"is_trial":false,"path_per_floor":["M","?","M","M","M","R","M","M","T","M","M","E","$","M","R","B",null,"M","M","$","?","M","R","M","R","T","E","?","R","M","?","R","B",null,"M","?","M","M"],"character_chosen":"THE_SILENT","items_purchased":["Apotheosis","Crippling Poison","Madness"],"campfire_rested":0,"item_purchase_floors":[13,20,20],"current_hp_per_floor":[50,50,50,50,39,39,34,34,34,30,24,27,27,24,24,14,58,50,50,50,50,32,32,32,32,32,10,83,83,44,44,44,7,64,16,16,16,0,0],"gold":284,"neow_bonus":"BOSS_RELIC","is_daily":false,"chose_seed":false,"campfire_upgraded":6,"win_rate":0.0,"timestamp":1611045447,"path_taken":["M","?","?","M","M","R","M","M","T","M","M","E","$","M","R","BOSS","M","M","$","?","M","R","M","R","T","E","?","R","?","?","R","BOSS","M","?","M","M"],"items_purchased_type":["Card","Card","Card"],"build_version":"2020-12-22","purchased_purges":1,"victory":false,"max_hp_per_floor":[66,66,66,66,66,66,66,66,66,66,66,73,73,73,73,73,73,73,73,73,73,73,73,73,73,73,73,83,83,83,83,83,83,83,83,83,83,83,83],"card_choices":[{"not_picked":["Flechettes","Dash"],"picked":"Cloak And Dagger","floor":1.0},{"not_picked":["Cloak And Dagger","Terror"],"picked":"PiercingWail","floor":3.0},{"not_picked":["Poisoned Stab","Slice"],"picked":"Choke","floor":4.0},{"not_picked":["Finisher","Cloak And Dagger"],"picked":"Masterful Stab","floor":5.0},{"not_picked":["Unload","Bane"],"picked":"Cloak And Dagger","floor":7.0},{"not_picked":["Dagger Spray","Poisoned Stab"],"picked":"Cloak And Dagger","floor":8.0},{"not_picked":["Sucker Punch","Well Laid Plans"],"picked":"Infinite Blades","floor":10.0},{"not_picked":["Underhanded Strike","Dodge and Roll"],"picked":"Backflip","floor":11.0},{"not_picked":["Dash","Backstab","Sucker Punch"],"picked":"SKIP","floor":12.0},{"not_picked":["Prepared","Eviscerate","Dash"],"picked":"SKIP","floor":14.0},{"not_picked":["After Image","Malaise"],"picked":"Burst","floor":16.0},{"not_picked":["Acrobatics","Bane","Dagger Spray","Predator"],"picked":"SKIP","floor":18.0},{"not_picked":["Dash","Tactician","Deadly Poison"],"picked":"Blur+1","floor":19.0},{"not_picked":["Leg Sweep","Prepared+1","Outmaneuver","Glass Knife"],"picked":"SKIP","floor":22.0},{"not_picked":["Choke","Well Laid Plans","Sucker Punch"],"picked":"Backstab","floor":24.0},{"not_picked":["Dagger Spray","Deflect","Expertise"],"picked":"PiercingWail","floor":27.0},{"not_picked":["Dodge and Roll","Expertise","Setup","Concentrate"],"picked":"SKIP","floor":30.0},{"not_picked":["Storm of Steel","Phantasmal Killer","Wraith Form v2"],"picked":"Bullet Time","floor":33},{"not_picked":["Blade Dance","Prepared","Dodge and Roll"],"picked":"Crippling Poison","floor":35},{"not_picked":["Predator","Noxious Fumes","Backflip"],"picked":"Footwork","floor":37}],"player_experience":824939,"relics_obtained":[{"floor":9.0,"key":"Pantograph"},{"floor":12.0,"key":"Strawberry"},{"floor":17.0,"key":"Bag of Preparation"},{"floor":17.0,"key":"Question Card"},{"floor":17.0,"key":"Thread and Needle"},{"floor":26.0,"key":"Potion Belt"},{"floor":27.0,"key":"Ginger"}],"event_choices":[{"damage_healed":0.0,"max_hp_gain":0.0,"max_hp_loss":0.0,"gold_gain":0.0,"event_name":"Upgrade Shrine","player_choice":"Upgraded","floor":2.0,"gold_loss":0.0,"damage_taken":0.0,"cards_upgraded":["Venomology"]},{"damage_healed":0.0,"max_hp_gain":0.0,"max_hp_loss":0.0,"gold_gain":0.0,"event_name":"Masked Bandits","player_choice":"Paid Fearfully","floor":21.0,"gold_loss":4.0,"damage_taken":0.0},{"cards_removed":["Grand Finale"],"damage_healed":63.0,"max_hp_gain":10.0,"max_hp_loss":0.0,"gold_gain":0.0,"event_name":"Bonfire Elementals","player_choice":"Offered Rare","floor":28.0,"gold_loss":0.0,"damage_taken":0.0},{"damage_healed":0.0,"max_hp_gain":0.0,"max_hp_loss":0.0,"gold_gain":50.0,"event_name":"Nest","player_choice":"Stole From Cult","floor":31.0,"gold_loss":0.0,"damage_taken":0.0},{"damage_healed":0,"gold_gain":50,"player_choice":"Pray","damage_taken":0,"max_hp_gain":0,"max_hp_loss":0,"event_name":"Golden Shrine","floor":36,"gold_loss":0}],"is_beta":false,"boss_relics":[{"not_picked":["WristBlade","Black Star"],"picked":"Calling Bell"},{"not_picked":["Sozu","Runic Dome"],"picked":"SacredBark"}],"items_purged_floors":[13],"is_endless":false,"potions_floor_spawned":[1,7,8,10,16,19,22,24,33],"killed_by":"Transient","ascension_level":20}}