{"host":"l5xpox9cbdko122s","time":1611090871,"event":{"mods":["AchievementEnabler","BaseMod","Minty Spire (QoL Compilation)"],"gold_per_floor":[119,294,311,311,236,265,279,298,351,351,351,362,373,393,393,492,492,492,492,492,249,249,249,249,249],"floor_reached":24,"language":"ENG","playtime":1027,"items_purged":["Defend_R"],"score":225,"play_id":"862777ba-6196-4422-b3c2-2c22b9d0c0c7","local_time":"20210119161431","is_ascension_mode":false,"campfire_choices":[{"floor":15,"key":"RECALL"}],"circlet_count":0,"master_deck":["Strike_R","Strike_R","Strike_R","Strike_R","Defend_R","Defend_R","Defend_R","Bash","Heavy Blade","Inflame","Demon Form","Heavy Blade"],"relics":["Burning Blood","NeowsBlessing","White Beast Statue","Ectoplasm","Singing Bowl"],"acts_visited":["Exordium","TheCity"],"potions_floor_usage":[8,12,13,13,14,14,16,18,22,24],"damage_taken":[{"damage":0,"enemies":"Jaw Worm","floor":1,"turns":1},{"damage":0,"enemies":"Small Slimes","floor":3,"turns":1},{"damage":0,"enemies":"3 Sentries","floor":6,"turns":1},{"damage":7,"enemies":"2 Louse","floor":7,"turns":4},{"damage":4,"enemies":"Blue Slaver","floor":8,"turns":3},{"damage":72,"enemies":"Gremlin Gang","floor":12,"turns":8},{"damage":0,"enemies":"Looter","floor":13,"turns":4},{"damage":5,"enemies":"3 Louse","floor":14,"turns":3},{"damage":7,"enemies":"Slime Boss","floor":16,"turns":7},{"damage":19,"enemies":"Spheric Guardian","floor":18,"turns":4},{"damage":5,"enemies":"Chosen","floor":22,"turns":3},{"damage":50,"enemies":"Shelled Parasite and Fungi","floor":23,"turns":5},{"damage":44,"enemies":"Book of Stabbing","floor":24,"turns":4}],"seed_played":"-3234920345696664552","potions_obtained":[{"floor":7,"key":"SteroidPotion"},{"floor":8,"key":"Swift Potion"},{"floor":11,"key":"SkillPotion"},{"floor":11,"key":"Ancient Potion"},{"floor":12,"key":"GamblersBrew"},{"floor":13,"key":"Dexterity Potion"},{"floor":14,"key":"SneckoOil"},{"floor":16,"key":"BloodPotion"},{"floor":18,"key":"Ancient Potion"},{"floor":22,"key":"BloodPotion"},{"floor":23,"key":"ElixirPotion"}],"is_trial":false,"path_per_floor":["M","?","M","?","$","E","M","M","T","?","?","M","M","M","R","B",null,"M","?","?","$","M","M","E"],"character_chosen":"IRONCLAD","items_purchased":["Singing Bowl"],"campfire_rested":0,"item_purchase_floors":[21],"current_hp_per_floor":[80,80,80,80,80,80,79,80,80,80,80,14,20,21,21,20,80,80,65,65,65,85,43,0,0],"gold":249,"neow_bonus":"THREE_ENEMY_KILL","is_daily":false,"chose_seed":false,"campfire_upgraded":0,"win_rate":0.0,"timestamp":1611090871,"path_taken":["M","?","M","?","$","E","?","M","T","?","?","?","M","M","R","BOSS","M","?","?","?","M","?","E"],"items_purchased_type":["Relic"],"build_version":"2020-12-22","purchased_purges":1,"victory":false,"max_hp_per_floor":[80,80,80,80,80,80,80,80,80,80,80,80,80,80,80,80,80,80,85,85,85,87,89,89,89],"card_choices":[{"not_picked":["Perfected Strike","Flame Barrier","Headbutt"],"picked":"SKIP","floor":1},{"not_picked":["Armaments","Cleave","Clothesline"],"picked":"SKIP","floor":3},{"not_picked":["Entrench","Perfected Strike"],"picked":"Heavy Blade","floor":6},{"not_picked":["Bludgeon","Searing Blow","Rage"],"picked":"SKIP","floor":7},{"not_picked":["Havoc","Fire Breathing","Thunderclap"],"picked":"SKIP","floor":8},{"not_picked":["Power Through","Clothesline"],"picked":"Inflame","floor":12},{"not_picked":["Iron Wave","Pommel Strike","Thunderclap"],"picked":"SKIP","floor":13},{"not_picked":["Reaper","Reckless Charge","Armaments"],"picked":"SKIP","floor":14},{"not_picked":["Immolate","Juggernaut"],"picked":"Demon Form","floor":16},{"not_picked":["Searing Blow+1","Shockwave"],"picked":"Heavy Blade","floor":18},{"not_picked":["Warcry","Disarm","Body Slam"],"picked":"Singing Bowl","floor":22},{"not_picked":["Power Through","Shrug It Off","Sentinel"],"picked":"Singing Bowl","floor":23}],"player_experience":138605,"relics_obtained":[{"floor":6,"key":"White Beast Statue"}],"event_choices":[{"damage_healed":0,"gold_gain":175,"player_choice":"AGREE","damage_taken":0,"max_hp_gain":0,"max_hp_loss":0,"event_name":"Liars Game","floor":2,"gold_loss":0,"cards_obtained":["Doubt"]},{"cards_removed":["Doubt"],"damage_healed":0,"gold_gain":0,"player_choice":"Forget","damage_taken":0,"max_hp_gain":0,"max_hp_loss":0,"event_name":"Living Wall","floor":4,"gold_loss":0},{"damage_healed":0,"gold_gain":0,"player_choice":"Ignored","damage_taken":0,"max_hp_gain":0,"max_hp_loss":0,"event_name":"Shining Light","floor":10,"gold_loss":0},{"damage_healed":0,"gold_gain":0,"player_choice":"Got Potions","damage_taken":0,"max_hp_gain":0,"max_hp_loss":0,"event_name":"Lab","floor":11,"gold_loss":0},{"damage_healed":0,"gold_gain":0,"player_choice":"Shed Blood","damage_taken":20,"max_hp_gain":5,"max_hp_loss":0,"event_name":"Forgotten Altar","floor":19,"gold_loss":0},{"cards_removed":["Strike_R"],"damage_healed":0,"gold_gain":0,"player_choice":"Elegance","damage_taken":0,"max_hp_gain":0,"max_hp_loss":0,"event_name":"Back to Basics","floor":20,"gold_loss":0}],"is_beta":false,"boss_relics":[{"not_picked":["Sozu","Runic Dome"],"picked":"Ectoplasm"}],"items_purged_floors":[5],"is_endless":false,"potions_floor_spawned":[7,8,12,13,14,16,18,22,23],"killed_by":"Book of Stabbing","ascension_level":0}}