{"host":"gj3450u0c4def4mj","time":1611065014,"event":{"mods":["2.2 Compatiblity","BaseMod","Downfall","Minty Spire (QoL Compilation)","StSLib"],"gold_per_floor":[99,111,127,44,62,62,62,80,114,114,125,154,154,168,178,276,276,276,292,303,403,414,414,440,440,468,468,468],"floor_reached":27,"language":"ENG","playtime":2418,"items_purged":[],"score":257,"play_id":"555b32b0-ae5d-4d50-b00e-d511bf916b55","local_time":"20210119090334","is_ascension_mode":true,"campfire_choices":[{"data":"sneckomod:UnlimitedRolls","floor":6.0,"key":"SMITH"},{"floor":13.0,"key":"REST"},{"data":"sneckomod:MorePower","floor":18.0,"key":"SMITH"},{"floor":25.0,"key":"REST"}],"circlet_count":0,"master_deck":["sneckomod:Strike","sneckomod:Strike","sneckomod:Strike","sneckomod:Defend","sneckomod:Defend","sneckomod:Defend","sneckomod:TailWhip","sneckomod:SnekBite","sneckomod:Unknown","Flash of Steel","WheelKick","sneckomod:SoulDraw","sneckomod:QuickBite","sneckomod:UnknownRareAttack","sneckomod:UnlimitedRolls+1","sneckomod:QuickMove","Feed","sneckomod:SoulDraw+1","sneckomod:SoulRoll","sneckomod:ImprovisedGuard","sneckomod:UnknownWeak","sneckomod:MorePower+1","sneckomod:UnknownClassRED+1","sneckomod:UnknownUncommonPower","sneckomod:UnknownWeak+1","sneckomod:CheapStock","sneckomod:UnknownUncommonSkill+1","sneckomod:TrashToTreasure+1","Reaper+1","sneckomod:UnknownUncommonPower"],"relics":["sneckomod:SneckoSoul","StrikeDummy","Unceasing Top","Bird Faced Urn","Snecko Eye","Potion Belt","Omamori"],"acts_visited":["Exordium","TheCity"],"potions_floor_usage":[],"damage_taken":[{"damage":0.0,"enemies":"2 Louse","floor":2.0,"turns":3.0},{"damage":0.0,"enemies":"Small Slimes","floor":3.0,"turns":2.0},{"damage":0.0,"enemies":"downfall:FleeingMerchant","floor":4.0,"turns":4.0},{"damage":4.0,"enemies":"Cultist","floor":5.0,"turns":3.0},{"damage":22.0,"enemies":"Exordium Thugs","floor":8.0,"turns":5.0},{"damage":21.0,"enemies":"Gremlin Nob","floor":9.0,"turns":4.0},{"damage":12.0,"enemies":"Exordium Wildlife","floor":11.0,"turns":5.0},{"damage":26.0,"enemies":"3 Sentries","floor":12.0,"turns":7.0},{"damage":11.0,"enemies":"Gremlin Gang","floor":14.0,"turns":6.0},{"damage":4.0,"enemies":"2 Fungi Beasts","floor":15.0,"turns":3.0},{"damage":24.0,"enemies":"SI_SHIV_ARCHETYPE","floor":16.0,"turns":8.0},{"damage":14.0,"enemies":"Chosen","floor":19.0,"turns":6.0},{"damage":9.0,"enemies":"Spheric Guardian","floor":20.0,"turns":5.0},{"damage":50.0,"enemies":"downfall:LadyInBlue","floor":21.0,"turns":12.0},{"damage":13.0,"enemies":"Centurion and Healer","floor":22.0,"turns":7.0},{"damage":61.0,"enemies":"Gremlin Leader","floor":26.0,"turns":11.0},{"damage":0,"enemies":"Cultist and Chosen","floor":27,"turns":1}],"seed_played":"-6720466437275649694","potions_obtained":[{"floor":2.0,"key":"Block Potion"},{"floor":9.0,"key":"FearPotion"},{"floor":11.0,"key":"bronze:BurnAndBuffPotion"},{"floor":19.0,"key":"Energy Potion"},{"floor":21.0,"key":"champ:CounterPotion"},{"floor":21.0,"key":"Weak Potion"},{"floor":21.0,"key":"DuplicationPotion"}],"is_trial":false,"path_per_floor":["R","M","M","$","M","R","T","M","E","?","M","E","R","M","M","B",null,"R","M","M","?","M","R","T","R","E","M"],"character_chosen":"THE_SNECKO","items_purchased":["sneckomod:UnknownRareAttack"],"campfire_rested":2,"item_purchase_floors":[4],"current_hp_per_floor":[90,90,90,90,86,86,86,64,43,73,64,41,69,61,57,33,99,99,89,87,43,38,38,38,68,36,36,36],"gold":468,"neow_bonus":"RANDOM_COLORLESS","is_daily":false,"chose_seed":false,"campfire_upgraded":2,"win_rate":0.0,"timestamp":1611065014,"path_taken":["R","M","M","$","M","R","T","M","E","?","M","E","R","M","M","BOSS","R","M","M","?","?","R","T","R","E","M"],"items_purchased_type":["Card"],"build_version":"2020-12-22","purchased_purges":0,"victory":false,"max_hp_per_floor":[90,90,90,90,90,90,90,90,90,90,93,96,96,99,99,99,99,99,99,102,102,102,102,102,102,102,102,102],"card_choices":[{"not_picked":["Purity","Blind"],"picked":"Flash of Steel","floor":0.0},{"not_picked":["sneckomod:WideSting","sneckomod:UnknownBlock"],"picked":"sneckomod:SoulDraw","floor":2.0},{"not_picked":["sneckomod:UnknownX","sneckomod:ImprovisedAttack"],"picked":"sneckomod:Memorize","floor":3.0},{"not_picked":["sneckomod:DiceBoulder","sneckomod:DiceCrush"],"picked":"sneckomod:QuickBite","floor":4.0},{"not_picked":["sneckomod:UnknownBlock","sneckomod:ImprovisedGuard"],"picked":"sneckomod:UnlimitedRolls","floor":5.0},{"not_picked":["sneckomod:SoulDraw","sneckomod:IronFang"],"picked":"sneckomod:Unknown1Cost","floor":8.0},{"not_picked":["sneckomod:RainOfDice","sneckomod:UnknownDraw"],"picked":"sneckomod:QuickMove","floor":9.0},{"not_picked":["sneckomod:QuickBite","sneckomod:UnknownCommonAttack"],"picked":"sneckomod:SoulDraw","floor":11.0},{"not_picked":["sneckomod:QuickBite","sneckomod:UnknownCommonAttack"],"picked":"sneckomod:SoulRoll","floor":12.0},{"not_picked":["sneckomod:SoulDraw","sneckomod:UnknownCommonAttack"],"picked":"sneckomod:ImprovisedGuard","floor":14.0},{"not_picked":["sneckomod:WideSting","sneckomod:QuickBite"],"picked":"sneckomod:UnknownWeak","floor":15.0},{"not_picked":["sneckomod:Mudshield","sneckomod:UnknownBoss"],"picked":"sneckomod:MorePower","floor":16.0},{"not_picked":["sneckomod:UnknownExhaust+1","sneckomod:UnknownClassPURPLE+1"],"picked":"sneckomod:UnknownClassRED+1","floor":19.0},{"not_picked":["sneckomod:PureSnecko","sneckomod:ImprovisedGuard"],"picked":"sneckomod:UnknownUncommonPower","floor":19.0},{"not_picked":["sneckomod:UnknownExhaust+1","sneckomod:UnknownCommonAttack+1"],"picked":"sneckomod:UnknownRareAttack+1","floor":20.0},{"not_picked":["sneckomod:UnknownCommonSkill","sneckomod:QuickBite+1","sneckomod:Cheat"],"picked":"SKIP","floor":20.0},{"not_picked":["sneckomod:UnknownClassGREEN+1","sneckomod:UnknownVulnerable+1"],"picked":"sneckomod:UnknownWeak+1","floor":21.0},{"not_picked":["sneckomod:UnknownBlock","sneckomod:PureSnecko"],"picked":"sneckomod:CheapStock","floor":21.0},{"not_picked":["sneckomod:UnknownBoss+1","sneckomod:UnknownColorless+1"],"picked":"sneckomod:UnknownUncommonSkill+1","floor":22.0},{"not_picked":["sneckomod:Nope","sneckomod:Memorize"],"picked":"sneckomod:TrashToTreasure+1","floor":22.0},{"not_picked":["sneckomod:Unknown1Cost+1","sneckomod:Unknown2Cost+1","sneckomod:UnknownUncommonPower"],"picked":"SKIP","floor":26},{"not_picked":["sneckomod:Unknown1Cost+1","sneckomod:Unknown2Cost+1"],"picked":"sneckomod:UnknownUncommonPower","floor":26}],"player_experience":48067,"relics_obtained":[{"floor":7.0,"key":"StrikeDummy"},{"floor":9.0,"key":"Unceasing Top"},{"floor":12.0,"key":"Bird Faced Urn"},{"floor":21.0,"key":"Potion Belt"},{"floor":24.0,"key":"Omamori"}],"event_choices":[{"damage_healed":30.0,"max_hp_gain":0.0,"max_hp_loss":0.0,"gold_gain":0.0,"event_name":"Big Fish","player_choice":"Banana","floor":10.0,"gold_loss":0.0,"damage_taken":0.0}],"is_beta":false,"boss_relics":[{"not_picked":["Busted Crown","Empty Cage"],"picked":"Snecko Eye"}],"items_purged_floors":[],"is_endless":false,"potions_floor_spawned":[2,9,11,12,14,15,19],"killed_by":"Cultist and Chosen","ascension_level":1}}