{"host":"9tzam4717zt8ei1o","time":1611059905,"event":{"mods":["BaseMod","Colored Map","Keyboard Shortcuts","Minty Spire (QoL Compilation)","Quick Restart","StSLib","SuperFastMode"],"gold_per_floor":[119,119,139,17,192,192,223,239,291,291,304,304,83,93,93,194,244,263,362,379,379,379,379,414,329,381,435,435,25,25,45,45,146,146,162,162,172,172,188,219,239,239,239,266,278,38,38,72,72,72,72,72,3,34,34],"floor_reached":56,"language":"KOR","playtime":2000,"items_purged":["Defend_G","Doubt"],"score":1821,"play_id":"58032b4c-c640-4501-a443-4e7ca54c32af","local_time":"20210119213825","is_ascension_mode":true,"campfire_choices":[{"data":"Poisoned Stab","floor":6.0,"key":"SMITH"},{"data":"Tactician","floor":10.0,"key":"SMITH"},{"data":"Footwork","floor":12.0,"key":"SMITH"},{"data":"Reflex","floor":15.0,"key":"SMITH"},{"data":"Acrobatics","floor":23.0,"key":"SMITH"},{"data":"Well Laid Plans","floor":28.0,"key":"SMITH"},{"data":"Eviscerate","floor":30.0,"key":"SMITH"},{"data":"Grand Finale","floor":32.0,"key":"SMITH"},{"floor":42.0,"key":"REST"},{"data":"Prepared","floor":47,"key":"SMITH"},{"floor":49,"key":"RECALL"},{"data":"A Thousand Cuts","floor":52,"key":"SMITH"}],"circlet_count":0,"master_deck":["Survivor","Neutralize+1","Dagger Throw","Tactician+1","Poisoned Stab+1","Reflex+1","Footwork+1","Grand Finale+1","Well Laid Plans+1","Backflip","Acrobatics+1","Calculated Gamble+1","Eviscerate+1","Finisher","A Thousand Cuts+1","Unload","Doppelganger","Prepared+1","Flying Knee","Corpse Explosion","Finesse","PiercingWail+1","Acrobatics","Tactician+1","Apotheosis"],"relics":["Ring of the Snake","Juzu Bracelet","Bag of Marbles","Tiny House","FossilizedHelix","Lantern","Ancient Tea Set","Omamori","ClockworkSouvenir","Pandora\u0027s Box","The Courier","Shuriken","Membership Card","Happy Flower","Centennial Puzzle","Vajra","Strawberry"],"acts_visited":["Exordium","TheCity","TheBeyond","TheEnding"],"potions_floor_usage":[55],"damage_taken":[{"damage":7.0,"enemies":"Jaw Worm","floor":1.0,"turns":7.0},{"damage":0.0,"enemies":"2 Louse","floor":3.0,"turns":2.0},{"damage":19.0,"enemies":"Lagavulin","floor":7.0,"turns":6.0},{"damage":7.0,"enemies":"Small Slimes","floor":8.0,"turns":3.0},{"damage":4.0,"enemies":"Looter","floor":11.0,"turns":3.0},{"damage":0.0,"enemies":"3 Louse","floor":14.0,"turns":1.0},{"damage":0.0,"enemies":"The Guardian","floor":16.0,"turns":9.0},{"damage":16.0,"enemies":"3 Byrds","floor":18.0,"turns":4.0},{"damage":12.0,"enemies":"2 Thieves","floor":20.0,"turns":3.0},{"damage":13.0,"enemies":"Book of Stabbing","floor":24.0,"turns":5.0},{"damage":0.0,"enemies":"Cultist and Chosen","floor":31.0,"turns":3.0},{"damage":19.0,"enemies":"Collector","floor":33.0,"turns":9.0},{"damage":0.0,"enemies":"3 Shapes","floor":35.0,"turns":2.0},{"damage":0.0,"enemies":"3 Darklings","floor":37.0,"turns":3.0},{"damage":31.0,"enemies":"Writhing Mass","floor":39.0,"turns":4.0},{"damage":11.0,"enemies":"Reptomancer","floor":40.0,"turns":4.0},{"damage":4.0,"enemies":"Jaw Worm Horde","floor":41.0,"turns":4.0},{"damage":0,"enemies":"Nemesis","floor":44,"turns":3},{"damage":0,"enemies":"3 Darklings","floor":45,"turns":2},{"damage":0,"enemies":"Giant Head","floor":48,"turns":2},{"damage":0,"enemies":"Awakened One","floor":50,"turns":4},{"damage":0,"enemies":"Shield and Spear","floor":54,"turns":2},{"damage":8,"enemies":"The Heart","floor":55,"turns":5}],"seed_played":"-4796927021472917027","potions_obtained":[{"floor":3.0,"key":"GamblersBrew"},{"floor":8.0,"key":"SkillPotion"},{"floor":11.0,"key":"Explosive Potion"},{"floor":16.0,"key":"GamblersBrew"},{"floor":17.0,"key":"Ancient Potion"},{"floor":18.0,"key":"Swift Potion"},{"floor":31.0,"key":"Ancient Potion"},{"floor":54,"key":"LiquidMemories"}],"is_trial":false,"path_per_floor":["M","?","M","$","?","R","E","M","T","R","M","R","$","M","R","B",null,"M","?","M","?","?","R","E","?","T","T","R","$","R","M","R","B",null,"M","?","M","?","M","E","M","R","T","E","M","$","R","E","R","B",null,"R","$","E","B",null],"character_chosen":"THE_SILENT","items_purchased":["Poisoned Stab","Grand Finale","Well Laid Plans","Omamori","ClockworkSouvenir","Membership Card","Happy Flower","Centennial Puzzle","Apotheosis"],"campfire_rested":1,"item_purchase_floors":[4,13,13,29,29,46,46,46,53],"current_hp_per_floor":[56,42,42,42,42,42,23,16,16,16,12,12,12,12,12,12,61,45,45,33,33,33,33,20,20,20,20,20,20,20,20,20,1,57,57,57,57,57,26,15,11,33,33,33,33,33,33,33,33,33,65,65,65,72,64],"gold":34,"neow_bonus":"REMOVE_CARD","is_daily":false,"chose_seed":false,"campfire_upgraded":10,"win_rate":0.0,"timestamp":1611059905,"path_taken":["M","?","M","$","?","R","E","M","T","R","M","R","$","M","R","BOSS","M","?","M","?","?","R","E","?","T","?","R","$","R","M","R","BOSS","M","?","M","?","M","E","M","R","T","E","M","$","R","E","R","BOSS","R","$","E","BOSS"],"items_purchased_type":["Card","Card","Card","Relic","Relic","Relic","Relic","Relic","Card"],"build_version":"2020-12-22","purchased_purges":2,"victory":true,"max_hp_per_floor":[70,70,70,70,70,70,70,70,70,70,70,70,70,70,70,70,75,75,75,75,75,75,75,75,75,75,75,75,75,75,75,75,75,75,75,75,75,75,75,75,75,75,75,75,75,75,75,75,75,75,75,75,75,82,82],"card_choices":[{"not_picked":["Deadly Poison","Prepared"],"picked":"Dagger Throw","floor":1.0},{"not_picked":["Deadly Poison","Expertise"],"picked":"Tactician","floor":3.0},{"not_picked":["Prepared","Dodge and Roll"],"picked":"Reflex","floor":7.0},{"not_picked":["Dagger Throw","Blur"],"picked":"Footwork","floor":8.0},{"not_picked":["Bouncing Flask","Endless Agony","Dagger Spray"],"picked":"SKIP","floor":11.0},{"not_picked":["Bouncing Flask","Endless Agony","Dagger Spray"],"picked":"SKIP","floor":11.0},{"not_picked":["Accuracy","Masterful Stab"],"picked":"Backflip","floor":14.0},{"not_picked":["Backstab","Masterful Stab+1"],"picked":"Acrobatics","floor":18.0},{"not_picked":["Terror","Blur+1"],"picked":"Calculated Gamble+1","floor":20.0},{"not_picked":["Slice","Tactician"],"picked":"Eviscerate","floor":24.0},{"not_picked":["Flying Knee","Terror","PiercingWail"],"picked":"SKIP","floor":31.0},{"not_picked":["Riddle With Holes","Backflip","Poisoned Stab"],"picked":"SKIP","floor":35.0},{"not_picked":["Forethought","Blind"],"picked":"Finesse","floor":36.0},{"not_picked":["Well Laid Plans","Dodge and Roll","Flechettes"],"picked":"SKIP","floor":37.0},{"not_picked":["Choke+1","Dagger Throw+1","Slice"],"picked":"SKIP","floor":39.0},{"not_picked":["Escape Plan","Flechettes"],"picked":"PiercingWail+1","floor":40.0},{"not_picked":["Flying Knee","Doppelganger","Backstab"],"picked":"SKIP","floor":41.0},{"not_picked":["Well Laid Plans","Outmaneuver"],"picked":"Acrobatics","floor":44},{"not_picked":["Setup","Heel Hook+1"],"picked":"Tactician+1","floor":45},{"not_picked":["Backflip+1","Flying Knee","Leg Sweep"],"picked":"SKIP","floor":48},{"not_picked":["Bouncing Flask+1","Eviscerate","Deflect"],"picked":"SKIP","floor":54}],"player_experience":82615,"relics_obtained":[{"floor":7.0,"key":"Juzu Bracelet"},{"floor":9.0,"key":"Bag of Marbles"},{"floor":26.0,"key":"Lantern"},{"floor":27.0,"key":"Ancient Tea Set"},{"floor":40.0,"key":"The Courier"},{"floor":44,"key":"Shuriken"},{"floor":48,"key":"Vajra"},{"floor":54,"key":"Strawberry"}],"event_choices":[{"damage_healed":0.0,"max_hp_gain":0.0,"max_hp_loss":0.0,"gold_gain":0.0,"event_name":"Shining Light","player_choice":"Entered Light","floor":2.0,"gold_loss":0.0,"damage_taken":14.0,"cards_upgraded":["Strike_G","Neutralize"]},{"damage_healed":0.0,"max_hp_gain":0.0,"max_hp_loss":0.0,"gold_gain":175.0,"event_name":"Liars Game","player_choice":"AGREE","floor":5.0,"gold_loss":0.0,"damage_taken":0.0,"cards_obtained":["Doubt"]},{"damage_healed":0.0,"max_hp_gain":0.0,"max_hp_loss":0.0,"gold_gain":99.0,"event_name":"Nest","player_choice":"Stole From Cult","floor":19.0,"gold_loss":0.0,"damage_taken":0.0},{"damage_healed":0.0,"max_hp_gain":0.0,"max_hp_loss":0.0,"gold_gain":0.0,"event_name":"The Mausoleum","player_choice":"Ignored","floor":21.0,"gold_loss":0.0,"damage_taken":0.0},{"damage_healed":0.0,"max_hp_gain":0.0,"max_hp_loss":0.0,"gold_gain":0.0,"event_name":"Vampires","player_choice":"Ignored","floor":22.0,"gold_loss":0.0,"damage_taken":0.0},{"damage_healed":0.0,"max_hp_gain":0.0,"max_hp_loss":0.0,"gold_gain":0.0,"event_name":"Addict","player_choice":"Obtained Relic","floor":25.0,"gold_loss":85.0,"damage_taken":0.0,"relics_obtained":["FossilizedHelix"]},{"damage_healed":0.0,"max_hp_gain":0.0,"max_hp_loss":0.0,"gold_gain":0.0,"event_name":"SensoryStone","player_choice":"Memory 1","floor":36.0,"gold_loss":0.0,"damage_taken":0.0},{"cards_removed":["Envenom"],"damage_healed":0.0,"max_hp_gain":0.0,"max_hp_loss":0.0,"gold_gain":0.0,"event_name":"Falling","player_choice":"Removed Power","floor":38.0,"gold_loss":0.0,"damage_taken":0.0}],"is_beta":false,"boss_relics":[{"not_picked":["Velvet Choker","WristBlade"],"picked":"Tiny House"},{"not_picked":["Runic Dome","Calling Bell"],"picked":"Pandora\u0027s Box"}],"items_purged_floors":[4,29],"is_endless":false,"potions_floor_spawned":[3,8,11,16,18,31,33,35,39,45,48,54],"ascension_level":6}}