{"host":"vhkdq3pn44gqx0jn","time":1611095859,"event":{"mods":["AchievementEnabler","BaseMod","Downfall","Hermit","Minty Spire (QoL Compilation)","StSLib","The Cursed","The Servant 0.9.4"],"gold_per_floor":[99,114,128,139,152,182,209,119,148,165,165,5,5,105,116,212,212,112,124,140,140,140,174,174,174,204,215,315,115,132,152,170,275,275,275,295,315,315,333,333,357,386,46,66,66,66,17,17,32,32,32,32],"floor_reached":50,"language":"ENG","playtime":6061,"items_purged":["Guardian:Defend_Guardian","Injury"],"score":566,"play_id":"cd737348-abb3-4676-8812-cd3209b5cb11","local_time":"20210119223739","is_ascension_mode":false,"campfire_choices":[{"floor":1,"key":"RECALL"},{"data":"Guardian:SentryBeam","floor":13,"key":"SMITH"},{"data":"Guardian:CurlUp","floor":18,"key":"SMITH"},{"data":"Guardian:WalkerClaw","floor":29,"key":"SMITH"},{"data":"Guardian:StasisField","floor":35,"key":"SMITH"},{"data":"Guardian:SphericShield","floor":40,"key":"SMITH"}],"circlet_count":0,"master_deck":["Guardian:Defend_Guardian","Guardian:Defend_Guardian","Guardian:Defend_Guardian","Guardian:CurlUp+1","Guardian:TwinSlam","Guardian:RevengeProtocol","Guardian:SentryBeam+1","Guardian:SphericShield+1","Guardian:AncientConstruct+1","Guardian:ShieldCharger","Guardian:StasisField+1","Guardian:Suspension+1","Guardian:SpikerProtocol+1","Slimebound:Tackle+1","Slimebound:Tackle+1","Slimebound:Tackle+1","Guardian:RollAttack","Guardian:PolyBeam","Guardian:WalkerClaw+1","Guardian:Gem_Fragmented","Guardian:SentryBeam+1","Guardian:BronzeArmor+1","Guardian:ConstructionForm+1","Guardian:Gem_Crimson","Guardian:TemporalStrike+1","Guardian:RollAttack+1","Guardian:TimeCapacitor+1","Guardian:SpikerProtocol+1","Guardian:ArmoredProtocol+1","Guardian:TemporalShield+1","Guardian:PolyBeam","Guardian:PrimingBeam+1"],"relics":["Guardian:ModeShifter","Oddly Smooth Stone","Vajra","Frozen Egg 2","Lee\u0027s Waffle","Potion Belt","SlaversCollar","downfall:HeartBlessingRed","Shuriken","Meat on the Bone","downfall:HeartBlessingBlue","downfall:HeartBlessingGreen","SacredBark","Juzu Bracelet","Anchor","DollysMirror"],"acts_visited":["Exordium","TheCity","TheBeyond"],"potions_floor_usage":[9,14,15,16,23,26,26,37,37,39,45,47,50],"damage_taken":[{"damage":8,"enemies":"Jaw Worm","floor":2,"turns":5},{"damage":6,"enemies":"2 Louse","floor":3,"turns":3},{"damage":0,"enemies":"Cultist","floor":4,"turns":3},{"damage":7,"enemies":"3 Louse","floor":5,"turns":3},{"damage":0,"enemies":"downfall:FleeingMerchant","floor":8,"turns":4},{"damage":9,"enemies":"3 Sentries","floor":9,"turns":8},{"damage":17,"enemies":"Exordium Thugs","floor":10,"turns":5},{"damage":0,"enemies":"downfall:FleeingMerchant","floor":12,"turns":4},{"damage":12,"enemies":"downfall:LadyInBlue","floor":14,"turns":12},{"damage":0,"enemies":"Gremlin Gang","floor":15,"turns":4},{"damage":40,"enemies":"WA_ARCHETYPE_RETAIN","floor":16,"turns":8},{"damage":5,"enemies":"Chosen","floor":19,"turns":6},{"damage":0,"enemies":"3 Byrds","floor":20,"turns":5},{"damage":6,"enemies":"Book of Stabbing","floor":23,"turns":5},{"damage":26,"enemies":"Slavers","floor":26,"turns":4},{"damage":0,"enemies":"Snecko","floor":27,"turns":4},{"damage":0,"enemies":"3 Cultists","floor":30,"turns":4},{"damage":11,"enemies":"Snake Plant","floor":31,"turns":3},{"damage":0,"enemies":"Sentry and Sphere","floor":32,"turns":3},{"damage":19,"enemies":"IC_MUSHROOM_ARCHETYPE","floor":33,"turns":6},{"damage":9,"enemies":"3 Shapes","floor":36,"turns":5},{"damage":8,"enemies":"3 Darklings","floor":37,"turns":4},{"damage":5,"enemies":"Transient","floor":39,"turns":5},{"damage":0,"enemies":"Reptomancer","floor":42,"turns":7},{"damage":0,"enemies":"downfall:FleeingMerchant","floor":43,"turns":4},{"damage":9,"enemies":"Spire Growth","floor":44,"turns":7},{"damage":0,"enemies":"Jaw Worm Horde","floor":45,"turns":2},{"damage":0,"enemies":"downfall:FleeingMerchant","floor":47,"turns":4},{"damage":11,"enemies":"Maw","floor":49,"turns":8},{"damage":67,"enemies":"DF_ARCHETYPE_ORBS","floor":50,"turns":8}],"seed_played":"2189264480581422742","potions_obtained":[{"floor":3,"key":"SpeedPotion"},{"floor":5,"key":"Guardian:BlockOnCardUsePotion"},{"floor":10,"key":"champ:CounterPotion"},{"floor":14,"key":"ColorlessPotion"},{"floor":14,"key":"Fire Potion"},{"floor":14,"key":"bronze:BurnAndBuffPotion"},{"floor":14,"key":"champ:CounterPotion"},{"floor":22,"key":"CultistPotion"},{"floor":23,"key":"SkillPotion"},{"floor":26,"key":"SmokeBomb"},{"floor":30,"key":"Explosive Potion"},{"floor":31,"key":"Strength Potion"},{"floor":32,"key":"Weak Potion"},{"floor":36,"key":"Energy Potion"},{"floor":37,"key":"SmokeBomb"}],"is_trial":false,"path_per_floor":["R","M","M","M","M","?","T","$","E","M","?","$","R","?","M","B",null,"R","M","M","?","?","E","T","?","E","M","?","R","M","M","M","B",null,"R","M","M","?","M","R","T","E","$","M","M","?","$","?","M","B"],"character_chosen":"GUARDIAN","items_purchased":["Lee\u0027s Waffle","DollysMirror","Guardian:ArmoredProtocol+1","Guardian:PolyBeam"],"campfire_rested":0,"item_purchase_floors":[12,43,43,47],"current_hp_per_floor":[88,80,74,74,67,67,67,67,58,41,41,95,95,83,83,43,95,95,90,90,90,90,84,84,84,58,58,58,68,68,57,57,50,105,105,96,88,88,83,83,83,83,83,74,74,74,74,74,63,0,0,0],"gold":32,"neow_bonus":"TEN_PERCENT_HP_BONUS","is_daily":false,"chose_seed":false,"campfire_upgraded":5,"win_rate":0.0,"timestamp":1611095859,"path_taken":["R","M","M","M","M","?","T","$","E","M","?","$","R","?","M","BOSS","R","M","M","?","?","E","T","?","E","M","?","R","M","M","M","BOSS","R","M","M","?","M","R","T","E","$","M","M","?","?","?","M","BOSS"],"items_purchased_type":["Relic","Relic","Card","Card"],"build_version":"2020-12-22","purchased_purges":2,"victory":false,"max_hp_per_floor":[88,88,88,88,88,88,88,88,88,88,88,95,95,95,95,95,95,95,95,95,95,95,95,95,95,95,95,95,105,105,105,105,105,105,105,105,105,105,105,105,105,105,105,105,105,105,105,105,105,105,105,105],"card_choices":[{"not_picked":["Guardian:PrimingBeam","Guardian:WalkerClaw"],"picked":"Guardian:Gem_Red","floor":2},{"not_picked":["Guardian:Clone","Guardian:Gem_Red"],"picked":"Guardian:RevengeProtocol","floor":3},{"not_picked":["Guardian:PiercingHide","Guardian:Recover"],"picked":"Guardian:Gem_Red","floor":4},{"not_picked":["Guardian:PiercingHide","Guardian:Recover"],"picked":"Guardian:Gem_Green","floor":5},{"not_picked":["Guardian:Recover","Guardian:Planning"],"picked":"Guardian:SentryBeam","floor":8},{"not_picked":["Guardian:PrismaticBeam","Guardian:PiercingHide"],"picked":"Guardian:SphericShield","floor":9},{"not_picked":["Guardian:BronzeArmor","Guardian:PrismaticBeam"],"picked":"Guardian:Gem_Red","floor":10},{"not_picked":["Guardian:Gem_Green","Guardian:Gem_Lightblue"],"picked":"Guardian:Gem_Fragmented","floor":12},{"not_picked":["Guardian:FloatingOrbs+1","Guardian:PolyBeam"],"picked":"Guardian:AncientConstruct+1","floor":14},{"not_picked":["Guardian:RefractedBeam","Guardian:SpikerProtocol+1"],"picked":"Guardian:ShieldCharger","floor":15},{"not_picked":["Guardian:StasisStrike","Guardian:FastForward"],"picked":"Guardian:StasisField","floor":16},{"not_picked":["Guardian:Planning","Guardian:VentSteam"],"picked":"Guardian:Suspension+1","floor":19},{"not_picked":["Guardian:Gem_Blue","Guardian:EvasiveProtocol+1"],"picked":"Guardian:SpikerProtocol+1","floor":20},{"not_picked":["Guardian:StasisField","Guardian:Gem_Green"],"picked":"Guardian:Gem_Fragmented","floor":23},{"not_picked":["Guardian:WalkerClaw","Guardian:VentSteam"],"picked":"Guardian:PolyBeam","floor":26},{"not_picked":["Guardian:Recover+1","Guardian:BronzeArmor"],"picked":"Guardian:WalkerClaw","floor":27},{"not_picked":["Guardian:Gem_Red","Guardian:Suspension"],"picked":"Guardian:Gem_Fragmented","floor":30},{"not_picked":["Guardian:Gem_Lightblue","Guardian:ChargeCore"],"picked":"Guardian:SentryBeam+1","floor":31},{"not_picked":["Guardian:Reroute","Guardian:GuardianWhirl"],"picked":"Guardian:BronzeArmor+1","floor":32},{"not_picked":["Guardian:StasisStrike","Guardian:BaubleBeam"],"picked":"Guardian:ConstructionForm+1","floor":33},{"not_picked":["Guardian:PrimingBeam","Guardian:DonusPower+1"],"picked":"Guardian:Gem_Crimson","floor":36},{"not_picked":["Guardian:Planning","Guardian:PrimingBeam"],"picked":"Guardian:Gem_Blue","floor":37},{"not_picked":["Guardian:StasisField","Guardian:Suspension"],"picked":"Guardian:TemporalStrike+1","floor":39},{"not_picked":["Guardian:Incinerate","Guardian:MultiBeam+1"],"picked":"Guardian:RollAttack+1","floor":42},{"not_picked":["Guardian:TimeBomb+1","Guardian:PiercingHide"],"picked":"Guardian:TimeCapacitor+1","floor":43},{"not_picked":["Guardian:VentSteam","Guardian:Gem_Yellow"],"picked":"Guardian:TemporalShield+1","floor":44},{"not_picked":["Guardian:Reroute+1","Guardian:WalkerClaw","Guardian:Gem_Lightblue"],"picked":"SKIP","floor":47},{"not_picked":["Guardian:Gem_White","Guardian:WalkerClaw"],"picked":"Guardian:PrimingBeam+1","floor":49}],"player_experience":103394,"relics_obtained":[{"floor":7,"key":"Vajra"},{"floor":9,"key":"Frozen Egg 2"},{"floor":14,"key":"Potion Belt"},{"floor":23,"key":"Shuriken"},{"floor":26,"key":"Meat on the Bone"},{"floor":41,"key":"Juzu Bracelet"},{"floor":42,"key":"Anchor"}],"event_choices":[{"damage_healed":0,"gold_gain":0,"player_choice":"Read","damage_taken":0,"max_hp_gain":0,"max_hp_loss":0,"event_name":"The Library","floor":25,"gold_loss":0,"cards_obtained":["Guardian:RollAttack"]}],"is_beta":false,"boss_relics":[{"not_picked":["Fusion Hammer","bronze:MakeshiftBattery"],"picked":"SlaversCollar"},{"not_picked":["Guardian:StasisSlotReductionRelic","Pandora\u0027s Box"],"picked":"SacredBark"}],"items_purged_floors":[8,43],"is_endless":false,"potions_floor_spawned":[3,5,10,14,23,26,30,31,32,33,36,37,45],"killed_by":"DF_ARCHETYPE_ORBS","ascension_level":0}}