{"host":"khc33f3y4hz17yhu","time":1611026339,"event":{"mods":["BaseMod","Hermit","Minty Spire (QoL Compilation)","StSLib","The Cursed","The Hierophant","The Marked","The Mystic","The Runesmith"],"gold_per_floor":[111,36,56,56,56,87,10,30,79,79,95,111,122,141,141,245,245,265,265,165,149,164,164,199,217,217,56,56,56,72,90,90,194,194,210,210,113,129,129,129,162,162,162,193,54,68,68,85,85,85,85,85,1,29,29],"floor_reached":56,"language":"ENG","playtime":4261,"items_purged":["TheCursedMod:Strike_TheCursed","TheCursedMod:Strike_TheCursed","TheCursedMod:Strike_TheCursed"],"score":1279,"play_id":"18e95b18-3cfa-4139-9392-3504d6f60237","local_time":"20210118221859","is_ascension_mode":false,"campfire_choices":[{"data":"TheCursedMod:CleanUpWorkshop","floor":10,"key":"SMITH"},{"data":"TheCursedMod:CursedSpellbook","floor":15,"key":"SMITH"},{"data":"TheCursedMod:DemonicPact","floor":23,"key":"SMITH"},{"floor":29,"key":"REST"},{"data":"TheCursedMod:BlessingInDisguise","floor":32,"key":"SMITH"},{"data":"TheCursedMod:VoidForm","floor":40,"key":"SMITH"},{"data":"TheCursedMod:Stretching","floor":42,"key":"SMITH"},{"floor":47,"key":"RECALL"},{"data":"TheCursedMod:Grudge","floor":49,"key":"SMITH"},{"data":"TheCursedMod:CollectTribute","floor":52,"key":"SMITH"}],"circlet_count":0,"master_deck":["TheCursedMod:Strike_TheCursed+1","TheCursedMod:Defend_TheCursed","TheCursedMod:Defend_TheCursed","TheCursedMod:CursedWand","TheCursedMod:CleanUpWorkshop+1","TheCursedMod:Dregs","TheCursedMod:CursedBlade","TheCursedMod:Obscuration","TheCursedMod:Stretching+1","TheCursedMod:VoidForm+1","TheCursedMod:CursedArmor","TheCursedMod:CursedBlade+1","TheCursedMod:ReleasedStrength","TheCursedMod:Wield","TheCursedMod:CursedSpellbook+1","TheCursedMod:SpitefulStrike","TheCursedMod:DemonicPact+1","TheCursedMod:Obscuration","TheCursedMod:FleshFromBone","TheCursedMod:DoubleShield","TheCursedMod:BlessingInDisguise+1","TheCursedMod:SoulReap","TheCursedMod:SmokeScreen+1","TheCursedMod:NeowsMight","CurseOfTheBell","TheCursedMod:BlessingInDisguise+1","TheCursedMod:LuckyCharm","TheCursedMod:SmokeScreen","Thinking Ahead","Secret Technique","TheCursedMod:Obscuration","TheCursedMod:CollectTribute+1","TheCursedMod:CursedSpellbook+1","TheCursedMod:Grudge+1","Flash of Steel","TheCursedMod:CollectTribute"],"relics":["TheCursedMod:BlackMagic101","NeowsBlessing","Potion Belt","Art of War","TheCursedMod:OminousMark","Question Card","Whetstone","Calling Bell","Dream Catcher","Darkstone Periapt","TungstenRod","StoneCalendar","Ancient Tea Set","Bottled Tornado"],"acts_visited":["Exordium","TheCity","TheBeyond","TheEnding"],"potions_floor_usage":[16,16,24,25,33,33,33,44,55,55,55],"damage_taken":[{"damage":0,"enemies":"Cultist","floor":1,"turns":1},{"damage":0,"enemies":"2 Louse","floor":3,"turns":1},{"damage":0,"enemies":"Gremlin Nob","floor":6,"turns":1},{"damage":0,"enemies":"Small Slimes","floor":8,"turns":5},{"damage":0,"enemies":"Blue Slaver","floor":11,"turns":3},{"damage":6,"enemies":"Looter","floor":12,"turns":4},{"damage":0,"enemies":"Large Slime","floor":13,"turns":4},{"damage":2,"enemies":"Gremlin Gang","floor":14,"turns":3},{"damage":50,"enemies":"Slime Boss","floor":16,"turns":9},{"damage":0,"enemies":"3 Byrds","floor":18,"turns":6},{"damage":4,"enemies":"2 Thieves","floor":21,"turns":4},{"damage":17,"enemies":"Chosen and Byrds","floor":22,"turns":5},{"damage":38,"enemies":"Slavers","floor":24,"turns":5},{"damage":0,"enemies":"Centurion and Healer","floor":25,"turns":7},{"damage":7,"enemies":"Shelled Parasite and Fungi","floor":30,"turns":6},{"damage":0,"enemies":"Snake Plant","floor":31,"turns":5},{"damage":13,"enemies":"Champ","floor":33,"turns":9},{"damage":16,"enemies":"3 Darklings","floor":35,"turns":5},{"damage":17,"enemies":"Orb Walker","floor":38,"turns":6},{"damage":11,"enemies":"Giant Head","floor":41,"turns":9},{"damage":23,"enemies":"Reptomancer","floor":44,"turns":9},{"damage":6,"enemies":"4 Shapes","floor":46,"turns":7},{"damage":9,"enemies":"Writhing Mass","floor":48,"turns":5},{"damage":0,"enemies":"Awakened One","floor":50,"turns":10},{"damage":5,"enemies":"Shield and Spear","floor":54,"turns":4},{"damage":39,"enemies":"The Heart","floor":55,"turns":8}],"seed_played":"-1164866419386090780","potions_obtained":[{"floor":1,"key":"PowerPotion"},{"floor":3,"key":"Dexterity Potion"},{"floor":6,"key":"SkillPotion"},{"floor":13,"key":"Dexterity Potion"},{"floor":14,"key":"Energy Potion"},{"floor":24,"key":"GamblersBrew"},{"floor":25,"key":"GamblersBrew"},{"floor":38,"key":"Energy Potion"},{"floor":41,"key":"LiquidBronze"},{"floor":46,"key":"Explosive Potion"},{"floor":54,"key":"Regen Potion"}],"is_trial":false,"path_per_floor":["M","$","M","?","$","E","$","M","T","R","M","M","M","M","R","B",null,"M","?","$","M","M","R","E","M","T","$","?","R","M","M","R","B",null,"M","?","$","M","?","R","E","R","T","E","$","M","R","M","R","B",null,"R","$","E","B",null],"character_chosen":"THE_CURSED","items_purchased":["TheCursedMod:CursedArmor","TheCursedMod:BlessingInDisguise","TheCursedMod:LuckyCharm","TheCursedMod:SmokeScreen","TheCursedMod:CollectTribute","Flash of Steel"],"campfire_rested":1,"item_purchase_floors":[7,27,37,37,45,53],"current_hp_per_floor":[75,75,75,75,75,75,75,75,75,75,75,69,69,67,67,17,75,75,61,61,57,40,40,2,2,2,2,2,26,19,19,19,20,80,80,80,80,69,65,65,74,74,74,73,73,69,69,80,80,80,80,80,80,80,80],"gold":29,"neow_bonus":"THREE_ENEMY_KILL","is_daily":false,"chose_seed":false,"campfire_upgraded":8,"win_rate":0.0,"timestamp":1611026339,"path_taken":["M","$","M","?","$","E","?","M","T","R","M","?","M","M","R","BOSS","M","?","$","M","M","R","E","M","T","$","?","R","M","M","R","BOSS","M","?","$","M","?","R","E","R","T","E","$","M","R","M","R","BOSS","R","$","E","BOSS"],"items_purchased_type":["Card","Card","Card","Card","Card","Card"],"build_version":"2020-12-22","purchased_purges":3,"victory":true,"max_hp_per_floor":[75,75,75,75,75,75,75,75,75,75,75,75,75,75,75,75,75,75,80,80,80,80,80,80,80,80,80,80,80,80,80,80,80,80,80,80,80,80,80,80,80,80,80,80,80,80,80,80,80,80,80,80,80,80,80],"card_choices":[{"not_picked":["TheCursedMod:LuckyCharm","TheCursedMod:SurpriseAttack"],"picked":"TheCursedMod:CursedBlade","floor":1},{"not_picked":["TheCursedMod:VitalStrike","TheCursedMod:RavingStaff"],"picked":"TheCursedMod:Obscuration","floor":3},{"not_picked":["TheCursedMod:VitalStrike","TheCursedMod:CursedMace"],"picked":"TheCursedMod:VoidForm","floor":6},{"not_picked":["TheCursedMod:CircleOfCorruption","TheCursedMod:CursedAmulet"],"picked":"TheCursedMod:CursedBlade","floor":8},{"not_picked":["TheCursedMod:SpreadPlague","TheCursedMod:DoubleShield"],"picked":"TheCursedMod:ReleasedStrength","floor":11},{"not_picked":["TheCursedMod:SurpriseAttack","TheCursedMod:PrepareRite"],"picked":"TheCursedMod:Wield","floor":12},{"not_picked":["TheCursedMod:PrepareRite","TheCursedMod:CursedBlade"],"picked":"TheCursedMod:CursedSpellbook","floor":13},{"not_picked":["TheCursedMod:Evocation","TheCursedMod:AbyssShockwave"],"picked":"TheCursedMod:SpitefulStrike","floor":14},{"not_picked":["TheCursedMod:ParallelWorld","TheCursedMod:DarkBarrier"],"picked":"TheCursedMod:DemonicPact","floor":16},{"not_picked":["TheCursedMod:Wield+1","TheCursedMod:Mangle","TheCursedMod:Torture"],"picked":"SKIP","floor":18},{"not_picked":["TheCursedMod:Stretching","TheCursedMod:CircleOfCorruption","TheCursedMod:TacticalStrike+1"],"picked":"SKIP","floor":21},{"not_picked":["TheCursedMod:Stigma+1","TheCursedMod:CircleOfFocus"],"picked":"TheCursedMod:Obscuration","floor":22},{"not_picked":["TheCursedMod:ManaCirculation","TheCursedMod:CircleOfFlame+1"],"picked":"TheCursedMod:FleshFromBone","floor":24},{"not_picked":["TheCursedMod:CursedMace","TheCursedMod:RavingStaff","TheCursedMod:WearCloak"],"picked":"TheCursedMod:DoubleShield","floor":25},{"not_picked":["TheCursedMod:SaltUponWound","TheCursedMod:RavingStaff","TheCursedMod:CircleOfBlood"],"picked":"TheCursedMod:SmokeScreen+1","floor":30},{"not_picked":["TheCursedMod:HellsGateOpen+1","TheCursedMod:RavingStaff","TheCursedMod:AbyssShockwave","TheCursedMod:CircleOfCorruption+1"],"picked":"SKIP","floor":31},{"not_picked":["TheCursedMod:DemonicPact","TheCursedMod:OutForBlood","TheCursedMod:DarkBarrier"],"picked":"TheCursedMod:NeowsMight","floor":33},{"not_picked":["TheCursedMod:WearCloak","TheCursedMod:CursedBlade+1","TheCursedMod:TroublousMinions+1"],"picked":"TheCursedMod:BlessingInDisguise+1","floor":35},{"not_picked":["TheCursedMod:SpitefulStrike+1","TheCursedMod:VitalStrike+1","TheCursedMod:AbyssShockwave","TheCursedMod:CircleOfCorruption+1"],"picked":"SKIP","floor":38},{"not_picked":["PanicButton","Deep Breath","Sadistic Nature"],"picked":"Thinking Ahead","floor":39},{"not_picked":["Sadistic Nature","Purity","Master of Strategy"],"picked":"Secret Technique","floor":39},{"not_picked":["TheCursedMod:SmokeScreen","TheCursedMod:CursedStaff+1","TheCursedMod:WearCloak"],"picked":"TheCursedMod:Obscuration","floor":41},{"not_picked":["TheCursedMod:CursedShiv+1","TheCursedMod:RavingStaff+1","TheCursedMod:ManaBullet","TheCursedMod:HellfireBreathing"],"picked":"SKIP","floor":44},{"not_picked":["TheCursedMod:SoulCrush","TheCursedMod:SmokeScreen","TheCursedMod:SurpriseAttack+1"],"picked":"TheCursedMod:CursedSpellbook+1","floor":46},{"not_picked":["TheCursedMod:CircleOfCorruption+1","TheCursedMod:SpitefulStrike","TheCursedMod:Mangle"],"picked":"TheCursedMod:Grudge","floor":48},{"not_picked":["TheCursedMod:Mangle","TheCursedMod:Stretching","TheCursedMod:StingEye"],"picked":"TheCursedMod:CollectTribute","floor":54}],"player_experience":170961,"relics_obtained":[{"floor":6,"key":"Potion Belt"},{"floor":9,"key":"Art of War"},{"floor":24,"key":"Question Card"},{"floor":26,"key":"Whetstone"},{"floor":34,"key":"Dream Catcher"},{"floor":34,"key":"Darkstone Periapt"},{"floor":34,"key":"TungstenRod"},{"floor":41,"key":"StoneCalendar"},{"floor":44,"key":"Ancient Tea Set"},{"floor":54,"key":"Bottled Tornado"}],"event_choices":[{"damage_healed":0,"gold_gain":0,"player_choice":"1 cards matched","damage_taken":0,"max_hp_gain":0,"max_hp_loss":0,"event_name":"Match and Keep!","floor":4,"gold_loss":0,"cards_obtained":["TheCursedMod:Stretching"]},{"damage_healed":0,"gold_gain":0,"player_choice":"Shed Blood","damage_taken":19,"max_hp_gain":5,"max_hp_loss":0,"event_name":"Forgotten Altar","floor":19,"gold_loss":0},{"damage_healed":0,"gold_gain":0,"cards_transformed":["TheCursedMod:Defend_TheCursed","TheCursedMod:Defend_TheCursed"],"player_choice":"Became Test Subject","damage_taken":0,"max_hp_gain":0,"max_hp_loss":0,"event_name":"Drug Dealer","floor":28,"gold_loss":0,"cards_obtained":["TheCursedMod:SoulReap","TheCursedMod:VoidForm"]},{"cards_removed":["TheCursedMod:VoidForm"],"damage_healed":0,"gold_gain":0,"player_choice":"Removed Power","damage_taken":0,"max_hp_gain":0,"max_hp_loss":0,"event_name":"Falling","floor":36,"gold_loss":0},{"damage_healed":0,"gold_gain":0,"player_choice":"Memory 2","damage_taken":5,"max_hp_gain":0,"max_hp_loss":0,"event_name":"SensoryStone","floor":39,"gold_loss":0}],"is_beta":false,"boss_relics":[{"not_picked":["Runic Dome","SlaversCollar"],"picked":"TheCursedMod:OminousMark"},{"not_picked":["Sozu","Philosopher\u0027s Stone"],"picked":"Calling Bell"}],"items_purged_floors":[2,20,27],"is_endless":false,"potions_floor_spawned":[1,3,6,13,14,24,25,38,41,46,54],"ascension_level":0}}