{"host":"3498uni0c31c9bdm","time":1611046651,"event":{"mods":["BaseMod","Better Third Choice","Minty Spire (QoL Compilation)","Replay The Spire","StSLib"],"gold_per_floor":[118,293,308,1,11,11,41,41,41,41,58,90,105,125,125,224,224,243,257,356,271,271,302,349,349,349,384,404,419,419,419,419,524,524,537,537,156,173,192,192,226,22,47,47,73,348,348,366,366,366,366,366,5,5,5],"floor_reached":54,"language":"ENG","playtime":3052,"items_purged":["Regret"],"score":1261,"play_id":"07778f80-1c1c-4f49-95c5-2b8d90759afa","local_time":"20210119195731","is_ascension_mode":true,"campfire_choices":[{"floor":6.0,"key":"RECALL"},{"floor":10.0,"key":"REST"},{"floor":15.0,"key":"REST"},{"floor":30.0,"key":"REST"},{"floor":32.0,"key":"REST"},{"floor":40,"key":"REST"},{"floor":44,"key":"REST"},{"data":"Apotheosis","floor":47,"key":"SMITH"},{"data":"Storm","floor":49,"key":"SMITH"},{"floor":52,"key":"REST"}],"circlet_count":0,"master_deck":["Defend_B+1","Defend_B+1","Defend_B","Zap+1","Dualcast","Tempest","Doubt","Loop","Consume","FIFO Queue","Redo","ReplayGash","Glacier","Sunder+1","Barrage","Electrodynamics","Turbo","Ball Lightning","Conserve Battery+1","Decay","Storm+1","Go for the Eyes+1","Beam Cell+1","Gash+1","Bite+1","Bite+1","Bite+1","Bite+1","Bite+1","Stack","Buffer+1","Hologram","Gash+1","Apotheosis+1","Tempest+1","Parasite","Creative AI","FTL+1","Chaos","Gash+1","Amplify","Defragment","BootSequence+1","Stack","Conserve Battery","ReplayTheSpireMod:Calculation Training+1"],"relics":["Cracked Core","NeowsBlessing","CaptainsWheel","Gambling Chip","FossilizedHelix","Dream Catcher","Honey Jar","Mercury Hourglass","Gremlin Food","Molten Egg 2","StoneCalendar","Nuclear Battery","Anchor","Unceasing Top","Juzu Bracelet","Replay:Baseball","Turnip"],"acts_visited":["Exordium","TheCity","TheBeyond","TheEnding"],"potions_floor_usage":[50],"damage_taken":[{"damage":0.0,"enemies":"Small Slimes","floor":1.0,"turns":1.0},{"damage":0.0,"enemies":"Jaw Worm","floor":3.0,"turns":1.0},{"damage":0.0,"enemies":"Cultist","floor":5.0,"turns":1.0},{"damage":20.0,"enemies":"Lagavulin","floor":7.0,"turns":5.0},{"damage":0.0,"enemies":"Large Slime","floor":11.0,"turns":5.0},{"damage":45.0,"enemies":"3 Sentries","floor":12.0,"turns":6.0},{"damage":10.0,"enemies":"2 Fungi Beasts","floor":13.0,"turns":3.0},{"damage":0.0,"enemies":"Looter","floor":14.0,"turns":3.0},{"damage":10.0,"enemies":"Slime Boss","floor":16.0,"turns":10.0},{"damage":5.0,"enemies":"3 Byrds","floor":18.0,"turns":2.0},{"damage":11.0,"enemies":"2 Thieves","floor":19.0,"turns":2.0},{"damage":26.0,"enemies":"Gremlin Leader","floor":23.0,"turns":5.0},{"damage":0.0,"enemies":"Replay:Snechameleon","floor":27.0,"turns":6.0},{"damage":0.0,"enemies":"Snecko","floor":28.0,"turns":3.0},{"damage":8.0,"enemies":"Snake Plant","floor":29.0,"turns":4.0},{"damage":0.0,"enemies":"Collector","floor":33.0,"turns":7.0},{"damage":0.0,"enemies":"Orb Walker","floor":35.0,"turns":2.0},{"damage":0.0,"enemies":"3 Shapes","floor":38.0,"turns":2.0},{"damage":4.0,"enemies":"Writhing Mass","floor":39.0,"turns":6.0},{"damage":34,"enemies":"Reptomancer","floor":41,"turns":6},{"damage":0,"enemies":"Giant Head","floor":45,"turns":8},{"damage":2,"enemies":"Spire Growth","floor":48,"turns":4},{"damage":69,"enemies":"Donu and Deca","floor":50,"turns":9},{"damage":84,"enemies":"Shield and Spear","floor":54,"turns":5}],"seed_played":"-5081281125705136233","potions_obtained":[{"floor":3.0,"key":"Fire Potion"},{"floor":5.0,"key":"SteroidPotion"},{"floor":13.0,"key":"LiquidBronze"},{"floor":16.0,"key":"EssenceOfSteel"},{"floor":19.0,"key":"Elixir"},{"floor":23.0,"key":"Cursed Concoction"},{"floor":33.0,"key":"SteroidPotion"},{"floor":41,"key":"DuplicationPotion"},{"floor":45,"key":"Fire Potion"}],"is_trial":false,"path_per_floor":["M","?","M","$","M","R","E","T","T","R","M","E","M","M","R","B",null,"M","M","?","?","?","E","T","?","T","E","M","M","R","?","R","B",null,"M","?","$","M","M","R","E","$","T","R","E","?","R","M","R","B",null,"R","$","E"],"character_chosen":"DEFECT","items_purchased":["CaptainsWheel","Anchor","Gash+1","Apotheosis","Gash+1","Amplify","Defragment","Turnip"],"campfire_rested":7,"item_purchase_floors":[4,37,37,37,42,42,42,53],"current_hp_per_floor":[68,68,68,68,68,68,48,48,48,70,70,25,15,15,37,27,63,58,47,47,47,47,21,21,21,21,23,25,19,41,41,63,72,74,75,75,75,75,71,75,41,41,41,63,69,69,69,75,75,6,58,75,75,0,0],"gold":5,"neow_bonus":"THREE_ENEMY_KILL","is_daily":false,"chose_seed":false,"campfire_upgraded":2,"win_rate":0.0,"timestamp":1611046651,"path_taken":["M","?","M","$","M","R","E","?","T","R","M","E","?","M","R","BOSS","M","M","?","?","?","E","?","?","T","E","M","?","R","?","R","BOSS","M","?","?","?","M","R","E","$","T","R","E","?","R","M","R","BOSS","R","$","E"],"items_purchased_type":["Relic","Relic","Card","Card","Card","Card","Card","Relic"],"build_version":"2020-12-22","purchased_purges":1,"victory":false,"max_hp_per_floor":[75,75,75,75,75,75,75,75,75,75,75,75,75,75,75,75,75,75,75,75,75,75,75,75,75,75,75,75,75,75,75,75,75,75,75,75,75,75,75,75,75,75,75,75,75,75,75,75,75,75,75,75,75,75,75],"card_choices":[{"not_picked":["Ball Lightning","Compile Driver"],"picked":"Tempest","floor":1.0},{"not_picked":["Barrage","Coolheaded"],"picked":"Loop","floor":3.0},{"not_picked":["ReplayTheSpireMod:Repulse","Genetic Algorithm"],"picked":"Consume","floor":5.0},{"not_picked":["Stack","Cold Snap"],"picked":"FIFO Queue","floor":7.0},{"not_picked":["Steam","Recycle"],"picked":"Redo","floor":11.0},{"not_picked":["Rebound","Chaos"],"picked":"ReplayGash","floor":12.0},{"not_picked":["ReplayTheSpireMod:Reroute Power","Reinforced Body"],"picked":"Glacier","floor":13.0},{"not_picked":["Rebound","Capacitor"],"picked":"Sunder","floor":14.0},{"not_picked":["Fusion","BasicCrystalCard"],"picked":"Barrage","floor":15.0},{"not_picked":["ReplayTheSpireMod:Omega Cannon","Creative AI"],"picked":"Electrodynamics","floor":16.0},{"not_picked":["Sweeping Beam","ReplayTheSpireMod:System Scan","Panic Button+1"],"picked":"Turbo","floor":18.0},{"not_picked":["BootSequence","Beam Cell","Steam"],"picked":"Ball Lightning","floor":19.0},{"not_picked":["Skim","BasicCrystalCard","Ball Lightning"],"picked":"Conserve Battery+1","floor":23.0},{"not_picked":["Reprogram","ReplayTheSpireMod:Calculation Training","Chaos"],"picked":"Storm","floor":27.0},{"not_picked":["Leap","Skim","Consume"],"picked":"Go for the Eyes+1","floor":28.0},{"not_picked":["Ball Lightning+1","Redo+1","Hologram+1"],"picked":"Beam Cell+1","floor":29.0},{"not_picked":["Steam","ReplayTheSpireMod:Calculation Training","Genetic Algorithm+1"],"picked":"Gash+1","floor":30.0},{"not_picked":["Hologram","Cold Snap+1","ReplayTheSpireMod:System Scan"],"picked":"Stack","floor":32.0},{"not_picked":["Biased Cognition","Reboot","ReplayTheSpireMod:Omega Cannon+1"],"picked":"Buffer","floor":33.0},{"not_picked":["Skim+1","Aggregate+1","Turbo+1"],"picked":"Hologram","floor":35.0},{"not_picked":["Go for the Eyes+1","Barrage+1","Rebound+1"],"picked":"Tempest+1","floor":38.0},{"not_picked":["Streamline+1","BasicCrystalCard+1","Crystallizer"],"picked":"Creative AI","floor":39.0},{"not_picked":["Ball Lightning+1","BasicCrystalCard","Cold Snap+1"],"picked":"FTL+1","floor":40},{"not_picked":["Go for the Eyes+1","Auto Shields","Redo+1"],"picked":"Chaos","floor":41},{"not_picked":["Coolheaded+1","Rebound+1","Sweeping Beam+1"],"picked":"BootSequence+1","floor":44},{"not_picked":["Hologram","Undo+1","Doom and Gloom+1"],"picked":"Stack","floor":45},{"not_picked":["Stack","FTL+1","Barrage+1"],"picked":"Conserve Battery","floor":48},{"not_picked":["Scrape+1","Streamline+1","ReplaySort+1"],"picked":"ReplayTheSpireMod:Calculation Training+1","floor":52}],"player_experience":709027,"relics_obtained":[{"floor":7.0,"key":"Gambling Chip"},{"floor":8.0,"key":"FossilizedHelix"},{"floor":12.0,"key":"Dream Catcher"},{"floor":23.0,"key":"Gremlin Food"},{"floor":24.0,"key":"Blood Vial"},{"floor":26.0,"key":"Molten Egg 2"},{"floor":27.0,"key":"StoneCalendar"},{"floor":41,"key":"Unceasing Top"},{"floor":43,"key":"Juzu Bracelet"},{"floor":45,"key":"Replay:Baseball"}],"event_choices":[{"damage_healed":0.0,"max_hp_gain":0.0,"max_hp_loss":0.0,"gold_gain":175.0,"event_name":"betterThird:BetterSerpent","player_choice":"AGREE","floor":2.0,"gold_loss":0.0,"damage_taken":118.0},{"damage_healed":0.0,"max_hp_gain":0.0,"max_hp_loss":0.0,"gold_gain":99.0,"event_name":"betterThird:BetterNest","player_choice":"Steal","floor":20.0,"gold_loss":0.0,"damage_taken":0.0},{"damage_healed":0.0,"max_hp_gain":0.0,"max_hp_loss":0.0,"gold_gain":0.0,"event_name":"Addict","player_choice":"Obtained Relic","floor":21.0,"gold_loss":85.0,"damage_taken":0.0,"relics_obtained":["Mercury Hourglass"]},{"damage_healed":0.0,"max_hp_gain":0.0,"max_hp_loss":0.0,"gold_gain":0.0,"event_name":"betterThird:BetterWriting","player_choice":"Adaptability","floor":22.0,"gold_loss":0.0,"damage_taken":0.0},{"damage_healed":0.0,"max_hp_gain":0.0,"max_hp_loss":0.0,"gold_gain":0.0,"event_name":"Forgotten Altar","player_choice":"Smashed Altar","floor":25.0,"gold_loss":0.0,"damage_taken":0.0,"cards_obtained":["Decay"]},{"damage_healed":0.0,"max_hp_gain":0.0,"max_hp_loss":0.0,"gold_gain":0.0,"event_name":"Vampires","player_choice":"Became a vampire (Vial)","floor":31.0,"relics_lost":["Blood Vial"],"gold_loss":0.0,"damage_taken":0.0,"cards_obtained":["Bite","Bite","Bite","Bite","Bite"]},{"cards_removed":["Defend_B"],"damage_healed":0.0,"max_hp_gain":0.0,"max_hp_loss":0.0,"gold_gain":0.0,"event_name":"Falling","player_choice":"Removed Skill","floor":36.0,"gold_loss":0.0,"damage_taken":0.0},{"damage_healed":0,"gold_gain":275,"player_choice":"Desecrate","damage_taken":0,"max_hp_gain":0,"max_hp_loss":0,"event_name":"Golden Shrine","floor":46,"gold_loss":0,"cards_obtained":["Regret"]}],"is_beta":false,"boss_relics":[{"not_picked":["Replay:Drink Me","Kintsugi"],"picked":"Honey Jar"},{"not_picked":["Philosopher\u0027s Stone","Coffee Dripper"],"picked":"Nuclear Battery"}],"items_purged_floors":[53],"is_endless":false,"potions_floor_spawned":[3,5,13,16,19,23,33,41,45,48],"killed_by":"Shield and Spear","ascension_level":9}}