{"host":"umc2kcp6syiz6ck1","time":1611032955,"event":{"mods":["Act Like it!","BaseMod","Colored Map","Colored Powertips","Friendly Minions","Gensokyo","Hallownest","Koishi","Marisa????????","Minty Spire (QoL Compilation)","Prisma Mod","Remilia??????","StSLib","Td1madao Mod","The Administrix","The Bug Knight","The Servant 0.9.4"],"gold_per_floor":[118,133,133,133,152,152,178,195,277,277,292,167,183,83,83,179,179,192,192,192,67,67,67,80,80,80,80,94,94,114,74,74,175,175,190,200,61,61,61,93,105,117,141,141,70,85,103,120,120,120,120,120,81,109,109,109],"floor_reached":55,"language":"ENG","playtime":5413,"items_purged":["PrismaMod:MiyuCommonAttack","PrismaMod:MiyuCommonDefend","Writhe"],"score":649,"play_id":"12367037-7961-42eb-9a04-38be6c6d7d35","local_time":"20210118230915","is_ascension_mode":false,"campfire_choices":[{"data":"PrismaMod:MiyuCheapChannelDefend","floor":6,"key":"SMITH"},{"data":"PrismaMod:MiyuUncommonDexBuff","floor":15,"key":"SMITH"},{"data":"PrismaMod:MiyuOrbIncreasePerm","floor":23,"key":"SMITH"},{"data":"PrismaMod:MiyuUncommonStrBuff","floor":25,"key":"SMITH"},{"floor":27,"key":"RECALL"},{"data":"PrismaMod:MiyuUncommonDefend","floor":29,"key":"SMITH"},{"floor":32,"key":"REST"},{"data":"PrismaMod:MiyuUncommonDexBuff","floor":44,"key":"SMITH"},{"floor":49,"key":"REST"},{"data":"PrismaMod:MiyuDefenseExplosion","floor":52,"key":"SMITH"}],"circlet_count":0,"master_deck":["PrismaMod:MiyuCommonDefend","PrismaMod:MiyuCommonDefend","PrismaMod:MiyuCommonAttack","PrismaMod:MiyuCommonAttack+1","PrismaMod:MiyuCheapChannelAttack+1","PrismaMod:MiyuCheapChannelDefend+1","PrismaMod:MiyuUncommonPlate","PrismaMod:MiyuUberAttack","PrismaMod:MiyuDefenseExplosion+1","PrismaMod:MiyuCheapChannelVul","PrismaMod:MiyuUncommonAttack","PrismaMod:MiyuUberAttack+1","PrismaMod:MiyuUncommonDexBuff+1","PrismaMod:MiyuCarnivalDefend","PrismaMod:MiyuOrbIncreasePerm+1","PrismaMod:MiyuUncommonStrBuff+1","PrismaMod:MiyuUncommonDefend+1","PrismaMod:MiyuCheapDexBuff","PrismaMod:MiyuCheapDefend2","PrismaMod:MiyuUncommonAttack+1","Gensokyo:MorningStar","PrismaMod:MiyuUncommonDexBuff+1","PrismaMod:MiyuCheapDefend2","PrismaMod:MiyuUncommonStrBuff","PrismaMod:MiyuUncommonDexBuff+1","PrismaMod:MiyuCarnivalDefend","PrismaMod:MiyuCheapDexBuff","PrismaMod:MiyuCheapDexBuff+1"],"relics":["PrismaMod:PrismaSapphire","Ice Cream","Gremlin Horn","SlaversCollar","Gensokyo:DirgeOfMelancholy","Empty Cage","Strange Spoon","Centennial Puzzle","Ancient Tea Set","Whetstone"],"acts_visited":["Exordium","Gensokyo:Gensokyo","Gensokyo:Gensokyoer","TheEnding"],"potions_floor_usage":[11,16,47,50,50,55],"damage_taken":[{"damage":1,"enemies":"Gensokyo:Python","floor":1,"turns":3},{"damage":0,"enemies":"Gensokyo:Gryphon","floor":2,"turns":4},{"damage":2,"enemies":"Gensokyo:2_Kodama","floor":5,"turns":4},{"damage":25,"enemies":"Gensokyo:Cirno","floor":7,"turns":7},{"damage":0,"enemies":"Gensokyo:VengefulSpirit","floor":8,"turns":5},{"damage":4,"enemies":"Gensokyo:LivingMonolith","floor":11,"turns":5},{"damage":0,"enemies":"Gensokyo:Gryphon_and_Rabbit","floor":13,"turns":5},{"damage":71,"enemies":"Gensokyo:Reimu","floor":16,"turns":20},{"damage":3,"enemies":"Gensokyo:3_Dogs","floor":18,"turns":7},{"damage":2,"enemies":"Gensokyo:Chomper","floor":24,"turns":5},{"damage":4,"enemies":"Gensokyo:Wraith","floor":28,"turns":5},{"damage":18,"enemies":"Gensokyo:3_Gloops","floor":30,"turns":9},{"damage":12,"enemies":"Gensokyo:Eiki","floor":33,"turns":14},{"damage":21,"enemies":"Gensokyo:AncientGuardian","floor":35,"turns":6},{"damage":8,"enemies":"Gensokyo:3_Bats","floor":36,"turns":6},{"damage":23,"enemies":"Gensokyo:3_Bats","floor":38,"turns":9},{"damage":2,"enemies":"Gensokyo:Marisa","floor":40,"turns":8},{"damage":3,"enemies":"Gensokyo:Sharpion","floor":41,"turns":6},{"damage":14,"enemies":"Gensokyo:Dusk_and_Dawn","floor":42,"turns":7},{"damage":0,"enemies":"Gensokyo:SeedOfUnknown","floor":46,"turns":5},{"damage":22,"enemies":"Gensokyo:4_Bats","floor":47,"turns":6},{"damage":9,"enemies":"Gensokyo:Rafflesia","floor":48,"turns":9},{"damage":3,"enemies":"Gensokyo:Yuyuko","floor":50,"turns":11},{"damage":65,"enemies":"Shield and Spear","floor":54,"turns":10},{"damage":36,"enemies":"The Heart","floor":55,"turns":2}],"seed_played":"7858092778238472387","potions_obtained":[{"floor":1,"key":"SpeedPotion"},{"floor":2,"key":"SkillPotion"},{"floor":24,"key":"DistilledChaos"},{"floor":30,"key":"PowerPotion"},{"floor":36,"key":"FearPotion"},{"floor":47,"key":"LiquidBronze"},{"floor":48,"key":"Dexterity Potion"}],"is_trial":false,"path_per_floor":["M","M","?","?","M","R","?","M","T","?","M","$","M","$","R","B",null,"M","?","?","$","?","R","M","R","T","R","M","R","M","$","R","B",null,"M","M","COS","?","$","E","M","M","T","R","$","M","M","M","R","B",null,"R","$","E","B"],"character_chosen":"MIYU","items_purchased":["PrismaMod:MiyuUncommonDexBuff","PrismaMod:MiyuCheapDexBuff","PrismaMod:MiyuUncommonStrBuff","PrismaMod:MiyuCheapDexBuff"],"campfire_rested":2,"item_purchase_floors":[12,31,45,53],"current_hp_per_floor":[74,74,67,67,69,69,48,56,56,56,60,60,68,68,68,4,75,75,75,75,75,75,75,75,75,75,75,71,71,61,61,75,69,75,58,50,50,50,50,60,65,59,59,59,59,67,53,52,74,74,75,75,75,22,0,0],"gold":109,"neow_bonus":"UPGRADE_CARD","is_daily":false,"chose_seed":false,"campfire_upgraded":7,"win_rate":0.0,"timestamp":1611032955,"path_taken":["M","M","?","?","M","R","?","M","T","?","M","$","M","?","R","BOSS","M","?","?","$","?","R","?","R","T","R","M","R","M","$","R","BOSS","M","M","COS","?","?","E","?","M","T","R","$","M","M","M","R","BOSS","R","$","E","BOSS"],"items_purchased_type":["Card","Card","Card","Card"],"build_version":"2020-12-22","purchased_purges":3,"victory":false,"max_hp_per_floor":[75,75,75,75,75,75,75,75,75,75,75,75,75,75,75,75,75,75,75,75,75,75,75,75,75,75,75,75,75,75,75,75,75,75,75,75,75,75,75,75,75,75,75,75,75,75,75,75,75,75,75,75,75,75,75,75],"card_choices":[{"not_picked":["PrismaMod:MiyuCheapDexBuff","PrismaMod:MiyuDefenseExplosion"],"picked":"PrismaMod:MiyuUncommonPlate","floor":1},{"not_picked":["PrismaMod:MiyuOrbIncreasePerm","PrismaMod:MiyuUberAOEAttack"],"picked":"PrismaMod:MiyuUberAttack","floor":2},{"not_picked":["PrismaMod:MiyuEvokeCheapDefend","PrismaMod:MiyuCheapPlate"],"picked":"PrismaMod:MiyuDefenseExplosion","floor":4},{"not_picked":["PrismaMod:MiyuCheapEvoke","PrismaMod:MiyuCarnivalAttack"],"picked":"PrismaMod:MiyuCheapChannelVul","floor":4},{"not_picked":["PrismaMod:MiyuCheapEvoke","PrismaMod:MiyuCommonAOEAttack"],"picked":"PrismaMod:MiyuUncommonAttack","floor":5},{"not_picked":["PrismaMod:MiyuChannelDefendEvoke","PrismaMod:MiyuCheapChannelVul"],"picked":"PrismaMod:MiyuUberAttack","floor":7},{"not_picked":["PrismaMod:MiyuEvokeBuffStr","PrismaMod:MiyuCheapChannelVul","PrismaMod:MiyuCheapAttack2"],"picked":"SKIP","floor":8},{"not_picked":["PrismaMod:MiyuCheapChannelVul","PrismaMod:MiyuCarnivalAttack","PrismaMod:MiyuChristmas"],"picked":"SKIP","floor":11},{"not_picked":["PrismaMod:MiyuCheapPlate","PrismaMod:MiyuAttackChannelAttack","PrismaMod:MiyuEvokeBuffStr"],"picked":"SKIP","floor":13},{"not_picked":["PrismaMod:MiyuEvokeAllDefend","PrismaMod:MiyuUberDefend"],"picked":"PrismaMod:MiyuCarnivalDefend","floor":16},{"not_picked":["PrismaMod:MiyuEvokeBuffStr","PrismaMod:MiyuMaid"],"picked":"PrismaMod:MiyuOrbIncreasePerm","floor":18},{"not_picked":["PrismaMod:MiyuUberAOEAttack+1","PrismaMod:MiyuDefenseExplosion"],"picked":"PrismaMod:MiyuUncommonStrBuff","floor":24},{"not_picked":["PrismaMod:MiyuCheapChannelRandom","PrismaMod:MiyuEvokeBuffDex"],"picked":"PrismaMod:MiyuUncommonDefend","floor":28},{"not_picked":["PrismaMod:MiyuCheapChannelWeak","PrismaMod:MiyuCheapAttack1","PrismaMod:MiyuEvokeBuffDex"],"picked":"SKIP","floor":30},{"not_picked":["PrismaMod:MiyuUberDefend","PrismaMod:MiyuDefendChannelDefend"],"picked":"PrismaMod:MiyuCheapDefend2","floor":33},{"not_picked":["PrismaMod:MiyuEvokeBuffStr+1","PrismaMod:MiyuCheapStrBuff"],"picked":"PrismaMod:MiyuUncommonAttack+1","floor":35},{"not_picked":["PrismaMod:MiyuUncommonAttack+1","PrismaMod:MiyuEvokeBuffStr+1","PrismaMod:MiyuEvokeBuffDex"],"picked":"SKIP","floor":36},{"not_picked":["Gensokyo:Dawn","Gensokyo:RainbowDanmaku"],"picked":"Gensokyo:MorningStar","floor":38},{"not_picked":["PrismaMod:MiyuUncommonAOEAttack+1","PrismaMod:MiyuCheapDexBuff"],"picked":"PrismaMod:MiyuUncommonDexBuff","floor":40},{"not_picked":["PrismaMod:MiyuCheapChannelRandom","PrismaMod:MiyuEvokeAll+1","PrismaMod:MiyuCheapAttack2"],"picked":"SKIP","floor":41},{"not_picked":["PrismaMod:MiyuCheapChannelWeak","PrismaMod:MiyuCheapChannelRandom+1"],"picked":"PrismaMod:MiyuCheapDefend2","floor":42},{"not_picked":["PrismaMod:MiyuCheapChannelDefend","PrismaMod:MiyuCheapPlate"],"picked":"PrismaMod:MiyuUncommonDexBuff+1","floor":46},{"not_picked":["PrismaMod:MiyuEvokeBuffDex","PrismaMod:MiyuCommonAOEAttack+1","PrismaMod:MiyuUncommonAttack"],"picked":"SKIP","floor":47},{"not_picked":["PrismaMod:MiyuCarnivalAttack","PrismaMod:MiyuEvokeBuffStr"],"picked":"PrismaMod:MiyuCarnivalDefend","floor":48},{"not_picked":["PrismaMod:MiyuCheapEvoke+1","PrismaMod:MiyuCheapAttack2"],"picked":"PrismaMod:MiyuCheapDexBuff+1","floor":54}],"player_experience":72779,"relics_obtained":[{"floor":7,"key":"Ice Cream"},{"floor":9,"key":"Gremlin Horn"},{"floor":40,"key":"Centennial Puzzle"},{"floor":43,"key":"Ancient Tea Set"},{"floor":54,"key":"Whetstone"}],"event_choices":[],"is_beta":false,"boss_relics":[{"not_picked":["Tiny House","Snecko Eye"],"picked":"SlaversCollar"},{"not_picked":["Cursed Key","Philosopher\u0027s Stone"],"picked":"Empty Cage"}],"items_purged_floors":[12,14,21],"is_endless":false,"potions_floor_spawned":[1,2,24,30,36,41,47,48],"killed_by":"The Heart","ascension_level":0}}