{"host":"pyvqvk2ltcevcwmf","time":1611031814,"event":{"mods":["BaseMod","BetterRewards","Good Game Mod","Marisa£®ÏF”Í°°ƒß¿Ì…≥£©","Minty Spire (QoL Compilation)","Rare Cards Sparkle","Shop Mod","Spicy Shops","StSLib","The Alterego","The Servant 0.9.4","Youmu£®ªÍ∆«—˝√Œ£©"],"gold_per_floor":[114,114,126,140,215,242,242,268,268,268,287,41,59,76,76,174,174,192,208,208,223,241,266,266,115,115,115,115,135,167,167,167],"floor_reached":31,"language":"ZHS","playtime":2193,"items_purged":["Strike_G","Defend_G"],"score":287,"play_id":"25b1108d-d5b1-45fc-a0a7-832f295d7811","local_time":"20210119125014","is_ascension_mode":false,"campfire_choices":[{"data":"alterego_mod:Tantrum","floor":10.0,"key":"SMITH"},{"data":"Riddle With Holes","floor":15.0,"key":"SMITH"},{"data":"Dash","floor":24,"key":"SMITH"}],"circlet_count":0,"master_deck":["Strike_G","Strike_G","Strike_G","Strike_G","Defend_G","Defend_G","Defend_G","Defend_G","Survivor","Neutralize","alterego_mod:Tantrum+1","Dagger Spray","Decay","Underhanded Strike","Dash+1","Backflip","Dagger Throw","Flying Knee","Backflip","Riddle With Holes+1","Burst","Flying Knee+1","Outmaneuver+1","Underhanded Strike","Dagger Throw","Eviscerate+1","Bouncing Flask"],"relics":["Ring of the Snake","REME:ComplimentaryCards","NeowsBlessing","Akabeko","Mercury Hourglass","MealTicket","Centennial Puzzle","Black Star","StoneCalendar","Singing Bowl","Gremlin Horn","PreservedInsect","The Courier","MutagenicStrength","Nilry\u0027s Codex","Gambling Chip","Prayer Wheel"],"acts_visited":["Exordium","TheCity"],"potions_floor_usage":[],"damage_taken":[{"damage":0.0,"enemies":"2 Louse","floor":1.0,"turns":1.0},{"damage":0.0,"enemies":"Cultist","floor":3.0,"turns":1.0},{"damage":0.0,"enemies":"Jaw Worm","floor":4.0,"turns":1.0},{"damage":18.0,"enemies":"3 Sentries","floor":6.0,"turns":7.0},{"damage":6.0,"enemies":"Lagavulin","floor":8.0,"turns":4.0},{"damage":1.0,"enemies":"2 Fungi Beasts","floor":11.0,"turns":3.0},{"damage":5.0,"enemies":"Red Slaver","floor":13.0,"turns":2.0},{"damage":3.0,"enemies":"Lots of Slimes","floor":14.0,"turns":2.0},{"damage":6.0,"enemies":"Slime Boss","floor":16.0,"turns":7.0},{"damage":6,"enemies":"3 Byrds","floor":18,"turns":3},{"damage":10,"enemies":"Shell Parasite","floor":19,"turns":3},{"damage":15,"enemies":"Chosen and Byrds","floor":21,"turns":5},{"damage":0,"enemies":"Snecko","floor":22,"turns":3},{"damage":11,"enemies":"Book of Stabbing","floor":23,"turns":3},{"damage":12,"enemies":"Centurion and Healer","floor":29,"turns":4},{"damage":4,"enemies":"Slavers","floor":30,"turns":2},{"damage":18,"enemies":"Snake Plant","floor":31,"turns":1}],"seed_played":"-6356757990923557728","potions_obtained":[{"floor":1.0,"key":"ColorlessPotion"},{"floor":3.0,"key":"Ancient Potion"},{"floor":7.0,"key":"Fruit Juice"},{"floor":7.0,"key":"Strength Potion"},{"floor":16.0,"key":"Explosive Potion"},{"floor":21,"key":"Fire Potion"},{"floor":23,"key":"Fire Potion"},{"floor":29,"key":"SneckoOil"}],"is_trial":false,"path_per_floor":["M","?","M","M","?","E","?","E","T","R","M","$","M","M","R","B",null,"M","M","T","M","M","E","R","$","T","?","?","M","E","M"],"character_chosen":"THE_SILENT","items_purchased":["Centennial Puzzle","PreservedInsect"],"campfire_rested":0,"item_purchase_floors":[12,25],"current_hp_per_floor":[70,70,70,70,59,41,41,40,40,40,39,54,49,46,46,40,75,69,59,59,44,44,33,33,48,48,48,32,22,18,0,0],"gold":167,"neow_bonus":"THREE_ENEMY_KILL","is_daily":false,"chose_seed":false,"campfire_upgraded":3,"win_rate":0.0,"timestamp":1611031814,"path_taken":["M","?","?","M","?","E","?","E","T","R","?","?","M","M","R","BOSS","M","?","?","M","?","E","R","?","T","?","?","M","E","M"],"items_purchased_type":["Relic","Relic"],"build_version":"2020-12-22","purchased_purges":2,"victory":false,"max_hp_per_floor":[70,70,70,70,70,70,70,75,75,75,75,75,75,75,75,75,75,75,75,75,75,75,75,75,75,75,75,75,77,77,77,77],"card_choices":[{"not_picked":["Slice","Prepared"],"picked":"Dagger Spray","floor":1.0},{"not_picked":["Acrobatics","Slice"],"picked":"Underhanded Strike","floor":3.0},{"not_picked":["Deadly Poison","Sucker Punch"],"picked":"Dash","floor":4.0},{"not_picked":["Reflex","Setup"],"picked":"Backflip","floor":6.0},{"not_picked":["Deflect","Sucker Punch"],"picked":"Dagger Throw","floor":8.0},{"not_picked":["Masterful Stab","Bane"],"picked":"Flying Knee","floor":11.0},{"not_picked":["Dodge and Roll","Skewer"],"picked":"Backflip","floor":13.0},{"not_picked":["All Out Attack","Prepared"],"picked":"Riddle With Holes","floor":14.0},{"not_picked":["Venomology","Adrenaline"],"picked":"Burst","floor":16.0},{"not_picked":["Outmaneuver","Footwork+1"],"picked":"Flying Knee+1","floor":18},{"not_picked":["Flying Knee","Choke"],"picked":"Outmaneuver+1","floor":19},{"not_picked":["Prepared","Sucker Punch"],"picked":"Underhanded Strike","floor":21},{"not_picked":["Bane","Underhanded Strike"],"picked":"Dagger Throw","floor":22},{"not_picked":["Blur+1","Outmaneuver+1"],"picked":"Eviscerate+1","floor":23},{"not_picked":["Leg Sweep","Backflip","PiercingWail"],"picked":"Singing Bowl","floor":29},{"not_picked":["Setup","Deadly Poison+1"],"picked":"Bouncing Flask","floor":30}],"player_experience":208852,"relics_obtained":[{"floor":6.0,"key":"Akabeko"},{"floor":8.0,"key":"Mercury Hourglass"},{"floor":9.0,"key":"MealTicket"},{"floor":20,"key":"StoneCalendar"},{"floor":23,"key":"Singing Bowl"},{"floor":23,"key":"Gremlin Horn"},{"floor":26,"key":"The Courier"},{"floor":28,"key":"Nilry\u0027s Codex"},{"floor":30,"key":"Gambling Chip"},{"floor":30,"key":"Prayer Wheel"}],"event_choices":[{"damage_healed":0.0,"max_hp_gain":0.0,"max_hp_loss":0.0,"gold_gain":0.0,"event_name":"Wheel of Change","player_choice":"Cursed","floor":2.0,"gold_loss":0.0,"damage_taken":0.0,"cards_obtained":["Decay"]},{"damage_healed":0.0,"max_hp_gain":0.0,"max_hp_loss":0.0,"gold_gain":75.0,"event_name":"World of Goop","player_choice":"Gather Gold","floor":5.0,"gold_loss":0.0,"damage_taken":11.0},{"damage_healed":0.0,"max_hp_gain":0.0,"max_hp_loss":0.0,"gold_gain":0.0,"event_name":"Lab","player_choice":"Got Potions","floor":7.0,"gold_loss":0.0,"damage_taken":0.0},{"damage_healed":0,"gold_gain":0,"player_choice":"Inject Mutagens","damage_taken":0,"relics_obtained":["MutagenicStrength"],"max_hp_gain":0,"max_hp_loss":0,"event_name":"Drug Dealer","floor":27,"gold_loss":0},{"damage_healed":0,"gold_gain":0,"player_choice":"Obtained Book","damage_taken":16,"max_hp_gain":0,"max_hp_loss":0,"event_name":"Cursed Tome","floor":28,"gold_loss":0}],"is_beta":false,"boss_relics":[{"not_picked":["Runic Dome","Ectoplasm"],"picked":"Black Star"}],"items_purged_floors":[12,12],"is_endless":false,"potions_floor_spawned":[1,3,16,21,22,23,29],"killed_by":"Snake Plant","ascension_level":0}}