{"host":"jfbo3eu2ui08ej1u","time":1611026245,"event":{"mods":["2.2 Compatiblity","AchievementEnabler","Act Like it!","Aspiration","BaseMod","Better Altar","Better Match","Better Note","Better Sensory Stone","Better Skull","Better Third Choice","Block Reminder","Colored Map","Colored Powertips","Conspire","DeckTracker","Displayed Cursed Tome","Energized Spire","Fox Events","GifTheSpireLib","Hubris","Infinite Spire","Marked Mod","Minty Spire (QoL Compilation)","Pale of the Ancients","Poor People Problems","Quick Restart","Relic Filter","Reorder Act Four","Replay The Spire","Shop Mod","Spicy Shops","Spire Arcade","StSLib","Stuff the Spire","The Blue Laboratory","The Disciple","The Forsaken","The Hierophant","The Marked","Uncapped","Unceasing Turn Reminder","Wandering Minibosses"],"gold_per_floor":[109,34,53,63,81,81,116,116,198,148,190,4,4,154,154,154,154],"floor_reached":16,"language":"ENG","playtime":427,"items_purged":[],"score":205,"play_id":"9d545a16-d0bd-46d1-8733-1cab492508f5","local_time":"20210118221725","is_ascension_mode":true,"campfire_choices":[{"floor":6,"key":"REST"},{"floor":8,"key":"REST"},{"floor":15,"key":"REST"}],"circlet_count":0,"master_deck":["AscendersBane","Strike_B","Strike_B","Defend_B","Defend_B","Defend_B","Defend_B+1","Zap","Dualcast","Rebound","Beam Cell","Redo","Cold Snap","Rainbow","conspire:SpireCoStock","Panic Button","Self Repair","Self Repair","Reinforced Body","StuffTheSpire:CelestialWarden","Doubt"],"relics":["Cracked Core","conspire:DecoderRing","Gremlin Food"],"acts_visited":["Exordium"],"potions_floor_usage":[7,11],"damage_taken":[{"damage":7,"enemies":"Small Slimes","floor":1,"turns":3},{"damage":10,"enemies":"2 Louse","floor":3,"turns":3},{"damage":1,"enemies":"Cultist","floor":4,"turns":3},{"damage":29,"enemies":"Exordium Thugs","floor":5,"turns":5},{"damage":35,"enemies":"Lagavulin","floor":7,"turns":7},{"damage":19,"enemies":"3 Sentries","floor":11,"turns":7},{"damage":39,"enemies":"Fading Forest","floor":16,"turns":7}],"seed_played":"-6009362747890717399","potions_obtained":[{"floor":1,"key":"DuplicationPotion"},{"floor":5,"key":"Explosive Potion"},{"floor":7,"key":"blueLaboratory:AbyssPotion"}],"is_trial":false,"path_per_floor":["M","?","M","M","M","R","E","R","T","?","E","$","?","?","R","B"],"character_chosen":"DEFECT","items_purchased":["Self Repair","Reinforced Body"],"campfire_rested":3,"item_purchase_floors":[12,12],"current_hp_per_floor":[57,57,47,46,17,38,3,24,24,24,5,5,5,5,26,0,0],"gold":154,"neow_bonus":"REMOVE_CARD","is_daily":false,"chose_seed":false,"campfire_upgraded":0,"win_rate":0.0,"timestamp":1611026245,"path_taken":["M","?","M","M","M","R","E","R","T","?","E","$","?","?","R","BOSS"],"items_purchased_type":["Card","Card"],"build_version":"2020-12-22","purchased_purges":0,"victory":false,"max_hp_per_floor":[71,71,71,71,71,71,71,71,71,71,71,71,71,71,71,71,71],"card_choices":[{"not_picked":["Aggregate","StuffTheSpire:Plugnplay"],"picked":"Rebound","floor":1},{"not_picked":["Hologram","Stack"],"picked":"Beam Cell","floor":3},{"not_picked":["StuffTheSpire:ShieldGenerator","Time Bomb"],"picked":"Redo","floor":4},{"not_picked":["Undo","Conserve Battery"],"picked":"Cold Snap","floor":5},{"not_picked":["BasicCrystalCard","White Noise"],"picked":"Rainbow","floor":7},{"not_picked":["Steam","BasicCrystalCard"],"picked":"Panic Button","floor":11},{"not_picked":["StuffTheSpire:Ambrosia","StuffTheSpire:BrainWave"],"picked":"StuffTheSpire:CelestialWarden","floor":13}],"player_experience":1205635,"relics_obtained":[{"floor":7,"key":"hubris:ToyBattleship"},{"floor":9,"key":"conspire:DecoderRing"},{"floor":11,"key":"Gremlin Food"}],"event_choices":[{"cards_removed":["Strike_B"],"damage_healed":0,"gold_gain":0,"player_choice":"Card Removal","damage_taken":0,"max_hp_gain":0,"max_hp_loss":0,"event_name":"The Cleric","floor":2,"gold_loss":75},{"damage_healed":0,"gold_gain":0,"player_choice":"Invest 1","damage_taken":0,"max_hp_gain":0,"max_hp_loss":0,"event_name":"conspire:Investor","floor":10,"gold_loss":0},{"damage_healed":0,"gold_gain":150,"player_choice":"AGREE","damage_taken":4,"max_hp_gain":0,"max_hp_loss":0,"event_name":"betterThird:BetterSerpent","floor":14,"gold_loss":0}],"is_beta":false,"boss_relics":[],"items_purged_floors":[],"is_endless":false,"potions_floor_spawned":[1,5,7],"killed_by":"Fading Forest","ascension_level":18}}