{"host":"zxd2l8an9de7z7b9","time":1611026983,"event":{"mods":["100% Spire Juice","2.2 Compatiblity","BaseMod","CapriCore","Colored Map","Colored Powertips","GungeonMod","Minty Spire (QoL Compilation)","Rare Cards Sparkle","Replay The Spire","StSLib","SuperFastMode"],"gold_per_floor":[112,112,126,51,69,69,94,94,120,139,168,206,206,32,32,19,69,94,94,144,167,192,72,126,140,140,46,46,46,46,79,79,69,69,92,133,103,130,146,146,170,170,194,210,241,241,17,39,39,51],"floor_reached":51,"language":"KOR","playtime":2845,"items_purged":["Moonworks:Strike"],"score":808,"play_id":"d1303f4e-51f8-45d4-aef3-ae52900feb86","local_time":"20210119122943","is_ascension_mode":false,"campfire_choices":[{"data":"Moonworks:BeyondHell","floor":6.0,"key":"SMITH"},{"data":"Moonworks:MiracleRedBeanIceCream","floor":8.0,"key":"SMITH"},{"data":"Moonworks:ScrambledEve","floor":13.0,"key":"SMITH"},{"data":"Moonworks:IndiscriminateFireSupport","floor":15.0,"key":"SMITH"},{"data":"Moonworks:ShieldCounter","floor":23.0,"key":"SMITH"},{"floor":28.0,"key":"REST"},{"data":"Moonworks:MetallicMonocoque","floor":30.0,"key":"SMITH"},{"data":"Moonworks:SakisCookie","floor":32.0,"key":"SMITH"},{"data":"Moonworks:AnotherUltimateWeapon","floor":40,"key":"SMITH"},{"data":"Moonworks:PlushieMaster","floor":42,"key":"SMITH"},{"data":"Moonworks:IndiscriminateFireSupport","floor":49,"key":"SMITH"}],"circlet_count":0,"master_deck":["Moonworks:Strike","Moonworks:Strike","Moonworks:Defend","Moonworks:Defend","Moonworks:Defend","Moonworks:Defend","Moonworks:Ambush+1","Moonworks:LongDistanceShot","Moonworks:BeyondHell+1","Moonworks:Poppoformation","Moonworks:ShieldCounter+1","Moonworks:MiracleRedBeanIceCream+1","Moonworks:ScrambledEve+1","Moonworks:IndiscriminateFireSupport+1","Moonworks:LulusLuckyEgg","Moonworks:RedAndBlue+1","Moonworks:WeAreWaruda","Moonworks:Poppoformation","Moonworks:LuckyCharm+1","Moonworks:MiracleRedBeanIceCream+1","Moonworks:StiffCrystal","Moonworks:LulusLuckyEgg","Moonworks:FullSpeedAlicianrone","Moonworks:MetallicMonocoque+1","Moonworks:SakisCookie+1","Moonworks:AnotherUltimateWeapon+1","Moonworks:LuckyCharm+1","Moonworks:CastOff+1","Moonworks:BigMagnum+1","Moonworks:LuckyCharm+1","Moonworks:PlushieMaster+1","Moonworks:DeployBits+1","Moonworks:LuckyCharm+1","Moonworks:RagingMadness","Moonworks:IndiscriminateFireSupport+1"],"relics":["Moonworks:BrokenBomb","Moonworks:Homemark","Replay:Bandana","ReplayFunnel","Replay:Wax Seal","Tiny House","Nunchaku","Replay:Ringing Soul","Anchor","Runic Pyramid","Simple Rune","Strawberry"],"acts_visited":["Exordium","TheCity","TheBeyond"],"potions_floor_usage":[50,50,50],"damage_taken":[{"damage":7.0,"enemies":"2 Louse","floor":1.0,"turns":2.0},{"damage":11.0,"enemies":"Jaw Worm","floor":3.0,"turns":3.0},{"damage":0.0,"enemies":"Cultist","floor":5.0,"turns":3.0},{"damage":4.0,"enemies":"Replay:BlueRogue","floor":7.0,"turns":7.0},{"damage":5.0,"enemies":"Large Slime","floor":10.0,"turns":3.0},{"damage":5.0,"enemies":"Exordium Wildlife","floor":11.0,"turns":5.0},{"damage":0.0,"enemies":"Gremlin Nob","floor":12.0,"turns":3.0},{"damage":31.0,"enemies":"The Guardian","floor":16.0,"turns":13.0},{"damage":4.0,"enemies":"Chosen","floor":18.0,"turns":4.0},{"damage":0.0,"enemies":"Spheric Guardian","floor":21.0,"turns":5.0},{"damage":0.0,"enemies":"Centurion and Healer","floor":22.0,"turns":2.0},{"damage":52.0,"enemies":"Gremlin Leader","floor":24.0,"turns":7.0},{"damage":0.0,"enemies":"Snake Plant","floor":25.0,"turns":1.0},{"damage":6.0,"enemies":"Cultist and Chosen","floor":27.0,"turns":9.0},{"damage":11.0,"enemies":"Snecko","floor":31.0,"turns":4.0},{"damage":2.0,"enemies":"Collector","floor":33.0,"turns":7.0},{"damage":0.0,"enemies":"Orb Walker","floor":35.0,"turns":2.0},{"damage":0.0,"enemies":"3 Darklings","floor":36.0,"turns":1.0},{"damage":5,"enemies":"4 Shapes","floor":38,"turns":2},{"damage":0,"enemies":"Spire Growth","floor":39,"turns":5},{"damage":6,"enemies":"Sphere and 2 Shapes","floor":41,"turns":1},{"damage":6,"enemies":"Writhing Mass","floor":44,"turns":4},{"damage":22,"enemies":"4 Shapes","floor":45,"turns":6},{"damage":12,"enemies":"3 Darklings","floor":48,"turns":5},{"damage":25,"enemies":"Donu and Deca","floor":50,"turns":3}],"seed_played":"-1231279897925427351","potions_obtained":[{"floor":10.0,"key":"Elixir"},{"floor":11.0,"key":"Dexterity Potion"},{"floor":12.0,"key":"SpeedPotion"},{"floor":17.0,"key":"Explosive Potion"},{"floor":21.0,"key":"Toxic Potion"},{"floor":22.0,"key":"Strength Potion"},{"floor":25.0,"key":"SteroidPotion"},{"floor":33.0,"key":"SkillPotion"},{"floor":37.0,"key":"Moonworks:OneHundredPercentOrangeJuicePotion"},{"floor":38,"key":"Strength Potion"},{"floor":41,"key":"Venom Potion"}],"is_trial":false,"path_per_floor":["M","?","M","$","M","R","E","R","T","M","M","E","R","$","R","B",null,"M","?","T","M","M","R","E","M","T","M","R","?","R","M","R","B",null,"M","M","?","M","M","R","M","R","T","M","M","?","$","M","R","B",null],"character_chosen":"THE_STARBREAKER","items_purchased":["Moonworks:RedAndBlue+1","Moonworks:RagingMadness","Strawberry"],"campfire_rested":1,"item_purchase_floors":[14,47,47],"current_hp_per_floor":[53,53,42,42,42,42,38,38,38,38,38,38,38,38,38,12,65,65,54,54,59,59,59,20,23,23,25,48,48,48,40,40,54,85,88,91,91,92,97,97,94,94,94,94,88,88,98,94,94,77],"gold":51,"neow_bonus":"UPGRADE_CARD","is_daily":false,"chose_seed":false,"campfire_upgraded":10,"win_rate":0.0,"timestamp":1611026983,"path_taken":["M","?","M","$","M","R","E","R","T","M","M","E","R","$","R","BOSS","M","?","?","M","M","R","E","M","T","M","R","?","R","M","R","BOSS","M","M","?","M","?","R","M","R","T","M","M","?","$","M","R","BOSS"],"items_purchased_type":["Card","Card","Relic"],"build_version":"2020-12-22","purchased_purges":1,"victory":true,"max_hp_per_floor":[60,60,60,60,60,60,60,60,60,60,60,60,60,60,60,60,65,65,70,70,70,70,70,73,76,76,79,79,79,79,82,82,85,85,88,91,91,94,97,97,100,100,100,103,106,106,116,119,119,119],"card_choices":[{"not_picked":["Moonworks:Assault","Moonworks:JonathanRush"],"picked":"Moonworks:BeyondHell","floor":1.0},{"not_picked":["Moonworks:ImOnFire","Moonworks:MixPhenomenon"],"picked":"Moonworks:Poppoformation","floor":3.0},{"not_picked":["Moonworks:ForcedRevival","Moonworks:LulusLuckyEgg"],"picked":"Moonworks:ShieldCounter","floor":5.0},{"not_picked":["Moonworks:EvilSpyWorkPreparation","Moonworks:CompletionReward"],"picked":"Moonworks:MiracleRedBeanIceCream","floor":7.0},{"not_picked":["Moonworks:DeployBits","Moonworks:EvilSpyWorkPreparation"],"picked":"Moonworks:ScrambledEve","floor":10.0},{"not_picked":["Moonworks:UnluckyCharm","Moonworks:DeployBits"],"picked":"Moonworks:IndiscriminateFireSupport","floor":11.0},{"not_picked":["Moonworks:EvilMastermind","Moonworks:ImOnFire"],"picked":"Moonworks:LulusLuckyEgg","floor":12.0},{"not_picked":["Moonworks:SubspaceTunnel","Moonworks:LeapThroughSpace"],"picked":"Moonworks:WeAreWaruda","floor":16.0},{"not_picked":["Moonworks:CompletionReward","Moonworks:ExtendedPhotonRifle"],"picked":"Moonworks:Poppoformation","floor":17.0},{"not_picked":["Moonworks:TacticalRetreat","Moonworks:JonathanRush"],"picked":"Moonworks:LuckyCharm+1","floor":18.0},{"not_picked":["Moonworks:EvilSpyWorkPreparation+1","Moonworks:LulusLuckyEgg"],"picked":"Moonworks:MiracleRedBeanIceCream+1","floor":21.0},{"not_picked":["Moonworks:IndiscriminateFireSupport","Moonworks:ScrambledEve"],"picked":"Moonworks:StiffCrystal","floor":22.0},{"not_picked":["Moonworks:StiffCrystal","Moonworks:Assault"],"picked":"Moonworks:LulusLuckyEgg","floor":24.0},{"not_picked":["Moonworks:MixPhenomenon","Moonworks:IndiscriminateFireSupport"],"picked":"Moonworks:FullSpeedAlicianrone","floor":25.0},{"not_picked":["Moonworks:EvilSpyWorkPreparation","Moonworks:DeployBits"],"picked":"Moonworks:MetallicMonocoque","floor":27.0},{"not_picked":["Moonworks:CloudOfSeagulls","Moonworks:BeyondHell"],"picked":"Moonworks:SakisCookie","floor":31.0},{"not_picked":["Moonworks:SinkOrSwim","Moonworks:ReflectiveShell"],"picked":"Moonworks:AnotherUltimateWeapon","floor":33.0},{"not_picked":["Moonworks:BigMagnum+1","Moonworks:CloudOfSeagulls+1"],"picked":"Moonworks:LuckyCharm+1","floor":35.0},{"not_picked":["Moonworks:SealedMemories","Moonworks:Assault+1"],"picked":"Moonworks:CastOff+1","floor":36.0},{"not_picked":["Moonworks:JonathanRush","Moonworks:Assault+1"],"picked":"Moonworks:BigMagnum+1","floor":38},{"not_picked":["Moonworks:BigMagnum+1","Moonworks:ImOnFire"],"picked":"Moonworks:LuckyCharm+1","floor":39},{"not_picked":["Moonworks:RedAndBlue+1","Moonworks:IndiscriminateFireSupport"],"picked":"Moonworks:PlushieMaster","floor":41},{"not_picked":["Moonworks:JonathanRush","Moonworks:ForcedRevival"],"picked":"Moonworks:DeployBits+1","floor":44},{"not_picked":["Moonworks:CloudOfSeagulls","Moonworks:ImOnFire+1"],"picked":"Moonworks:LuckyCharm+1","floor":45},{"not_picked":["Moonworks:Assault+1","Moonworks:CloudOfSeagulls+1"],"picked":"Moonworks:IndiscriminateFireSupport","floor":48}],"player_experience":330992,"relics_obtained":[{"floor":7.0,"key":"Replay:Bandana"},{"floor":9.0,"key":"ReplayFunnel"},{"floor":12.0,"key":"Replay:Wax Seal"},{"floor":20.0,"key":"Nunchaku"},{"floor":24.0,"key":"Replay:Ringing Soul"},{"floor":26.0,"key":"Anchor"},{"floor":43,"key":"Simple Rune"}],"event_choices":[{"damage_healed":0.0,"max_hp_gain":5.0,"max_hp_loss":0.0,"gold_gain":0.0,"event_name":"Forgotten Altar","player_choice":"Shed Blood","floor":19.0,"gold_loss":0.0,"damage_taken":16.0},{"damage_healed":0.0,"max_hp_gain":0.0,"max_hp_loss":0.0,"gold_gain":0.0,"event_name":"Back to Basics","player_choice":"Simplicity","floor":29.0,"gold_loss":0.0,"damage_taken":0.0,"cards_upgraded":["Moonworks:Strike","Moonworks:Strike","Moonworks:Strike","Moonworks:Defend","Moonworks:Defend","Moonworks:Defend"]},{"damage_healed":0.0,"max_hp_gain":0.0,"max_hp_loss":0.0,"gold_gain":0.0,"event_name":"The Woman in Blue","player_choice":"Bought 2 Potions","floor":37.0,"gold_loss":0.0,"damage_taken":0.0},{"cards_removed":["Moonworks:Strike"],"damage_healed":0,"gold_gain":0,"player_choice":"Removed Attack","damage_taken":0,"max_hp_gain":0,"max_hp_loss":0,"event_name":"Falling","floor":46,"gold_loss":0}],"is_beta":false,"boss_relics":[{"not_picked":["SacredBark","Sozu"],"picked":"Tiny House"},{"not_picked":["Fusion Hammer","Kintsugi"],"picked":"Runic Pyramid"}],"items_purged_floors":[4],"is_endless":false,"potions_floor_spawned":[10,11,12,21,22,25,33,38,41,44,48],"ascension_level":0}}