{"host":"yuhy0i501zzmn1iz","time":1611023608,"event":{"mods":["AchievementEnabler","AlwaysNeverKeys","BaseMod","Bestiary","Better Match","Better Third Choice","Curses Come First","Downfall","Minty Spire (QoL Compilation)","StSLib","slay the spire mod where everything is the same but ironclad has a cowboy hat"],"gold_per_floor":[110,110,39,52,66,96,96,110,133,148,68,78,78,94,94,94,94],"floor_reached":16,"language":"ENG","playtime":751,"items_purged":[],"score":130,"play_id":"66024e01-36a4-4af1-97e6-b7c5c1bde8eb","local_time":"20210118213328","is_ascension_mode":true,"campfire_choices":[{"floor":7.0,"key":"REST"},{"floor":13.0,"key":"REST"},{"data":"Backstab","floor":15.0,"key":"SMITH"}],"circlet_count":0,"master_deck":["Strike_G","Strike_G","Strike_G","Strike_G","Strike_G","Defend_G","Defend_G","Defend_G","Defend_G","Defend_G","Survivor","Neutralize","Thinking Ahead+1","Slice","Backstab+1","Sucker Punch","Setup","Dagger Spray","Prepared","Escape Plan","Footwork","Slice","Blade Dance"],"relics":["Ring of the Snake","Juzu Bracelet","Omamori"],"acts_visited":["Exordium"],"potions_floor_usage":[16],"damage_taken":[{"damage":4.0,"enemies":"Jaw Worm","floor":1.0,"turns":6.0},{"damage":0.0,"enemies":"Cultist","floor":4.0,"turns":2.0},{"damage":0.0,"enemies":"Small Slimes","floor":5.0,"turns":2.0},{"damage":44.0,"enemies":"Lagavulin","floor":6.0,"turns":9.0},{"damage":2.0,"enemies":"Red Slaver","floor":8.0,"turns":2.0},{"damage":0.0,"enemies":"Exordium Wildlife","floor":10.0,"turns":4.0},{"damage":4.0,"enemies":"Lots of Slimes","floor":12.0,"turns":2.0},{"damage":0.0,"enemies":"Gremlin Gang","floor":14.0,"turns":2.0},{"damage":62,"enemies":"The Guardian","floor":16,"turns":10}],"seed_played":"2157190599353732250","potions_obtained":[{"floor":1.0,"key":"bronze:BurnAndBuffPotion"},{"floor":4.0,"key":"hexamod:SoulburnPotion"},{"floor":8.0,"key":"Dexterity Potion"}],"is_trial":false,"path_per_floor":["M","?","$","M","M","E","R","M","T","M","$","M","R","M","R","B"],"character_chosen":"THE_SILENT","items_purchased":["Backstab","Footwork"],"campfire_rested":2,"item_purchase_floors":[3,11],"current_hp_per_floor":[45,45,45,45,45,1,22,20,20,20,20,16,37,37,37,0,0],"gold":94,"neow_bonus":"RANDOM_COLORLESS_2","is_daily":false,"chose_seed":false,"campfire_upgraded":1,"win_rate":0.0,"timestamp":1611023608,"path_taken":["M","?","?","M","M","E","R","M","T","M","$","M","R","M","R","BOSS"],"items_purchased_type":["Card","Card"],"build_version":"2020-12-22","purchased_purges":0,"victory":false,"max_hp_per_floor":[70,70,70,70,70,70,70,70,70,70,70,70,70,70,70,70,70],"card_choices":[{"not_picked":["Sadistic Nature","Secret Weapon"],"picked":"Thinking Ahead","floor":0.0},{"not_picked":["Choke","Setup"],"picked":"Slice","floor":1.0},{"not_picked":["Bane","Predator"],"picked":"Sucker Punch","floor":4.0},{"not_picked":["Cloak And Dagger","Calculated Gamble"],"picked":"Setup","floor":5.0},{"not_picked":["Poisoned Stab","Dagger Throw"],"picked":"Dagger Spray","floor":6.0},{"not_picked":["All Out Attack","Wraith Form v2"],"picked":"Prepared","floor":8.0},{"not_picked":["Outmaneuver","Blade Dance"],"picked":"Escape Plan","floor":10.0},{"not_picked":["Outmaneuver","Dagger Throw"],"picked":"Slice","floor":12.0},{"not_picked":["Accuracy","Slice"],"picked":"Blade Dance","floor":14.0}],"player_experience":299512,"relics_obtained":[{"floor":6.0,"key":"Juzu Bracelet"},{"floor":9.0,"key":"Omamori"}],"event_choices":[{"damage_healed":0.0,"max_hp_gain":0.0,"max_hp_loss":0.0,"gold_gain":0.0,"event_name":"Upgrade Shrine","player_choice":"Upgraded","floor":2.0,"gold_loss":0.0,"damage_taken":0.0,"cards_upgraded":["Thinking Ahead"]}],"is_beta":false,"boss_relics":[],"items_purged_floors":[],"is_endless":false,"potions_floor_spawned":[1,4,8],"killed_by":"The Guardian","ascension_level":5}}