{"host":"wha9hktbkslqvblg","time":1611061613,"event":{"mods":["BaseMod","Colored Map","Minty Spire (QoL Compilation)","Relic Stats","SuperFastMode","everything is the same but u backflip on backflip"],"gold_per_floor":[117,117,42,53,53,78,92,121,121,137,187,207,221,251,251,329,329,342,342,342],"floor_reached":19,"language":"KOR","playtime":355,"items_purged":[],"score":428,"play_id":"7b4b96a5-1a1e-4138-823b-c6244ebc3432","local_time":"20210119220653","is_ascension_mode":true,"campfire_choices":[{"data":"Immolate","floor":15.0,"key":"SMITH"}],"circlet_count":0,"master_deck":["AscendersBane","Strike_R","Strike_R","Strike_R","Defend_R","Defend_R","Defend_R","Bash","Pommel Strike","Headbutt","Battle Trance","Seeing Red","Immolate+1","Uppercut","Reckless Charge","Double Tap","Flame Barrier"],"relics":["Burning Blood","NeowsBlessing","Nunchaku","Eternal Feather","Regal Pillow","Blood Vial","CaptainsWheel","Philosopher\u0027s Stone"],"acts_visited":["Exordium","TheCity"],"potions_floor_usage":[],"damage_taken":[{"damage":0.0,"enemies":"Jaw Worm","floor":1.0,"turns":1.0},{"damage":0.0,"enemies":"2 Louse","floor":4.0,"turns":1.0},{"damage":0.0,"enemies":"3 Sentries","floor":6.0,"turns":1.0},{"damage":1.0,"enemies":"Cultist","floor":7.0,"turns":3.0},{"damage":29.0,"enemies":"Gremlin Nob","floor":8.0,"turns":4.0},{"damage":22.0,"enemies":"Exordium Thugs","floor":10.0,"turns":3.0},{"damage":8.0,"enemies":"Blue Slaver","floor":12.0,"turns":3.0},{"damage":15.0,"enemies":"Large Slime","floor":13.0,"turns":4.0},{"damage":27.0,"enemies":"Lagavulin","floor":14.0,"turns":5.0},{"damage":18.0,"enemies":"Slime Boss","floor":16.0,"turns":6.0},{"damage":26.0,"enemies":"3 Byrds","floor":18.0,"turns":3.0},{"damage":27,"enemies":"Masked Bandits","floor":19,"turns":3}],"seed_played":"-7791607117753479713","potions_obtained":[{"floor":7.0,"key":"Block Potion"},{"floor":10.0,"key":"Weak Potion"},{"floor":12.0,"key":"PowerPotion"},{"floor":14.0,"key":"SteroidPotion"},{"floor":18.0,"key":"Weak Potion"}],"is_trial":false,"path_per_floor":["M","?","?","M","?","E","M","E","T","M","T","M","M","E","R","B",null,"M","?"],"character_chosen":"IRONCLAD","items_purchased":[],"campfire_rested":0,"item_purchase_floors":[],"current_hp_per_floor":[74,67,67,73,73,75,75,52,52,36,36,36,29,10,19,9,59,41,16,16],"gold":342,"neow_bonus":"THREE_ENEMY_KILL","is_daily":false,"chose_seed":false,"campfire_upgraded":1,"win_rate":0.0,"timestamp":1611061613,"path_taken":["M","?","?","M","?","E","?","E","T","M","?","M","M","E","R","BOSS","M","?"],"items_purchased_type":[],"build_version":"2020-12-22","purchased_purges":0,"victory":false,"max_hp_per_floor":[75,75,75,75,75,75,75,75,75,75,75,75,75,75,75,75,75,75,75,75],"relic_stats":{"Blood Vial":12,"Nunchaku":[6],"Regal Pillow":0,"counters":[12,37],"Eternal Feather":9,"obtain_stats":[{"Blood Vial":11,"Nunchaku":6,"Regal Pillow":9,"CaptainsWheel":14,"NeowsBlessing":0,"Eternal Feather":8,"Philosopher\u0027s Stone":17,"Burning Blood":0},{"Blood Vial":6,"Nunchaku":3,"Regal Pillow":5,"CaptainsWheel":9,"NeowsBlessing":0,"Eternal Feather":5,"Philosopher\u0027s Stone":10,"Burning Blood":0},{"Blood Vial":13,"Nunchaku":3,"Regal Pillow":10,"CaptainsWheel":25,"NeowsBlessing":0,"Eternal Feather":10,"Philosopher\u0027s Stone":31,"Burning Blood":0}],"Burning Blood":57},"card_choices":[{"not_picked":["Heavy Blade","Anger"],"picked":"Pommel Strike","floor":1.0},{"not_picked":["Entrench","Twin Strike","Shockwave"],"picked":"SKIP","floor":4.0},{"not_picked":["Headbutt","Dark Embrace"],"picked":"Battle Trance","floor":6.0},{"not_picked":["Armaments","Battle Trance"],"picked":"Seeing Red","floor":7.0},{"not_picked":["Exhume","Warcry"],"picked":"Immolate","floor":8.0},{"not_picked":["Armaments","Flex"],"picked":"Uppercut","floor":10.0},{"not_picked":["Warcry","Havoc","Entrench"],"picked":"SKIP","floor":12.0},{"not_picked":["Intimidate","Warcry","Headbutt"],"picked":"SKIP","floor":13.0},{"not_picked":["Intimidate","Reckless Charge","Inflame"],"picked":"SKIP","floor":14.0},{"not_picked":["Intimidate","Inflame"],"picked":"Reckless Charge","floor":14.0},{"not_picked":["Berserk","Demon Form"],"picked":"Double Tap","floor":16.0},{"not_picked":["Body Slam","Warcry"],"picked":"Flame Barrier","floor":18.0}],"player_experience":981431,"relics_obtained":[{"floor":6.0,"key":"Nunchaku"},{"floor":8.0,"key":"Eternal Feather"},{"floor":9.0,"key":"Regal Pillow"},{"floor":11.0,"key":"Blood Vial"},{"floor":14.0,"key":"CaptainsWheel"}],"event_choices":[{"cards_removed":["Strike_R"],"damage_healed":0.0,"max_hp_gain":0.0,"max_hp_loss":0.0,"gold_gain":0.0,"event_name":"Golden Wing","player_choice":"Card Removal","floor":2.0,"gold_loss":0.0,"damage_taken":7.0},{"cards_removed":["Defend_R"],"damage_healed":0.0,"max_hp_gain":0.0,"max_hp_loss":0.0,"gold_gain":0.0,"event_name":"The Cleric","player_choice":"Card Removal","floor":3.0,"gold_loss":75.0,"damage_taken":0.0},{"damage_healed":0.0,"max_hp_gain":0.0,"max_hp_loss":0.0,"gold_gain":0.0,"cards_transformed":["Strike_R"],"event_name":"Transmorgrifier","player_choice":"Transformed","floor":5.0,"gold_loss":0.0,"damage_taken":0.0,"cards_obtained":["Headbutt"]},{"damage_healed":0,"gold_gain":0,"player_choice":"Fought Bandits","damage_taken":0,"max_hp_gain":0,"max_hp_loss":0,"event_name":"Masked Bandits","floor":19,"gold_loss":0}],"is_beta":false,"boss_relics":[{"not_picked":["SlaversCollar","Black Blood"],"picked":"Philosopher\u0027s Stone"}],"items_purged_floors":[],"is_endless":false,"potions_floor_spawned":[7,10,12,13,14,18],"killed_by":"Masked Bandits","ascension_level":20}}