{"host":"vi6yeph7oxdwzn8s","time":1611077584,"event":{"mods":["Act Like it!","BaseMod","CapriCore","Colored Powertips","Gensokyo","GifTheSpireLib","Koishi","Lobotomy","LobotomyExtend","Marisa£®ÏF”Í°°ƒß¿Ì…≥£©","Minty Spire (QoL Compilation)","Reimu£®≤©¿ˆ¡È√Œ£©","Remilia£®¿Ÿ√◊¿Ú—«£©","StSLib","The Animator","The Immortal","WarShipGirlsR/’ΩΩ¢…Ÿ≈ÆR mod","Yakumo Yukari mod","Youmu£®ªÍ∆«—˝√Œ£©","Yuyuko"],"gold_per_floor":[137,157,176,194,209,209,221,249,273,302,314,314,314,325,325,427,427,443,443,393,106,117,117,117,117,117,144,164,124,136,149,149,249,249,268,268,284,299,299,324,324,336,363,706,718,757,783,346,346,346],"floor_reached":51,"language":"ZHS","playtime":3151,"items_purged":["Fantasy_PerpetualMotionMachine_purple"],"score":956,"play_id":"13ebefed-09fb-419c-9474-cf9c0c4f8239","local_time":"20210120013304","is_ascension_mode":true,"campfire_choices":[{"data":"Nest_LightFlightworm_purple","floor":6,"key":"SMITH"},{"data":"Observe_purple_2","floor":12,"key":"SMITH"},{"data":"Bait_Toxicbait_purple","floor":15,"key":"SMITH"},{"data":"Monsters_DoubleDeathButterfly_purple","floor":23,"key":"SMITH"},{"data":"DimensionStaggered_purple","floor":25,"key":"SMITH"},{"data":"OmniscientAndOmnipotent_Monster_purple","floor":32,"key":"SMITH"},{"data":"Know_ledgeAbilityRealm_purple","floor":41,"key":"SMITH"},{"data":"Nest_LightFlightworm_purple","floor":45,"key":"SMITH"},{"data":"ProofOfUnderstanding_purple","floor":49,"key":"SMITH"}],"circlet_count":0,"master_deck":["AT_purpleEX","AT_purpleEX","AT_purpleEX","AT_purpleEX","Defend_purpleEX","Defend_purpleEX","Defend_purpleEX","Defend_purpleEX","Observe_purple_1","Observe_purple_2+1","Erosivefilter_purple","SharpContractionReality_purple","Nest_LightFlightworm_purple+1","MeetDecomposer_purple","Extrememeaning_purpleEX","PurpleNeedle_purple","AdvanceAttack_purple","DimensionStaggered_purple+1","Bait_Toxicbait_purple+1","CommonSense_AntiCommonSense_purple+1","Monsters_DoubleDeathButterfly_purple+1","StateErode_purple","Fantasy_PerpetualMotionMachine_purple+1","ExistenceContinue_purple","Boundary_LifeAndDeath_purple","MonsterNeedle_purple","Anti_communist_purple","GluttonyofRealm_purpleEX","WeekHit_purple","OmniscientAndOmnipotent_Monster_purple+1","Fancifulhole_purple","Shallow_ocean_purpleEX","ExternalForce_HighSpeedFlying_purple+1","Know_ledgeAbilityRealm_purple+1","StretchesForeverDream_purple","Nest_LightFlightworm_purple+1","ProofOfUnderstanding_purple+1","RealityDreamConfluencek_purple+1","PurpleNeedle_purple"],"relics":["Boundary_crack","Memoryfragments_purpleEX","NeowsBlessing","LetterFromLob","Blood Vial","Bag of Marbles","Gensokyo:CelestialsFlawlessClothing","SlaversCollar","Gensokyo:ConquerorOfFear","HandDrill","Orrery","Letter Opener","Regal Pillow","Runic Pyramid","Bird Faced Urn","Antimatter_spacedebris","MawBank","Old Coin","Pen Nib","Lantern","Strange Spoon"],"acts_visited":["Gensokyo:Gensokyo","Gensokyo:Gensokyoer","Gensokyo:Gensokyoest"],"potions_floor_usage":[4,4,16,16,16,27,30,33,50],"damage_taken":[{"damage":0.0,"enemies":"Gensokyo:Gryphon","floor":1.0,"turns":1.0},{"damage":0.0,"enemies":"Gensokyo:3_Fairies","floor":2.0,"turns":2.0},{"damage":0.0,"enemies":"Gensokyo:2_Kodama","floor":3.0,"turns":1.0},{"damage":10,"enemies":"Gensokyo:Gryphon_and_Rabbit","floor":4,"turns":6},{"damage":0,"enemies":"Gensokyo:2_Rabbits","floor":5,"turns":6},{"damage":0,"enemies":"Gensokyo:VengefulSpirit","floor":7,"turns":5},{"damage":21,"enemies":"Gensokyo:Mamizou","floor":8,"turns":8},{"damage":30,"enemies":"Gensokyo:Cirno","floor":10,"turns":6},{"damage":1,"enemies":"Gensokyo:Gryphon_and_Rabbit","floor":11,"turns":5},{"damage":0,"enemies":"Gensokyo:3_Kodama","floor":14,"turns":4},{"damage":11,"enemies":"Gensokyo:Yukari","floor":16,"turns":10},{"damage":20,"enemies":"Gensokyo:2_Gloops","floor":18,"turns":5},{"damage":36,"enemies":"Gensokyo:3_Dogs","floor":22,"turns":7},{"damage":65,"enemies":"Gensokyo:Reisen","floor":27,"turns":6},{"damage":27,"enemies":"Gensokyo:Slime_Group","floor":28,"turns":5},{"damage":11,"enemies":"Gensokyo:Mirror_and_Dog","floor":30,"turns":4},{"damage":12,"enemies":"Gensokyo:Wraith","floor":31,"turns":6},{"damage":26,"enemies":"Gensokyo:Eiki","floor":33,"turns":6},{"damage":10,"enemies":"Gensokyo:3_Bats","floor":35,"turns":4},{"damage":0,"enemies":"Gensokyo:3_Boulders","floor":37,"turns":4},{"damage":16,"enemies":"Gensokyo:4_Bats","floor":38,"turns":3},{"damage":16,"enemies":"Gensokyo:Kasen","floor":40,"turns":4},{"damage":0,"enemies":"Gensokyo:Sharpion","floor":42,"turns":3},{"damage":0,"enemies":"Gensokyo:Doremy","floor":44,"turns":5},{"damage":32,"enemies":"Gensokyo:Kasen","floor":46,"turns":5},{"damage":0,"enemies":"Gensokyo:AtlasGolem","floor":47,"turns":4},{"damage":27,"enemies":"Gensokyo:Yuyuko","floor":50,"turns":5}],"seed_played":"-6978454453157683091","potions_obtained":[{"floor":1.0,"key":"Regen Potion"},{"floor":2.0,"key":"Swift Potion"},{"floor":5,"key":"ColorlessPotion"},{"floor":7,"key":"DuplicationPotion"},{"floor":10,"key":"Strength Potion"},{"floor":16,"key":"SteroidPotion"},{"floor":18,"key":"Block Potion"},{"floor":22,"key":"FearPotion"},{"floor":28,"key":"Regen Potion"},{"floor":33,"key":"DistilledChaos"},{"floor":37,"key":"Ancient Potion"},{"floor":38,"key":"DuplicationPotion"}],"is_trial":false,"path_per_floor":["M","M","M","M","M","R","M","E","T","E","M","R","?","M","R","B",null,"M","?","?","COS","M","R","E","R","T","E","M","?","M","M","R","B",null,"M","?","M","M","?","E","R","M","T","E","R","E","M","$","R","B",null],"character_chosen":"Youkari","items_purchased":["Lantern","Strange Spoon","PurpleNeedle_purple"],"campfire_rested":0,"item_purchase_floors":[48,48,48],"current_hp_per_floor":[70,70,70,69,70,70,70,50,50,22,70,70,53,60,60,54,70,58,58,65,65,38,38,38,38,38,63,43,43,54,54,54,40,80,82,82,86,76,41,46,46,55,55,64,64,46,55,55,55,55],"gold":346,"neow_bonus":"THREE_ENEMY_KILL","is_daily":false,"chose_seed":false,"campfire_upgraded":9,"win_rate":0.0,"timestamp":1611077584,"path_taken":["M","M","?","M","M","R","M","E","T","E","?","R","?","?","R","BOSS","M","?","?","COS","M","R","E","R","T","E","M","?","M","M","R","BOSS","M","?","M","?","?","E","R","?","T","E","R","E","M","$","R","BOSS"],"items_purchased_type":["Card","Relic","Card"],"build_version":"2020-12-22","purchased_purges":1,"victory":true,"max_hp_per_floor":[70,70,70,70,70,70,70,70,70,70,70,70,70,70,70,70,70,70,70,77,77,77,77,77,77,77,77,77,77,80,80,80,80,80,83,83,86,89,89,92,92,92,92,92,92,92,92,92,92,92],"card_choices":[{"not_picked":["StateErode_purple","StateDuplicate_purple"],"picked":"Erosivefilter_purple","floor":1.0},{"not_picked":["ExistenceContinue_purple","Charmbait_purple"],"picked":"SharpContractionReality_purple","floor":2.0},{"not_picked":["Worldmountain_purple","Boundary_ObjectiveBoundary_purple"],"picked":"Nest_LightFlightworm_purple","floor":3.0},{"not_picked":["Photoelasticity_Doppler_Effect_purple","PositiveMatter_Antimatter_Universe_purple"],"picked":"MeetDecomposer_purple","floor":4},{"not_picked":["Computing_the_future_purpleEX","Umbrella_purple"],"picked":"Extrememeaning_purpleEX","floor":5},{"not_picked":["SfantasyHide_purple","Boundary_DreamRealityDamnation_purple"],"picked":"PurpleNeedle_purple","floor":7},{"not_picked":["Charmbait_purple","Realm_recovery_purpleEX"],"picked":"AdvanceAttack_purple","floor":8},{"not_picked":["Charmbait_purple","StateErode_purple"],"picked":"DimensionStaggered_purple","floor":10},{"not_picked":["OmniscientAndOmnipotent_Monster_purple","StateErode_purple"],"picked":"Bait_Toxicbait_purple","floor":11},{"not_picked":["Boundary_DynamicStaticEquilibrium_purple","Nest_LightFlightworm_purple"],"picked":"CommonSense_AntiCommonSense_purple","floor":14},{"not_picked":["Fancifulhole_purple","Price_of_realm_purpleEX"],"picked":"Monsters_DoubleDeathButterfly_purple","floor":16},{"not_picked":["StateDuplicate_purple","Worldmountain_purple"],"picked":"StateErode_purple","floor":18},{"not_picked":["SharpContractionReality_purple","Umbrella_purple"],"picked":"Fantasy_PerpetualMotionMachine_purple","floor":21},{"not_picked":["StateErode_purple","MeetDecomposer_purple"],"picked":"Fantasy_PerpetualMotionMachine_purple+1","floor":21},{"not_picked":["ButterflyHabitatTemple_purple","SharpContractionReality_purple"],"picked":"ExistenceContinue_purple","floor":21},{"not_picked":["StateDuplicate_purple","Line_surface_state_purple"],"picked":"Boundary_LifeAndDeath_purple","floor":21},{"not_picked":["Boundary_DreamRealityDamnation_purple","RealityDreamConfluencek_purple"],"picked":"MonsterNeedle_purple","floor":21},{"not_picked":["CommonSense_AntiCommonSense_purple","Charmbait_purple"],"picked":"Anti_communist_purple","floor":22},{"not_picked":["StateDuplicate_purple","Worldmountain_purple+1"],"picked":"GluttonyofRealm_purpleEX","floor":27},{"not_picked":["Mirror_Drifter_purple+1","AdvanceAttack_purple"],"picked":"WeekHit_purple","floor":28},{"not_picked":["Realm_recovery_purpleEX","MeetDecomposer_purple"],"picked":"OmniscientAndOmnipotent_Monster_purple","floor":30},{"not_picked":["Mirror_FormAndEmptin_purple","PurpleNeedle_purple","Charmbait_purple"],"picked":"SKIP","floor":31},{"not_picked":["Human_Monster_Realm_purple","WangLiang_OokamiKakushi_purple"],"picked":"Fancifulhole_purple","floor":33},{"not_picked":["StateErode_purple","OmniscientAndOmnipotent_Monster_purple"],"picked":"Shallow_ocean_purpleEX","floor":35},{"not_picked":["WeekHit_purple","Worldmountain_purple+1"],"picked":"ExternalForce_HighSpeedFlying_purple+1","floor":37},{"not_picked":["ExistenceContinue_purple","Anti_communist_purple"],"picked":"Shallow_ocean_purpleEX","floor":38},{"not_picked":["MeetDecomposer_purple","Boundary_DynamicStaticEquilibrium_purple+1"],"picked":"Know_ledgeAbilityRealm_purple","floor":40},{"not_picked":["Mirror_FourBoundary_purple","SfantasyHide_purple"],"picked":"StretchesForeverDream_purple","floor":42},{"not_picked":["Fantasy_PerpetualMotionMachine_purple+1","Worldmountain_purple+1"],"picked":"Nest_LightFlightworm_purple","floor":44},{"not_picked":["OmniscientAndOmnipotent_Monster_purple","Mirror_WaveAndshot_purple+1"],"picked":"ProofOfUnderstanding_purple","floor":46},{"not_picked":["SharpContractionReality_purple+1","Worldmountain_purple+1"],"picked":"RealityDreamConfluencek_purple+1","floor":47}],"player_experience":9574,"relics_obtained":[{"floor":1.0,"key":"LetterFromLob"},{"floor":8,"key":"Blood Vial"},{"floor":10,"key":"Bag of Marbles"},{"floor":22,"key":"Gensokyo:ConquerorOfFear"},{"floor":26,"key":"Letter Opener"},{"floor":27,"key":"Regal Pillow"},{"floor":40,"key":"Antimatter_spacedebris"},{"floor":43,"key":"MawBank"},{"floor":44,"key":"Old Coin"},{"floor":46,"key":"Pen Nib"}],"event_choices":[],"is_beta":false,"boss_relics":[{"not_picked":["SacredBark","Empty Cage"],"picked":"SlaversCollar"},{"not_picked":["Philosopher\u0027s Stone","Fusion Hammer"],"picked":"Runic Pyramid"}],"items_purged_floors":[48],"is_endless":false,"potions_floor_spawned":[1,2,5,7,10,16,18,22,28,33,37,38,42,44],"ascension_level":1}}