{"host":"qmlry8i8enac5s44","time":1611031493,"event":{"mods":["Act Like it!","BaseMod","Colored Map","Gensokyo","Luminous","Marisa£®ÏF”Í°°ƒß¿Ì…≥£©","Minty Spire (QoL Compilation)","Reimu£®≤©¿ˆ¡È√Œ£©","StSLib","°æ“≈ŒÔø®≈∆°øREMEMod"],"gold_per_floor":[111,111,111,129,140,168,168,196,221,253,253,268,301,17,17,17,17],"floor_reached":16,"language":"ZHS","playtime":726,"items_purged":[],"score":150,"play_id":"5ce5ba4f-3a41-4fe4-9651-7a3e6720fac3","local_time":"20210119124453","is_ascension_mode":true,"campfire_choices":[{"data":"Demon Form","floor":11,"key":"SMITH"},{"data":"CollectingQuirk","floor":15,"key":"SMITH"}],"circlet_count":0,"master_deck":["Strike_MRS+1","Strike_MRS+1","Strike_MRS+1","Strike_MRS+1","Defend_MRS","Defend_MRS","Defend_MRS","Defend_MRS","MasterSpark+1","UpSweep","MachineGunSpark+1","Demon Form+1","Gensokyo:MarisaTwilightSpark+1","PulseMagic","EarthLightRay","CollectingQuirk+1","Gensokyo:BlemishedSteel","Gensokyo:TarnishedGold","Gensokyo:RustyChest"],"relics":["MiniHakkero","REME_ComplimentaryCards","NeowsBlessing","Gensokyo:PortableGap","Centennial Puzzle","Oddly Smooth Stone","Tiny Chest","Singing Bowl","Art of War","Strange Spoon"],"acts_visited":["Exordium"],"potions_floor_usage":[6,16,16],"damage_taken":[{"damage":0,"enemies":"Gensokyo:Python","floor":1,"turns":1},{"damage":0,"enemies":"Gensokyo:Gryphon","floor":4,"turns":1},{"damage":0,"enemies":"Gensokyo:3_Fairies","floor":5,"turns":1},{"damage":3,"enemies":"Gensokyo:Mamizou","floor":6,"turns":7},{"damage":17,"enemies":"Gensokyo:Cirno","floor":8,"turns":6},{"damage":10,"enemies":"Gensokyo:Mamizou","floor":10,"turns":6},{"damage":19,"enemies":"Gensokyo:3_Kodama","floor":12,"turns":3},{"damage":4,"enemies":"Gensokyo:Aya","floor":13,"turns":4},{"damage":22,"enemies":"Gensokyo:Yukari","floor":16,"turns":5}],"seed_played":"-5610240534945014386","potions_obtained":[{"floor":1,"key":"StarNLove"},{"floor":5,"key":"Block Potion"},{"floor":8,"key":"Swift Potion"},{"floor":13,"key":"Energy Potion"}],"is_trial":false,"path_per_floor":["M","?","?","M","M","E","?","E","T","E","R","M","E","COS","R","B"],"character_chosen":"MARISA","items_purchased":[],"campfire_rested":0,"item_purchase_floors":[],"current_hp_per_floor":[75,75,68,68,68,65,45,28,28,24,24,11,11,11,11,0,0],"gold":17,"neow_bonus":"THREE_ENEMY_KILL","is_daily":false,"chose_seed":false,"campfire_upgraded":2,"win_rate":0.0,"timestamp":1611031493,"path_taken":["M","?","?","M","?","E","?","E","T","E","R","M","E","COS","R","BOSS"],"items_purchased_type":[],"build_version":"2020-12-22","purchased_purges":0,"victory":false,"max_hp_per_floor":[75,75,68,68,68,68,68,68,65,67,67,69,69,69,69,69,69],"card_choices":[{"not_picked":["UnstableBomb","AsteroidBelt"],"picked":"MachineGunSpark","floor":1},{"not_picked":["AsteroidBelt","DC","IllusionStar"],"picked":"SKIP","floor":4},{"not_picked":["EarthLightRay","ShootingEcho"],"picked":"PulseMagic","floor":5},{"not_picked":["MillisecondPulsars","GalacticHalo","PowerUp"],"picked":"SKIP","floor":6},{"not_picked":["SprinkleStarSeal","MagicAbsorber"],"picked":"EarthLightRay","floor":8},{"not_picked":["GravityBeat","MysteriousBeam","WitchLeyline"],"picked":"Singing Bowl","floor":10},{"not_picked":["6A","Singularity","AsteroidBelt"],"picked":"Singing Bowl","floor":12},{"not_picked":["AlicesGift","UnstableBomb"],"picked":"CollectingQuirk","floor":13}],"player_experience":421969,"relics_obtained":[{"floor":6,"key":"Centennial Puzzle"},{"floor":8,"key":"Oddly Smooth Stone"},{"floor":9,"key":"Tiny Chest"},{"floor":10,"key":"Singing Bowl"},{"floor":13,"key":"Art of War"}],"event_choices":[],"is_beta":false,"boss_relics":[],"items_purged_floors":[],"is_endless":false,"potions_floor_spawned":[1,5,8,13],"killed_by":"Gensokyo:Yukari","ascension_level":5}}