{"host":"Berg","time":1611068680,"event":{"mods":["AchievementEnabler","BaseMod","Colored Map","Highlight Path","Minty Spire (QoL Compilation)","Relic Stats","StSLib"],"gold_per_floor":[119,119,135,135,152,152,26,53,53,53,27,62,38,38,38],"floor_reached":14,"language":"ENG","playtime":378,"items_purged":["Strike_R"],"score":101,"play_id":"3784f3e4-814c-457a-a7ee-f91a4ba042d0","local_time":"20210119100440","is_ascension_mode":true,"campfire_choices":[{"data":"Uppercut","floor":6,"key":"SMITH"},{"floor":10,"key":"REST"}],"circlet_count":0,"master_deck":["Strike_R","Defend_R","Defend_R","Defend_R","Defend_R","Bash","Uppercut+1","Limit Break","Entrench","Flex","Twin Strike","Demon Form","True Grit","Shrug It Off"],"relics":["Burning Blood","Prayer Wheel","Pocketwatch","Peace Pipe"],"acts_visited":["Exordium"],"potions_floor_usage":[8],"damage_taken":[{"damage":2,"enemies":"2 Louse","floor":1,"turns":4},{"damage":17,"enemies":"Small Slimes","floor":3,"turns":4},{"damage":7,"enemies":"Jaw Worm","floor":5,"turns":5},{"damage":52,"enemies":"Lagavulin","floor":8,"turns":9},{"damage":13,"enemies":"Gremlin Nob","floor":12,"turns":3},{"damage":22,"enemies":"3 Sentries","floor":14,"turns":3}],"seed_played":"4533459533438370842","potions_obtained":[{"floor":3,"key":"FearPotion"},{"floor":8,"key":"Weak Potion"}],"is_trial":false,"path_per_floor":["M","?","M","?","M","R","$","E","T","R","?","E","$","E"],"character_chosen":"IRONCLAD","items_purchased":["Twin Strike","Shrug It Off"],"campfire_rested":1,"item_purchase_floors":[7,13],"current_hp_per_floor":[72,72,61,54,53,53,53,7,7,28,28,21,21,0,0],"gold":38,"neow_bonus":"TRANSFORM_TWO_CARDS","is_daily":false,"chose_seed":false,"campfire_upgraded":1,"win_rate":0.0,"timestamp":1611068680,"path_taken":["M","?","M","?","M","R","$","E","T","R","?","E","?","E"],"items_purchased_type":["Card","Card"],"build_version":"2020-12-18","purchased_purges":1,"victory":false,"max_hp_per_floor":[72,72,72,72,72,72,72,72,72,72,72,72,72,72,72],"relic_stats":{"Peace Pipe":0,"counters":[6,28],"Prayer Wheel":0,"obtain_stats":[{"Peace Pipe":12,"Prayer Wheel":8,"Burning Blood":0,"Pocketwatch":9},{"Peace Pipe":5,"Prayer Wheel":4,"Burning Blood":0,"Pocketwatch":4},{"Peace Pipe":25,"Prayer Wheel":22,"Burning Blood":0,"Pocketwatch":22}],"Burning Blood":26,"Pocketwatch":[12]},"card_choices":[{"not_picked":["Body Slam","Thunderclap"],"picked":"Entrench","floor":1},{"not_picked":["Warcry","Havoc","Thunderclap"],"picked":"SKIP","floor":3},{"not_picked":["Shockwave","Heavy Blade"],"picked":"Flex","floor":5},{"not_picked":["Anger","Fire Breathing"],"picked":"Demon Form","floor":8},{"not_picked":["Rupture","Havoc"],"picked":"True Grit","floor":12}],"player_experience":1340894,"relics_obtained":[{"floor":8,"key":"Prayer Wheel"},{"floor":9,"key":"Pocketwatch"},{"floor":12,"key":"Peace Pipe"}],"event_choices":[{"damage_healed":0,"gold_gain":0,"player_choice":"Ignored","damage_taken":0,"max_hp_gain":0,"max_hp_loss":0,"event_name":"Liars Game","floor":2,"gold_loss":0},{"cards_removed":["Strike_R"],"damage_healed":0,"gold_gain":0,"player_choice":"Card Removal","damage_taken":7,"max_hp_gain":0,"max_hp_loss":0,"event_name":"Golden Wing","floor":4,"gold_loss":0},{"damage_healed":0,"gold_gain":0,"player_choice":"Left Gold","damage_taken":0,"max_hp_gain":0,"max_hp_loss":0,"event_name":"World of Goop","floor":11,"gold_loss":26}],"is_beta":true,"boss_relics":[],"items_purged_floors":[7],"is_endless":false,"potions_floor_spawned":[3,8],"killed_by":"3 Sentries","ascension_level":1}}