{"host":"q2j4ef1ti78v4imq","time":1611072410,"event":{"mods":["AchievementEnabler","BaseMod","Better Altar","Better Match","Better Note","Better Sensory Stone","Better Skull","Better Third Choice","Block Reminder","Hermit","Minty Spire (QoL Compilation)","Relic Stats","Replay The Spire","Shade Mod","StSLib"],"gold_per_floor":[115,126,140,140,150,150,181,181,181,181,106,106,117,117,117,117,117],"floor_reached":16,"language":"ENG","playtime":515,"items_purged":[],"score":190,"play_id":"43a11e79-e498-40ff-9a56-829b3931401e","local_time":"20210119160650","is_ascension_mode":true,"campfire_choices":[{"data":"Flex","floor":6,"key":"SMITH"},{"data":"Wild Strike","floor":8,"key":"SMITH"},{"data":"Double Tap","floor":10,"key":"SMITH"},{"data":"Strike_R","floor":12,"key":"SMITH"},{"floor":15,"key":"REST"}],"circlet_count":0,"master_deck":["AscendersBane","Strike_R+1","Strike_R","Strike_R","Strike_R","Strike_R","Defend_R","Defend_R","Defend_R","Bash+1","Double Tap+1","Wild Strike+1","Heavy Blade","Flex+1","Disarm","Pummel","Burn+1"],"relics":["Burning Blood","Meat on the Bone","Counterbalance"],"acts_visited":["Exordium"],"potions_floor_usage":[3,7],"damage_taken":[{"damage":12,"enemies":"Cultist","floor":1,"turns":4},{"damage":7,"enemies":"2 Louse","floor":2,"turns":4},{"damage":2,"enemies":"Jaw Worm","floor":3,"turns":3},{"damage":8,"enemies":"Blue Slaver","floor":5,"turns":3},{"damage":35,"enemies":"Lagavulin","floor":7,"turns":6},{"damage":15,"enemies":"Lots of Slimes","floor":13,"turns":4},{"damage":59,"enemies":"Hexaghost","floor":16,"turns":10}],"seed_played":"7512600047514238381","potions_obtained":[{"floor":1,"key":"Swift Potion"},{"floor":2,"key":"DuplicationPotion"},{"floor":3,"key":"LiquidBronze"}],"is_trial":false,"path_per_floor":["M","M","M","?","M","R","E","R","T","R","?","R","M","?","R","B"],"character_chosen":"IRONCLAD","items_purchased":[],"campfire_rested":1,"item_purchase_floors":[],"current_hp_per_floor":[62,61,65,65,63,63,34,34,34,34,34,34,37,37,59,0,0],"gold":117,"neow_bonus":"ONE_RANDOM_RARE_CARD","is_daily":false,"chose_seed":false,"campfire_upgraded":4,"win_rate":0.0,"timestamp":1611072410,"path_taken":["M","M","M","?","M","R","E","R","T","R","?","R","M","?","R","BOSS"],"items_purchased_type":[],"build_version":"2020-12-22","purchased_purges":0,"victory":false,"max_hp_per_floor":[75,75,75,75,75,75,75,75,75,75,75,75,75,75,75,75,75],"relic_stats":{"counters":[7,34],"obtain_stats":[{"Counterbalance":9,"Burning Blood":0,"Meat on the Bone":7},{"Counterbalance":5,"Burning Blood":0,"Meat on the Bone":5},{"Counterbalance":20,"Burning Blood":0,"Meat on the Bone":20}],"Burning Blood":36,"Meat on the Bone":12},"card_choices":[{"not_picked":["Sever Soul","Pummel"],"picked":"Wild Strike","floor":1},{"not_picked":["Evolve","Pommel Strike"],"picked":"Heavy Blade","floor":2},{"not_picked":["ReplayTheSpireMod:Strike From Hell","Wild Strike","Replay:Many Hands"],"picked":"SKIP","floor":3},{"not_picked":["Reckless Charge","Life Link"],"picked":"Flex","floor":5},{"not_picked":["Rupture","Bloodletting"],"picked":"Disarm","floor":7},{"not_picked":["Iron Wave","ReplayReversal"],"picked":"Pummel","floor":13}],"player_experience":851580,"relics_obtained":[{"floor":7,"key":"Meat on the Bone"},{"floor":9,"key":"Counterbalance"}],"event_choices":[{"cards_removed":["Defend_R"],"damage_healed":0,"gold_gain":0,"player_choice":"Card Removal","damage_taken":0,"max_hp_gain":0,"max_hp_loss":0,"event_name":"The Cleric","floor":11,"gold_loss":75},{"damage_healed":37,"gold_gain":0,"player_choice":"Embrace Burn","damage_taken":0,"max_hp_gain":0,"max_hp_loss":75,"event_name":"betterThird:BetterShining","floor":14,"gold_loss":0}],"is_beta":false,"boss_relics":[],"items_purged_floors":[],"is_endless":false,"potions_floor_spawned":[1,2,3],"killed_by":"Hexaghost","ascension_level":18}}