{"host":"axuns55dzq466eei","time":1611062221,"event":{"mods":["BaseMod","Colored Map","Keyboard Shortcuts","Minty Spire (QoL Compilation)","StSLib","SuperFastMode"],"gold_per_floor":[109,119,44,44,56,56,75,102,172,172,182,182,182],"floor_reached":12,"language":"KOR","playtime":253,"items_purged":[],"score":160,"play_id":"b2dc848e-2318-4555-8e86-55e0c30fe76a","local_time":"20210119221701","is_ascension_mode":true,"campfire_choices":[{"data":"Glacier","floor":6,"key":"SMITH"},{"data":"Hologram","floor":10,"key":"SMITH"}],"circlet_count":0,"master_deck":["AscendersBane","Strike_B","Strike_B","Strike_B","Defend_B","Defend_B","Defend_B","Defend_B","Zap+1","Dualcast","Conserve Battery","Glacier+1","Hologram+1","Lockon","Capacitor"],"relics":["Cracked Core","Pear"],"acts_visited":["Exordium"],"potions_floor_usage":[8,8,8],"damage_taken":[{"damage":10,"enemies":"Small Slimes","floor":1,"turns":4},{"damage":3,"enemies":"2 Louse","floor":2,"turns":2},{"damage":1,"enemies":"Cultist","floor":5,"turns":4},{"damage":1,"enemies":"Blue Slaver","floor":7,"turns":5},{"damage":7,"enemies":"Lagavulin","floor":8,"turns":7},{"damage":23,"enemies":"Lots of Slimes","floor":11,"turns":5},{"damage":41,"enemies":"Gremlin Nob","floor":12,"turns":3}],"seed_played":"546764569984207059","potions_obtained":[{"floor":2,"key":"DistilledChaos"},{"floor":4,"key":"EntropicBrew"},{"floor":8,"key":"Dexterity Potion"}],"is_trial":false,"path_per_floor":["M","M","?","?","M","R","M","E","T","R","M","E"],"character_chosen":"DEFECT","items_purchased":[],"campfire_rested":0,"item_purchase_floors":[],"current_hp_per_floor":[54,51,51,51,50,50,49,42,52,52,29,0,0],"gold":182,"neow_bonus":"UPGRADE_CARD","is_daily":false,"chose_seed":false,"campfire_upgraded":2,"win_rate":0.0,"timestamp":1611062221,"path_taken":["M","M","?","?","M","R","M","E","T","R","?","E"],"items_purchased_type":[],"build_version":"2020-12-22","purchased_purges":0,"victory":false,"max_hp_per_floor":[71,71,71,71,71,71,71,71,81,81,81,81,81],"card_choices":[{"not_picked":["Stack","Rebound"],"picked":"Conserve Battery","floor":1},{"not_picked":["Gash","Leap"],"picked":"Glacier","floor":2},{"not_picked":["Redo","White Noise"],"picked":"Hologram","floor":5},{"not_picked":["Cold Snap","FTL"],"picked":"Lockon","floor":7},{"not_picked":["Heatsinks","Genetic Algorithm"],"picked":"Capacitor","floor":8},{"not_picked":["Steam Power","Turbo","Gash"],"picked":"SKIP","floor":11}],"player_experience":1084930,"relics_obtained":[{"floor":9,"key":"Pear"}],"event_choices":[{"cards_removed":["Strike_B"],"damage_healed":0,"gold_gain":0,"player_choice":"Card Removal","damage_taken":0,"max_hp_gain":0,"max_hp_loss":0,"event_name":"The Cleric","floor":3,"gold_loss":75},{"damage_healed":0,"gold_gain":0,"player_choice":"Got Potions","damage_taken":0,"max_hp_gain":0,"max_hp_loss":0,"event_name":"Lab","floor":4,"gold_loss":0}],"is_beta":false,"boss_relics":[],"items_purged_floors":[],"is_endless":false,"potions_floor_spawned":[2,5,8],"killed_by":"Gremlin Nob","ascension_level":20}}