{"host":"ln76an1o32p2wxtf","time":1611060870,"event":{"mods":["AchievementEnabler","Act Like it!","BaseMod","BetterRewards","Colored Powertips","Energized Spire","GifTheSpireLib","Infinite Spire","Minty Spire (QoL Compilation)","Shop Mod","StSLib"],"gold_per_floor":[119,219,51,1,1,33,33,47,47,47,62,337,238,257,257,360,360,373,389,389,400,414,448,448,465,465,465,465],"floor_reached":27,"language":"ENG","playtime":2430,"items_purged":["Regret","Strike_R"],"score":296,"play_id":"68941dab-6355-410a-9b4e-483fe41e221c","local_time":"20210119205430","is_ascension_mode":true,"campfire_choices":[{"data":"Entrench","floor":7.0,"key":"SMITH"},{"data":"Burning Pact","floor":10.0,"key":"SMITH"},{"floor":15.0,"key":"RECALL"},{"floor":24,"key":"REST"}],"circlet_count":0,"master_deck":["Strike_R","Strike_R","Strike_R","Strike_R","Defend_R","Defend_R","Defend_R","Bash","Spot Weakness","Burning Pact+1","Entrench+1","Shrug It Off","Feed","Metallicize","Armaments","Armaments","Bludgeon","Metallicize","Headbutt","infinitespire:DeathsTouch","Seeing Red+1","Flame Barrier","Pommel Strike+1","Bloodletting"],"relics":["Burning Blood","NeowsBlessing","Membership Card","Question Card","Self Forming Clay","Philosopher\u0027s Stone","infinitespire:PuzzleCube"],"acts_visited":["Exordium","TheCity"],"potions_floor_usage":[23,25,27],"damage_taken":[{"damage":0.0,"enemies":"Cultist","floor":1.0,"turns":1.0},{"damage":0.0,"enemies":"3 Sentries","floor":6.0,"turns":2.0},{"damage":0.0,"enemies":"Jaw Worm","floor":8.0,"turns":1.0},{"damage":2.0,"enemies":"Small Slimes","floor":11.0,"turns":4.0},{"damage":20.0,"enemies":"Exordium Thugs","floor":14.0,"turns":13.0},{"damage":55.0,"enemies":"Slime Boss","floor":16.0,"turns":17.0},{"damage":9.0,"enemies":"Shell Parasite","floor":18.0,"turns":8.0},{"damage":49,"enemies":"3 Byrds","floor":19,"turns":10},{"damage":23,"enemies":"Centurion and Healer","floor":21,"turns":7},{"damage":11,"enemies":"Snecko","floor":22,"turns":5},{"damage":16,"enemies":"Slavers","floor":23,"turns":6},{"damage":46,"enemies":"Cultist and Chosen","floor":25,"turns":7},{"damage":7,"enemies":"Book of Stabbing","floor":27,"turns":2}],"seed_played":"2907896853455306324","potions_obtained":[{"floor":6.0,"key":"Weak Potion"},{"floor":14.0,"key":"SkillPotion"},{"floor":19,"key":"SkillPotion"},{"floor":21,"key":"FearPotion"},{"floor":25,"key":"EssenceOfSteel"}],"is_trial":false,"path_per_floor":["M","?","$","?","$","E","R","M","T","R","M","?","$","M","R","B",null,"M","M","AVR","M","M","E","R","M","T","E"],"character_chosen":"IRONCLAD","items_purchased":["Membership Card","Burning Pact","Metallicize","Armaments"],"campfire_rested":1,"item_purchase_floors":[3,3,13,13],"current_hp_per_floor":[80,80,80,80,80,80,80,80,80,80,80,80,80,70,70,21,84,81,41,41,28,23,16,44,7,7,0,0],"gold":465,"neow_bonus":"THREE_ENEMY_KILL","is_daily":false,"chose_seed":false,"campfire_upgraded":2,"win_rate":0.0,"timestamp":1611060870,"path_taken":["M","?","?","?","?","E","R","M","T","R","?","?","$","M","R","BOSS","M","M","AVR","M","M","E","R","M","T","E"],"items_purchased_type":["Relic","Card","Card","Card"],"build_version":"2020-12-22","purchased_purges":2,"victory":false,"max_hp_per_floor":[80,80,80,80,80,80,80,80,80,80,80,80,80,84,84,84,84,84,87,87,91,91,94,94,97,97,97,97],"card_choices":[{"not_picked":["Blood for Blood","Twin Strike"],"picked":"Spot Weakness","floor":1.0},{"not_picked":["True Grit","Combust"],"picked":"Entrench","floor":6.0},{"not_picked":["Heavy Blade","Perfected Strike","Searing Blow"],"picked":"Shrug It Off","floor":8.0},{"not_picked":["Second Wind","Heavy Blade","Shrug It Off"],"picked":"Feed","floor":11.0},{"not_picked":["Flex","Shrug It Off","Iron Wave"],"picked":"Armaments","floor":14.0},{"not_picked":["Exhume","Immolate","Fiend Fire"],"picked":"Bludgeon","floor":16.0},{"not_picked":["Fire Breathing","Thunderclap","Flex"],"picked":"Metallicize","floor":18.0},{"not_picked":["Shrug It Off","Wild Strike+1","Warcry+1"],"picked":"Headbutt","floor":19},{"not_picked":["Sword Boomerang","Perfected Strike","Havoc"],"picked":"Seeing Red+1","floor":21},{"not_picked":["Pommel Strike","Second Wind+1","Entrench"],"picked":"Flame Barrier","floor":22},{"not_picked":["Flex","Anger","Hemokinesis"],"picked":"Pommel Strike+1","floor":23},{"not_picked":["Pummel+1","Carnage+1","Thunderclap+1"],"picked":"Bloodletting","floor":25}],"player_experience":740522,"relics_obtained":[{"floor":6.0,"key":"Question Card"},{"floor":9.0,"key":"Self Forming Clay"},{"floor":23,"key":"infinitespire:PuzzleCube"}],"event_choices":[{"damage_healed":0.0,"max_hp_gain":0.0,"max_hp_loss":0.0,"gold_gain":100.0,"event_name":"Golden Shrine","player_choice":"Pray","floor":2.0,"gold_loss":0.0,"damage_taken":0.0},{"cards_removed":["Defend_R"],"damage_healed":0.0,"max_hp_gain":0.0,"max_hp_loss":0.0,"gold_gain":0.0,"event_name":"The Cleric","player_choice":"Card Removal","floor":4.0,"gold_loss":50.0,"damage_taken":0.0},{"damage_healed":0.0,"max_hp_gain":0.0,"max_hp_loss":0.0,"gold_gain":275.0,"event_name":"Golden Shrine","player_choice":"Desecrate","floor":12.0,"gold_loss":0.0,"damage_taken":0.0,"cards_obtained":["Regret"]}],"is_beta":false,"boss_relics":[{"not_picked":["energizedSpire:CursedPentagram","energizedSpire:OgreHead"],"picked":"Philosopher\u0027s Stone"}],"items_purged_floors":[13,20],"is_endless":false,"potions_floor_spawned":[6,14,19,21,25],"killed_by":"Book of Stabbing","ascension_level":1}}