{"host":"ak97kadm4gobvh6l","time":1611093443,"event":{"mods":["BaseMod","Downfall","Minty Spire (QoL Compilation)","StSLib"],"gold_per_floor":[0,20,30,15,115,2,2,2,2,34,184,84,118,118,132,132,132,132],"floor_reached":16,"language":"ENG","playtime":1486,"items_purged":["bronze:Strike"],"score":106,"play_id":"0925bc83-648d-45e6-85df-59bf284d9e88","local_time":"20210119225723","is_ascension_mode":false,"campfire_choices":[{"data":"bronze:Replicate","floor":1,"key":"SMITH"},{"floor":9,"key":"REST"},{"data":"bronze:FineTuning","floor":12,"key":"SMITH"}],"circlet_count":0,"master_deck":["bronze:Strike","bronze:Strike","bronze:Defend","bronze:Defend","bronze:Defend","bronze:Replicate+1","bronze:Goto","bronze:Separator","bronze:FineTuning+1","bronze:ChosenStrike","bronze:Branch","bronze:Branch","bronze:Separator","bronze:Goto","bronze:WhirlingStrike","downfall:Icky","bronze:Replicate+1","bronze:ChosenStrike","Clumsy"],"relics":["bronze:BronzeCore","Potion Belt","Juzu Bracelet","downfall:HeartBlessingBlue","Orichalcum"],"acts_visited":["Exordium"],"potions_floor_usage":[5,6,16,16],"damage_taken":[{"damage":0,"enemies":"Cultist","floor":2,"turns":4},{"damage":1,"enemies":"Jaw Worm","floor":3,"turns":3},{"damage":0,"enemies":"downfall:FleeingMerchant","floor":4,"turns":4},{"damage":29,"enemies":"downfall:LadyInBlue","floor":5,"turns":9},{"damage":5,"enemies":"downfall:FleeingMerchant","floor":6,"turns":4},{"damage":6,"enemies":"3 Sentries","floor":10,"turns":5},{"damage":26,"enemies":"Lagavulin","floor":13,"turns":6},{"damage":0,"enemies":"Small Slimes","floor":15,"turns":2},{"damage":34,"enemies":"DF_ARCHETYPE_STREAMLINE","floor":16,"turns":6}],"seed_played":"3382958369452225645","potions_obtained":[{"floor":2,"key":"GamblersBrew"},{"floor":3,"key":"Weak Potion"},{"floor":5,"key":"bronze:BuildAFunctionPotion"},{"floor":5,"key":"bronze:FreeFunctionsPotion"},{"floor":5,"key":"BlessingOfTheForge"},{"floor":13,"key":"bronze:FreeFunctionsPotion"},{"floor":15,"key":"Strength Potion"}],"is_trial":false,"path_per_floor":["R","M","M","$","?","$","T","?","R","E","?","R","E","?","M","B"],"character_chosen":"THE_AUTOMATON","items_purchased":["bronze:Branch"],"campfire_rested":1,"item_purchase_floors":[6],"current_hp_per_floor":[70,70,69,69,40,35,35,35,56,50,50,60,34,34,34,0,0,0],"gold":132,"neow_bonus":"REMOVE_TWO","is_daily":false,"chose_seed":false,"campfire_upgraded":2,"win_rate":0.0,"timestamp":1611093443,"path_taken":["R","M","M","$","?","?","T","?","R","E","?","R","E","?","M","BOSS"],"items_purchased_type":["Card"],"build_version":"2020-12-22","purchased_purges":1,"victory":false,"max_hp_per_floor":[70,70,70,70,70,70,70,70,70,70,70,80,80,80,80,80,80,80],"card_choices":[{"not_picked":["bronze:Backtrace","bronze:DelayedSlice","bronze:Shell"],"picked":"SKIP","floor":2},{"not_picked":["bronze:Safeguard","bronze:BitShift"],"picked":"bronze:Separator","floor":3},{"not_picked":["bronze:OilSpill","bronze:DelayedGuard"],"picked":"bronze:FineTuning","floor":4},{"not_picked":["bronze:Return","bronze:Boost"],"picked":"bronze:ChosenStrike","floor":5},{"not_picked":["bronze:Iterate","bronze:Overload"],"picked":"bronze:Branch","floor":6},{"not_picked":["bronze:Separator","bronze:Allocate"],"picked":"bronze:WhirlingStrike","floor":10},{"not_picked":["bronze:BitShift","bronze:Fortify","bronze:DelayedSlice"],"picked":"SKIP","floor":13},{"not_picked":["bronze:Shield","bronze:OilSpill","bronze:CleanCode"],"picked":"SKIP","floor":15}],"player_experience":1030799,"relics_obtained":[{"floor":5,"key":"Potion Belt"},{"floor":10,"key":"Juzu Bracelet"},{"floor":13,"key":"Orichalcum"}],"event_choices":[],"is_beta":false,"boss_relics":[],"items_purged_floors":[6],"is_endless":false,"potions_floor_spawned":[2,3,13,15],"killed_by":"DF_ARCHETYPE_STREAMLINE","ascension_level":0}}