{"host":"g868zphnms2wggi3","time":1611061062,"event":{"mods":["Act Like it!","Arknights The Spire","BaseMod","Colored Map","Gensokyo","GifTheSpireLib","Good Game Mod","Minty Spire (QoL Compilation)","StSLib","The Bug Knight","Youmu£®ªÍ∆«—˝√Œ£©","Yuyuko"],"gold_per_floor":[118,118,128,128,143,173,173,183,231,261,261,40,40,59,59,159,159,174,74,86,86,86,121,121,121,148,160,186,205,231,241,241,341,341,353,399,274,294,51,80,80,98,98,126,126,144,163,178,178,178],"floor_reached":51,"language":"ZHS","playtime":6177,"items_purged":["HollowMod:NailStrikeStart","HollowMod:QuickDashStart","Normality"],"score":752,"play_id":"b07bd48f-ea33-4b60-a025-4c00a7bfe9cd","local_time":"20210119205742","is_ascension_mode":false,"campfire_choices":[{"data":"HollowMod:FocusHealStart","floor":11.0,"key":"SMITH"},{"data":"HollowMod:QuirrelsAssistance","floor":13.0,"key":"SMITH"},{"data":"HollowMod:CycloneSlash","floor":15.0,"key":"SMITH"},{"data":"Limit Break","floor":25,"key":"SMITH"},{"data":"ats:Flexible Camouflage","floor":32,"key":"SMITH"},{"data":"HollowMod:HuntersJournal","floor":41,"key":"SMITH"},{"floor":49,"key":"REST"}],"circlet_count":0,"master_deck":["HollowMod:NailStrikeStart+1","HollowMod:QuickDashStart","HollowMod:QuickDashStart","HollowMod:FocusHealStart+1","HollowMod:PogoStrike","HollowMod:PerfectDash","The Bomb","HollowMod:QuirrelsAssistance+1","HollowMod:CycloneSlash+1","HollowMod:HuntersJournal+1","Limit Break+1","ats:Flexible Camouflage+1","ats:Disruption Kick+1","Gensokyo:LifeSpringInfinity","HollowMod:DungDefenderAura+1","HollowMod:FastStrike+1","Writhe","Aggregate+1","Decay","Parasite","Gensokyo:LifeSpringInfinity","Deep Breath+1"],"relics":["HollowMod:VesselMask","REME:ComplimentaryCards","Question Card","Dream Catcher","HollowMod:PaleOreRelic","Dead Branch","PrismaticShard","Cursed Key","Bag of Preparation","Vajra","Ancient Tea Set","Mummified Hand","Meat on the Bone","Astrolabe","Whetstone","Bottled Lightning","Bird Faced Urn","Frozen Egg 2","Lantern"],"acts_visited":["Exordium","TheCity","TheBeyond"],"potions_floor_usage":[23,31,33,50,50],"damage_taken":[{"damage":0.0,"enemies":"Small Slimes","floor":1.0,"turns":2.0},{"damage":0.0,"enemies":"2 Louse","floor":3.0,"turns":3.0},{"damage":0.0,"enemies":"Cultist","floor":5.0,"turns":3.0},{"damage":6.0,"enemies":"3 Sentries","floor":6.0,"turns":4.0},{"damage":3.0,"enemies":"Exordium Wildlife","floor":8.0,"turns":3.0},{"damage":18.0,"enemies":"Gremlin Nob","floor":10.0,"turns":4.0},{"damage":0.0,"enemies":"Lots of Slimes","floor":14.0,"turns":2.0},{"damage":36.0,"enemies":"Hexaghost","floor":16.0,"turns":8.0},{"damage":5,"enemies":"Shell Parasite","floor":18,"turns":5},{"damage":18,"enemies":"HollowMod:HuskSentry","floor":20,"turns":4},{"damage":17,"enemies":"Slavers","floor":23,"turns":3},{"damage":14,"enemies":"Centurion and Healer","floor":27,"turns":4},{"damage":18,"enemies":"HollowMod:Nosk","floor":28,"turns":6},{"damage":12,"enemies":"Shelled Parasite and Fungi","floor":29,"turns":5},{"damage":38,"enemies":"Gremlin Leader","floor":30,"turns":6},{"damage":1,"enemies":"Cultist and Chosen","floor":31,"turns":5},{"damage":46,"enemies":"Collector","floor":33,"turns":7},{"damage":11,"enemies":"Orb Walker","floor":35,"turns":4},{"damage":25,"enemies":"3 Shapes","floor":38,"turns":4},{"damage":4,"enemies":"Giant Head","floor":40,"turns":5},{"damage":0,"enemies":"Transient","floor":42,"turns":5},{"damage":28,"enemies":"Reptomancer","floor":44,"turns":7},{"damage":12,"enemies":"Maw","floor":46,"turns":5},{"damage":20,"enemies":"Writhing Mass","floor":47,"turns":5},{"damage":2,"enemies":"Transient","floor":48,"turns":5},{"damage":9,"enemies":"HollowMod:Radiance","floor":50,"turns":4}],"seed_played":"-4168188005716560058","potions_obtained":[{"floor":1.0,"key":"BlessingOfTheForge"},{"floor":6.0,"key":"DistilledChaos"},{"floor":8.0,"key":"LiquidMemories"},{"floor":14.0,"key":"CultistPotion"},{"floor":28,"key":"ColorlessPotion"},{"floor":29,"key":"Dexterity Potion"},{"floor":33,"key":"Weak Potion"},{"floor":35,"key":"Strength Potion"}],"is_trial":false,"path_per_floor":["M","?","M","?","M","E","?","M","T","E","R","$","R","M","R","B",null,"M","$","M","$","$","E","?","R","T","M","E","M","E","M","R","B",null,"M","T","$","M","$","E","R","M","T","E","$","M","M","M","R","B",null],"character_chosen":"THE_BUGKNIGHT","items_purchased":["PrismaticShard","Bottled Lightning"],"campfire_rested":1,"item_purchase_floors":[12,39],"current_hp_per_floor":[82,82,82,82,82,76,76,73,73,55,55,55,55,55,55,25,82,79,79,67,67,67,60,60,60,60,56,58,52,24,35,35,13,82,77,77,77,57,57,65,65,75,75,61,61,59,51,55,79,76],"gold":178,"neow_bonus":"TEN_PERCENT_HP_BONUS","is_daily":false,"chose_seed":false,"campfire_upgraded":6,"win_rate":0.0,"timestamp":1611061062,"path_taken":["M","?","M","?","M","E","?","M","T","E","R","$","R","M","R","BOSS","BOSS","M","$","M","?","$","E","?","R","T","M","E","M","E","M","R","BOSS","M","?","?","M","?","E","R","M","T","E","$","M","M","M","R","BOSS"],"items_purchased_type":["Relic","Relic"],"build_version":"2020-12-22","purchased_purges":3,"victory":true,"max_hp_per_floor":[82,82,82,82,82,82,82,82,82,82,82,82,82,82,82,82,82,82,82,82,82,82,82,82,82,82,82,82,82,82,82,82,82,82,82,82,82,82,82,82,82,82,82,82,82,82,82,82,82,82],"card_choices":[{"not_picked":["HollowMod:SiblingsSouls","HollowMod:LifebloodCocoon"],"picked":"HollowMod:PerfectDash","floor":1.0},{"not_picked":["HollowMod:CrystalDash","HollowMod:HeavyBlow","HollowMod:SiblingsShadow"],"picked":"SKIP","floor":3.0},{"not_picked":["HollowMod:SharpenedShadows","HollowMod:MonarchWings"],"picked":"HollowMod:QuirrelsAssistance","floor":5.0},{"not_picked":["HollowMod:SoulSplash","HollowMod:NewLittleFool"],"picked":"HollowMod:CycloneSlash","floor":6.0},{"not_picked":["HollowMod:WraithStrike","HollowMod:HowlingWraiths","HollowMod:InfectedAttack","HollowMod:HeavyBlow"],"picked":"SKIP","floor":8.0},{"not_picked":["HollowMod:VengefulVoid","HollowMod:ChannelNail","HollowMod:DescendingDark"],"picked":"HollowMod:HuntersJournal","floor":10.0},{"not_picked":["Choke","Thunderclap","Go for the Eyes","DeadlyForm"],"picked":"SKIP","floor":14.0},{"not_picked":["Night Terror","ats:True Silver Slash","Master of Strategy"],"picked":"Limit Break","floor":16},{"not_picked":["PretaSword","Butterflies Rainbow+1","Linger over Flower","SwordOfBindingDesires"],"picked":"SKIP","floor":18},{"not_picked":["HollowMod:SoulVessel","Blade Dance+1","Ball Lightning","HollowMod:ShadowDash"],"picked":"SKIP","floor":20},{"not_picked":["Chill+1","HollowMod:FallenFury","Seeing Red","Power Through"],"picked":"SKIP","floor":23},{"not_picked":["Shockwave","SpiderLilyBurial+1","Spear of Papilio+1","PhosphoricSlash"],"picked":"SKIP","floor":27},{"not_picked":["HollowMod:AwokenDreamNail","Showy Withering","Underhanded Strike+1"],"picked":"ats:Flexible Camouflage","floor":28},{"not_picked":["Unpaved Way","Sever Soul","ats:Childhood Dance+1","Uppercut+1"],"picked":"SKIP","floor":29},{"not_picked":["DoubleWheelOfPain","Scrawl","FlashingScatteredFlowers"],"picked":"ats:Disruption Kick","floor":30},{"not_picked":["HollowMod:CornifersMapStart","Sweeping Beam","Dancing Butterflies","Sakura Ward"],"picked":"SKIP","floor":31},{"not_picked":["ConjureBlade","HellRealmSword","Snowing Sakura"],"picked":"Gensokyo:LifeSpringInfinity","floor":33},{"not_picked":["HollowMod:ShadowDash","HollowMod:SoulShaman+1","HollowMod:CrystalDash+1","Body Slam+1"],"picked":"SKIP","floor":35},{"not_picked":["PhosphoricSlash+1","Go for the Eyes+1","ats:Poison Spread","PanicButton+1"],"picked":"SKIP","floor":38},{"not_picked":["ats:Powerful Strike+1","Brutality","Skewer"],"picked":"Aggregate+1","floor":40},{"not_picked":["Dramatic Entrance","ats:Hook Shot","Defragment","ats:Apocalypse+1"],"picked":"SKIP","floor":42},{"not_picked":["Entrench+1","Cleave+1","Sweeping Beam+1","HollowMod:DashSlash+1"],"picked":"SKIP","floor":44},{"not_picked":["Unknown Petal","ats:Hammer On","Unborn Light","ats:Blood Oath+1"],"picked":"SKIP","floor":46},{"not_picked":["ats:Ignite","Adaptation+1","ats:Support Order+1","PhosphoricSlash+1"],"picked":"SKIP","floor":47},{"not_picked":["HollowMod:SoulStrike+1","ats:Composite Medical Shells+1","ConstancyOfTheConventionalTruth"],"picked":"Gensokyo:LifeSpringInfinity","floor":48},{"not_picked":["Sucker Punch+1","Acrobatics","Conclude+1"],"picked":"Deep Breath+1","floor":49}],"player_experience":182176,"relics_obtained":[{"floor":6.0,"key":"Question Card"},{"floor":7.0,"key":"Dream Catcher"},{"floor":9.0,"key":"HollowMod:PaleOreRelic"},{"floor":10.0,"key":"Dead Branch"},{"floor":23,"key":"Bag of Preparation"},{"floor":26,"key":"Ancient Tea Set"},{"floor":28,"key":"Mummified Hand"},{"floor":30,"key":"Meat on the Bone"},{"floor":36,"key":"Whetstone"},{"floor":40,"key":"Bird Faced Urn"},{"floor":43,"key":"Frozen Egg 2"},{"floor":44,"key":"Lantern"}],"event_choices":[{"damage_healed":0.0,"max_hp_gain":0.0,"max_hp_loss":0.0,"gold_gain":0.0,"event_name":"Liars Game","player_choice":"Ignored","floor":2.0,"gold_loss":0.0,"damage_taken":0.0},{"cards_removed":["HollowMod:QuickDashStart"],"damage_healed":0.0,"max_hp_gain":0.0,"max_hp_loss":0.0,"gold_gain":0.0,"event_name":"Living Wall","player_choice":"Forget","floor":4.0,"gold_loss":0.0,"damage_taken":0.0},{"damage_healed":0.0,"max_hp_gain":0.0,"max_hp_loss":0.0,"gold_gain":0.0,"event_name":"Wheel of Change","player_choice":"Relic","floor":7.0,"gold_loss":0.0,"damage_taken":0.0},{"damage_healed":0,"gold_gain":0,"player_choice":"Gave Potion","damage_taken":0,"relics_obtained":["Vajra"],"max_hp_gain":0,"max_hp_loss":0,"event_name":"WeMeetAgain","floor":24,"gold_loss":0}],"is_beta":false,"boss_relics":[{"not_picked":["Runic Pyramid","Ectoplasm"],"picked":"Cursed Key"},{"not_picked":["Calling Bell","Fusion Hammer"],"picked":"Astrolabe"}],"items_purged_floors":[12,19,37],"is_endless":false,"potions_floor_spawned":[1,6,8,14,28,29,30,33,35,42,46,48],"ascension_level":0}}