{"host":"i0avyit1s6jb1siw","time":1611095345,"event":{"mods":["BaseMod","DeckTracker","Dota2Spire","Highlight Path","Minty Spire (QoL Compilation)","Quick Restart","StSLib","SuperFastMode"],"gold_per_floor":[112,112,125,125,125,160,174,185,234,234,247,259,284,294,294,294,294],"floor_reached":16,"language":"ENG","playtime":218,"items_purged":[],"score":328,"play_id":"c4cf83bf-b135-432a-8598-b3350e12d81b","local_time":"20210119232905","is_ascension_mode":true,"campfire_choices":[{"data":"Adaptation","floor":15,"key":"SMITH"}],"circlet_count":0,"master_deck":["AscendersBane","Strike_P","Strike_P","Strike_P","Strike_P","Defend_P","Defend_P","Defend_P","Eruption+1","Vigilance","Protect","BowlingBash","CarveReality","Wallop","Perseverance","Adaptation+1","MentalFortress","EmptyBody"],"relics":["PureWater","NeowsBlessing","Mercury Hourglass","Strawberry","Bag of Preparation"],"acts_visited":["Exordium"],"potions_floor_usage":[16,16],"damage_taken":[{"damage":0.0,"enemies":"Jaw Worm","floor":1.0,"turns":1.0},{"damage":0.0,"enemies":"2 Louse","floor":3.0,"turns":1.0},{"damage":0.0,"enemies":"Lagavulin","floor":6.0,"turns":1.0},{"damage":0,"enemies":"Small Slimes","floor":7,"turns":2},{"damage":5,"enemies":"Red Slaver","floor":8,"turns":2},{"damage":0,"enemies":"Large Slime","floor":11,"turns":3},{"damage":1,"enemies":"Blue Slaver","floor":12,"turns":3},{"damage":0,"enemies":"Gremlin Nob","floor":13,"turns":2},{"damage":8,"enemies":"Exordium Thugs","floor":14,"turns":4},{"damage":48,"enemies":"Hexaghost","floor":16,"turns":11}],"seed_played":"704285097237306231","potions_obtained":[{"floor":3.0,"key":"DuplicationPotion"},{"floor":7,"key":"StancePotion"}],"is_trial":false,"path_per_floor":["M","?","M","?","?","E","M","M","T","?","M","M","E","M","R","B"],"character_chosen":"WATCHER","items_purchased":[],"campfire_rested":0,"item_purchase_floors":[],"current_hp_per_floor":[61,61,61,61,54,54,54,49,56,56,56,55,55,47,47,0,0],"gold":294,"neow_bonus":"THREE_ENEMY_KILL","is_daily":false,"chose_seed":false,"campfire_upgraded":1,"win_rate":0.0,"timestamp":1611095345,"path_taken":["M","?","M","?","?","E","M","M","T","?","M","M","E","M","R","BOSS"],"items_purchased_type":[],"build_version":"2020-12-22","purchased_purges":0,"victory":false,"max_hp_per_floor":[68,68,68,68,68,68,68,68,75,75,75,75,75,75,75,75,75],"card_choices":[{"not_picked":["CutThroughFate","Evaluate"],"picked":"Protect","floor":1.0},{"not_picked":["Halt","ClearTheMind"],"picked":"BowlingBash","floor":3.0},{"not_picked":["Collect","ClearTheMind"],"picked":"CarveReality","floor":6.0},{"not_picked":["Evaluate","FlyingSleeves"],"picked":"Wallop","floor":7},{"not_picked":["Fasting2","ThirdEye"],"picked":"Perseverance","floor":8},{"not_picked":["Halt","ClearTheMind"],"picked":"Adaptation","floor":11},{"not_picked":["BattleHymn","SashWhip","ClearTheMind"],"picked":"SKIP","floor":12},{"not_picked":["SashWhip","EmptyFist"],"picked":"MentalFortress","floor":13},{"not_picked":["Nirvana","WaveOfTheHand"],"picked":"EmptyBody","floor":14}],"player_experience":2298270,"relics_obtained":[{"floor":6.0,"key":"Mercury Hourglass"},{"floor":9,"key":"Strawberry"},{"floor":13,"key":"Bag of Preparation"}],"event_choices":[{"damage_healed":0.0,"max_hp_gain":0.0,"max_hp_loss":0.0,"gold_gain":0.0,"event_name":"Living Wall","player_choice":"Grow","floor":2.0,"gold_loss":0.0,"damage_taken":0.0,"cards_upgraded":["Eruption"]},{"damage_healed":0.0,"max_hp_gain":0.0,"max_hp_loss":0.0,"gold_gain":0.0,"event_name":"Liars Game","player_choice":"Ignored","floor":4.0,"gold_loss":0.0,"damage_taken":0.0},{"cards_removed":["Defend_P"],"damage_healed":0.0,"max_hp_gain":0.0,"max_hp_loss":0.0,"gold_gain":0.0,"event_name":"Golden Wing","player_choice":"Card Removal","floor":5.0,"gold_loss":0.0,"damage_taken":7.0},{"damage_healed":0,"gold_gain":0,"player_choice":"0 cards matched","damage_taken":0,"max_hp_gain":0,"max_hp_loss":0,"event_name":"Match and Keep!","floor":10,"gold_loss":0,"cards_obtained":[]}],"is_beta":false,"boss_relics":[],"items_purged_floors":[],"is_endless":false,"potions_floor_spawned":[3,7,8,13],"killed_by":"Hexaghost","ascension_level":20}}