{"host":"gjfulft9y42c2y2c","time":1611046096,"event":{"mods":["BaseMod","Colored Map","DeckTracker","Keyboard Shortcuts","Minty Spire (QoL Compilation)","Permanent Neow","StSLib","SuperFastMode","everything is the same but u backflip on backflip"],"gold_per_floor":[116,116,129,141,161,194,194,209,209,209,209,237,247,1,1,75,75,91,91,109,109,21,21,21],"floor_reached":23,"language":"KOR","playtime":697,"items_purged":["Pain"],"score":402,"play_id":"7e585830-c448-414e-83b2-ebdd857a494d","local_time":"20210119174816","is_ascension_mode":true,"campfire_choices":[{"floor":7.0,"key":"REST"},{"floor":10.0,"key":"REST"},{"data":"Fire Breathing","floor":15.0,"key":"SMITH"}],"circlet_count":0,"master_deck":["AscendersBane","Strike_R","Strike_R","Strike_R","Strike_R","Strike_R+1","Defend_R","Defend_R","Defend_R","Defend_R+1","Bash","Cleave","Wild Strike","Pommel Strike","Fire Breathing+1","Immolate","Shrug It Off","Double Tap","Dark Embrace"],"relics":["Burning Blood","WarpedTongs","Juzu Bracelet","Shuriken","Bottled Flame","Medical Kit","Philosopher\u0027s Stone"],"acts_visited":["Exordium","TheCity"],"potions_floor_usage":[20,23],"damage_taken":[{"damage":9.0,"enemies":"Jaw Worm","floor":1.0,"turns":5.0},{"damage":11.0,"enemies":"Cultist","floor":3.0,"turns":4.0},{"damage":23.0,"enemies":"Small Slimes","floor":4.0,"turns":3.0},{"damage":4.0,"enemies":"Blue Slaver","floor":5.0,"turns":3.0},{"damage":31.0,"enemies":"Gremlin Nob","floor":6.0,"turns":4.0},{"damage":15.0,"enemies":"Large Slime","floor":8.0,"turns":4.0},{"damage":15.0,"enemies":"Lagavulin","floor":12.0,"turns":7.0},{"damage":5.0,"enemies":"Exordium Wildlife","floor":13.0,"turns":2.0},{"damage":17.0,"enemies":"Hexaghost","floor":16.0,"turns":9.0},{"damage":15.0,"enemies":"Spheric Guardian","floor":18.0,"turns":4.0},{"damage":15,"enemies":"3 Byrds","floor":20,"turns":3},{"damage":33,"enemies":"Slavers","floor":23,"turns":1}],"seed_played":"-4599973740825942291","potions_obtained":[{"floor":0.0,"key":"Block Potion"},{"floor":0.0,"key":"DuplicationPotion"},{"floor":13.0,"key":"EssenceOfSteel"},{"floor":16.0,"key":"DuplicationPotion"},{"floor":18.0,"key":"Ancient Potion"},{"floor":20,"key":"EssenceOfSteel"}],"is_trial":false,"path_per_floor":["M","?","M","M","M","E","R","M","T","R","?","E","M","$","R","B",null,"M","?","M","?","$","E"],"character_chosen":"IRONCLAD","items_purchased":["Medical Kit","Dark Embrace"],"campfire_rested":2,"item_purchase_floors":[14,22],"current_hp_per_floor":[65,65,60,43,45,20,42,33,33,55,32,23,24,24,24,13,60,51,30,21,21,21,0,0],"gold":21,"neow_bonus":"THREE_SMALL_POTIONS","is_daily":false,"chose_seed":false,"campfire_upgraded":1,"win_rate":0.0,"timestamp":1611046096,"path_taken":["M","?","M","M","M","E","R","M","T","R","?","E","M","$","R","BOSS","M","?","M","?","?","E"],"items_purchased_type":["Relic","Card"],"build_version":"2020-12-22","purchased_purges":1,"victory":false,"max_hp_per_floor":[75,75,75,75,75,75,75,75,75,75,75,75,75,75,75,75,75,75,80,80,80,80,80,80],"card_choices":[{"not_picked":["Dual Wield","Spot Weakness"],"picked":"Cleave","floor":1.0},{"not_picked":["Havoc","Evolve"],"picked":"Wild Strike","floor":3.0},{"not_picked":["Sentinel","Pummel"],"picked":"Pommel Strike","floor":4.0},{"not_picked":["Rampage","Twin Strike"],"picked":"Fire Breathing","floor":5.0},{"not_picked":["Anger","Corruption"],"picked":"Immolate","floor":6.0},{"not_picked":["Flame Barrier","Iron Wave"],"picked":"Shrug It Off","floor":8.0},{"not_picked":["Perfected Strike","Combust","True Grit"],"picked":"SKIP","floor":12.0},{"not_picked":["Pommel Strike","Headbutt"],"picked":"Double Tap","floor":13.0},{"not_picked":["Sword Boomerang","Heavy Blade","Metallicize"],"picked":"SKIP","floor":18.0},{"not_picked":["Clash","Wild Strike","Flex"],"picked":"SKIP","floor":20}],"player_experience":260238,"relics_obtained":[{"floor":6.0,"key":"Juzu Bracelet"},{"floor":9.0,"key":"Shuriken"},{"floor":12.0,"key":"Bottled Flame"}],"event_choices":[{"damage_healed":0.0,"max_hp_gain":0.0,"max_hp_loss":0.0,"gold_gain":0.0,"event_name":"Accursed Blacksmith","player_choice":"Rummage","floor":2.0,"gold_loss":0.0,"damage_taken":0.0,"relics_obtained":["WarpedTongs"],"cards_obtained":["Pain"]},{"damage_healed":0.0,"max_hp_gain":0.0,"max_hp_loss":0.0,"gold_gain":0.0,"event_name":"Shining Light","player_choice":"Entered Light","floor":11.0,"gold_loss":0.0,"damage_taken":23.0,"cards_upgraded":["Defend_R","Strike_R"]},{"damage_healed":0.0,"max_hp_gain":5.0,"max_hp_loss":0.0,"gold_gain":0.0,"event_name":"Forgotten Altar","player_choice":"Shed Blood","floor":19.0,"gold_loss":0.0,"damage_taken":26.0},{"damage_healed":0,"gold_gain":0,"player_choice":"Ignored","damage_taken":0,"max_hp_gain":0,"max_hp_loss":0,"event_name":"Ghosts","floor":21,"gold_loss":0}],"is_beta":false,"boss_relics":[{"not_picked":["Coffee Dripper","Ectoplasm"],"picked":"Philosopher\u0027s Stone"}],"items_purged_floors":[14],"is_endless":false,"potions_floor_spawned":[1,4,13,16,18,20],"killed_by":"Slavers","ascension_level":20}}