{"host":"bw00wb7p5bw58om7","time":1611091765,"event":{"mods":["100% Spire Juice","Act Like it!","BaseMod","Better Third Choice","CapriCore","Chen","Downfall","Gensokyo","Koishi","KomeijiMod","Marisa????????","Minty Spire (QoL Compilation)","Onozuka Komachi Mod","Permanent Neow","Prisma Mod","Reimu??????","Remilia??????","StSLib","The Administrix","The Immortal","The Senshi","The Servant 0.9.4","Yakumo Yukari mod"],"gold_per_floor":[110,124,124,144,144,144,177,202,202,13,13,31,31,31,31,135,135,135,135,135,135,135,135],"floor_reached":22,"language":"ENG","playtime":1838,"items_purged":[],"score":217,"play_id":"2bf35bd0-2dc0-4d0d-baa8-6d9b94e83300","local_time":"20210119212925","is_ascension_mode":false,"campfire_choices":[{"floor":6,"key":"DIG"},{"data":"DependentForm:ReiMu","floor":11,"key":"SMITH"},{"floor":13,"key":"REST"},{"data":"NB:ReiMu","floor":15,"key":"SMITH"}],"circlet_count":0,"master_deck":["Strike_Lin:ReiMu","Strike_Lin:ReiMu","Strike_Lin:ReiMu","Strike_Lin:ReiMu","Defend_Lin:ReiMu","Defend_Lin:ReiMu","Defend_Lin:ReiMu","Defend_Lin:ReiMu","NB:ReiMu+1","Stagnation:ReiMu","AlertArray:ReiMu","SpreadBorder2:ReiMu","CareerPray:ReiMu","LovePray:ReiMu","DependentForm:ReiMu+1","WonderfulDomain:ReiMu","SafetyPray:ReiMu","Dreaming:ReiMu","Amulet:ReiMu+1","Amulet:ReiMu+1"],"relics":["FlyPower:ReiMu","Shovel","Gensokyo:PortableGap","Pantograph","PreservedInsect","Art of War","InkBottle","Ectoplasm","Mummified Hand"],"acts_visited":["Gensokyo:Gensokyo","Gensokyo:Gensokyoer"],"potions_floor_usage":[7],"damage_taken":[{"damage":7,"enemies":"Gensokyo:Gryphon","floor":1,"turns":7},{"damage":1,"enemies":"Gensokyo:3_Fairies","floor":2,"turns":6},{"damage":2,"enemies":"Gensokyo:Python","floor":4,"turns":6},{"damage":24,"enemies":"Gensokyo:Cirno","floor":7,"turns":10},{"damage":0,"enemies":"Gensokyo:Mamizou","floor":8,"turns":11},{"damage":16,"enemies":"Gensokyo:Gryphon_and_Rabbit","floor":12,"turns":10},{"damage":12,"enemies":"Gensokyo:Kokoro","floor":16,"turns":13},{"damage":39,"enemies":"Gensokyo:3_Dogs","floor":18,"turns":6},{"damage":12,"enemies":"Gensokyo:CosmicMonolith","floor":19,"turns":10},{"damage":6,"enemies":"Gensokyo:3_Gloops","floor":22,"turns":3}],"seed_played":"7373727395114850668","potions_obtained":[{"floor":1,"key":"DuplicationPotion"},{"floor":8,"key":"Dexterity Potion"},{"floor":16,"key":"Ancient Potion"},{"floor":18,"key":"GrandPatriotsElixir:ReiMu"}],"is_trial":false,"path_per_floor":["M","M","?","M","?","R","E","E","T","$","R","M","R","?","R","B",null,"M","M","?","T","M"],"character_chosen":"REIMU","items_purchased":["DependentForm:ReiMu","WonderfulDomain:ReiMu"],"campfire_rested":1,"item_purchase_floors":[10,10],"current_hp_per_floor":[58,57,57,55,55,55,31,31,31,31,31,15,31,31,31,44,56,17,5,5,5,0,0],"gold":135,"neow_bonus":"ONE_RARE_RELIC","is_daily":false,"chose_seed":false,"campfire_upgraded":2,"win_rate":0.0,"timestamp":1611091765,"path_taken":["M","M","?","M","?","R","E","E","T","?","R","M","R","?","R","BOSS","M","M","?","?","M"],"items_purchased_type":["Card","Card"],"build_version":"2020-12-22","purchased_purges":0,"victory":false,"max_hp_per_floor":[65,65,65,65,59,59,56,56,56,56,56,56,56,56,56,56,56,56,56,56,56,56,56],"card_choices":[{"not_picked":["SafetyPray:ReiMu","RainPray2:ReiMu"],"picked":"AlertArray:ReiMu","floor":1},{"not_picked":["SubcavityInstant:ReiMu","AlertArray:ReiMu"],"picked":"SpreadBorder2:ReiMu","floor":2},{"not_picked":["SafetyPray:ReiMu","EmergencyTakeOff:ReiMu"],"picked":"CareerPray:ReiMu","floor":4},{"not_picked":["LearningPray:ReiMu","FineLineFantasy:ReiMu"],"picked":"LovePray:ReiMu","floor":7},{"not_picked":["Mountainwind:ReiMu","Enchanting:ReiMu"],"picked":"TakeOff:ReiMu","floor":8},{"not_picked":["ManaGlint:ReiMu","AirManeuver:ReiMu"],"picked":"SafetyPray:ReiMu","floor":12},{"not_picked":["SubcavityFantasy:ReiMu","HakureiPhantom:ReiMu"],"picked":"Dreaming:ReiMu","floor":16},{"not_picked":["AlertArray:ReiMu+1","RainPray2:ReiMu"],"picked":"Amulet:ReiMu+1","floor":18},{"not_picked":["Enchanting:ReiMu+1","Intuition:ReiMu"],"picked":"Amulet:ReiMu+1","floor":19}],"player_experience":266302,"relics_obtained":[{"floor":6,"key":"Pantograph"},{"floor":7,"key":"PreservedInsect"},{"floor":8,"key":"Art of War"},{"floor":9,"key":"InkBottle"},{"floor":21,"key":"Mummified Hand"}],"event_choices":[],"is_beta":false,"boss_relics":[{"not_picked":["DonationBox:ReiMu","RedLine:ReiMu"],"picked":"Ectoplasm"}],"items_purged_floors":[],"is_endless":false,"potions_floor_spawned":[1,8,16,18],"killed_by":"Gensokyo:3_Gloops","ascension_level":0}}