{"host":"1a3cjta80tad0aqj","time":1611046178,"event":{"mods":["2.2 Compatiblity","AchievementEnabler","BaseMod","Colored Map","DeckTracker","KOR Keyword Fix","Keyboard Shortcuts","Minty Spire (QoL Compilation)","Permanent Neow","Quick Restart","Random Character Button","StSLib","SuperFastMode","everything is the same but u backflip on backflip"],"gold_per_floor":[113,129,139,64,44,44,73,89,113,113,131,151,151,151,151,228,228,245,262,282,282,282,282,296,296,321,321,321,338,338,27,27,101,101,114,77,77,34,0,0,10,10,10,10,23,41,55,75,75,75],"floor_reached":51,"language":"KOR","playtime":2722,"items_purged":["Defend_P"],"score":1242,"play_id":"b72b2e92-1017-4554-a109-a99b985828a1","local_time":"20210119174938","is_ascension_mode":true,"campfire_choices":[{"data":"Eruption","floor":6.0,"key":"SMITH"},{"floor":10.0,"key":"REST"},{"floor":13.0,"key":"REST"},{"data":"MentalFortress","floor":15.0,"key":"SMITH"},{"floor":23.0,"key":"REST"},{"floor":25.0,"key":"REST"},{"data":"BowlingBash","floor":28.0,"key":"SMITH"},{"data":"SashWhip","floor":30.0,"key":"SMITH"},{"floor":32.0,"key":"REST"},{"data":"Blasphemy","floor":42.0,"key":"SMITH"},{"data":"FearNoEvil","floor":44.0,"key":"SMITH"},{"floor":49.0,"key":"REST"}],"circlet_count":0,"master_deck":["AscendersBane","Strike_P+1","Defend_P+1","Defend_P+1","Eruption+1","Vigilance","MentalFortress+1","EmptyMind","SashWhip+1","Halt+1","Conclude+1","LessonLearned+1","BowlingBash+1","FlurryOfBlows","TalkToTheHand+1","CutThroughFate","TalkToTheHand+1","Indignation+1","Tantrum","Blasphemy+1","FearNoEvil+1","DeceiveReality+1","Adaptation"],"relics":["HolyWater","Whetstone","Dream Catcher","Regal Pillow","Membership Card","Gremlin Horn","Cursed Key","Red Mask"],"acts_visited":["Exordium","TheCity","TheBeyond"],"potions_floor_usage":[50],"damage_taken":[{"damage":4.0,"enemies":"2 Louse","floor":1.0,"turns":2.0},{"damage":3.0,"enemies":"Cultist","floor":2.0,"turns":5.0},{"damage":0.0,"enemies":"Jaw Worm","floor":3.0,"turns":3.0},{"damage":0.0,"enemies":"Gremlin Nob","floor":7.0,"turns":3.0},{"damage":1.0,"enemies":"Large Slime","floor":8.0,"turns":4.0},{"damage":8.0,"enemies":"Blue Slaver","floor":11.0,"turns":3.0},{"damage":4.0,"enemies":"2 Fungi Beasts","floor":12.0,"turns":3.0},{"damage":32.0,"enemies":"Hexaghost","floor":16.0,"turns":9.0},{"damage":19.0,"enemies":"3 Byrds","floor":18.0,"turns":5.0},{"damage":0.0,"enemies":"2 Thieves","floor":19.0,"turns":2.0},{"damage":20.0,"enemies":"Sentry and Sphere","floor":20.0,"turns":5.0},{"damage":16.0,"enemies":"Snake Plant","floor":24.0,"turns":3.0},{"damage":0.0,"enemies":"Cultist and Chosen","floor":29.0,"turns":3.0},{"damage":14.0,"enemies":"Collector","floor":33.0,"turns":4.0},{"damage":0.0,"enemies":"Orb Walker","floor":35.0,"turns":3.0},{"damage":16.0,"enemies":"3 Shapes","floor":41.0,"turns":4.0},{"damage":0.0,"enemies":"Jaw Worm Horde","floor":45.0,"turns":1.0},{"damage":0.0,"enemies":"Sphere and 2 Shapes","floor":46.0,"turns":3.0},{"damage":5.0,"enemies":"Transient","floor":47.0,"turns":6.0},{"damage":4.0,"enemies":"Writhing Mass","floor":48.0,"turns":6.0},{"damage":93,"enemies":"Awakened One","floor":50,"turns":13}],"seed_played":"-6589900269127956905","potions_obtained":[{"floor":1.0,"key":"LiquidMemories"},{"floor":3.0,"key":"Energy Potion"},{"floor":7.0,"key":"FairyPotion"},{"floor":18.0,"key":"Swift Potion"},{"floor":20.0,"key":"DistilledChaos"},{"floor":33.0,"key":"Energy Potion"}],"is_trial":false,"path_per_floor":["M","M","M","$","?","R","E","M","T","R","M","M","R","?","R","B",null,"M","M","M","?","?","R","M","R","T","?","R","M","R","$","R","B",null,"M","$","?","$","?","?","M","R","T","R","M","M","M","M","R","B",null],"character_chosen":"WATCHER","items_purchased":["Membership Card","Gremlin Horn","FearNoEvil","LiquidMemories"],"campfire_rested":6,"item_purchase_floors":[31,31,36,38],"current_hp_per_floor":[39,36,36,36,36,36,36,35,35,55,47,43,63,63,63,31,59,40,40,20,20,20,40,24,44,44,44,44,44,44,44,68,54,65,65,65,65,65,65,65,49,49,49,49,49,49,44,40,68,9],"gold":75,"neow_bonus":"TRANSFORM_TWO_CARDS","is_daily":false,"chose_seed":false,"campfire_upgraded":6,"win_rate":0.0,"timestamp":1611046178,"path_taken":["M","M","M","$","?","R","E","M","T","R","?","M","R","?","R","BOSS","M","M","M","?","?","R","M","R","T","?","R","M","R","$","R","BOSS","M","$","?","$","?","?","M","R","T","R","M","M","M","M","R","BOSS"],"items_purchased_type":["Relic","Relic","Card","Potion"],"build_version":"2020-12-22","purchased_purges":1,"victory":true,"max_hp_per_floor":[68,68,68,68,68,68,68,68,68,68,68,68,68,68,68,68,68,68,68,68,68,68,68,68,68,68,68,68,68,68,68,68,68,68,68,68,68,68,68,68,68,68,68,68,68,68,68,68,68,68],"card_choices":[{"not_picked":["Vengeance","Crescendo","PathToVictory"],"picked":"SKIP","floor":1.0},{"not_picked":["Pray","LikeWater"],"picked":"Meditate","floor":2.0},{"not_picked":["CrushJoints","FlyingSleeves"],"picked":"SashWhip","floor":3.0},{"not_picked":["SashWhip","BowlingBash"],"picked":"Halt","floor":7.0},{"not_picked":["Crescendo","LikeWater","FlyingSleeves"],"picked":"SKIP","floor":8.0},{"not_picked":["SashWhip","Evaluate","Indignation"],"picked":"SKIP","floor":11.0},{"not_picked":["CarveReality","ClearTheMind"],"picked":"Vengeance","floor":12.0},{"not_picked":["PathToVictory","Evaluate"],"picked":"Conclude","floor":13.0},{"not_picked":["Vault","Establishment"],"picked":"LessonLearned","floor":16.0},{"not_picked":["Wireheading+1","Vengeance"],"picked":"BowlingBash","floor":18.0},{"not_picked":["Protect+1","Consecrate","ClearTheMind"],"picked":"SKIP","floor":19.0},{"not_picked":["EmptyMind","DeceiveReality"],"picked":"FlurryOfBlows","floor":20.0},{"not_picked":["Wireheading","Indignation"],"picked":"CutThroughFate","floor":24.0},{"not_picked":["LikeWater","MasterReality"],"picked":"TalkToTheHand+1","floor":25.0},{"not_picked":["Evaluate","Wireheading","SignatureMove"],"picked":"SKIP","floor":29.0},{"not_picked":["Scrawl","Judgement"],"picked":"Blasphemy","floor":33.0},{"not_picked":["Study","SashWhip","Halt+1"],"picked":"SKIP","floor":35.0},{"not_picked":["SandsOfTime","FlurryOfBlows+1","CutThroughFate"],"picked":"SKIP","floor":41.0},{"not_picked":["Swivel","Halt"],"picked":"DeceiveReality+1","floor":45.0},{"not_picked":["SandsOfTime","DeceiveReality","ThirdEye"],"picked":"SKIP","floor":46.0},{"not_picked":["SandsOfTime","DeceiveReality","ThirdEye"],"picked":"SKIP","floor":46.0},{"not_picked":["WindmillStrike+1","Prostrate+1"],"picked":"Adaptation","floor":47.0},{"not_picked":["WaveOfTheHand","Consecrate","Prostrate+1"],"picked":"SKIP","floor":48.0}],"player_experience":775191,"relics_obtained":[{"floor":7.0,"key":"Whetstone"},{"floor":9.0,"key":"Dream Catcher"},{"floor":26.0,"key":"Regal Pillow"}],"event_choices":[{"damage_healed":0.0,"max_hp_gain":0.0,"max_hp_loss":0.0,"gold_gain":0.0,"event_name":"The Woman in Blue","player_choice":"Bought 1 Potion","floor":5.0,"gold_loss":0.0,"damage_taken":0.0},{"damage_healed":0.0,"max_hp_gain":0.0,"max_hp_loss":0.0,"gold_gain":0.0,"event_name":"Liars Game","player_choice":"Ignored","floor":14.0,"gold_loss":0.0,"damage_taken":0.0},{"damage_healed":0.0,"max_hp_gain":0.0,"max_hp_loss":0.0,"gold_gain":0.0,"event_name":"Ghosts","player_choice":"Ignored","floor":21.0,"gold_loss":0.0,"damage_taken":0.0},{"damage_healed":0.0,"max_hp_gain":0.0,"max_hp_loss":0.0,"gold_gain":0.0,"event_name":"The Library","player_choice":"Read","floor":22.0,"gold_loss":0.0,"damage_taken":0.0,"cards_obtained":["TalkToTheHand"]},{"damage_healed":0.0,"max_hp_gain":0.0,"max_hp_loss":0.0,"gold_gain":0.0,"cards_transformed":["Strike_P","Strike_P"],"event_name":"Drug Dealer","player_choice":"Became Test Subject","floor":27.0,"gold_loss":0.0,"damage_taken":0.0,"cards_obtained":["Indignation","Tantrum"]},{"cards_removed":["Meditate"],"damage_healed":0.0,"max_hp_gain":0.0,"max_hp_loss":0.0,"gold_gain":0.0,"event_name":"Falling","player_choice":"Removed Skill","floor":37.0,"gold_loss":0.0,"damage_taken":0.0},{"damage_healed":0.0,"max_hp_gain":0.0,"max_hp_loss":0.0,"gold_gain":0.0,"event_name":"Tomb of Lord Red Mask","player_choice":"Paid","floor":39.0,"gold_loss":34.0,"damage_taken":0.0,"relics_obtained":["Red Mask"]},{"cards_removed":["Vengeance"],"damage_healed":0.0,"max_hp_gain":0.0,"max_hp_loss":0.0,"gold_gain":0.0,"event_name":"Purifier","player_choice":"Purged","floor":40.0,"gold_loss":0.0,"damage_taken":0.0}],"is_beta":false,"boss_relics":[{"not_picked":["SacredBark","Runic Dome"],"picked":"HolyWater"},{"not_picked":["Runic Pyramid","Astrolabe"],"picked":"Cursed Key"}],"items_purged_floors":[4],"is_endless":false,"potions_floor_spawned":[1,3,7,11,18,20,33,41,45,48],"ascension_level":19}}