{"host":"yn8qackkbxgt4nh1","time":1611051217,"event":{"mods":["BaseMod","Colored Map","Colored Powertips","DeckTracker","Minty Spire (QoL Compilation)","SuperFastMode"],"gold_per_floor":[111,36,52,71,146,146,174,174,201,201,235,56,68,68,68,142,142,157,7,25,25,43,43,43,43],"floor_reached":24,"language":"KOR","playtime":657,"items_purged":["Strike_B","Strike_B"],"score":357,"play_id":"abcfcf58-da41-46a4-ba20-bd49062404e7","local_time":"20210119191337","is_ascension_mode":true,"campfire_choices":[{"data":"Zap","floor":6.0,"key":"SMITH"},{"data":"Dualcast","floor":8.0,"key":"SMITH"},{"floor":10.0,"key":"REST"},{"data":"Go for the Eyes","floor":15.0,"key":"SMITH"},{"floor":23,"key":"REST"}],"circlet_count":0,"master_deck":["AscendersBane","Strike_B","Defend_B","Defend_B","Defend_B","Defend_B","Zap+1","Dualcast+1","Melter","Conserve Battery","Storm","Sweeping Beam","Go for the Eyes+1","Loop+1","Undo","Thunder Strike","Seek","Chaos+1","Compile Driver","Coolheaded","Hologram"],"relics":["Cracked Core","NeowsBlessing","Ancient Tea Set","Bronze Scales","Toy Ornithopter","Cursed Key"],"acts_visited":["Exordium","TheCity"],"potions_floor_usage":[24],"damage_taken":[{"damage":0.0,"enemies":"2 Louse","floor":1.0,"turns":1.0},{"damage":0.0,"enemies":"Small Slimes","floor":3.0,"turns":1.0},{"damage":0.0,"enemies":"Cultist","floor":4.0,"turns":1.0},{"damage":25.0,"enemies":"Lagavulin","floor":7.0,"turns":6.0},{"damage":20.0,"enemies":"3 Sentries","floor":11.0,"turns":5.0},{"damage":4.0,"enemies":"Exordium Thugs","floor":13.0,"turns":4.0},{"damage":13.0,"enemies":"Hexaghost","floor":16.0,"turns":10.0},{"damage":9.0,"enemies":"Shell Parasite","floor":18.0,"turns":4.0},{"damage":10.0,"enemies":"2 Thieves","floor":20.0,"turns":4.0},{"damage":30,"enemies":"Snake Plant","floor":22,"turns":4},{"damage":37,"enemies":"Slavers","floor":24,"turns":4}],"seed_played":"5093825390685313541","potions_obtained":[{"floor":1.0,"key":"SpeedPotion"},{"floor":3.0,"key":"LiquidBronze"},{"floor":7.0,"key":"SkillPotion"},{"floor":22,"key":"SteroidPotion"}],"is_trial":false,"path_per_floor":["M","?","M","M","?","R","E","R","T","R","E","$","M","?","R","B",null,"M","$","M","T","M","R","E"],"character_chosen":"DEFECT","items_purchased":["Loop","Undo","Compile Driver"],"campfire_rested":2,"item_purchase_floors":[12,12,19],"current_hp_per_floor":[64,64,64,64,53,53,28,28,28,49,29,29,25,25,25,17,58,49,49,39,39,9,30,0,0],"gold":43,"neow_bonus":"THREE_ENEMY_KILL","is_daily":false,"chose_seed":false,"campfire_upgraded":3,"win_rate":0.0,"timestamp":1611051217,"path_taken":["M","?","M","M","?","R","E","R","T","R","E","$","M","?","R","BOSS","M","?","M","?","M","R","E"],"items_purchased_type":["Card","Card","Card"],"build_version":"2020-12-22","purchased_purges":2,"victory":false,"max_hp_per_floor":[71,71,71,71,71,71,71,71,71,71,71,71,71,71,71,71,71,71,71,71,71,71,71,71,71],"card_choices":[{"not_picked":["Skim","Heatsinks"],"picked":"Melter","floor":1.0},{"not_picked":["Turbo","Leap"],"picked":"Conserve Battery","floor":3.0},{"not_picked":["Redo","Reinforced Body"],"picked":"Storm","floor":4.0},{"not_picked":["Redo","Cold Snap"],"picked":"Sweeping Beam","floor":7.0},{"not_picked":["Redo","Aggregate"],"picked":"Go for the Eyes","floor":11.0},{"not_picked":["Ball Lightning","Rebound"],"picked":"Thunder Strike","floor":13.0},{"not_picked":["Hyperbeam","Rainbow"],"picked":"Seek","floor":16.0},{"not_picked":["Streamline","Gash"],"picked":"Chaos+1","floor":18.0},{"not_picked":["Sweeping Beam","Undo"],"picked":"Coolheaded","floor":20.0},{"not_picked":["Aggregate","Rip and Tear"],"picked":"Hologram","floor":22}],"player_experience":693566,"relics_obtained":[{"floor":7.0,"key":"Ancient Tea Set"},{"floor":9.0,"key":"Bronze Scales"},{"floor":11.0,"key":"Toy Ornithopter"}],"event_choices":[{"cards_removed":["Strike_B"],"damage_healed":0.0,"max_hp_gain":0.0,"max_hp_loss":0.0,"gold_gain":0.0,"event_name":"The Cleric","player_choice":"Card Removal","floor":2.0,"gold_loss":75.0,"damage_taken":0.0},{"damage_healed":0.0,"max_hp_gain":0.0,"max_hp_loss":0.0,"gold_gain":75.0,"event_name":"World of Goop","player_choice":"Gather Gold","floor":5.0,"gold_loss":0.0,"damage_taken":11.0},{"damage_healed":0.0,"max_hp_gain":0.0,"max_hp_loss":0.0,"gold_gain":0.0,"event_name":"Accursed Blacksmith","player_choice":"Forge","floor":14.0,"gold_loss":0.0,"damage_taken":0.0,"cards_upgraded":["Loop"]}],"is_beta":false,"boss_relics":[{"not_picked":["SacredBark","Fusion Hammer"],"picked":"Cursed Key"}],"items_purged_floors":[12,19],"is_endless":false,"potions_floor_spawned":[1,3,7,22],"killed_by":"Slavers","ascension_level":15}}