{"host":"l1bfbgeb3oxa8ieg","time":1611066445,"event":{"mods":["AlwaysNeverKeys","Aspiration","BaseMod","Beaked The Cultist","Better Match","Better Note","Better Third Choice","BetterRewards","Colored Powertips","Conspire","Energized Spire","Fiend Mod","Friendly Minions","Halation","Infinite Spire","Minty Spire (QoL Compilation)","Permanent Neow","Quick Restart","Replay The Spire","Shop Mod","Spicy Shops","Spikes Relics","StSLib","TestMod","The Blackbeard","The Mystic","The Necromancer","Uncapped","UnlockEverythingMod","vexMod"],"gold_per_floor":[114,133,133,133,150,150,150,183,256,275,275,289,39,54,54,159,159,170,130,130,130],"floor_reached":20,"language":"ENG","playtime":1494,"items_purged":[],"score":174,"play_id":"3750269f-db22-478c-a7d9-db106ef59fdb","local_time":"20210119152725","is_ascension_mode":false,"campfire_choices":[{"data":"beaked:WarriorEssence","floor":6,"key":"SMITH"},{"floor":11,"key":"REST"},{"floor":15,"key":"REST"}],"circlet_count":0,"master_deck":["beaked:Strike_Y","beaked:Strike_Y","beaked:Strike_Y","beaked:Strike_Y","beaked:Strike_Y","beaked:Strike_Y","beaked:Defend_Y","beaked:Defend_Y","beaked:Defend_Y+1","beaked:Defend_Y","beaked:Ceremony","beaked:Ceremony","beaked:Ceremony+1","beaked:Brace","beaked:WarriorEssence+1","beaked:FeelMyPain+1","beaked:Foresight","beaked:SacrificialAttack","beaked:ScreechingChant","beaked:Daydream"],"relics":["beaked:MendingPlumage","testmod-TestBox","aspiration:Nostalgia","blackbeard:LoadTheCannons","testmod-HeartOfDaVinci","conspire:DecoderRing","ReplayTheSpireMod:Ninjato","vexMod:NewClearReactor"],"acts_visited":["Exordium","TheCity"],"potions_floor_usage":[8,12,18],"damage_taken":[{"damage":0,"enemies":"Small Slimes","floor":1,"turns":3},{"damage":1,"enemies":"Cultist","floor":2,"turns":3},{"damage":3,"enemies":"2 Louse","floor":5,"turns":2},{"damage":51,"enemies":"Gremlin Nob","floor":8,"turns":6},{"damage":23,"enemies":"Large Slime","floor":10,"turns":9},{"damage":33,"enemies":"Gremlin Gang","floor":12,"turns":7},{"damage":2,"enemies":"Blue Slaver","floor":14,"turns":2},{"damage":59,"enemies":"Hexaghost","floor":16,"turns":8},{"damage":18,"enemies":"Spheric Guardian","floor":18,"turns":5},{"damage":0,"enemies":"Chosen","floor":20,"turns":1}],"seed_played":"-7158499499688282963","potions_obtained":[{"floor":1,"key":"SkillPotion"},{"floor":5,"key":"SpeedPotion"},{"floor":14,"key":"Swift Potion"},{"floor":16,"key":"beaked:MendingBrew"}],"is_trial":false,"path_per_floor":["M","M","?","$","M","R","$","E","T","M","R","M","$","M","R","B",null,"M","?","M"],"character_chosen":"BEAKED_THE_CULTIST","items_purchased":["ReplayTheSpireMod:Ninjato"],"campfire_rested":2,"item_purchase_floors":[13],"current_hp_per_floor":[50,50,50,50,49,49,49,12,12,17,32,22,22,27,42,19,50,41,41,41,41],"gold":130,"neow_bonus":"NOSTALGIA","is_daily":false,"chose_seed":false,"campfire_upgraded":1,"win_rate":0.0,"timestamp":1611066445,"path_taken":["M","M","?","?","M","R","$","E","T","M","R","M","$","M","R","BOSS","M","?","?"],"items_purchased_type":["Relic"],"build_version":"2020-12-22","purchased_purges":0,"victory":false,"max_hp_per_floor":[50,50,50,50,50,50,50,50,50,50,50,50,50,50,50,50,50,50,50,50,50],"card_choices":[{"not_picked":["beaked:WarriorEssence","beaked:Cower"],"picked":"beaked:Brace","floor":1},{"not_picked":["beaked:Redirect","beaked:WarriorEssence","beaked:Tradeoff"],"picked":"SKIP","floor":2},{"not_picked":["beaked:StunningBlow","beaked:FakeOut"],"picked":"beaked:WarriorEssence","floor":5},{"not_picked":["beaked:Struggle","beaked:DesperateSwing"],"picked":"beaked:FeelMyPain","floor":8},{"not_picked":["beaked:StickSmack","ReplayTheSpireMod:RavenHex"],"picked":"beaked:Foresight","floor":10},{"not_picked":["beaked:Poke","beaked:Flinch"],"picked":"beaked:SacrificialAttack","floor":12},{"not_picked":["beaked:Foresight","beaked:Brace","beaked:DigDeep"],"picked":"SKIP","floor":14},{"not_picked":["ReplayTheSpireMod:Owlgaze","beaked:LiftOff"],"picked":"beaked:ScreechingChant","floor":16},{"not_picked":["beaked:StunningBlow","beaked:Foresight"],"picked":"beaked:Daydream","floor":18}],"player_experience":205815,"relics_obtained":[{"floor":8,"key":"testmod-HeartOfDaVinci"},{"floor":9,"key":"conspire:DecoderRing"}],"event_choices":[{"damage_healed":0,"gold_gain":0,"player_choice":"Upgraded","damage_taken":0,"max_hp_gain":0,"max_hp_loss":0,"event_name":"Upgrade Shrine","floor":3,"gold_loss":0,"cards_upgraded":["beaked:Ceremony"]},{"damage_healed":0,"gold_gain":0,"player_choice":"Upgraded Two","damage_taken":0,"max_hp_gain":0,"max_hp_loss":0,"event_name":"Designer","floor":19,"gold_loss":40,"cards_upgraded":["beaked:FeelMyPain","beaked:Defend_Y"]}],"is_beta":false,"boss_relics":[{"not_picked":["Honey Jar","Astrolabe"],"picked":"vexMod:NewClearReactor"}],"items_purged_floors":[],"is_endless":false,"potions_floor_spawned":[1,5,14,16],"killed_by":"Chosen","ascension_level":0}}