{"host":"fghh6uc8siqeqraf","time":1611055181,"event":{"mods":["AchievementEnabler","BaseMod","Colored Powertips","Googly Eyes","Hermit","Jorbs\u0027s Wanderer Trilogy","Lobotomy","Marisa£®ÏF”Í°°ƒß¿Ì…≥£©","Minty Spire (QoL Compilation)","Quick Restart","Replay The Spire","Shop Mod","StSLib","The Bug Knight","The Cursed","The Hierophant","The Servant 0.9.4"],"gold_per_floor":[14,26,39,114,129,129,141,198,275,275,289,164,179,211,211,307,307,307,307],"floor_reached":18,"language":"ZHS","playtime":1977,"items_purged":["Strike_R"],"score":198,"play_id":"56e24925-a87c-4b67-bd1b-b7c65fa13551","local_time":"20210119191941","is_ascension_mode":true,"campfire_choices":[{"data":"ReplayTheSpireMod:Muscle Training","floor":6.0,"key":"SMITH"},{"floor":15.0,"key":"DIG"}],"circlet_count":0,"master_deck":["Strike_R","Strike_R","Strike_R","Strike_R","Defend_R","Defend_R","Defend_R","Defend_R","Bash","ReplayTheSpireMod:Muscle Training+1","Clash","Warcry","Burning Pact","Havoc","True Grit","Offering"],"relics":["Burning Blood","Unceasing Top","Divine Protection","Du-Vu Doll","PreservedInsect","Philosopher\u0027s Stone"],"acts_visited":["Exordium","TheCity"],"potions_floor_usage":[],"damage_taken":[{"damage":10.0,"enemies":"2 Louse","floor":1.0,"turns":3.0},{"damage":2.0,"enemies":"Small Slimes","floor":2.0,"turns":4.0},{"damage":5.0,"enemies":"Cultist","floor":3.0,"turns":4.0},{"damage":12.0,"enemies":"Large Slime","floor":5.0,"turns":3.0},{"damage":3.0,"enemies":"Blue Slaver","floor":7.0,"turns":2.0},{"damage":0.0,"enemies":"Looter","floor":11.0,"turns":3.0},{"damage":2.0,"enemies":"2 Fungi Beasts","floor":13.0,"turns":5.0},{"damage":4.0,"enemies":"Gremlin Nob","floor":14.0,"turns":2.0},{"damage":85.0,"enemies":"Fading Forest","floor":16.0,"turns":11.0},{"damage":66,"enemies":"3 Byrds","floor":18,"turns":8}],"seed_played":"1607486330133707136","potions_obtained":[{"floor":1.0,"key":"Death Potion"},{"floor":3.0,"key":"Block Potion"},{"floor":5.0,"key":"Doom Potion"},{"floor":7.0,"key":"Death Potion"}],"is_trial":false,"path_per_floor":["M","M","M","?","M","R","M","?","T","?","M","$","M","E","R","B",null,"M"],"character_chosen":"IRONCLAD","items_purchased":["Havoc"],"campfire_rested":0,"item_purchase_floors":[12],"current_hp_per_floor":[76,80,80,69,63,63,66,66,66,66,72,72,76,78,78,9,80,14,14],"gold":307,"neow_bonus":"ONE_RARE_RELIC","is_daily":false,"chose_seed":false,"campfire_upgraded":1,"win_rate":0.0,"timestamp":1611055181,"path_taken":["M","M","M","?","M","R","M","?","T","?","?","$","M","E","R","BOSS","M"],"items_purchased_type":["Card"],"build_version":"2020-12-22","purchased_purges":1,"victory":false,"max_hp_per_floor":[80,80,80,80,80,80,80,80,80,80,80,80,80,80,80,80,80,80,80],"card_choices":[{"not_picked":["Pummel","Perfected Strike"],"picked":"ReplayTheSpireMod:Muscle Training","floor":1.0},{"not_picked":["Fire Breathing","Clothesline","Flame Barrier"],"picked":"SKIP","floor":2.0},{"not_picked":["Heavy Blade","Clothesline"],"picked":"Clash","floor":3.0},{"not_picked":["Run Through","Heavy Blade","Wild Strike"],"picked":"SKIP","floor":5.0},{"not_picked":["Spot Weakness","ReplayTheSpireMod:Strike From Hell"],"picked":"Warcry","floor":7.0},{"not_picked":["Iron Wave","Defy Death"],"picked":"Burning Pact","floor":11.0},{"not_picked":["Demonic Infusion","Flame Barrier","Dark Embrace"],"picked":"SKIP","floor":13.0},{"not_picked":["ReplayTheSpireMod:Corrosion Curse","Iron Wave"],"picked":"True Grit","floor":14.0},{"not_picked":["Brutality","Replay:Many Hands"],"picked":"Offering","floor":16.0}],"player_experience":100832,"relics_obtained":[{"floor":9.0,"key":"Divine Protection"},{"floor":14.0,"key":"Du-Vu Doll"},{"floor":15.0,"key":"PreservedInsect"}],"event_choices":[{"damage_healed":0.0,"max_hp_gain":0.0,"max_hp_loss":0.0,"gold_gain":75.0,"event_name":"World of Goop","player_choice":"Gather Gold","floor":4.0,"gold_loss":0.0,"damage_taken":11.0},{"damage_healed":0.0,"max_hp_gain":0.0,"max_hp_loss":0.0,"gold_gain":0.0,"event_name":"Lab","player_choice":"Got Potions","floor":10.0,"gold_loss":0.0,"damage_taken":0.0}],"is_beta":false,"boss_relics":[{"not_picked":["Ectoplasm","Tiny House"],"picked":"Philosopher\u0027s Stone"}],"items_purged_floors":[12],"is_endless":false,"potions_floor_spawned":[1,3,5,7,13],"killed_by":"3 Byrds","ascension_level":1}}