{"host":"vyjryxuuuxkt43k4","time":1611030620,"event":{"mods":["AchievementEnabler","BaseMod","Colored Map","DeckTracker","Keyboard Shortcuts","Minty Spire (QoL Compilation)","Permanent Neow","Quick Restart","Rare Cards Sparkle","StSLib","SuperFastMode","everything is the same but u backflip on backflip"],"gold_per_floor":[112,112,2,19,38,63,13,38,119,139,39,57,73,106,106,208,208,225,140,140,150,25,53,53,68,68,79,91,101,126,126,126,221,221,238,248,98,111,111,111,138,138,138,171,16,16,41,0,0,0,0,0,0,0,0],"floor_reached":54,"language":"KOR","playtime":4702,"items_purged":["Pain","Strike_B","Self Repair","Strike_B"],"score":1044,"play_id":"823dd8e5-08ba-4342-a5ff-5371d77e0a24","local_time":"20210119133020","is_ascension_mode":true,"campfire_choices":[{"data":"Coolheaded","floor":15.0,"key":"SMITH"},{"data":"Consume","floor":24.0,"key":"SMITH"},{"floor":32.0,"key":"REST"},{"data":"Apotheosis","floor":40.0,"key":"SMITH"},{"floor":42.0,"key":"REST"},{"floor":46.0,"key":"RECALL"},{"data":"Skim","floor":49.0,"key":"SMITH"},{"data":"Fusion","floor":52.0,"key":"SMITH"}],"circlet_count":0,"master_deck":["Defend_B","Defend_B","Defend_B","Defend_B","Zap","Dualcast+1","Compile Driver","Ball Lightning","Conserve Battery","Core Surge","Cold Snap","Skim+1","Glacier","Self Repair+1","Coolheaded+1","Electrodynamics+1","Consume+1","Electrodynamics+1","Defragment+1","Echo Form+1","Ball Lightning+1","Fusion+1","Consume","Hologram+1","Creative AI+1","Conserve Battery","Reboot","Turbo+1","Apotheosis+1","Defragment+1"],"relics":["Cracked Core","WarpedTongs","Lizard Tail","Nunchaku","Frozen Egg 2","Art of War","Inserter","Pocketwatch","Boot","Blood Vial","Philosopher\u0027s Stone","Toy Ornithopter","FossilizedHelix","Pen Nib","TheAbacus","Thread and Needle","Red Mask"],"acts_visited":["Exordium","TheCity","TheBeyond","TheEnding"],"potions_floor_usage":[],"damage_taken":[{"damage":10.0,"enemies":"Small Slimes","floor":1.0,"turns":3.0},{"damage":0.0,"enemies":"Cultist","floor":4.0,"turns":3.0},{"damage":7.0,"enemies":"Jaw Worm","floor":5.0,"turns":2.0},{"damage":33.0,"enemies":"Gremlin Nob","floor":6.0,"turns":4.0},{"damage":19.0,"enemies":"Lagavulin","floor":8.0,"turns":6.0},{"damage":11.0,"enemies":"3 Louse","floor":10.0,"turns":3.0},{"damage":4.0,"enemies":"Red Slaver","floor":12.0,"turns":2.0},{"damage":13.0,"enemies":"Large Slime","floor":13.0,"turns":4.0},{"damage":17.0,"enemies":"Gremlin Nob","floor":14.0,"turns":4.0},{"damage":3.0,"enemies":"The Guardian","floor":16.0,"turns":15.0},{"damage":5.0,"enemies":"Shell Parasite","floor":18.0,"turns":7.0},{"damage":11.0,"enemies":"Spheric Guardian","floor":21.0,"turns":3.0},{"damage":8.0,"enemies":"Book of Stabbing","floor":23.0,"turns":5.0},{"damage":16.0,"enemies":"Shelled Parasite and Fungi","floor":25.0,"turns":5.0},{"damage":22.0,"enemies":"Snecko","floor":27.0,"turns":5.0},{"damage":9.0,"enemies":"Cultist and Chosen","floor":28.0,"turns":4.0},{"damage":24.0,"enemies":"Snake Plant","floor":29.0,"turns":4.0},{"damage":28.0,"enemies":"Gremlin Leader","floor":30.0,"turns":4.0},{"damage":48.0,"enemies":"Collector","floor":33.0,"turns":7.0},{"damage":36.0,"enemies":"3 Darklings","floor":35.0,"turns":4.0},{"damage":2.0,"enemies":"Orb Walker","floor":36.0,"turns":3.0},{"damage":32.0,"enemies":"Transient","floor":38.0,"turns":5.0},{"damage":32.0,"enemies":"Giant Head","floor":41.0,"turns":9.0},{"damage":22.0,"enemies":"Nemesis","floor":44.0,"turns":9.0},{"damage":0.0,"enemies":"Giant Head","floor":47.0,"turns":10.0},{"damage":70.0,"enemies":"Awakened One","floor":50.0,"turns":15.0},{"damage":93,"enemies":"Shield and Spear","floor":54,"turns":6}],"seed_played":"3267268801872347047","potions_obtained":[{"floor":5.0,"key":"BlessingOfTheForge"},{"floor":10.0,"key":"SkillPotion"},{"floor":13.0,"key":"Strength Potion"},{"floor":14.0,"key":"Block Potion"},{"floor":16.0,"key":"LiquidBronze"},{"floor":18.0,"key":"PowerPotion"},{"floor":21.0,"key":"Strength Potion"},{"floor":28.0,"key":"BlessingOfTheForge"},{"floor":35.0,"key":"Swift Potion"},{"floor":36.0,"key":"SneckoOil"}],"is_trial":false,"path_per_floor":["M","?","$","M","M","E","$","E","T","M","$","M","M","E","R","B",null,"M","?","?","M","$","E","R","M","T","M","M","M","E","?","R","B",null,"M","M","$","M","?","R","E","R","T","E","$","R","E","?","R","B",null,"R","$","E"],"character_chosen":"DEFECT","items_purchased":["Self Repair","Cold Snap","TheAbacus"],"campfire_rested":2,"item_purchase_floors":[3,7,45],"current_hp_per_floor":[65,65,65,72,72,46,46,34,34,30,30,26,30,33,33,30,64,75,75,75,64,64,66,66,70,70,58,59,45,27,27,49,13,60,46,56,56,36,36,36,16,38,38,38,38,38,50,50,50,23,62,62,62,0,0],"gold":0,"neow_bonus":"UPGRADE_CARD","is_daily":false,"chose_seed":false,"campfire_upgraded":5,"win_rate":0.0,"timestamp":1611030620,"path_taken":["M","?","$","M","M","E","?","E","T","M","$","M","M","E","R","BOSS","M","?","?","M","$","E","R","M","T","M","?","M","E","?","R","BOSS","M","M","$","M","?","R","E","R","T","E","$","R","E","?","R","BOSS","R","$","E"],"items_purchased_type":["Card","Card","Relic"],"build_version":"2020-12-22","purchased_purges":4,"victory":false,"max_hp_per_floor":[75,75,75,75,75,75,75,75,75,75,75,75,75,75,75,75,75,75,75,75,75,75,75,75,75,75,75,75,75,75,75,75,75,75,75,75,75,75,75,75,75,75,75,75,75,75,75,75,75,75,75,75,75,75,75],"card_choices":[{"not_picked":["Conserve Battery","Hello World"],"picked":"Compile Driver","floor":1.0},{"not_picked":["Streamline","Stack"],"picked":"Ball Lightning","floor":4.0},{"not_picked":["Turbo","Go for the Eyes"],"picked":"Conserve Battery","floor":5.0},{"not_picked":["Sweeping Beam","Rebound"],"picked":"Core Surge","floor":6.0},{"not_picked":["Reinforced Body","Ball Lightning"],"picked":"Skim","floor":8.0},{"not_picked":["Rip and Tear","Beam Cell"],"picked":"Glacier","floor":10.0},{"not_picked":["Gash","Redo"],"picked":"Self Repair+1","floor":12.0},{"not_picked":["Gash","Steam","Ball Lightning"],"picked":"SKIP","floor":13.0},{"not_picked":["Beam Cell","Rip and Tear"],"picked":"Coolheaded","floor":14.0},{"not_picked":["Seek","Rainbow"],"picked":"Electrodynamics+1","floor":16.0},{"not_picked":["Hello World+1","Stack+1"],"picked":"Consume","floor":18.0},{"not_picked":["Stack","Sweeping Beam+1"],"picked":"Defragment+1","floor":21.0},{"not_picked":["Auto Shields","Hello World+1"],"picked":"Echo Form+1","floor":23.0},{"not_picked":["Darkness+1","Steam"],"picked":"Ball Lightning+1","floor":25.0},{"not_picked":["Sweeping Beam","Skim","Ball Lightning"],"picked":"SKIP","floor":27.0},{"not_picked":["Cold Snap","Barrage+1"],"picked":"Fusion","floor":28.0},{"not_picked":["Turbo","Rebound"],"picked":"Consume","floor":29.0},{"not_picked":["Conserve Battery","Reprogram+1"],"picked":"Hologram+1","floor":30.0},{"not_picked":["Meteor Strike","All For One"],"picked":"Reboot","floor":33.0},{"not_picked":["Leap","Double Energy"],"picked":"Turbo+1","floor":35.0},{"not_picked":["Go for the Eyes","Stack","Rebound+1"],"picked":"SKIP","floor":36.0},{"not_picked":["Conserve Battery+1","Leap","Gash"],"picked":"SKIP","floor":38.0},{"not_picked":["Metamorphosis","Impatience"],"picked":"Apotheosis","floor":39.0},{"not_picked":["Doom and Gloom+1","Compile Driver","Consume"],"picked":"SKIP","floor":41.0},{"not_picked":["Reinforced Body","Sunder+1","Storm+1"],"picked":"SKIP","floor":44.0},{"not_picked":["Steam+1","Conserve Battery"],"picked":"Defragment+1","floor":47.0}],"player_experience":128166,"relics_obtained":[{"floor":6.0,"key":"Lizard Tail"},{"floor":8.0,"key":"Nunchaku"},{"floor":9.0,"key":"Frozen Egg 2"},{"floor":14.0,"key":"Art of War"},{"floor":23.0,"key":"Boot"},{"floor":30.0,"key":"Blood Vial"},{"floor":41.0,"key":"Toy Ornithopter"},{"floor":43.0,"key":"FossilizedHelix"},{"floor":44.0,"key":"Pen Nib"},{"floor":47.0,"key":"Thread and Needle"}],"event_choices":[{"damage_healed":0.0,"max_hp_gain":0.0,"max_hp_loss":0.0,"gold_gain":0.0,"event_name":"Accursed Blacksmith","player_choice":"Rummage","floor":2.0,"gold_loss":0.0,"damage_taken":0.0,"relics_obtained":["WarpedTongs"],"cards_obtained":["Pain"]},{"damage_healed":0.0,"max_hp_gain":0.0,"max_hp_loss":0.0,"gold_gain":0.0,"event_name":"Addict","player_choice":"Obtained Relic","floor":19.0,"gold_loss":85.0,"damage_taken":0.0,"relics_obtained":["Pocketwatch"]},{"damage_healed":0.0,"max_hp_gain":0.0,"max_hp_loss":0.0,"gold_gain":0.0,"event_name":"Duplicator","player_choice":"Copied","floor":20.0,"gold_loss":0.0,"damage_taken":0.0,"cards_obtained":["Electrodynamics"]},{"damage_healed":0.0,"max_hp_gain":0.0,"max_hp_loss":0.0,"gold_gain":0.0,"cards_transformed":["Strike_B","Strike_B"],"event_name":"Drug Dealer","player_choice":"Became Test Subject","floor":31.0,"gold_loss":0.0,"damage_taken":0.0,"cards_obtained":["Creative AI","Conserve Battery"]},{"damage_healed":0.0,"max_hp_gain":0.0,"max_hp_loss":0.0,"gold_gain":0.0,"event_name":"SensoryStone","player_choice":"Memory 1","floor":39.0,"gold_loss":0.0,"damage_taken":0.0},{"damage_healed":0.0,"max_hp_gain":0.0,"max_hp_loss":0.0,"gold_gain":0.0,"event_name":"Tomb of Lord Red Mask","player_choice":"Paid","floor":48.0,"gold_loss":41.0,"damage_taken":0.0,"relics_obtained":["Red Mask"]}],"is_beta":false,"boss_relics":[{"not_picked":["Cursed Key","SacredBark"],"picked":"Inserter"},{"not_picked":["Astrolabe","Runic Dome"],"picked":"Philosopher\u0027s Stone"}],"items_purged_floors":[3,11,22,37],"is_endless":false,"potions_floor_spawned":[5,10,13,14,16,18,21,28,35,36],"killed_by":"Shield and Spear","ascension_level":5}}