{"host":"m5bsg12zcyqnofur","time":1611099860,"event":{"mods":["AchievementEnabler","BaseMod","BetterRewards","Colored Powertips","Hermit","Highlight Path","Minty Spire (QoL Compilation)","Quick Restart","Replay The Spire","Shop Mod","StSLib","The Bug Knight"],"gold_per_floor":[109,75,88,106,117,147,147,161,161,187,214,245,278,288,288,390,390,405,421,124,124,124,152,152,177,177,177,208,222,240,256,256,357,357,374,385,235,249,74,74,100,100,100,125,175,185,230,230,230,230,230,230,30,61,61],"floor_reached":56,"language":"ENG","playtime":4749,"items_purged":["Strike_G","Strike_G","Strike_G","Defend_G","Strike_G","Defend_G"],"score":2346,"play_id":"9a7bbb89-09a8-4ac4-8e4e-3895c4a1c93a","local_time":"20210119174420","is_ascension_mode":true,"campfire_choices":[{"floor":7.0,"key":"REST"},{"data":"ReplayTheSpireMod:Scrap Shanks","floor":15.0,"key":"SMITH"},{"data":"ReplayTheSpireMod:Shiv Toss","floor":24.0,"key":"SMITH"},{"data":"ReplayTheSpireMod:Scrap Shanks","floor":27,"key":"SMITH"},{"data":"Strike_G","floor":32,"key":"PURGE"},{"data":"Defend_G","floor":40,"key":"PURGE"},{"data":"Defend_G","floor":42,"key":"PURGE"},{"floor":49,"key":"RECALL"},{"data":"Defend_G","floor":52,"key":"PURGE"}],"circlet_count":0,"master_deck":["Survivor","Neutralize","Blade Dance","Slice","Hidden Blade","Accuracy+1","ReplayTheSpireMod:Shiv Toss+1","Backflip+1","Acrobatics+1","ReplayTheSpireMod:Scrap Shanks+1","Cloak And Dagger","Cloak And Dagger+1","ReplayTheSpireMod:Scrap Shanks+1","Deflect+1","Calculated Gamble+1","Tools of the Trade","Tactician+1","Reflex+1","Blade Dance+1","Blade Dance+1","Venomology+1","After Image+1","Accuracy+1"],"relics":["Ring of the Snake","InkBottle","Toxic Egg 2","WingedGreaves","FossilizedHelix","ReplayTheSpireMod:Lightbulb","ReplayTheSpireMod:Ninjato","ReplayTheSpireMod:TigerMarble","Black Star","Peace Pipe","Golden Egg","Ice Cream","Art of War","Blue Candle","Blue Doll","Ornamental Fan","Mercury Hourglass","Toy Ornithopter","SacredBark","Replay:PocketPolymizer","Bird Faced Urn","Meat on the Bone","Regal Pillow","Basket Of Snakes","Replay:Bottled Eggs","Juzu Bracelet","Unceasing Top","Ninja Scroll"],"acts_visited":["Exordium","TheCity","TheBeyond","TheEnding"],"potions_floor_usage":[33,33,33,33,38,41,44,44,46,54,55,55,55],"damage_taken":[{"damage":0.0,"enemies":"Jaw Worm","floor":1.0,"turns":3.0},{"damage":0.0,"enemies":"2 Louse","floor":3.0,"turns":2.0},{"damage":0.0,"enemies":"Small Slimes","floor":4.0,"turns":2.0},{"damage":1.0,"enemies":"Red Slaver","floor":5.0,"turns":6.0},{"damage":7.0,"enemies":"Replay:BlueRogue","floor":6.0,"turns":4.0},{"damage":3.0,"enemies":"Exordium Thugs","floor":8.0,"turns":4.0},{"damage":4.0,"enemies":"HollowMod:MossKnight","floor":10.0,"turns":4.0},{"damage":0.0,"enemies":"Gremlin Nob","floor":11.0,"turns":2.0},{"damage":0.0,"enemies":"3 Sentries","floor":12.0,"turns":5.0},{"damage":0.0,"enemies":"Gremlin Nob","floor":13.0,"turns":2.0},{"damage":0.0,"enemies":"Large Slime","floor":14.0,"turns":3.0},{"damage":0.0,"enemies":"Fading Forest","floor":16.0,"turns":8.0},{"damage":0.0,"enemies":"3 Byrds","floor":18.0,"turns":3.0},{"damage":8.0,"enemies":"2 Thieves","floor":19.0,"turns":2.0},{"damage":0.0,"enemies":"HollowMod:Nosk","floor":23.0,"turns":4.0},{"damage":0,"enemies":"Book of Stabbing","floor":25,"turns":3},{"damage":0,"enemies":"HollowMod:Nosk","floor":28,"turns":3},{"damage":0,"enemies":"Centurion and Healer","floor":29,"turns":3},{"damage":0,"enemies":"3 Cultists","floor":30,"turns":2},{"damage":0,"enemies":"Cultist and Chosen","floor":31,"turns":2},{"damage":0,"enemies":"Collector","floor":33,"turns":4},{"damage":0,"enemies":"3 Darklings","floor":35,"turns":2},{"damage":2,"enemies":"Orb Walker","floor":36,"turns":3},{"damage":0,"enemies":"Sphere and 2 Shapes","floor":38,"turns":2},{"damage":0,"enemies":"Nemesis","floor":41,"turns":3},{"damage":0,"enemies":"HollowMod:StalkingDevout","floor":44,"turns":2},{"damage":0,"enemies":"Mind Bloom Boss Battle","floor":45,"turns":4},{"damage":0,"enemies":"3 Darklings","floor":46,"turns":3},{"damage":17,"enemies":"Donu and Deca","floor":50,"turns":4},{"damage":0,"enemies":"Shield and Spear","floor":54,"turns":1},{"damage":0,"enemies":"The Heart","floor":55,"turns":2}],"seed_played":"-3309883589284834310","potions_obtained":[{"floor":1.0,"key":"Poison Potion"},{"floor":4.0,"key":"Toxic Potion"},{"floor":5.0,"key":"Venom Potion"},{"floor":11.0,"key":"SkillPotion"},{"floor":12.0,"key":"GamblersBrew"},{"floor":16.0,"key":"DuplicationPotion"},{"floor":25,"key":"EntropicBrew"},{"floor":29,"key":"Reflective Coating"}],"is_trial":false,"path_per_floor":["M","$","M","M","M","E","R","M","T","E","E","E","E","M","R","B",null,"M","M","$","?","?","E","R","E","T","R","E","M","M","M","R","B",null,"M","M","$","M","$","R","E","R","T","E","?","M","?","?","R","B",null,"R","$","E","B",null],"character_chosen":"THE_SILENT","items_purchased":["Blade Dance","InkBottle","Slice","Hidden Blade","Accuracy","ReplayTheSpireMod:Shiv Toss","Backflip+1","Acrobatics+1","Peace Pipe"],"campfire_rested":1,"item_purchase_floors":[0,0,0,0,0,0,0,2,20],"current_hp_per_floor":[32,32,32,32,31,24,45,42,42,38,38,38,38,38,38,42,70,70,62,62,62,62,62,62,62,62,62,62,62,62,62,62,70,70,70,68,68,70,70,70,70,70,70,70,70,70,53,53,53,46,70,70,70,70,70],"gold":61,"neow_bonus":"","is_daily":false,"chose_seed":false,"campfire_upgraded":3,"win_rate":0.0,"timestamp":1611099860,"path_taken":["M","$","M","M","M","E","R","M","T","E","E","E","E","M","R","BOSS","M","M","$","?","?","E","R","E","T","R","E","?","M","M","R","BOSS","M","M","$","M","$","R","E","R","T","E","?","M","?","?","R","BOSS","R","$","E","BOSS"],"items_purchased_type":["Card","Relic","Card","Card","Card","Card","Card","Card","Relic"],"build_version":"2020-12-22","purchased_purges":6,"victory":true,"max_hp_per_floor":[70,70,70,70,70,70,70,70,70,70,70,70,70,70,70,70,70,70,70,70,70,70,70,70,70,70,70,70,70,70,70,70,70,70,70,70,70,70,70,70,70,70,70,70,70,70,70,70,70,70,70,70,70,70,70],"card_choices":[{"not_picked":["Slice","PiercingWail","Toxin Wave"],"picked":"SKIP","floor":1.0},{"not_picked":["Flying Knee","Bane"],"picked":"ReplayTheSpireMod:Scrap Shanks","floor":3.0},{"not_picked":["Outmaneuver","Bane","Sucker Punch"],"picked":"SKIP","floor":4.0},{"not_picked":["Poisoned Stab","Riddle With Holes"],"picked":"Cloak And Dagger","floor":5.0},{"not_picked":["Caltrops","Dagger Throw","Bane"],"picked":"SKIP","floor":6.0},{"not_picked":["Outmaneuver+1","Well Laid Plans","Bane"],"picked":"SKIP","floor":8.0},{"not_picked":["Malaise+1","Leg Sweep+1"],"picked":"Cloak And Dagger+1","floor":10.0},{"not_picked":["Backflip+1","Predator"],"picked":"ReplayTheSpireMod:Scrap Shanks","floor":11.0},{"not_picked":["Dagger Spray","Riddle With Holes","Dodge and Roll+1"],"picked":"SKIP","floor":12.0},{"not_picked":["PiercingWail+1","Poisoned Stab"],"picked":"Deflect+1","floor":13.0},{"not_picked":["Hidden Blade+1","Dagger Throw"],"picked":"Calculated Gamble+1","floor":14.0},{"not_picked":["Atom Bomb","Grand Finale"],"picked":"Tools of the Trade","floor":16.0},{"not_picked":["Poisoned Stab","Slice","Flying Knee+1"],"picked":"SKIP","floor":18.0},{"not_picked":["Eviscerate","Sneak Up+1"],"picked":"Tactician+1","floor":19.0},{"not_picked":["ReplayTheSpireMod:Scrap Shanks","Dash+1"],"picked":"Reflex+1","floor":23.0},{"not_picked":["Reflex+1","Fluid Movement"],"picked":"Blade Dance+1","floor":25},{"not_picked":["ReplayTheSpireMod:Speed Training+1","Blur+1","Skewer"],"picked":"SKIP","floor":28},{"not_picked":["Dodge and Roll+1","Draining Mist+1","Hidden Blade+1"],"picked":"SKIP","floor":29},{"not_picked":["Noxious Fumes","Blur+1","Bane"],"picked":"SKIP","floor":30},{"not_picked":["Sucker Punch+1","Dagger Spray"],"picked":"Blade Dance+1","floor":31},{"not_picked":["Poison Darts+1","A Thousand Cuts"],"picked":"Venomology+1","floor":33},{"not_picked":["Hidden Blade+1","Cloak And Dagger+1","Fluid Movement+1"],"picked":"SKIP","floor":35},{"not_picked":["Toxin Wave+1","Quick Slash+1","Underhanded Strike+1"],"picked":"SKIP","floor":36},{"not_picked":["Bane+1","Acrobatics+1","Cloak And Dagger+1"],"picked":"SKIP","floor":38},{"not_picked":["Cloak And Dagger+1","Caltrops+1","Outmaneuver+1"],"picked":"SKIP","floor":41},{"not_picked":["Crippling Poison+1","Deflect+1"],"picked":"After Image","floor":44},{"not_picked":["Flying Knee+1","Poisoned Stab","Storm of Steel+1"],"picked":"SKIP","floor":46},{"not_picked":["Catalyst+1","Outmaneuver+1"],"picked":"Accuracy","floor":54}],"player_experience":246950,"relics_obtained":[{"floor":6.0,"key":"Toxic Egg 2"},{"floor":9.0,"key":"WingedGreaves"},{"floor":10.0,"key":"FossilizedHelix"},{"floor":11.0,"key":"ReplayTheSpireMod:Lightbulb"},{"floor":12.0,"key":"ReplayTheSpireMod:Ninjato"},{"floor":13.0,"key":"ReplayTheSpireMod:TigerMarble"},{"floor":23.0,"key":"Ice Cream"},{"floor":23.0,"key":"Art of War"},{"floor":25,"key":"Blue Candle"},{"floor":25,"key":"Blue Doll"},{"floor":26,"key":"Ornamental Fan"},{"floor":28,"key":"Mercury Hourglass"},{"floor":28,"key":"Toy Ornithopter"},{"floor":41,"key":"Replay:PocketPolymizer"},{"floor":41,"key":"Bird Faced Urn"},{"floor":44,"key":"Meat on the Bone"},{"floor":44,"key":"Regal Pillow"},{"floor":45,"key":"Basket Of Snakes"},{"floor":47,"key":"Replay:Bottled Eggs"},{"floor":54,"key":"Unceasing Top"},{"floor":54,"key":"Ninja Scroll"}],"event_choices":[{"damage_healed":0.0,"max_hp_gain":0.0,"max_hp_loss":0.0,"gold_gain":0.0,"event_name":"The Mausoleum","player_choice":"Opened","floor":21.0,"gold_loss":0.0,"damage_taken":0.0,"relics_obtained":["Golden Egg"],"cards_obtained":["Writhe"]},{"cards_removed":["Writhe"],"damage_healed":0.0,"max_hp_gain":0.0,"max_hp_loss":0.0,"gold_gain":0.0,"event_name":"Fountain of Cleansing","player_choice":"Removed Curses","floor":22.0,"gold_loss":0.0,"damage_taken":0.0},{"damage_healed":0,"gold_gain":0,"player_choice":"Fight","damage_taken":0,"max_hp_gain":0,"max_hp_loss":0,"event_name":"MindBloom","floor":45,"gold_loss":0},{"damage_healed":0,"gold_gain":0,"player_choice":"Gave Potion","damage_taken":0,"relics_obtained":["Juzu Bracelet"],"max_hp_gain":0,"max_hp_loss":0,"event_name":"WeMeetAgain","floor":48,"gold_loss":0}],"is_beta":false,"boss_relics":[{"not_picked":["SlaversCollar","Busted Crown"],"picked":"Black Star"},{"not_picked":["Replay:Drink Me","Replay:Bronze Core"],"picked":"SacredBark"}],"items_purged_floors":[0,0,0,37,39,53],"is_endless":false,"potions_floor_spawned":[1,4,5,11,12,16,25,29,30,31,36,41,45,54],"ascension_level":4}}