{"host":"bpkhhmvsfrvlto2l","time":1611065001,"event":{"mods":["2.2 Compatiblity","AchievementEnabler","Act Like it!","AlwaysNeverKeys","Aspiration","BaseMod","Better Silent Start","Challenge The Spire","Colored Map","Colored Powertips","Custom Start","Energized Spire","Friendly Minions","GifTheSpireLib","Halation","Hubris","Infinite Spire","Ironclad Rager","Mimic Mod","Minty Spire (QoL Compilation)","Permanent Neow","Quick Restart","Random Character Button","Relic Sorter","Replay The Spire","Spikes Relics","StSLib","Stuff the Spire","Swap Starting Deck Mod","Trackpad"],"gold_per_floor":[115,125,175,175,189,189,220,220,247,247,259,259,371,384,384,488,538,548,563,7,7,7,7,7],"floor_reached":23,"language":"ENG","playtime":800,"items_purged":[],"score":268,"play_id":"9137bafe-9710-437a-94b4-ebf9429c5561","local_time":"20210119090321","is_ascension_mode":true,"campfire_choices":[{"data":"Zap","floor":6,"key":"SMITH"},{"data":"FTL","floor":8,"key":"SMITH"},{"floor":15,"key":"REST"}],"circlet_count":0,"master_deck":["Strike_B","Strike_B","Strike_B","Strike_B","Defend_B","Defend_B","Defend_B","Defend_B+1","Zap+1","Dualcast","Cold Snap","FTL+1","FTL","Reboot","Static Discharge","Dramatic Entrance","Crow Ritual"],"relics":["Cracked Core","hubris:Icosahedron","aspiration:Nostalgia","Replay:M_StaffOfTheSnake","ReplayTheSpireMod:CursedCoin","StuffTheSpire:TintedRock","Spirit Poop","Du-Vu Doll","Tiny House","InkBottle"],"acts_visited":["Exordium","TheCity"],"potions_floor_usage":[13,16,16],"damage_taken":[{"damage":0.0,"enemies":"Cultist","floor":1.0,"turns":3.0},{"damage":7.0,"enemies":"2 Louse","floor":2.0,"turns":2.0},{"damage":0,"enemies":"Small Slimes","floor":5,"turns":2},{"damage":20,"enemies":"Lagavulin","floor":7,"turns":6},{"damage":0,"enemies":"2 Fungi Beasts","floor":11,"turns":2},{"damage":19,"enemies":"3 Sentries","floor":13,"turns":7},{"damage":2,"enemies":"Red Slaver","floor":14,"turns":2},{"damage":18,"enemies":"Fading Forest","floor":16,"turns":11},{"damage":8,"enemies":"Chosen","floor":18,"turns":5},{"damage":17,"enemies":"3 Byrds","floor":19,"turns":5},{"damage":55,"enemies":"Snecko","floor":23,"turns":4}],"seed_played":"-219674292879642015","potions_obtained":[{"floor":1.0,"key":"BlessingOfTheForge"},{"floor":5,"key":"Explosive Potion"},{"floor":7,"key":"SteroidPotion"},{"floor":14,"key":"BlessingOfTheForge"},{"floor":17,"key":"BlessingOfTheForge"},{"floor":18,"key":"SpeedPotion"}],"is_trial":false,"path_per_floor":["M","M","$","?","M","R","E","R","T","?","M","$","E","M","R","B",null,"M","M","$","PTL","PTL","M"],"character_chosen":"DEFECT","items_purchased":["ReplayTheSpireMod:CursedCoin","Cold Snap","FTL","Static Discharge","Dramatic Entrance","InkBottle","Crow Ritual"],"campfire_rested":1,"item_purchase_floors":[3,3,3,20,20,20,20],"current_hp_per_floor":[68,61,61,61,61,61,41,41,41,41,41,41,22,20,42,32,69,61,44,44,44,44,0,0],"gold":7,"neow_bonus":"NOSTALGIA","is_daily":false,"chose_seed":false,"campfire_upgraded":2,"win_rate":0.0,"timestamp":1611065001,"path_taken":["M","M","$","?","M","R","E","R","T","?","M","$","E","?","R","BOSS","M","M","$","PTL","PTL","M"],"items_purchased_type":["Relic","Card","Card","Card","Card","Relic","Card"],"build_version":"2020-12-22","purchased_purges":0,"victory":false,"max_hp_per_floor":[75,75,75,75,75,75,75,75,75,75,75,75,75,75,75,75,80,80,80,80,80,80,80,80],"card_choices":[{"not_picked":["Vengeance","DiskWipe"],"picked":"FTL","floor":13},{"not_picked":["MasterReality","Seek"],"picked":"Reboot","floor":16}],"player_experience":82128,"relics_obtained":[{"floor":7,"key":"StuffTheSpire:TintedRock"},{"floor":13,"key":"Du-Vu Doll"}],"event_choices":[{"cards_removed":["Writhe"],"damage_healed":0,"gold_gain":0,"player_choice":"Offered Curse","damage_taken":0,"relics_obtained":["Spirit Poop"],"max_hp_gain":0,"max_hp_loss":0,"event_name":"Bonfire Elementals","floor":10,"gold_loss":0}],"is_beta":false,"boss_relics":[{"not_picked":["halation:LoveArrow","Nuclear Battery"],"picked":"Tiny House"}],"items_purged_floors":[],"is_endless":false,"potions_floor_spawned":[1,5,7,11,14,18],"killed_by":"Snecko","ascension_level":7}}