{"host":"te4ihy0orbpglf07","time":1611087931,"event":{"mods":["Act Like it!","Arknights The Spire","BaseMod","BetterRewards","ChefMod","Ekko","Friendly Minions","Gensokyo","Hubris","Infinite Spire","Minty Spire (QoL Compilation)","Relic Stats","RumiaBox-????????","Small Relic Pack","StSLib","SuperFastMode","Td1madao Mod","The Servant 0.9.4","TheSwordswoman","Waifu the Spire","??????REMEMod"],"gold_per_floor":[116,116,129,143,143,169,169,229,229,229,245,260,275,304,304,472,472,485,385,406,61,77,77,107,107,107],"floor_reached":25,"language":"ENG","playtime":1952,"items_purged":[],"score":258,"play_id":"cec0b6e4-b898-471c-8887-8b22a37e1cdb","local_time":"20210119232531","is_ascension_mode":false,"campfire_choices":[{"floor":7,"key":"REST"},{"floor":10,"key":"REST"},{"floor":15,"key":"REST"},{"data":"ekkoTheBoyWhoShatteredTime:LevelUp","floor":23,"key":"SMITH"}],"circlet_count":0,"master_deck":["ekkoTheBoyWhoShatteredTime:Strike","ekkoTheBoyWhoShatteredTime:Strike","ekkoTheBoyWhoShatteredTime:Strike","ekkoTheBoyWhoShatteredTime:Strike","ekkoTheBoyWhoShatteredTime:Strike","ekkoTheBoyWhoShatteredTime:Defend","ekkoTheBoyWhoShatteredTime:Defend","ekkoTheBoyWhoShatteredTime:Defend","ekkoTheBoyWhoShatteredTime:Defend","ekkoTheBoyWhoShatteredTime:TimeMaster","ekkoTheBoyWhoShatteredTime:Powered","ekkoTheBoyWhoShatteredTime:GuinsoosRageblade+1","ekkoTheBoyWhoShatteredTime:MicCheck","ekkoTheBoyWhoShatteredTime:AfterimageTease","Gensokyo:NewMoon","ekkoTheBoyWhoShatteredTime:WaitForKeyTiming","ekkoTheBoyWhoShatteredTime:RecallingPunch","ekkoTheBoyWhoShatteredTime:ProjectPreference","ekkoTheBoyWhoShatteredTime:Process","ekkoTheBoyWhoShatteredTime:Leap","ekkoTheBoyWhoShatteredTime:Resocharge","ekkoTheBoyWhoShatteredTime:AfterimageHit","ekkoTheBoyWhoShatteredTime:NeedlesslyLargeRod","ekkoTheBoyWhoShatteredTime:OverloadingWeapon","ekkoTheBoyWhoShatteredTime:LevelUp+1","ekkoTheBoyWhoShatteredTime:NeedlesslyLargeRod","ekkoTheBoyWhoShatteredTime:NeedlesslyLargeRod","ekkoTheBoyWhoShatteredTime:Discharge","ekkoTheBoyWhoShatteredTime:NeedlesslyLargeRod"],"relics":["ekkoTheBoyWhoShatteredTime:zDriveResonance","REME_ComplimentaryCards","MoreBug","hubris:Icosahedron","hubris:SlimyHat","Lantern","Darkstone Periapt","REME_ArchaeologicalTools","AddBug","Lantern","infinitespire:Satchel","Toy Ornithopter"],"acts_visited":["Exordium","TheCity"],"potions_floor_usage":[6,16,16,24],"damage_taken":[{"damage":11,"enemies":"Small Slimes","floor":1,"turns":4},{"damage":1,"enemies":"2 Louse","floor":3,"turns":2},{"damage":36,"enemies":"Jaw Worm","floor":4,"turns":4},{"damage":27,"enemies":"3 Sentries","floor":6,"turns":5},{"damage":24,"enemies":"Lagavulin Event","floor":8,"turns":4},{"damage":0,"enemies":"Exordium Wildlife","floor":11,"turns":2},{"damage":9,"enemies":"2 Fungi Beasts","floor":12,"turns":3},{"damage":0,"enemies":"Looter","floor":13,"turns":3},{"damage":8,"enemies":"Lagavulin","floor":14,"turns":5},{"damage":52,"enemies":"The Guardian","floor":16,"turns":8},{"damage":1,"enemies":"Spheric Guardian","floor":18,"turns":3},{"damage":0,"enemies":"3 Byrds","floor":20,"turns":2},{"damage":26,"enemies":"Centurion and Healer","floor":22,"turns":3},{"damage":43,"enemies":"Slavers","floor":24,"turns":5},{"damage":25,"enemies":"Snake Plant","floor":25,"turns":2}],"seed_played":"-6880629644425541857","potions_obtained":[{"floor":1,"key":"DistilledChaos"},{"floor":6,"key":"REME_GoldPotion"},{"floor":12,"key":"Strength Potion"},{"floor":16,"key":"LiquidBronze"},{"floor":18,"key":"Regen Potion"},{"floor":24,"key":"Strength Potion"}],"is_trial":false,"path_per_floor":["M","?","M","M","?","E","R","?","T","R","M","M","M","E","R","B",null,"M","?","M","$","M","R","E","M"],"character_chosen":"EKKO_THE_BOY_WHO_SHATTERED_TIME","items_purchased":["ekkoTheBoyWhoShatteredTime:GuinsoosRageblade","ekkoTheBoyWhoShatteredTime:MicCheck","ekkoTheBoyWhoShatteredTime:NeedlesslyLargeRod","infinitespire:Satchel","ekkoTheBoyWhoShatteredTime:Discharge"],"campfire_rested":3,"item_purchase_floors":[0,0,21,21,21],"current_hp_per_floor":[72,72,72,40,40,18,41,19,19,42,42,33,33,25,48,8,78,77,77,77,77,54,54,25,0,0],"gold":107,"neow_bonus":"","is_daily":false,"chose_seed":false,"campfire_upgraded":1,"win_rate":0.0,"timestamp":1611087931,"path_taken":["M","?","M","M","?","E","R","?","T","R","M","M","M","E","R","BOSS","M","?","M","$","M","R","E","M"],"items_purchased_type":["Card","Card","Card","Relic","Card"],"build_version":"2020-12-22","purchased_purges":0,"victory":false,"max_hp_per_floor":[78,78,78,78,78,78,78,78,78,78,78,78,78,78,78,78,78,78,78,78,78,78,78,78,78,78],"relic_stats":{"Darkstone Periapt":0,"counters":[15,55],"obtain_stats":[{"MoreBug":0,"Darkstone Periapt":9,"Lantern":8,"hubris:Icosahedron":2,"infinitespire:Satchel":21,"AddBug":17,"hubris:SlimyHat":6,"REME_ArchaeologicalTools":14,"ekkoTheBoyWhoShatteredTime:zDriveResonance":0,"Toy Ornithopter":24,"REME_ComplimentaryCards":0},{"MoreBug":0,"Darkstone Periapt":5,"Lantern":5,"hubris:Icosahedron":1,"infinitespire:Satchel":12,"AddBug":10,"hubris:SlimyHat":4,"REME_ArchaeologicalTools":9,"ekkoTheBoyWhoShatteredTime:zDriveResonance":0,"Toy Ornithopter":14,"REME_ComplimentaryCards":0},{"MoreBug":0,"Darkstone Periapt":19,"Lantern":19,"hubris:Icosahedron":4,"infinitespire:Satchel":45,"AddBug":40,"hubris:SlimyHat":15,"REME_ArchaeologicalTools":32,"ekkoTheBoyWhoShatteredTime:zDriveResonance":0,"Toy Ornithopter":53,"REME_ComplimentaryCards":0}],"Toy Ornithopter":0},"card_choices":[{"not_picked":["ekkoTheBoyWhoShatteredTime:QuickBreak","ekkoTheBoyWhoShatteredTime:KneeNSwordCombo"],"picked":"ekkoTheBoyWhoShatteredTime:AfterimageTease","floor":1},{"not_picked":["ekkoTheBoyWhoShatteredTime:FeelIt","ekkoTheBoyWhoShatteredTime:Leap"],"picked":"ekkoTheBoyWhoShatteredTime:WaitForKeyTiming","floor":3},{"not_picked":["ekkoTheBoyWhoShatteredTime:Greed","ekkoTheBoyWhoShatteredTime:Backtrack"],"picked":"ekkoTheBoyWhoShatteredTime:RecallingPunch","floor":4},{"not_picked":["ekkoTheBoyWhoShatteredTime:WaitForKeyTiming","ekkoTheBoyWhoShatteredTime:ProjectPreference","ekkoTheBoyWhoShatteredTime:AfterimageHit"],"picked":"SKIP","floor":6},{"not_picked":["ekkoTheBoyWhoShatteredTime:WaitForKeyTiming","ekkoTheBoyWhoShatteredTime:AfterimageHit"],"picked":"ekkoTheBoyWhoShatteredTime:ProjectPreference","floor":6},{"not_picked":["ekkoTheBoyWhoShatteredTime:PhaseDive","ekkoTheBoyWhoShatteredTime:AfterimageBait"],"picked":"ekkoTheBoyWhoShatteredTime:Process","floor":8},{"not_picked":["ekkoTheBoyWhoShatteredTime:TimeRecall","ekkoTheBoyWhoShatteredTime:HauntedAfterimage"],"picked":"ekkoTheBoyWhoShatteredTime:Leap","floor":11},{"not_picked":["ekkoTheBoyWhoShatteredTime:WaitForKeyTiming","ekkoTheBoyWhoShatteredTime:HauntedAfterimage"],"picked":"ekkoTheBoyWhoShatteredTime:Resocharge","floor":12},{"not_picked":["ekkoTheBoyWhoShatteredTime:WaitForKeyTiming","ekkoTheBoyWhoShatteredTime:Backtrack"],"picked":"ekkoTheBoyWhoShatteredTime:AfterimageHit","floor":13},{"not_picked":["ekkoTheBoyWhoShatteredTime:AfterimageTimeWrap","ekkoTheBoyWhoShatteredTime:Leap"],"picked":"ekkoTheBoyWhoShatteredTime:NeedlesslyLargeRod","floor":14},{"not_picked":["ekkoTheBoyWhoShatteredTime:ZhonyasHourglass","ekkoTheBoyWhoShatteredTime:TrickOrTreatTrend"],"picked":"ekkoTheBoyWhoShatteredTime:OverloadingWeapon","floor":16},{"not_picked":["ekkoTheBoyWhoShatteredTime:AfterimageSetup+1","ekkoTheBoyWhoShatteredTime:Timewinder"],"picked":"ekkoTheBoyWhoShatteredTime:LevelUp","floor":18},{"not_picked":["ekkoTheBoyWhoShatteredTime:Leap+1","ekkoTheBoyWhoShatteredTime:CalmingWaves"],"picked":"ekkoTheBoyWhoShatteredTime:NeedlesslyLargeRod","floor":20},{"not_picked":["ekkoTheBoyWhoShatteredTime:SneakHit","ekkoTheBoyWhoShatteredTime:AfterimageTimeWrap","ekkoTheBoyWhoShatteredTime:SpHit"],"picked":"SKIP","floor":22},{"not_picked":["ekkoTheBoyWhoShatteredTime:Acceleration","ekkoTheBoyWhoShatteredTime:KneeNSwordCombo+1"],"picked":"ekkoTheBoyWhoShatteredTime:NeedlesslyLargeRod","floor":24}],"player_experience":71065,"relics_obtained":[{"floor":6,"key":"hubris:SlimyHat"},{"floor":8,"key":"Lantern"},{"floor":9,"key":"Darkstone Periapt"},{"floor":14,"key":"REME_ArchaeologicalTools"},{"floor":18,"key":"Lantern"},{"floor":24,"key":"Toy Ornithopter"}],"event_choices":[{"damage_healed":0,"gold_gain":30,"player_choice":"Searched \u00273\u0027 times","damage_taken":0,"max_hp_gain":0,"max_hp_loss":0,"event_name":"Dead Adventurer","floor":8,"gold_loss":0}],"is_beta":false,"boss_relics":[{"not_picked":["relicPack:ShieldShield","hubris:RunicObelisk"],"picked":"AddBug"}],"items_purged_floors":[],"is_endless":false,"potions_floor_spawned":[1,6,12,16,18,24],"killed_by":"Snake Plant","ascension_level":0}}