{"host":"2hlhnd4tei6r1t0s","time":1611045555,"event":{"mods":["100% Spire Juice","ATMod(阿瑾Mod)","Act Like it!","Arknights The Spire","Aspiration","Astrologer","Bard","BaseMod","Conspire","Dota2Spire","Energized Spire","Evolution","Gensokyo","Gremlin Mod","Hallownest","Hermit","HololiveMod","HumanHunterMod(怪物杀人mod)","Jedi Mod","Jorbs\u0027s Wanderer Trilogy","KinomotoSakuraMod(木之本樱)","Koishi","Lobotomy","LobotomyExtend","Luminous","Mari Mod (Legacy)","Mari\u0027s V1 Patch","Minty Spire (QoL Compilation)","MostiFishMod","Pale of the Ancients","Potionbrewer","Prisma Mod","Quick Restart","Reimu（博丽灵梦）","Replay The Spire","Robot Space Explorer","RumiaBox-露米娅的神秘盒子","Spicy Shops","StSLib","TestMod","The Administrix","The Alterego","The Animator","The Blackbeard","The Construct","The Cursed","The Forsaken","The Gatherer","The Hayseed","The Invoker Mod","The Marked","The Mystic","The Runesmith","The Saiyan","The Senshi","The Showman","TheHeartMod","TheWitcher","Uncapped","WarShipGirlsR/战舰少女R mod","Yakumo Yukari mod","Yuyuko","[GremlinLeader]The Maniac","[IsaacMod]以撒尖塔","noobMod","vexMod","【功能Mod】混沌之环修复补丁","【功能Mod】聪明的最终Boss","【遗物卡牌】REMEMod","残留之物"],"gold_per_floor":[115,115,115,135,1000000,1000029,998265,998265,998292,998292,997088,997088,997107,995123,995123,995123,995123],"floor_reached":16,"language":"ZHS","playtime":1560,"items_purged":["Injury","Parasite","MeatLantern"],"score":248,"play_id":"baa65f5d-4a20-4d83-847b-1a303c0aeca2","local_time":"20210119163915","is_ascension_mode":false,"campfire_choices":[{"data":"Horn","floor":10,"key":"SMITH"},{"data":"Ecstasy","floor":12,"key":"SMITH"},{"data":"testmod-Automaton","floor":15,"key":"SMITH"}],"circlet_count":0,"master_deck":["SpecialBullet","SpecialBullet","SpecialBullet","SpecialBullet","SpecialBullet","SpecialBullet","SpecialBullet","SpecialBullet","AT_EssenceShift+1","DoctorFetus","ControlCode","SecurityCode","TrainingCode","MostiFishMod:GoodWordForIt+1","testmod-AssimilatedRune","OldLady","Tough","Wellcheers","Horn+1","PlagueDoctor","RedEyes+1","OSAHOGD","Wingbeat+1","testmod-RepeatForm","GoldRush","Tough+1","SomewhereSpear+1","Beak","Lantern","Lantern","Ecstasy+1","RedEyes+1","ParadiseLost","testmod-Automaton+1","FeatherOfHonor","EpicFetus","SomewhereSpear+1"],"relics":["CogitoBucket","EVO:Axolotl","ice","testmod-TestBox","DaveBox","REME_ComplimentaryCards","HushsDoor","KeepersGift","AT_ATBox","testmod-EnergyCheck","BirthdayGift-Tetrahedron","SynthV:TestCard","LetterFromLob","Toxic Egg 2","NlothsMask","testmod-Antiphasic","MagicDraw4","jedi:angrymask","jedi:fakemustache","BFFS","Incense Burner","Replay:Rubber Ducky","Moonlight_r","MagicBullet_r","Dodecahedron","aspiration:FrozenJewel","Potion Belt","CrazyTorch:ReiMu","conspire:Flyswatter","Civilization","TuHaoJin","AT_BellDemon","Quantum Egg","Dota2Spire:MaskOfMadness"],"acts_visited":["Exordium"],"potions_floor_usage":[],"damage_taken":[{"damage":4,"enemies":"Small Slimes","floor":1,"turns":3},{"damage":103,"enemies":"2 Louse","floor":4,"turns":6},{"damage":34,"enemies":"Cultist","floor":5,"turns":8},{"damage":17,"enemies":"Lagavulin","floor":6,"turns":3},{"damage":33,"enemies":"Blue Slaver","floor":13,"turns":8},{"damage":343,"enemies":"Hexaghost","floor":16,"turns":2}],"seed_played":"3039800866781707251","potions_obtained":[{"floor":6,"key":"Energy Potion"},{"floor":13,"key":"ColorlessPotion"}],"is_trial":false,"path_per_floor":["M","?","?","M","M","E","$","E","T","R","$","R","M","$","R","B"],"character_chosen":"Angela","items_purchased":["MagicDraw4","jedi:angrymask","jedi:fakemustache","BFFS","Incense Burner","Replay:Rubber Ducky","testmod-RepeatForm","GoldRush","Tough+1","SomewhereSpear+1","Dodecahedron","aspiration:FrozenJewel","Potion Belt","CrazyTorch:ReiMu","Beak","Lantern","Ecstasy","conspire:Flyswatter","Civilization","TuHaoJin","AT_BellDemon","Quantum Egg","Dota2Spire:MaskOfMadness","ParadiseLost","testmod-Automaton","FeatherOfHonor","EpicFetus","SomewhereSpear+1"],"campfire_rested":0,"item_purchase_floors":[7,7,7,7,7,7,7,7,7,7,11,11,11,11,11,11,11,11,14,14,14,14,14,14,14,14,14,14],"current_hp_per_floor":[70,70,70,33,56,47,76,81,81,81,78,78,303,307,307,0,0],"gold":995123,"neow_bonus":"COLORLESS_CARD","is_daily":false,"chose_seed":false,"campfire_upgraded":3,"win_rate":0.0,"timestamp":1611045555,"path_taken":["M","?","?","M","M","E","?","E","T","R","$","R","M","$","R","BOSS"],"items_purchased_type":["Relic","Relic","Relic","Relic","Relic","Relic","Card","Card","Card","Card","Relic","Relic","Relic","Relic","Card","Card","Card","Relic","Relic","Relic","Relic","Relic","Relic","Card","Card","Card","Card","Card"],"build_version":"2020-12-22","purchased_purges":3,"victory":false,"max_hp_per_floor":[70,70,70,70,75,76,76,81,81,81,78,78,307,307,307,1135,1135],"card_choices":[{"not_picked":[],"picked":"DoctorFetus","floor":0},{"not_picked":["Murderer","SnowQueen"],"picked":"OldLady","floor":1},{"not_picked":["Pleasure"],"picked":"Tough","floor":1},{"not_picked":["WallGazer","PunishingBird"],"picked":"Wellcheers","floor":4},{"not_picked":["Lantern","Penitence+1","InTheNameOfLoveAndHate+1"],"picked":"Horn","floor":4},{"not_picked":["Woodsman","MeatLantern"],"picked":"PlagueDoctor","floor":5},{"not_picked":["Noise+1","Discord","Penitence+1"],"picked":"RedEyes+1","floor":5},{"not_picked":["WallGazer","Alriune"],"picked":"OSAHOGD","floor":6},{"not_picked":["RapturousDream+1","SolemnVow","Noise+1"],"picked":"Wingbeat+1","floor":6},{"not_picked":["Porccubus","ShyLook"],"picked":"MeatLantern","floor":13},{"not_picked":["Reverberation","Noise+1","Wingbeat+1"],"picked":"RedEyes+1","floor":13}],"player_experience":114796,"relics_obtained":[{"floor":1,"key":"SynthV:TestCard"},{"floor":1,"key":"LetterFromLob"},{"floor":6,"key":"testmod-Antiphasic"}],"event_choices":[{"damage_healed":0,"gold_gain":0,"player_choice":"Trade","damage_taken":0,"relics_obtained":["NlothsMask"],"max_hp_gain":0,"max_hp_loss":0,"event_name":"FaceTrader","floor":3,"gold_loss":0}],"is_beta":false,"boss_relics":[],"items_purged_floors":[7,11,14],"is_endless":false,"potions_floor_spawned":[6,13],"killed_by":"Hexaghost","ascension_level":0}}