{"host":"Qube","time":1611091131,"event":{"mods":["AchievementEnabler","BaseMod","Colored Map","Colored Powertips","Highlight Path","Minty Spire (QoL Compilation)","Permanent Neow","Quick Restart","Random Character Button","StSLib"],"gold_per_floor":[117,117,131,37,37,68,68,86,86,86,103,132,132,145,145,145,145],"floor_reached":16,"language":"ENG","playtime":557,"items_purged":[],"score":220,"play_id":"8b2dac9f-8b91-4d11-ac15-b3843555f2c8","local_time":"20210119131851","is_ascension_mode":true,"campfire_choices":[{"data":"Catalyst","floor":7.0,"key":"SMITH"},{"data":"Deadly Poison","floor":10.0,"key":"SMITH"},{"data":"A Thousand Cuts","floor":15,"key":"SMITH"}],"circlet_count":0,"master_deck":["AscendersBane","Strike_G","Strike_G","Strike_G","Strike_G+1","Strike_G","Defend_G","Defend_G","Defend_G","Defend_G","Survivor+1","Neutralize","Deflect","Slice","Catalyst+1","Poisoned Stab","Deadly Poison+1","Dagger Throw","Underhanded Strike","A Thousand Cuts+1"],"relics":["Philosopher\u0027s Stone","Meat on the Bone","InkBottle","Lantern"],"acts_visited":["Exordium"],"potions_floor_usage":[12,12],"damage_taken":[{"damage":2.0,"enemies":"Cultist","floor":1.0,"turns":5.0},{"damage":1.0,"enemies":"2 Louse","floor":3.0,"turns":5.0},{"damage":21.0,"enemies":"3 Sentries","floor":6.0,"turns":10.0},{"damage":4.0,"enemies":"Jaw Worm","floor":8.0,"turns":4.0},{"damage":1.0,"enemies":"2 Fungi Beasts","floor":11.0,"turns":3.0},{"damage":17,"enemies":"Lagavulin","floor":12,"turns":4},{"damage":15,"enemies":"3 Louse","floor":14,"turns":3},{"damage":31,"enemies":"Slime Boss","floor":16,"turns":7}],"seed_played":"-2899237331412529358","potions_obtained":[{"floor":3.0,"key":"BlessingOfTheForge"},{"floor":6.0,"key":"PowerPotion"},{"floor":8.0,"key":"SkillPotion"},{"floor":14,"key":"SmokeBomb"}],"is_trial":false,"path_per_floor":["M","?","M","$","?","E","R","M","T","R","M","E","?","M","R","B"],"character_chosen":"THE_SILENT","items_purchased":["Catalyst","Poisoned Stab"],"campfire_rested":0,"item_purchase_floors":[4,4],"current_hp_per_floor":[57,57,56,56,36,15,15,23,23,23,34,29,34,31,31,0,0],"gold":145,"neow_bonus":"BOSS_RELIC","is_daily":false,"chose_seed":false,"campfire_upgraded":3,"win_rate":0.0,"timestamp":1611091131,"path_taken":["M","?","M","?","?","E","R","M","T","R","M","E","?","M","R","BOSS"],"items_purchased_type":["Card","Card"],"build_version":"2020-12-18","purchased_purges":0,"victory":false,"max_hp_per_floor":[66,66,66,66,66,66,66,66,66,66,66,66,71,71,71,71,71],"card_choices":[{"not_picked":["Acrobatics","Distraction"],"picked":"Deflect","floor":1.0},{"not_picked":["Blade Dance","Sucker Punch"],"picked":"Slice","floor":3.0},{"not_picked":["Blade Dance","PiercingWail"],"picked":"Deadly Poison","floor":6.0},{"not_picked":["Expertise","Escape Plan"],"picked":"Dagger Throw","floor":8.0},{"not_picked":["Flying Knee","Acrobatics","Escape Plan"],"picked":"SKIP","floor":11.0},{"not_picked":["Cloak And Dagger","Dodge and Roll"],"picked":"Underhanded Strike","floor":12},{"not_picked":["Prepared","Predator"],"picked":"A Thousand Cuts","floor":14}],"player_experience":949607,"relics_obtained":[{"floor":6.0,"key":"Meat on the Bone"},{"floor":9.0,"key":"InkBottle"},{"floor":12,"key":"Lantern"}],"event_choices":[{"cards_removed":["Defend_G"],"damage_healed":0.0,"max_hp_gain":0.0,"max_hp_loss":0.0,"gold_gain":0.0,"event_name":"Bonfire Elementals","player_choice":"Offered Basic","floor":2.0,"gold_loss":0.0,"damage_taken":0.0},{"damage_healed":0.0,"max_hp_gain":0.0,"max_hp_loss":0.0,"gold_gain":0.0,"event_name":"Shining Light","player_choice":"Entered Light","floor":5.0,"gold_loss":0.0,"damage_taken":20.0,"cards_upgraded":["Strike_G","Survivor"]},{"damage_healed":0,"gold_gain":0,"player_choice":"Donut","damage_taken":0,"max_hp_gain":5,"max_hp_loss":0,"event_name":"Big Fish","floor":13,"gold_loss":0}],"is_beta":true,"boss_relics":[],"items_purged_floors":[],"is_endless":false,"potions_floor_spawned":[3,6,8,14],"killed_by":"Slime Boss","ascension_level":20}}