{"host":"8efry9zhj4tjp5kw","time":1611089727,"event":{"mods":["Act Like it!","Aspiration","Bard","BaseMod","Beaked The Cultist","Colored Map","Colored Powertips","Conspire","Downfall","Glutton Mod","Halation","Hallownest","Hermit","Highlight Path","Hubris","Infinite Spire","Jedi Mod","Jorbs\u0027s Wanderer Trilogy","Koishi","Mad Scientist","Marisa????????","Mimic Mod","Minty Spire (QoL Compilation)","Reworked Bosses","Shop Mod","StSLib","The Administrix","The Construct","The Disciple","The Elementalist","The Factory","The Jungle","The Mystic","The Necromancer","The Runesmith","The Servant 0.9.4","Unceasing Turn Reminder"],"gold_per_floor":[0,19,33,46,46,46,79,98,98,148,180,248,280,346,359,460,460,360,378,243,293,306,306,333,348,348,368,253,303,303,319,331,436,436,436,452,465,562,581,581,581,298,348,101,117,186,186,201,215,215],"floor_reached":51,"language":"ENG","playtime":4108,"items_purged":["bronze:Strike","bronze:Strike","bronze:Strike"],"score":1349,"play_id":"4e56efdd-f6e1-4192-ac04-a00ab38ae14c","local_time":"20210119215527","is_ascension_mode":true,"campfire_choices":[{"data":"bronze:Goto","floor":1.0,"key":"SMITH"},{"data":"bronze:Branch","floor":9.0,"key":"SMITH"},{"data":"bronze:Constructor","floor":18.0,"key":"SMITH"},{"data":"bronze:Separator","floor":23.0,"key":"SMITH"},{"data":"bronze:ChosenStrike","floor":26.0,"key":"SMITH"},{"data":"bronze:WhirlingStrike","floor":30.0,"key":"SMITH"},{"data":"bronze:Assembly","floor":35.0,"key":"SMITH"},{"data":"bronze:Iterate","floor":40.0,"key":"SMITH"},{"data":"Deep Breath","floor":47.0,"key":"SMITH"}],"circlet_count":0,"master_deck":["bronze:Strike+1","bronze:Defend","bronze:Defend","bronze:Defend","bronze:Defend","bronze:Replicate+1","bronze:Goto+1","bronze:HardenedForm+1","bronze:Constructor+1","bronze:ChosenStrike+1","bronze:Branch+1","bronze:WhirlingStrike+1","bronze:Assembly+1","bronze:Separator+1","bronze:Iterate+1","Deep Breath+1","Parasite","bronze:Terminator"],"relics":["bronze:BronzeCore","SsserpentHead","jedi:angrymask","Anchor","hubris:Metronome","conspire:SpecialSausage","downfall:HeartBlessingBlue","Nunchaku","Runic Pyramid","FossilizedHelix","infinitespire:ShieldingShard","hubris:PeanutButter","Whetstone"],"acts_visited":["Exordium","TheCity","TheBeyond"],"potions_floor_usage":[],"damage_taken":[{"damage":9.0,"enemies":"Small Slimes","floor":2.0,"turns":3.0},{"damage":11.0,"enemies":"2 Louse","floor":3.0,"turns":3.0},{"damage":1.0,"enemies":"Cultist","floor":4.0,"turns":4.0},{"damage":0.0,"enemies":"Blue Slaver","floor":7.0,"turns":6.0},{"damage":8.0,"enemies":"Blue Slaver","floor":8.0,"turns":3.0},{"damage":21.0,"enemies":"Gremlin Nob","floor":11.0,"turns":5.0},{"damage":0.0,"enemies":"Lots of Slimes","floor":12.0,"turns":4.0},{"damage":0.0,"enemies":"Lagavulin","floor":13.0,"turns":5.0},{"damage":0.0,"enemies":"Red Slaver","floor":14.0,"turns":3.0},{"damage":0.0,"enemies":"Exordium Wildlife","floor":15.0,"turns":1.0},{"damage":18.0,"enemies":"DF_ARCHETYPE_STREAMLINE","floor":16.0,"turns":11.0},{"damage":0.0,"enemies":"Chosen","floor":19.0,"turns":4.0},{"damage":0.0,"enemies":"downfall:FleeingMerchant","floor":20.0,"turns":4.0},{"damage":15.0,"enemies":"Snecko","floor":22.0,"turns":4.0},{"damage":0.0,"enemies":"Chosen and Byrds","floor":25.0,"turns":5.0},{"damage":12.0,"enemies":"Snake Plant","floor":27.0,"turns":5.0},{"damage":0.0,"enemies":"downfall:FleeingMerchant","floor":28.0,"turns":4.0},{"damage":0.0,"enemies":"Snecko","floor":31.0,"turns":2.0},{"damage":0.0,"enemies":"Shelled Parasite and Fungi","floor":32.0,"turns":1.0},{"damage":14.0,"enemies":"IC_MUSHROOM_ARCHETYPE","floor":33.0,"turns":6.0},{"damage":0.0,"enemies":"3 Shapes","floor":36.0,"turns":3.0},{"damage":12.0,"enemies":"3 Darklings","floor":37.0,"turns":5.0},{"damage":0.0,"enemies":"2 Orb Walkers","floor":38.0,"turns":4.0},{"damage":0.0,"enemies":"Transient","floor":39.0,"turns":5.0},{"damage":0.0,"enemies":"downfall:FleeingMerchant","floor":44.0,"turns":2.0},{"damage":0.0,"enemies":"Writhing Mass","floor":45.0,"turns":3.0},{"damage":0.0,"enemies":"Sphere and 2 Shapes","floor":46.0,"turns":3.0},{"damage":2.0,"enemies":"Transient","floor":48.0,"turns":5.0},{"damage":0.0,"enemies":"4 Shapes","floor":49.0,"turns":3.0},{"damage":59,"enemies":"SI_POISON_ARCHETYPE","floor":50,"turns":15}],"seed_played":"-8201551110829838587","potions_obtained":[{"floor":2.0,"key":"infinitespire:BlackPotion"},{"floor":4.0,"key":"Swift Potion"},{"floor":8.0,"key":"BlessingOfTheForge"},{"floor":15.0,"key":"jedi:wingpotion"},{"floor":33.0,"key":"Energy Potion"},{"floor":36.0,"key":"DistilledChaos"},{"floor":39.0,"key":"infinitespire:BlackPotion"}],"is_trial":false,"path_per_floor":["R","M","M","M","?","?","MIM","M","R","T","E","M","E","M","M","B",null,"R","M","$","?","M","R","T","M","R","M","$","?","R","M","M","B",null,"R","M","M","?","M","R","T","?","?","$","M","M","R","M","M","B",null],"character_chosen":"THE_AUTOMATON","items_purchased":["bronze:Separator","hubris:PeanutButter","Whetstone","bronze:FreeFunctionsPotion"],"campfire_rested":0,"item_purchase_floors":[20,44,44,44],"current_hp_per_floor":[70,61,50,49,49,49,49,41,41,41,20,20,20,20,20,2,70,80,80,80,80,65,65,65,65,65,53,53,53,53,53,53,39,80,80,80,68,68,68,68,68,90,90,90,90,90,90,88,88,29],"gold":215,"neow_bonus":"THREE_RARE_CARDS","is_daily":false,"chose_seed":false,"campfire_upgraded":9,"win_rate":0.0,"timestamp":1611089727,"path_taken":["R","M","M","M","?","?","MIM","M","R","?","E","?","E","?","M","BOSS","R","M","$","?","M","R","T","M","R","M","$","?","R","M","M","BOSS","R","M","M","?","M","R","T","?","?","$","M","?","R","M","M","BOSS"],"items_purchased_type":["Card","Relic","Relic","Potion"],"build_version":"2020-12-22","purchased_purges":3,"victory":true,"max_hp_per_floor":[70,70,70,70,70,70,70,70,70,70,70,70,70,70,70,70,70,80,80,80,80,80,80,80,80,80,80,80,80,80,80,80,80,80,80,80,80,80,80,80,80,90,90,90,90,90,90,90,90,90],"card_choices":[{"not_picked":["bronze:Format","bronze:HyperBeam"],"picked":"bronze:HardenedForm","floor":0.0},{"not_picked":["bronze:Frontload","bronze:DelayedGuard"],"picked":"bronze:Constructor","floor":2.0},{"not_picked":["bronze:DelayedGuard","bronze:Overheat","bronze:BugBarrage"],"picked":"SKIP","floor":3.0},{"not_picked":["bronze:Deprecate","bronze:OilSpill"],"picked":"bronze:ChosenStrike","floor":4.0},{"not_picked":["bronze:DarkDash","bronze:Frontload"],"picked":"bronze:Branch","floor":7.0},{"not_picked":["bronze:Constructor","bronze:BuggyMess","bronze:BronzeOrb"],"picked":"SKIP","floor":8.0},{"not_picked":["bronze:BurnOut","bronze:BuggyMess","bronze:WhirlingStrike"],"picked":"SKIP","floor":11.0},{"not_picked":["bronze:NullPointer","bronze:Iterate"],"picked":"bronze:WhirlingStrike","floor":12.0},{"not_picked":["bronze:Constructor","bronze:Invalidate","bronze:Allocate"],"picked":"SKIP","floor":13.0},{"not_picked":["bronze:GetLatest","bronze:DelayedGuard","bronze:DelayedSlice"],"picked":"SKIP","floor":14.0},{"not_picked":["bronze:Iterate","bronze:ClassDefault","bronze:Shield"],"picked":"SKIP","floor":15.0},{"not_picked":["bronze:ThunderWave","bronze:RecursiveStrike"],"picked":"bronze:Assembly","floor":16.0},{"not_picked":["bronze:Shield","bronze:ItsAFeature","bronze:Overheat"],"picked":"SKIP","floor":19.0},{"not_picked":["bronze:Return","bronze:Branch","bronze:Mutator"],"picked":"SKIP","floor":20.0},{"not_picked":["bronze:Iterate","bronze:ItsAFeature","bronze:Separator"],"picked":"SKIP","floor":22.0},{"not_picked":["bronze:GetLatest","bronze:Branch","bronze:Mutator"],"picked":"SKIP","floor":25.0},{"not_picked":["bronze:Philosophize","bronze:Deprecate","bronze:CutThrough"],"picked":"SKIP","floor":27.0},{"not_picked":["bronze:CloningBeam+1","bronze:Optimize","bronze:Turbo"],"picked":"SKIP","floor":28.0},{"not_picked":["bronze:DelayedSlice","bronze:ForLoop+1","bronze:ChosenStrike"],"picked":"SKIP","floor":31.0},{"not_picked":["bronze:Separator","bronze:ChosenStrike","bronze:WildBeam"],"picked":"SKIP","floor":32.0},{"not_picked":["bronze:Frontload","bronze:Constructor"],"picked":"bronze:Iterate","floor":36.0},{"not_picked":["bronze:DelayedSlice+1","bronze:Invalidate","bronze:DarkDash+1"],"picked":"SKIP","floor":37.0},{"not_picked":["bronze:Philosophize","bronze:Boost+1","bronze:Turbo"],"picked":"SKIP","floor":39.0},{"not_picked":["bronze:Turbo","bronze:Break","bronze:WhirlingStrike"],"picked":"SKIP","floor":44.0},{"not_picked":["bronze:Flail","bronze:BuggyMess+1","bronze:Branch"],"picked":"SKIP","floor":45.0},{"not_picked":["bronze:Optimize","bronze:CutThrough+1","bronze:MaxOutput"],"picked":"SKIP","floor":46.0},{"not_picked":["bronze:BuggyMess","bronze:Invalidate+1","bronze:WildBeam+1"],"picked":"SKIP","floor":48.0},{"not_picked":["bronze:Separator+1","bronze:Branch"],"picked":"bronze:Terminator","floor":49.0}],"player_experience":1083922,"relics_obtained":[{"floor":10.0,"key":"jedi:angrymask"},{"floor":11.0,"key":"Anchor"},{"floor":13.0,"key":"hubris:Metronome"},{"floor":24.0,"key":"Nunchaku"},{"floor":38.0,"key":"FossilizedHelix"},{"floor":41.0,"key":"infinitespire:ShieldingShard"}],"event_choices":[{"damage_healed":0.0,"max_hp_gain":0.0,"max_hp_loss":0.0,"gold_gain":0.0,"event_name":"FaceTrader","player_choice":"Trade","floor":6.0,"gold_loss":0.0,"damage_taken":0.0,"relics_obtained":["SsserpentHead"]},{"damage_healed":0.0,"max_hp_gain":0.0,"max_hp_loss":0.0,"gold_gain":0.0,"event_name":"Mysterious Sphere","player_choice":"Fight","floor":38.0,"gold_loss":0.0,"damage_taken":0.0}],"is_beta":false,"boss_relics":[{"not_picked":["aspiration:FutureDiary","hubris:Backtick"],"picked":"conspire:SpecialSausage"},{"not_picked":["halation:Yufonium","hubris:GrandSneckoEye"],"picked":"Runic Pyramid"}],"items_purged_floors":[20,28,44],"is_endless":false,"potions_floor_spawned":[2,4,8,15,19,33,36,39,46,49],"ascension_level":2}}