{"host":"28bpuzdckreop5i0","time":1611022062,"event":{"mods":["Aspiration","BaseMod","Challenge The Spire","Defuse TimeMaze Blight","Downfall","Energized Spire","GifTheSpireLib","Googly Eyes","Minty Spire (QoL Compilation)","Relic Stats","Shop Mod","Spicy Shops","StSLib","Stuff the Spire","The Awakened One except there are too many feathers","The IronCluck","Transform Curses","slay the spire mod where everything is the same but ironclad has a cowboy hat"],"gold_per_floor":[99,116,133,133,233,233,279,279,45,64,239,239,251,265,280,375,375,375,391,391,418,430,100,100,114,27,41,51,69,69,69,69],"floor_reached":31,"language":"ENG","playtime":2175,"items_purged":[],"score":229,"play_id":"d8f9483f-1685-4fdc-a9bc-313173fa0f4a","local_time":"20210118200742","is_ascension_mode":false,"campfire_choices":[{"data":"bronze:Goto","floor":1,"key":"SMITH"},{"data":"bronze:MaxOutput","floor":6,"key":"SMITH"},{"floor":12,"key":"REST"},{"data":"bronze:Return","floor":18,"key":"SMITH"}],"circlet_count":0,"master_deck":["bronze:Strike","bronze:Strike","bronze:Strike","bronze:Defend","bronze:Defend","bronze:Defend","bronze:Defend","bronze:Replicate+1","bronze:Goto+1","bronze:Return+1","bronze:CleanCode","bronze:MaxOutput+1","bronze:Overheat","bronze:DigitalCarnage","bronze:Iterate","bronze:Safeguard","bronze:Repair","Doubt","bronze:DelayedGuard","bronze:Backtrace","bronze:Invalidate","bronze:ShipIt","bronze:BronzeArmor","bronze:Iterate+1","bronze:ClassDefault","bronze:Backtrace","bronze:Backtrace+1","bronze:AlphaBuild","bronze:Virus","bronze:Iterate"],"relics":["bronze:BronzeCore","aspiration:Lifesprig","Philosopher\u0027s Stone","Strawberry","aspiration:HummingbirdHeart","White Beast Statue"],"acts_visited":["Exordium","TheCity"],"potions_floor_usage":[16,16,16,25,28,29,31],"damage_taken":[{"damage":2,"enemies":"Small Slimes","floor":2,"turns":3},{"damage":6,"enemies":"Jaw Worm","floor":3,"turns":3},{"damage":42,"enemies":"downfall:Heads","floor":5,"turns":6},{"damage":0,"enemies":"downfall:FleeingMerchant","floor":9,"turns":4},{"damage":0,"enemies":"Cultist","floor":10,"turns":2},{"damage":24,"enemies":"Exordium Wildlife","floor":13,"turns":4},{"damage":6,"enemies":"Blue Slaver","floor":14,"turns":4},{"damage":13,"enemies":"Exordium Thugs","floor":15,"turns":6},{"damage":24,"enemies":"DF_ARCHETYPE_STREAMLINE","floor":16,"turns":11},{"damage":9,"enemies":"Shell Parasite","floor":19,"turns":7},{"damage":6,"enemies":"Chosen","floor":22,"turns":5},{"damage":3,"enemies":"downfall:FleeingMerchant","floor":23,"turns":4},{"damage":21,"enemies":"3 Cultists","floor":25,"turns":6},{"damage":2,"enemies":"downfall:FleeingMerchant","floor":26,"turns":4},{"damage":12,"enemies":"Snecko","floor":27,"turns":4},{"damage":18,"enemies":"Shelled Parasite and Fungi","floor":28,"turns":2},{"damage":19,"enemies":"Cultist and Chosen","floor":29,"turns":5},{"damage":43,"enemies":"Book of Stabbing","floor":31,"turns":5}],"seed_played":"2590883558157896785","potions_obtained":[{"floor":2,"key":"Strength Potion"},{"floor":13,"key":"Guardian:BlockOnCardUsePotion"},{"floor":14,"key":"champ:CounterPotion"},{"floor":16,"key":"Slimebound:ThreeZeroPotion"},{"floor":19,"key":"hexamod:SoulburnPotion"},{"floor":25,"key":"BlessingOfTheForge"},{"floor":26,"key":"bronze:BuildAFunctionPotion"},{"floor":27,"key":"Explosive Potion"},{"floor":28,"key":"Explosive Potion"},{"floor":29,"key":"Guardian:BlockOnCardUsePotion"}],"is_trial":false,"path_per_floor":["R","M","M","?","?","R","T","?","$","M","?","R","M","M","M","B",null,"R","M","?","T","M","$","T","M","$","M","M","M","?","E"],"character_chosen":"THE_AUTOMATON","items_purchased":["bronze:DigitalCarnage","bronze:Iterate","bronze:Safeguard","bronze:ClassDefault","aspiration:HummingbirdHeart","bronze:AlphaBuild"],"campfire_rested":1,"item_purchase_floors":[9,9,9,23,23,26],"current_hp_per_floor":[77,75,69,69,27,27,27,27,27,27,27,50,33,34,21,4,77,77,68,68,75,76,80,80,66,71,66,48,36,36,0,0],"gold":69,"neow_bonus":"TEN_PERCENT_HP_BONUS","is_daily":false,"chose_seed":false,"campfire_upgraded":3,"win_rate":0.0,"timestamp":1611022062,"path_taken":["R","M","M","?","?","R","T","?","?","?","?","R","M","M","M","BOSS","R","M","?","?","?","$","T","M","$","M","M","M","?","E"],"items_purchased_type":["Card","Card","Card","Card","Relic","Card"],"build_version":"2020-12-22","purchased_purges":0,"victory":false,"max_hp_per_floor":[77,77,77,77,77,77,77,77,77,77,77,77,77,77,77,77,77,77,77,77,84,84,84,84,84,84,84,84,84,84,84,84],"relic_stats":{"counters":[18,85],"obtain_stats":[{"aspiration:Lifesprig":7,"bronze:BronzeCore":0,"Strawberry":21,"Philosopher\u0027s Stone":17,"aspiration:HummingbirdHeart":23,"White Beast Statue":24},{"aspiration:Lifesprig":3,"bronze:BronzeCore":0,"Strawberry":10,"Philosopher\u0027s Stone":9,"aspiration:HummingbirdHeart":12,"White Beast Statue":12},{"aspiration:Lifesprig":12,"bronze:BronzeCore":0,"Strawberry":50,"Philosopher\u0027s Stone":43,"aspiration:HummingbirdHeart":59,"White Beast Statue":59}]},"card_choices":[{"not_picked":["bronze:BuggyMess","bronze:WildBeam"],"picked":"bronze:Return","floor":2},{"not_picked":["bronze:Deprecate","bronze:BugBarrage"],"picked":"bronze:ForceShield","floor":3},{"not_picked":["bronze:Frontload","bronze:Shield"],"picked":"bronze:CleanCode","floor":5},{"not_picked":["bronze:BronzeOrb","bronze:Branch"],"picked":"bronze:Overheat","floor":9},{"not_picked":["bronze:DelayedSlice","bronze:Optimize"],"picked":"bronze:Repair","floor":10},{"not_picked":["bronze:BugBarrage","bronze:Turbo"],"picked":"bronze:DelayedGuard","floor":13},{"not_picked":["bronze:Frontload","bronze:Safeguard"],"picked":"bronze:Backtrace","floor":14},{"not_picked":["bronze:Deprecate","bronze:Overheat"],"picked":"bronze:Invalidate","floor":15},{"not_picked":["bronze:SpaghettiCode","bronze:RecursiveStrike"],"picked":"bronze:ShipIt","floor":16},{"not_picked":["bronze:Branch","bronze:Overload"],"picked":"bronze:BronzeArmor","floor":19},{"not_picked":["bronze:Branch","bronze:BuggyMess","bronze:FineTuning"],"picked":"SKIP","floor":22},{"not_picked":["bronze:BugBarrage","bronze:Frontload"],"picked":"bronze:Iterate+1","floor":23},{"not_picked":["bronze:ChildClass","bronze:FollowUp"],"picked":"bronze:Backtrace","floor":25},{"not_picked":["bronze:Repulsor","bronze:Optimize"],"picked":"bronze:Backtrace+1","floor":26},{"not_picked":["bronze:Shell+1","bronze:Branch"],"picked":"bronze:Virus","floor":27},{"not_picked":["bronze:Flail+1","bronze:Turbo"],"picked":"bronze:Iterate","floor":28},{"not_picked":["bronze:Overheat","bronze:Optimize","bronze:Allocate"],"picked":"SKIP","floor":29}],"player_experience":897649,"relics_obtained":[{"floor":7,"key":"aspiration:Lifesprig"},{"floor":21,"key":"Strawberry"},{"floor":24,"key":"White Beast Statue"}],"event_choices":[],"is_beta":false,"boss_relics":[{"not_picked":["Cursed Key","energizedSpire:StickyHand"],"picked":"Philosopher\u0027s Stone"}],"items_purged_floors":[],"is_endless":false,"potions_floor_spawned":[2,13,14,16,19,25,26,27,28,29],"killed_by":"Book of Stabbing","ascension_level":0}}