{"host":"1c17lcvl7acx821p","time":1611057905,"event":{"mods":["AchievementEnabler","BaseMod","Colored Map","Minty Spire (QoL Compilation)","StSLib"],"gold_per_floor":[362,437,457,457,504,504,539,539,539,539,556,567,24,40,40,141,141,153,113,125,136,146,146,157,192,192,192,217,0,0,15,15,120,120,140,140,195,215,22,48,65,90,90,118,118,150,150,168,168,168,168,168,54,85,85],"floor_reached":56,"language":"ENG","playtime":4410,"items_purged":["Strike_G"],"score":1729,"play_id":"93bdc743-11bc-4c15-b326-2c7fc47f08b0","local_time":"20210119140505","is_ascension_mode":true,"campfire_choices":[{"floor":6.0,"key":"REST"},{"floor":10.0,"key":"REST"},{"floor":15.0,"key":"REST"},{"floor":23.0,"key":"REST"},{"floor":30,"key":"REST"},{"data":"Deadly Poison","floor":32,"key":"SMITH"},{"data":"A Thousand Cuts","floor":45,"key":"SMITH"},{"floor":49,"key":"RECALL"},{"floor":52,"key":"REST"}],"circlet_count":0,"master_deck":["Strike_G+1","Strike_G+1","Defend_G+1","Defend_G+1","Defend_G+1","Defend_G+1","Survivor+1","Neutralize+1","Deadly Poison+1","Leg Sweep+1","Dagger Throw+1","Deadly Poison+1","Prepared+1","Footwork+1","Malaise+1","Catalyst+1","Adrenaline+1","Tactician+1","Dagger Throw+1","Backflip+1","Prepared+1","Acrobatics+1","Prepared+1","Prepared+1","Concentrate+1","Dark Shackles+1","Leg Sweep+1","A Thousand Cuts+1","Wraith Form v2+1","Deflect+1","Terror+1","Well Laid Plans+1","Prepared+1","PiercingWail+1","Deadly Poison+1","Noxious Fumes+1","Outmaneuver+1","Expertise+1","Footwork+1","Footwork+1","Tactician+1","Reflex+1","Envenom"],"relics":["Ring of the Serpent","Ancient Tea Set","Vajra","Tough Bandages","Toxic Egg 2","White Beast Statue","The Courier","PreservedInsect","TheAbacus","Astrolabe","Bird Faced Urn","Snake Skull","Dream Catcher","Question Card","Meat on the Bone","Pear","MealTicket","Mark of the Bloom","Centennial Puzzle"],"acts_visited":["Exordium","TheCity","TheBeyond","TheEnding"],"potions_floor_usage":[25,37,40,55],"damage_taken":[{"damage":0.0,"enemies":"Jaw Worm","floor":1.0,"turns":5.0},{"damage":0.0,"enemies":"2 Louse","floor":3.0,"turns":2.0},{"damage":22.0,"enemies":"3 Sentries","floor":7.0,"turns":13.0},{"damage":0.0,"enemies":"Small Slimes","floor":11.0,"turns":2.0},{"damage":6.0,"enemies":"Exordium Thugs","floor":12.0,"turns":4.0},{"damage":0.0,"enemies":"Blue Slaver","floor":14.0,"turns":5.0},{"damage":26.0,"enemies":"Slime Boss","floor":16.0,"turns":11.0},{"damage":11.0,"enemies":"2 Thieves","floor":18.0,"turns":4.0},{"damage":0.0,"enemies":"Chosen","floor":20.0,"turns":6.0},{"damage":23.0,"enemies":"Sentry and Sphere","floor":21.0,"turns":9.0},{"damage":0.0,"enemies":"Snecko","floor":22.0,"turns":3.0},{"damage":4.0,"enemies":"Shelled Parasite and Fungi","floor":24.0,"turns":4.0},{"damage":20,"enemies":"Slavers","floor":25,"turns":12},{"damage":3,"enemies":"Book of Stabbing","floor":28,"turns":6},{"damage":0,"enemies":"Snake Plant","floor":31,"turns":6},{"damage":24,"enemies":"Automaton","floor":33,"turns":15},{"damage":0,"enemies":"Orb Walker","floor":35,"turns":4},{"damage":1,"enemies":"2 Orb Walkers","floor":37,"turns":6},{"damage":2,"enemies":"3 Shapes","floor":38,"turns":5},{"damage":19,"enemies":"Reptomancer","floor":40,"turns":7},{"damage":3,"enemies":"Spire Growth","floor":41,"turns":5},{"damage":0,"enemies":"Giant Head","floor":42,"turns":5},{"damage":0,"enemies":"Nemesis","floor":44,"turns":5},{"damage":0,"enemies":"Reptomancer","floor":46,"turns":4},{"damage":0,"enemies":"Maw","floor":48,"turns":6},{"damage":9,"enemies":"Donu and Deca","floor":50,"turns":8},{"damage":7,"enemies":"Shield and Spear","floor":54,"turns":7},{"damage":30,"enemies":"The Heart","floor":55,"turns":9}],"seed_played":"-1739423798948848527","potions_obtained":[{"floor":11.0,"key":"Fire Potion"},{"floor":12.0,"key":"DuplicationPotion"},{"floor":14.0,"key":"FairyPotion"},{"floor":16.0,"key":"PowerPotion"},{"floor":21.0,"key":"SteroidPotion"},{"floor":22.0,"key":"Dexterity Potion"},{"floor":28,"key":"Energy Potion"},{"floor":31,"key":"Swift Potion"},{"floor":37,"key":"Swift Potion"},{"floor":38,"key":"GhostInAJar"},{"floor":40,"key":"SpeedPotion"},{"floor":41,"key":"Ancient Potion"},{"floor":54,"key":"Dexterity Potion"}],"is_trial":false,"path_per_floor":["M","?","M","?","T","R","E","?","T","R","M","M","$","M","R","B",null,"M","?","M","M","M","R","M","E","T","?","E","$","R","M","R","B",null,"M","?","?","M","$","E","M","E","T","E","R","E","?","M","R","B",null,"R","$","E","B",null],"character_chosen":"THE_SILENT","items_purchased":["Footwork","Toxic Egg 2","Malaise+1","Concentrate+1","TheAbacus","Dark Shackles+1","Deadly Poison+1","Noxious Fumes","Snake Skull","Envenom"],"campfire_rested":6,"item_purchase_floors":[13,13,13,29,29,29,39,39,39,53],"current_hp_per_floor":[45,34,34,16,16,37,15,15,15,36,36,30,30,30,51,25,59,48,48,48,25,25,46,42,22,22,22,19,19,40,40,40,16,57,57,57,56,58,58,45,50,58,58,78,78,80,80,80,80,71,71,71,71,64,34],"gold":85,"neow_bonus":"TWO_FIFTY_GOLD","is_daily":false,"chose_seed":false,"campfire_upgraded":2,"win_rate":0.0,"timestamp":1611057905,"path_taken":["M","?","M","?","?","R","E","?","T","R","M","M","$","?","R","BOSS","M","?","M","?","M","R","M","E","T","?","E","$","R","M","R","BOSS","M","?","?","M","$","E","M","E","T","E","R","E","?","M","R","BOSS","R","$","E","BOSS"],"items_purchased_type":["Card","Relic","Card","Card","Relic","Card","Card","Card","Relic","Card"],"build_version":"2020-12-22","purchased_purges":1,"victory":true,"max_hp_per_floor":[70,70,70,70,70,70,70,70,70,70,70,70,70,70,70,70,70,70,70,70,70,70,70,70,70,70,70,70,70,70,70,70,70,70,70,70,70,70,70,70,70,70,70,80,80,80,80,80,80,80,80,80,80,80,80],"card_choices":[{"not_picked":["Prepared","Dagger Throw"],"picked":"Deadly Poison","floor":1.0},{"not_picked":["Slice","Backstab"],"picked":"Leg Sweep","floor":3.0},{"not_picked":["Underhanded Strike","Deflect"],"picked":"Dagger Throw","floor":7.0},{"not_picked":["Die Die Die","Sucker Punch"],"picked":"Prepared","floor":11.0},{"not_picked":["Deflect","Concentrate","Flying Knee"],"picked":"SKIP","floor":12.0},{"not_picked":["Leg Sweep+1","Accuracy"],"picked":"Catalyst+1","floor":14.0},{"not_picked":["Envenom","After Image"],"picked":"Adrenaline+1","floor":16.0},{"not_picked":["Bane","Flying Knee"],"picked":"Tactician+1","floor":18.0},{"not_picked":["Blade Dance+1","Poisoned Stab"],"picked":"Dagger Throw","floor":20.0},{"not_picked":["Deflect+1","PiercingWail+1"],"picked":"Backflip+1","floor":21.0},{"not_picked":["After Image","Dagger Throw"],"picked":"Prepared+1","floor":22.0},{"not_picked":["Infinite Blades+1","Masterful Stab+1"],"picked":"Acrobatics+1","floor":24.0},{"not_picked":["Bane+1","PiercingWail+1"],"picked":"Prepared+1","floor":25},{"not_picked":["Backflip+1","Poisoned Stab+1"],"picked":"Prepared+1","floor":28},{"not_picked":["Poisoned Stab","Infinite Blades"],"picked":"Leg Sweep+1","floor":31},{"not_picked":["Doppelganger+1","Die Die Die"],"picked":"A Thousand Cuts","floor":33},{"not_picked":["Backstab+1","Dagger Throw+1"],"picked":"Well Laid Plans","floor":35},{"not_picked":["Underhanded Strike","Dagger Throw+1"],"picked":"Prepared+1","floor":37},{"not_picked":["Slice","Sucker Punch"],"picked":"PiercingWail+1","floor":38},{"not_picked":["Blade Dance+1","Doppelganger+1"],"picked":"Outmaneuver+1","floor":40},{"not_picked":["Leg Sweep+1","Deadly Poison+1"],"picked":"Expertise+1","floor":41},{"not_picked":["Deflect+1","Acrobatics+1"],"picked":"Footwork","floor":42},{"not_picked":["Leg Sweep+1","Backflip+1","Finisher"],"picked":"Footwork","floor":44},{"not_picked":["Cloak And Dagger+1","Bouncing Flask+1","Slice"],"picked":"Tactician+1","floor":46},{"not_picked":["Blade Dance+1","Cloak And Dagger+1","Backflip+1","PiercingWail+1"],"picked":"SKIP","floor":48},{"not_picked":["Dash","Bane","Dodge and Roll+1"],"picked":"Reflex+1","floor":52},{"not_picked":["Underhanded Strike+1","Flying Knee+1","Bane","Sucker Punch+1"],"picked":"SKIP","floor":54}],"player_experience":136341,"relics_obtained":[{"floor":5.0,"key":"Vajra"},{"floor":7.0,"key":"Tough Bandages"},{"floor":25,"key":"White Beast Statue"},{"floor":26,"key":"The Courier"},{"floor":28,"key":"PreservedInsect"},{"floor":37,"key":"Bird Faced Urn"},{"floor":40,"key":"Dream Catcher"},{"floor":42,"key":"Question Card"},{"floor":43,"key":"Meat on the Bone"},{"floor":44,"key":"Pear"},{"floor":46,"key":"MealTicket"},{"floor":54,"key":"Centennial Puzzle"}],"event_choices":[{"damage_healed":0.0,"max_hp_gain":0.0,"max_hp_loss":0.0,"gold_gain":75.0,"event_name":"World of Goop","player_choice":"Gather Gold","floor":2.0,"gold_loss":0.0,"damage_taken":11.0},{"damage_healed":0.0,"max_hp_gain":0.0,"max_hp_loss":0.0,"gold_gain":0.0,"event_name":"Scrap Ooze","player_choice":"Success","floor":4.0,"gold_loss":0.0,"damage_taken":18.0,"relics_obtained":["Ancient Tea Set"]},{"damage_healed":0.0,"max_hp_gain":0.0,"max_hp_loss":0.0,"gold_gain":0.0,"event_name":"Match and Keep!","player_choice":"1 cards matched","floor":8.0,"gold_loss":0.0,"damage_taken":0.0,"cards_obtained":["Deadly Poison"]},{"damage_healed":0.0,"max_hp_gain":0.0,"max_hp_loss":0.0,"gold_gain":0.0,"event_name":"Designer","player_choice":"Upgraded Two","floor":19.0,"gold_loss":40.0,"damage_taken":0.0,"cards_upgraded":["Strike_G","Strike_G"]},{"damage_healed":0,"gold_gain":0,"player_choice":"Ignored","damage_taken":0,"max_hp_gain":0,"max_hp_loss":0,"event_name":"Ghosts","floor":27,"gold_loss":0},{"damage_healed":0,"gold_gain":0,"player_choice":"Ignored","damage_taken":0,"max_hp_gain":0,"max_hp_loss":0,"event_name":"Tomb of Lord Red Mask","floor":36,"gold_loss":0},{"damage_healed":0,"gold_gain":0,"player_choice":"Fight","damage_taken":0,"max_hp_gain":0,"max_hp_loss":0,"event_name":"Mysterious Sphere","floor":37,"gold_loss":0},{"damage_healed":0,"gold_gain":0,"player_choice":"Upgrade","damage_taken":0,"relics_obtained":["Mark of the Bloom"],"max_hp_gain":0,"max_hp_loss":0,"event_name":"MindBloom","floor":47,"gold_loss":0,"cards_upgraded":["Defend_G","Defend_G","Defend_G","Defend_G","Survivor","Neutralize","Leg Sweep","Dagger Throw","Deadly Poison","Prepared","Footwork","Dagger Throw","Well Laid Plans","Noxious Fumes","Footwork","Footwork"]}],"is_beta":false,"boss_relics":[{"not_picked":["SlaversCollar","Tiny House"],"picked":"Ring of the Serpent"},{"not_picked":["SacredBark","WristBlade"],"picked":"Astrolabe"}],"items_purged_floors":[13],"is_endless":false,"potions_floor_spawned":[11,12,14,16,21,22,24,28,31,33,35,37,38,40,41,42,44,46,48,54],"ascension_level":6}}