{"host":"yuoancq4cku3x8wq","time":1611046792,"event":{"mods":["AchievementEnabler","BaseMod","Minty Spire (QoL Compilation)","Quick Restart","StSLib","SuperFastMode"],"gold_per_floor":[116,128,1,12,12,12,43,43,112,112,112,147,167,185,185,185,185],"floor_reached":16,"language":"ZHS","playtime":582,"items_purged":["Normality"],"score":220,"play_id":"95045f0c-744f-49f3-9022-26b51c390c56","local_time":"20210119165952","is_ascension_mode":true,"campfire_choices":[{"data":"Body Slam","floor":6.0,"key":"SMITH"},{"floor":8.0,"key":"REST"},{"data":"Offering","floor":15,"key":"SMITH"}],"circlet_count":0,"master_deck":["AscendersBane","Strike_R","Strike_R","Strike_R","Strike_R","Defend_R","Defend_R","Defend_R","Defend_R","Bash","Offering+1","Body Slam+1","Shrug It Off","Pommel Strike","Shrug It Off","Battle Trance","Sever Soul"],"relics":["Burning Blood","Potion Belt","Akabeko","Eternal Feather"],"acts_visited":["Exordium"],"potions_floor_usage":[16],"damage_taken":[{"damage":7.0,"enemies":"Cultist","floor":1.0,"turns":3.0},{"damage":13.0,"enemies":"Small Slimes","floor":2.0,"turns":4.0},{"damage":13.0,"enemies":"Jaw Worm","floor":4.0,"turns":3.0},{"damage":26.0,"enemies":"Lagavulin","floor":7.0,"turns":7.0},{"damage":35.0,"enemies":"3 Sentries","floor":12.0,"turns":11.0},{"damage":28.0,"enemies":"Exordium Thugs","floor":13.0,"turns":4.0},{"damage":0,"enemies":"3 Louse","floor":14,"turns":2},{"damage":74,"enemies":"Slime Boss","floor":16,"turns":11}],"seed_played":"-5752254146001678445","potions_obtained":[{"floor":1.0,"key":"SpeedPotion"},{"floor":7.0,"key":"Regen Potion"},{"floor":12.0,"key":"BloodPotion"}],"is_trial":false,"path_per_floor":["M","M","$","M","?","R","E","R","T","?","T","E","M","M","R","B"],"character_chosen":"IRONCLAD","items_purchased":["Shrug It Off"],"campfire_rested":1,"item_purchase_floors":[3],"current_hp_per_floor":[67,60,60,53,46,46,26,48,48,73,73,59,37,43,52,0,0],"gold":185,"neow_bonus":"THREE_RARE_CARDS","is_daily":false,"chose_seed":false,"campfire_upgraded":2,"win_rate":0.0,"timestamp":1611046792,"path_taken":["M","M","$","M","?","R","E","R","T","?","?","E","M","M","R","BOSS"],"items_purchased_type":["Card"],"build_version":"2020-12-22","purchased_purges":1,"victory":false,"max_hp_per_floor":[75,75,75,75,75,75,75,75,75,75,75,75,75,75,75,75,75],"card_choices":[{"not_picked":["Impervious","Limit Break"],"picked":"Offering","floor":0.0},{"not_picked":["Perfected Strike","Seeing Red","Carnage"],"picked":"SKIP","floor":1.0},{"not_picked":["Shrug It Off","Iron Wave"],"picked":"Body Slam","floor":2.0},{"not_picked":["True Grit","Thunderclap"],"picked":"Pommel Strike","floor":4.0},{"not_picked":["Carnage","Searing Blow"],"picked":"Shrug It Off","floor":7.0},{"not_picked":["Inflame","Havoc"],"picked":"Battle Trance","floor":12.0},{"not_picked":["Wild Strike","Inflame"],"picked":"Sever Soul","floor":13.0},{"not_picked":["Thunderclap","Infernal Blade","Blood for Blood"],"picked":"SKIP","floor":14}],"player_experience":292747,"relics_obtained":[{"floor":7.0,"key":"Potion Belt"},{"floor":11.0,"key":"Akabeko"},{"floor":12.0,"key":"Eternal Feather"}],"event_choices":[{"cards_removed":["Strike_R"],"damage_healed":0.0,"max_hp_gain":0.0,"max_hp_loss":0.0,"gold_gain":0.0,"event_name":"Golden Wing","player_choice":"Card Removal","floor":5.0,"gold_loss":0.0,"damage_taken":7.0},{"damage_healed":25.0,"max_hp_gain":0.0,"max_hp_loss":0.0,"gold_gain":0.0,"event_name":"Big Fish","player_choice":"Banana","floor":10.0,"gold_loss":0.0,"damage_taken":0.0}],"is_beta":false,"boss_relics":[],"items_purged_floors":[3],"is_endless":false,"potions_floor_spawned":[1,7,12],"killed_by":"Slime Boss","ascension_level":20}}