{"host":"g2kelmgng7xf1xjg","time":1611030649,"event":{"mods":["BaseMod","Bestiary","Highlight Path","Minty Spire (QoL Compilation)","StSLib"],"gold_per_floor":[112,132,132,152,162,162,197,197,197,224,22,36,105,138,138,216,216,194,205,205,29,29,29,60,75,75,104,55,71,88,118,118,196,196,207,207,227,239,252,286,5,25,48,48,77,77,93,127,127,127],"floor_reached":51,"language":"ENG","playtime":5754,"items_purged":["Strike_G","Writhe","Strike_G+1"],"score":1838,"play_id":"f6a339f7-dbe5-4bbc-a974-d391226bcdeb","local_time":"20210118223049","is_ascension_mode":true,"campfire_choices":[{"data":"Bane","floor":6,"key":"SMITH"},{"floor":8,"key":"REST"},{"floor":15,"key":"REST"},{"data":"Calculated Gamble","floor":23,"key":"SMITH"},{"data":"Catalyst","floor":32,"key":"SMITH"},{"data":"1","floor":44,"key":"LIFT"},{"data":"2","floor":46,"key":"LIFT"},{"data":"3","floor":49,"key":"LIFT"}],"circlet_count":0,"master_deck":["AscendersBane","Strike_G+1","Strike_G+1","Strike_G+1","Defend_G+1","Defend_G+1","Defend_G+1","Defend_G+1","Defend_G+1","Survivor+1","Neutralize","Predator","Poisoned Stab","Calculated Gamble+1","Bane+1","Bouncing Flask","All Out Attack","Backflip","PiercingWail","After Image+1","Tools of the Trade+1","Backflip","Well Laid Plans+1","Blur","Leg Sweep","Footwork+1","Reflex","Backflip","Catalyst+1","Bullet Time","Blur+1","Noxious Fumes+1","Corpse Explosion","Backflip+1","PiercingWail","Deflect","Catalyst+1","Burst","Deflect+1"],"relics":["Ring of the Snake","Ancient Tea Set","MealTicket","The Courier","Membership Card","Frozen Egg 2","HoveringKite","CaptainsWheel","Mercury Hourglass","Thread and Needle","Paper Crane","Lantern","Blood Vial","Fusion Hammer","Singing Bowl","ClockworkSouvenir","Girya","Dream Catcher","Letter Opener"],"acts_visited":["Exordium","TheCity","TheBeyond"],"potions_floor_usage":[7,10,14,24,27,31,40,50,50],"damage_taken":[{"damage":0,"enemies":"Small Slimes","floor":1,"turns":4},{"damage":3,"enemies":"2 Louse","floor":2,"turns":3},{"damage":2,"enemies":"Jaw Worm","floor":4,"turns":4},{"damage":5,"enemies":"Large Slime","floor":5,"turns":5},{"damage":24,"enemies":"3 Sentries","floor":7,"turns":9},{"damage":31,"enemies":"Lagavulin","floor":10,"turns":7},{"damage":10,"enemies":"Red Slaver","floor":12,"turns":4},{"damage":15,"enemies":"3 Sentries","floor":14,"turns":5},{"damage":12,"enemies":"The Guardian","floor":16,"turns":9},{"damage":4,"enemies":"2 Thieves","floor":18,"turns":4},{"damage":0,"enemies":"Chosen","floor":19,"turns":5},{"damage":10,"enemies":"Slavers","floor":24,"turns":4},{"damage":0,"enemies":"Snake Plant","floor":25,"turns":5},{"damage":0,"enemies":"Book of Stabbing","floor":27,"turns":5},{"damage":0,"enemies":"Cultist and Chosen","floor":29,"turns":7},{"damage":0,"enemies":"Sentry and Sphere","floor":30,"turns":8},{"damage":0,"enemies":"Gremlin Leader","floor":31,"turns":7},{"damage":0,"enemies":"Champ","floor":33,"turns":11},{"damage":0,"enemies":"3 Darklings","floor":35,"turns":7},{"damage":0,"enemies":"Orb Walker","floor":37,"turns":5},{"damage":7,"enemies":"Jaw Worm Horde","floor":38,"turns":5},{"damage":0,"enemies":"Writhing Mass","floor":39,"turns":8},{"damage":8,"enemies":"Giant Head","floor":40,"turns":9},{"damage":0,"enemies":"3 Darklings","floor":42,"turns":3},{"damage":4,"enemies":"Nemesis","floor":45,"turns":7},{"damage":0,"enemies":"4 Shapes","floor":47,"turns":2},{"damage":0,"enemies":"Giant Head","floor":48,"turns":6},{"damage":7,"enemies":"Awakened One","floor":50,"turns":16}],"seed_played":"61243324245372548","potions_obtained":[{"floor":1,"key":"Poison Potion"},{"floor":7,"key":"Regen Potion"},{"floor":10,"key":"Explosive Potion"},{"floor":14,"key":"Energy Potion"},{"floor":16,"key":"Swift Potion"},{"floor":24,"key":"Fire Potion"},{"floor":27,"key":"SteroidPotion"},{"floor":39,"key":"Poison Potion"},{"floor":42,"key":"BlessingOfTheForge"},{"floor":45,"key":"Dexterity Potion"}],"is_trial":false,"path_per_floor":["M","M","?","M","M","R","E","R","T","E","$","M","?","E","R","B",null,"M","M","?","$","?","R","E","M","T","E","$","M","M","E","R","B",null,"M","?","M","M","M","E","$","M","T","R","E","R","M","E","R","B",null],"character_chosen":"THE_SILENT","items_purchased":["Membership Card","Backflip","PiercingWail","Mercury Hourglass","Well Laid Plans+1","Footwork+1","Reflex","ClockworkSouvenir","Girya","Deflect"],"campfire_rested":2,"item_purchase_floors":[11,11,11,21,21,28,28,41,41,41],"current_hp_per_floor":[65,62,40,38,33,33,9,30,30,14,29,19,19,4,25,13,57,53,53,53,68,68,68,58,58,58,58,72,72,72,72,72,72,72,72,72,72,65,67,61,72,72,72,72,68,68,70,74,74,67],"gold":127,"neow_bonus":"TEN_PERCENT_HP_BONUS","is_daily":false,"chose_seed":false,"campfire_upgraded":3,"win_rate":0.0,"timestamp":1611030649,"path_taken":["M","M","?","M","M","R","E","R","T","E","$","M","?","E","R","BOSS","M","M","?","$","?","R","E","M","T","E","$","M","M","E","R","BOSS","M","?","?","M","M","E","$","M","T","R","E","R","M","E","R","BOSS"],"items_purchased_type":["Relic","Card","Card","Relic","Card","Card","Card","Relic","Relic","Card"],"build_version":"2020-12-22","purchased_purges":3,"victory":true,"max_hp_per_floor":[72,72,72,72,72,72,72,72,72,72,72,72,72,72,72,72,72,72,72,72,72,72,72,72,72,72,72,72,72,72,72,72,72,72,72,72,72,72,72,72,72,72,72,72,72,72,72,74,74,74],"card_choices":[{"not_picked":["Backflip","Underhanded Strike"],"picked":"Predator","floor":1},{"not_picked":["Blade Dance","Caltrops"],"picked":"Poisoned Stab","floor":2},{"not_picked":["Outmaneuver","Cloak And Dagger"],"picked":"Calculated Gamble","floor":4},{"not_picked":["Blade Dance","Poisoned Stab"],"picked":"Bane","floor":5},{"not_picked":["Tools of the Trade","Flechettes"],"picked":"Bouncing Flask","floor":7},{"not_picked":["Outmaneuver","Deflect"],"picked":"All Out Attack","floor":10},{"not_picked":["Poisoned Stab","Prepared","Quick Slash"],"picked":"SKIP","floor":12},{"not_picked":["Crippling Poison","Caltrops+1"],"picked":"After Image+1","floor":14},{"not_picked":["Venomology","Night Terror"],"picked":"Tools of the Trade+1","floor":16},{"not_picked":["Blade Dance","Riddle With Holes+1"],"picked":"Backflip","floor":18},{"not_picked":["Quick Slash","Deadly Poison+1","Prepared+1"],"picked":"SKIP","floor":19},{"not_picked":["Flechettes+1","Outmaneuver"],"picked":"Blur","floor":24},{"not_picked":["Outmaneuver","Bane"],"picked":"Leg Sweep","floor":25},{"not_picked":["Slice","Doppelganger","Escape Plan"],"picked":"SKIP","floor":27},{"not_picked":["Blade Dance","Deflect"],"picked":"Backflip","floor":29},{"not_picked":["Underhanded Strike","Dagger Throw"],"picked":"Catalyst","floor":30},{"not_picked":["All Out Attack","Bouncing Flask","Dodge and Roll"],"picked":"SKIP","floor":31},{"not_picked":["A Thousand Cuts+1","Envenom+1"],"picked":"Bullet Time","floor":33},{"not_picked":["Deflect","Dagger Spray+1"],"picked":"Blur+1","floor":35},{"not_picked":["Dagger Spray+1","Setup+1"],"picked":"Noxious Fumes+1","floor":37},{"not_picked":["All Out Attack","Setup"],"picked":"Corpse Explosion","floor":38},{"not_picked":["Masterful Stab","Sucker Punch+1"],"picked":"Backflip+1","floor":39},{"not_picked":["Caltrops+1","Underhanded Strike"],"picked":"PiercingWail","floor":40},{"not_picked":["PiercingWail","Bane+1"],"picked":"Catalyst+1","floor":42},{"not_picked":["Flying Knee","All Out Attack"],"picked":"Burst","floor":45},{"not_picked":["Quick Slash","PiercingWail"],"picked":"Deflect+1","floor":47},{"not_picked":["Distraction","Cloak And Dagger","Infinite Blades+1"],"picked":"Singing Bowl","floor":48}],"player_experience":977899,"relics_obtained":[{"floor":7,"key":"Ancient Tea Set"},{"floor":9,"key":"MealTicket"},{"floor":10,"key":"The Courier"},{"floor":14,"key":"Frozen Egg 2"},{"floor":24,"key":"Thread and Needle"},{"floor":26,"key":"Paper Crane"},{"floor":27,"key":"Lantern"},{"floor":31,"key":"Blood Vial"},{"floor":40,"key":"Singing Bowl"},{"floor":43,"key":"Dream Catcher"},{"floor":45,"key":"Letter Opener"}],"event_choices":[{"damage_healed":0,"gold_gain":0,"player_choice":"Entered Light","damage_taken":22,"max_hp_gain":0,"max_hp_loss":0,"event_name":"Shining Light","floor":3,"gold_loss":0,"cards_upgraded":["Survivor","Defend_G"]},{"damage_healed":0,"gold_gain":69,"player_choice":"Gained Gold","damage_taken":0,"max_hp_gain":0,"max_hp_loss":0,"event_name":"Golden Wing","floor":13,"gold_loss":0},{"damage_healed":0,"gold_gain":0,"player_choice":"Opened","damage_taken":0,"relics_obtained":["CaptainsWheel"],"max_hp_gain":0,"max_hp_loss":0,"event_name":"The Mausoleum","floor":20,"gold_loss":0,"cards_obtained":["Writhe"]},{"damage_healed":0,"gold_gain":0,"player_choice":"Simplicity","damage_taken":0,"max_hp_gain":0,"max_hp_loss":0,"event_name":"Back to Basics","floor":22,"gold_loss":0,"cards_upgraded":["Strike_G","Strike_G","Strike_G","Strike_G","Defend_G","Defend_G","Defend_G","Defend_G"]},{"damage_healed":0,"gold_gain":0,"player_choice":"0 cards matched","damage_taken":0,"max_hp_gain":0,"max_hp_loss":0,"event_name":"Match and Keep!","floor":36,"gold_loss":0,"cards_obtained":[]}],"is_beta":false,"boss_relics":[{"not_picked":["Astrolabe","Ring of the Serpent"],"picked":"HoveringKite"},{"not_picked":["SacredBark","Runic Pyramid"],"picked":"Fusion Hammer"}],"items_purged_floors":[11,21,41],"is_endless":false,"potions_floor_spawned":[1,7,10,14,16,24,27,30,39,42,45,47],"ascension_level":19}}