{"host":"Qube","time":1611086283,"event":{"mods":["AchievementEnabler","BaseMod","Colored Map","Colored Powertips","Highlight Path","Minty Spire (QoL Compilation)","Permanent Neow","Quick Restart","Random Character Button","StSLib"],"gold_per_floor":[116,134,146,158,176,176,202,202,253,253,282,299,32,47,47,124,124,142,142,161,181,106,106,106],"floor_reached":23,"language":"ENG","playtime":1020,"items_purged":["Survivor"],"score":410,"play_id":"5e9c8774-ad05-4f4c-8787-46852ebdad2a","local_time":"20210119115803","is_ascension_mode":true,"campfire_choices":[{"data":"Noxious Fumes","floor":6.0,"key":"SMITH"},{"floor":8.0,"key":"REST"},{"data":"Night Terror","floor":15.0,"key":"SMITH"}],"circlet_count":0,"master_deck":["AscendersBane","Neutralize","Calculated Gamble","Masterful Stab","Night Terror+1","Grand Finale","Well Laid Plans","Caltrops","Noxious Fumes+1","Die Die Die","Deflect","Cloak And Dagger","Backflip","Prepared","Quick Slash","Doppelganger","Phantasmal Killer","Dagger Throw","Acrobatics"],"relics":["Pandora\u0027s Box","Anchor","Oddly Smooth Stone","InkBottle","PreservedInsect","Sundial","Empty Cage","Incense Burner"],"acts_visited":["Exordium","TheCity"],"potions_floor_usage":[21],"damage_taken":[{"damage":6.0,"enemies":"Small Slimes","floor":1.0,"turns":2.0},{"damage":3.0,"enemies":"Cultist","floor":2.0,"turns":4.0},{"damage":8.0,"enemies":"Jaw Worm","floor":3.0,"turns":3.0},{"damage":1.0,"enemies":"2 Fungi Beasts","floor":4.0,"turns":3.0},{"damage":0.0,"enemies":"3 Louse","floor":5.0,"turns":2.0},{"damage":3.0,"enemies":"3 Sentries","floor":7.0,"turns":5.0},{"damage":27.0,"enemies":"Gremlin Nob","floor":11.0,"turns":4.0},{"damage":0.0,"enemies":"Large Slime","floor":12.0,"turns":4.0},{"damage":7.0,"enemies":"Exordium Thugs","floor":14.0,"turns":4.0},{"damage":20.0,"enemies":"Hexaghost","floor":16.0,"turns":5.0},{"damage":4.0,"enemies":"Shell Parasite","floor":18.0,"turns":4.0},{"damage":22.0,"enemies":"Spheric Guardian","floor":20.0,"turns":4.0},{"damage":16,"enemies":"Cultist and Chosen","floor":21,"turns":5},{"damage":0,"enemies":"Gremlin Leader","floor":23,"turns":2}],"seed_played":"7632521148300566105","potions_obtained":[{"floor":2.0,"key":"SkillPotion"},{"floor":3.0,"key":"SteroidPotion"},{"floor":7.0,"key":"LiquidBronze"},{"floor":14.0,"key":"Dexterity Potion"},{"floor":20.0,"key":"ColorlessPotion"}],"is_trial":false,"path_per_floor":["M","M","M","M","M","R","E","R","T","?","E","M","$","M","R","B",null,"M","T","M","M","$","E"],"character_chosen":"THE_SILENT","items_purchased":["Sundial"],"campfire_rested":1,"item_purchase_floors":[13],"current_hp_per_floor":[53,50,42,41,41,41,38,57,57,57,30,30,30,23,23,3,50,46,46,24,8,8,8,8],"gold":106,"neow_bonus":"BOSS_RELIC","is_daily":false,"chose_seed":false,"campfire_upgraded":2,"win_rate":0.0,"timestamp":1611086283,"path_taken":["M","M","M","M","M","R","E","R","T","?","E","M","$","M","R","BOSS","M","?","?","M","?","E"],"items_purchased_type":["Relic"],"build_version":"2020-12-18","purchased_purges":1,"victory":false,"max_hp_per_floor":[66,66,66,66,66,66,66,66,66,66,66,66,66,66,66,66,66,66,66,66,66,66,66,66],"card_choices":[{"not_picked":["Poisoned Stab","Outmaneuver","Backstab"],"picked":"SKIP","floor":1.0},{"not_picked":["Flying Knee","Dagger Spray"],"picked":"Deflect","floor":2.0},{"not_picked":["PiercingWail","Concentrate"],"picked":"Cloak And Dagger","floor":3.0},{"not_picked":["Caltrops","Slice"],"picked":"Backflip","floor":4.0},{"not_picked":["Masterful Stab","Poisoned Stab"],"picked":"Prepared","floor":5.0},{"not_picked":["Eviscerate","Calculated Gamble"],"picked":"Quick Slash","floor":7.0},{"not_picked":["Deadly Poison","Catalyst","Choke"],"picked":"SKIP","floor":11.0},{"not_picked":["Sucker Punch","Underhanded Strike"],"picked":"Doppelganger","floor":12.0},{"not_picked":["Slice","Skewer","Sucker Punch"],"picked":"SKIP","floor":14.0},{"not_picked":["Die Die Die","Bullet Time"],"picked":"Phantasmal Killer","floor":16.0},{"not_picked":["Underhanded Strike","Cloak And Dagger"],"picked":"Dagger Throw","floor":18.0},{"not_picked":["Infinite Blades","Dodge and Roll"],"picked":"Acrobatics","floor":20.0},{"not_picked":["Heel Hook","Flechettes","Well Laid Plans"],"picked":"SKIP","floor":21}],"player_experience":948240,"relics_obtained":[{"floor":7.0,"key":"Anchor"},{"floor":9.0,"key":"Oddly Smooth Stone"},{"floor":11.0,"key":"PreservedInsect"},{"floor":19.0,"key":"Incense Burner"}],"event_choices":[{"damage_healed":0.0,"max_hp_gain":0.0,"max_hp_loss":0.0,"gold_gain":0.0,"event_name":"WeMeetAgain","player_choice":"Gave Potion","floor":10.0,"gold_loss":0.0,"damage_taken":0.0,"relics_obtained":["InkBottle"]}],"is_beta":true,"boss_relics":[{"not_picked":["Black Star","Runic Dome"],"picked":"Empty Cage"}],"items_purged_floors":[22],"is_endless":false,"potions_floor_spawned":[2,3,7,14,20],"killed_by":"Gremlin Leader","ascension_level":20}}