{"host":"c6u7e77myxvw4d0m","time":1611053687,"event":{"mods":["AchievementEnabler","BaseMod","Bestiary","Colored Map","Colored Powertips","Minty Spire (QoL Compilation)","Rare Cards Sparkle","Relic Stats","everything is the same but u backflip on backflip"],"gold_per_floor":[113,113,127,277,289,289,320,320,345,374,1,1,11,11,11,88,88,99,119,139,170,170,170,170],"floor_reached":23,"language":"ENG","playtime":1647,"items_purged":["Doubt"],"score":378,"play_id":"6ac580f0-3d91-483f-8c9c-dcc23587aa6e","local_time":"20210119125447","is_ascension_mode":true,"campfire_choices":[{"data":"Die Die Die","floor":6,"key":"SMITH"},{"floor":8,"key":"REST"},{"data":"Noxious Fumes","floor":12,"key":"SMITH"},{"floor":15,"key":"REST"}],"circlet_count":0,"master_deck":["AscendersBane","Strike_G+1","Strike_G","Strike_G","Strike_G+1","Strike_G","Defend_G","Defend_G","Defend_G","Defend_G","Defend_G","Survivor","Neutralize","Die Die Die+1","Leg Sweep","Caltrops","Dagger Throw","Noxious Fumes+1","A Thousand Cuts","Bandage Up","Dodge and Roll","Die Die Die+1","Prepared","Corpse Explosion","Footwork","Backflip","Escape Plan"],"relics":["Ring of the Snake","Omamori","Blood Vial","Mango","DollysMirror","Snecko Eye","Red Mask"],"acts_visited":["Exordium","TheCity"],"potions_floor_usage":[7,7,20,20,21,21],"damage_taken":[{"damage":0,"enemies":"Small Slimes","floor":1,"turns":2},{"damage":2,"enemies":"Jaw Worm","floor":3,"turns":4},{"damage":0,"enemies":"2 Louse","floor":5,"turns":1},{"damage":31,"enemies":"Gremlin Nob","floor":7,"turns":7},{"damage":17,"enemies":"3 Sentries","floor":10,"turns":7},{"damage":0,"enemies":"2 Fungi Beasts","floor":13,"turns":2},{"damage":13,"enemies":"Hexaghost","floor":16,"turns":10},{"damage":31,"enemies":"Chosen","floor":18,"turns":7},{"damage":12,"enemies":"Shell Parasite","floor":19,"turns":8},{"damage":11,"enemies":"Snake Plant","floor":20,"turns":5},{"damage":26,"enemies":"Masked Bandits","floor":21,"turns":3},{"damage":19,"enemies":"Book of Stabbing","floor":23,"turns":3}],"seed_played":"-1771068192036855037","potions_obtained":[{"floor":1,"key":"GhostInAJar"},{"floor":5,"key":"PowerPotion"},{"floor":19,"key":"EntropicBrew"},{"floor":20,"key":"Weak Potion"}],"is_trial":false,"path_per_floor":["M","?","M","?","M","R","E","R","T","E","$","R","M","?","R","B",null,"M","M","M","?","?","E"],"character_chosen":"THE_SILENT","items_purchased":["Bandage Up","Dodge and Roll","DollysMirror"],"campfire_rested":2,"item_purchase_floors":[11,11,11],"current_hp_per_floor":[59,39,37,37,37,37,6,25,25,24,24,24,26,8,32,25,66,41,35,30,10,10,0,0],"gold":170,"neow_bonus":"ONE_RANDOM_RARE_CARD","is_daily":false,"chose_seed":false,"campfire_upgraded":2,"win_rate":0.0,"timestamp":1611053687,"path_taken":["M","?","M","?","M","R","E","R","T","E","$","R","M","?","R","BOSS","M","M","M","?","?","E"],"items_purchased_type":["Card","Card","Relic"],"build_version":"2020-12-22","purchased_purges":1,"victory":false,"max_hp_per_floor":[66,66,66,66,66,66,66,66,66,80,80,80,80,80,80,80,80,80,80,80,80,80,80,80],"relic_stats":{"Blood Vial":16,"counters":[12,59],"Snecko Eye":[51,48,44,46],"obtain_stats":[{"Blood Vial":9,"DollysMirror":11,"Snecko Eye":17,"Mango":10,"Omamori":7,"Red Mask":21,"Ring of the Snake":0},{"Blood Vial":4,"DollysMirror":5,"Snecko Eye":7,"Mango":5,"Omamori":4,"Red Mask":11,"Ring of the Snake":0},{"Blood Vial":14,"DollysMirror":21,"Snecko Eye":33,"Mango":21,"Omamori":14,"Red Mask":56,"Ring of the Snake":0}],"Ring of the Snake":[24]},"card_choices":[{"not_picked":["Flechettes","PiercingWail"],"picked":"Leg Sweep","floor":1},{"not_picked":["Cloak And Dagger","Deflect"],"picked":"Caltrops","floor":3},{"not_picked":["Prepared","Slice"],"picked":"Dagger Throw","floor":5},{"not_picked":["Underhanded Strike","Masterful Stab"],"picked":"Noxious Fumes","floor":7},{"not_picked":["Skewer","Dodge and Roll"],"picked":"A Thousand Cuts","floor":10},{"not_picked":["Eviscerate","Accuracy"],"picked":"Prepared","floor":13},{"not_picked":["Night Terror","Malaise"],"picked":"Corpse Explosion","floor":16},{"not_picked":["Expertise","Quick Slash+1"],"picked":"Footwork","floor":18},{"not_picked":["Underhanded Strike","Cloak And Dagger"],"picked":"Backflip","floor":19},{"not_picked":["Setup","Heel Hook"],"picked":"Escape Plan","floor":20}],"player_experience":406138,"relics_obtained":[{"floor":7,"key":"Omamori"},{"floor":9,"key":"Blood Vial"},{"floor":10,"key":"Mango"},{"floor":21,"key":"Red Mask"}],"event_choices":[{"damage_healed":0,"gold_gain":0,"player_choice":"Entered Light","damage_taken":20,"max_hp_gain":0,"max_hp_loss":0,"event_name":"Shining Light","floor":2,"gold_loss":0,"cards_upgraded":["Strike_G","Strike_G"]},{"damage_healed":0,"gold_gain":150,"player_choice":"AGREE","damage_taken":0,"max_hp_gain":0,"max_hp_loss":0,"event_name":"Liars Game","floor":4,"gold_loss":0,"cards_obtained":["Doubt"]},{"damage_healed":0,"gold_gain":0,"player_choice":"Fled","damage_taken":18,"max_hp_gain":0,"max_hp_loss":0,"event_name":"Scrap Ooze","floor":14,"gold_loss":0},{"damage_healed":0,"gold_gain":0,"player_choice":"Fought Bandits","damage_taken":0,"max_hp_gain":0,"max_hp_loss":0,"event_name":"Masked Bandits","floor":21,"gold_loss":0},{"damage_healed":0,"gold_gain":0,"player_choice":"Ignored","damage_taken":0,"max_hp_gain":0,"max_hp_loss":0,"event_name":"Cursed Tome","floor":22,"gold_loss":0}],"is_beta":false,"boss_relics":[{"not_picked":["Calling Bell","Astrolabe"],"picked":"Snecko Eye"}],"items_purged_floors":[11],"is_endless":false,"potions_floor_spawned":[1,5,19,20],"killed_by":"Book of Stabbing","ascension_level":18}}