{"host":"jscggscbx0p7706o","time":1611035687,"event":{"mods":["AchievementEnabler","BaseMod","Block Reminder","Colored Powertips","Filter the Spire","Minty Spire (QoL Compilation)","Permanent Neow","Quick Restart","StSLib"],"gold_per_floor":[411,149,163,180,255,288,288,463,534,534,7,7,25,40,40,40,40,142,142,162,162,87,65,85,111,111,142,142,142,142,142,142,177,188,202,202,299,299,309,309,309,224,224,224,250,261,286,312,328,328,361,373,373,401,401,401,401,401,90,121,121],"floor_reached":62,"language":"ENG","playtime":2634,"items_purged":["Parasite","Strike_B","Leap","Parasite"],"score":1616,"play_id":"6a0c169f-52ca-4e13-a94f-8632c185f5c8","local_time":"20210119135447","is_ascension_mode":true,"campfire_choices":[{"data":"Defragment","floor":7.0,"key":"SMITH"},{"data":"White Noise","floor":16.0,"key":"SMITH"},{"data":"Storm","floor":17.0,"key":"SMITH"},{"data":"Capacitor","floor":26.0,"key":"SMITH"},{"data":"Electrodynamics","floor":30.0,"key":"SMITH"},{"data":"Dualcast","floor":32.0,"key":"SMITH"},{"floor":36.0,"key":"RECALL"},{"data":"Biased Cognition","floor":44.0,"key":"SMITH"},{"data":"Buffer","floor":53.0,"key":"SMITH"},{"data":"Thunder Strike","floor":55.0,"key":"SMITH"},{"data":"Echo Form","floor":58.0,"key":"SMITH"}],"circlet_count":0,"master_deck":["Zap","Dualcast+1","Glacier","Defragment+1","Coolheaded","Conserve Battery","Conserve Battery","Ball Lightning","Hologram+1","Defragment+1","Storm+1","Coolheaded","White Noise+1","Echo Form+1","Capacitor+1","Electrodynamics+1","Barrage","Auto Shields","Coolheaded","Thunder Strike+1","Static Discharge+1","Hello World+1","Coolheaded+1","Biased Cognition+1","Static Discharge","Chill+1","Biased Cognition+1","Buffer+1","Storm+1"],"relics":["Cracked Core","Old Coin","Omamori","Mummified Hand","PreservedInsect","DollysMirror","Pandora\u0027s Box","Bottled Flame","Eternal Feather","Ginger","Smiling Mask","Incense Burner","Sozu","Pocketwatch","Oddly Smooth Stone","Lantern","Pantograph","Lizard Tail","Bottled Lightning","InkBottle"],"acts_visited":["Exordium","TheCity","TheBeyond","TheEnding"],"potions_floor_usage":[],"damage_taken":[{"damage":2.0,"enemies":"Jaw Worm","floor":1.0,"turns":4.0},{"damage":8.0,"enemies":"Small Slimes","floor":3.0,"turns":5.0},{"damage":0.0,"enemies":"2 Louse","floor":4.0,"turns":3.0},{"damage":5.0,"enemies":"3 Sentries","floor":6.0,"turns":10.0},{"damage":1.0,"enemies":"2 Fungi Beasts","floor":13.0,"turns":3.0},{"damage":0.0,"enemies":"Large Slime","floor":14.0,"turns":3.0},{"damage":0.0,"enemies":"The Guardian","floor":18.0,"turns":10.0},{"damage":8.0,"enemies":"3 Byrds","floor":20.0,"turns":3.0},{"damage":1.0,"enemies":"Chosen","floor":24.0,"turns":3.0},{"damage":1.0,"enemies":"Book of Stabbing","floor":25.0,"turns":4.0},{"damage":22.0,"enemies":"Slavers","floor":27.0,"turns":2.0},{"damage":10.0,"enemies":"Gremlin Leader","floor":33.0,"turns":3.0},{"damage":3.0,"enemies":"3 Cultists","floor":34.0,"turns":3.0},{"damage":13.0,"enemies":"Snake Plant","floor":35.0,"turns":2.0},{"damage":1.0,"enemies":"Champ","floor":37.0,"turns":9.0},{"damage":0.0,"enemies":"Orb Walker","floor":39.0,"turns":2.0},{"damage":18.0,"enemies":"Reptomancer","floor":45.0,"turns":3.0},{"damage":11.0,"enemies":"3 Shapes","floor":46.0,"turns":3.0},{"damage":0.0,"enemies":"Nemesis","floor":47.0,"turns":3.0},{"damage":6.0,"enemies":"Writhing Mass","floor":49.0,"turns":4.0},{"damage":0.0,"enemies":"Giant Head","floor":51.0,"turns":5.0},{"damage":5.0,"enemies":"Transient","floor":52.0,"turns":5.0},{"damage":0.0,"enemies":"Reptomancer","floor":54.0,"turns":3.0},{"damage":16.0,"enemies":"Time Eater","floor":56.0,"turns":5.0},{"damage":9.0,"enemies":"Shield and Spear","floor":60.0,"turns":3.0},{"damage":60,"enemies":"The Heart","floor":61,"turns":7}],"seed_played":"-4399427600880048470","potions_obtained":[{"floor":13.0,"key":"Strength Potion"},{"floor":14.0,"key":"Energy Potion"},{"floor":27.0,"key":"BlessingOfTheForge"}],"is_trial":false,"path_per_floor":["M","$","M","M","?","E","R","?","T","T","$","?","M","M","?","R","R","B",null,"M","?","?","$","M","E","R","E","T","T","R","M","R","E","M","M","R","B",null,"M","?","?","$","?","R","E","M","E","T","M","?","E","M","R","E","R","B",null,"R","$","E","B",null],"character_chosen":"DEFECT","items_purchased":["Defragment","Coolheaded","Conserve Battery","PreservedInsect","Hologram","DollysMirror","Storm","Leap","Static Discharge","Bottled Lightning"],"campfire_rested":0,"item_purchase_floors":[2,2,2,11,11,11,11,23,42,59],"current_hp_per_floor":[73,72,64,64,53,48,48,48,48,48,48,34,33,33,57,57,57,57,72,64,64,64,64,63,62,62,40,40,40,52,52,64,54,51,38,50,49,72,72,72,68,68,68,68,50,39,39,39,33,33,33,28,43,43,61,52,68,68,65,56,5],"gold":121,"neow_bonus":"ONE_RARE_RELIC","is_daily":false,"chose_seed":false,"campfire_upgraded":10,"win_rate":0.0,"timestamp":1611035687,"path_taken":["M","$","M","M","?","E","R","?","T","T","$","?","M","M","?","R","R","BOSS","M","?","?","$","M","E","R","E","T","T","R","?","R","E","M","M","R","BOSS","M","?","?","$","?","R","E","M","E","T","M","?","E","M","R","E","R","BOSS","R","$","E","BOSS"],"items_purchased_type":["Card","Card","Card","Relic","Card","Relic","Card","Card","Card","Relic"],"build_version":"2020-12-22","purchased_purges":4,"victory":true,"max_hp_per_floor":[75,72,72,72,72,72,72,72,72,72,72,72,72,72,72,72,72,72,72,72,72,72,72,72,72,72,72,72,72,72,72,72,72,72,72,72,72,72,72,72,68,68,68,68,68,68,68,68,68,68,68,68,68,68,68,68,68,68,65,65,65],"card_choices":[{"not_picked":["Rip and Tear","Hello World"],"picked":"Glacier","floor":1.0},{"not_picked":["Lockon","Cold Snap"],"picked":"Conserve Battery","floor":3.0},{"not_picked":["Lockon","Stack","Sunder"],"picked":"SKIP","floor":4.0},{"not_picked":["Glacier","Streamline"],"picked":"Ball Lightning","floor":6.0},{"not_picked":["Rebound","Beam Cell"],"picked":"Coolheaded","floor":13.0},{"not_picked":["Beam Cell","Barrage"],"picked":"White Noise","floor":14.0},{"not_picked":["Multi-Cast","Core Surge"],"picked":"Echo Form","floor":18.0},{"not_picked":["Beam Cell","Stack+1","Ball Lightning"],"picked":"SKIP","floor":20.0},{"not_picked":["Leap","Barrage"],"picked":"Static Discharge+1","floor":24.0},{"not_picked":["Ball Lightning+1","Recycle"],"picked":"Hello World+1","floor":27.0},{"not_picked":["Storm","Conserve Battery","Cold Snap+1"],"picked":"SKIP","floor":33.0},{"not_picked":["Gash","Ball Lightning"],"picked":"Coolheaded+1","floor":34.0},{"not_picked":["Reinforced Body","Heatsinks","Compile Driver"],"picked":"SKIP","floor":35.0},{"not_picked":["Reboot","Rainbow"],"picked":"Biased Cognition","floor":37.0},{"not_picked":["Compile Driver+1","Steam","Conserve Battery"],"picked":"SKIP","floor":39.0},{"not_picked":["Cold Snap+1","Steam Power+1","Thunder Strike"],"picked":"SKIP","floor":45.0},{"not_picked":["FTL+1","Go for the Eyes","Gash"],"picked":"SKIP","floor":46.0},{"not_picked":["Heatsinks+1","Streamline+1"],"picked":"Chill+1","floor":47.0},{"not_picked":["Ball Lightning","Hologram","Glacier"],"picked":"SKIP","floor":49.0},{"not_picked":["Compile Driver","Barrage"],"picked":"Buffer","floor":51.0},{"not_picked":["Ball Lightning+1","Sunder+1","Beam Cell"],"picked":"SKIP","floor":52.0},{"not_picked":["Stack","Redo+1"],"picked":"Storm+1","floor":54.0},{"not_picked":["Self Repair","Darkness","Beam Cell"],"picked":"SKIP","floor":60.0}],"player_experience":304102,"relics_obtained":[{"floor":6.0,"key":"Omamori"},{"floor":9.0,"key":"Mummified Hand"},{"floor":25.0,"key":"Bottled Flame"},{"floor":27.0,"key":"Eternal Feather"},{"floor":28.0,"key":"Ginger"},{"floor":29.0,"key":"Smiling Mask"},{"floor":33.0,"key":"Incense Burner"},{"floor":45.0,"key":"Pocketwatch"},{"floor":47.0,"key":"Oddly Smooth Stone"},{"floor":48.0,"key":"Lantern"},{"floor":51.0,"key":"Pantograph"},{"floor":54.0,"key":"Lizard Tail"},{"floor":60.0,"key":"InkBottle"}],"event_choices":[{"damage_healed":0.0,"max_hp_gain":0.0,"max_hp_loss":0.0,"gold_gain":75.0,"event_name":"World of Goop","player_choice":"Gather Gold","floor":5.0,"gold_loss":0.0,"damage_taken":11.0},{"damage_healed":0.0,"max_hp_gain":0.0,"max_hp_loss":0.0,"gold_gain":175.0,"event_name":"Liars Game","player_choice":"AGREE","floor":8.0,"gold_loss":0.0,"damage_taken":0.0,"cards_obtained":["Doubt"]},{"damage_healed":0.0,"max_hp_gain":0.0,"max_hp_loss":0.0,"gold_gain":0.0,"event_name":"Shining Light","player_choice":"Entered Light","floor":12.0,"gold_loss":0.0,"damage_taken":14.0,"cards_upgraded":["Defend_B","Hologram"]},{"damage_healed":24.0,"max_hp_gain":0.0,"max_hp_loss":0.0,"gold_gain":0.0,"event_name":"Big Fish","player_choice":"Banana","floor":15.0,"gold_loss":0.0,"damage_taken":0.0},{"damage_healed":0.0,"max_hp_gain":0.0,"max_hp_loss":0.0,"gold_gain":0.0,"event_name":"Forgotten Altar","player_choice":"Smashed Altar","floor":21.0,"gold_loss":0.0,"damage_taken":0.0,"cards_obtained":["Decay"]},{"cards_removed":["Chaos"],"damage_healed":0.0,"max_hp_gain":0.0,"max_hp_loss":0.0,"gold_gain":0.0,"event_name":"Beggar","player_choice":"Gave Gold","floor":22.0,"gold_loss":75.0,"damage_taken":0.0},{"damage_healed":0.0,"max_hp_gain":0.0,"max_hp_loss":0.0,"gold_gain":0.0,"event_name":"Tomb of Lord Red Mask","player_choice":"Ignored","floor":40.0,"gold_loss":0.0,"damage_taken":0.0},{"damage_healed":0.0,"max_hp_gain":0.0,"max_hp_loss":4.0,"gold_gain":0.0,"event_name":"Winding Halls","player_choice":"Max HP","floor":41.0,"gold_loss":0.0,"damage_taken":0.0},{"damage_healed":0.0,"max_hp_gain":0.0,"max_hp_loss":0.0,"gold_gain":0.0,"event_name":"SensoryStone","player_choice":"Memory 1","floor":43.0,"gold_loss":0.0,"damage_taken":0.0},{"damage_healed":0.0,"max_hp_gain":0.0,"max_hp_loss":0.0,"gold_gain":0.0,"event_name":"Duplicator","player_choice":"Copied","floor":50.0,"gold_loss":0.0,"damage_taken":0.0,"cards_obtained":["Biased Cognition"]}],"is_beta":false,"boss_relics":[{"not_picked":["Calling Bell","Tiny House"],"picked":"Pandora\u0027s Box"},{"not_picked":["Snecko Eye","Coffee Dripper"],"picked":"Sozu"}],"items_purged_floors":[2,11,42,59],"is_endless":false,"potions_floor_spawned":[13,14,27,34,35,37,39,47,52,54],"ascension_level":2}}