{"host":"hbmugw1tcdgjy91l","time":1611049574,"event":{"mods":["Act Like it!","Arknights The Spire","BaseMod","Chen","Downfall","Gensokyo","Gremlin Mod","GungeonMod","Lobotomy","LobotomyExtend","Mari Mod (Legacy)","Mari\u0027s V1 Patch","Minty Spire (QoL Compilation)","Pale of the Ancients","Prisma Mod","StSLib","Td1madao Mod","TestMod","The Animator","The Bug Knight","The Mystic","WarShipGirlsR/’ΩΩ¢…Ÿ≈ÆR mod"],"gold_per_floor":[99,109,109,109,129,156,156,166,66,99,112,112,112,112],"floor_reached":12,"language":"ZHS","playtime":829,"items_purged":[],"score":92,"play_id":"ff44fbb5-0719-4724-a2f3-de1c9082561d","local_time":"20210119174614","is_ascension_mode":true,"campfire_choices":[{"floor":1,"key":"RECALL"},{"data":"hexamod:SpectralAdrenaline","floor":9,"key":"SMITH"}],"circlet_count":0,"master_deck":["hexamod:Strike","hexamod:Strike","hexamod:Strike","hexamod:Defend","hexamod:Defend","hexamod:Defend","hexamod:Sear","hexamod:Float","hexamod:FlamesFromBeyond","Regret","hexamod:SpectralAdrenaline+1","hexamod:FourthSeal","hexamod:TurnItUp","hexamod:SpectersWail","hexamod:FirstSeal"],"relics":["hexamod:SpiritBrand","testmod-TestBox","LetterFromLob","Dead Branch","Letter Opener","Orichalcum","downfall:HeartBlessingRed","Blue Candle","DemoMod:GlassGuonStoneRelic"],"acts_visited":["Exordium"],"potions_floor_usage":[6,11,11,12],"damage_taken":[{"damage":1,"enemies":"Jaw Worm","floor":2,"turns":4},{"damage":2,"enemies":"Small Slimes","floor":5,"turns":3},{"damage":13,"enemies":"3 Sentries","floor":6,"turns":6},{"damage":3,"enemies":"Cultist","floor":8,"turns":3},{"damage":36,"enemies":"HollowMod:MossKnight","floor":10,"turns":10},{"damage":1,"enemies":"3 Louse","floor":11,"turns":2},{"damage":8,"enemies":"Gremlin Nob","floor":12,"turns":2}],"seed_played":"-4987807707865963299","potions_obtained":[{"floor":2,"key":"Dexterity Potion"},{"floor":5,"key":"testmod-TestPotion"},{"floor":8,"key":"Energy Potion"},{"floor":10,"key":"DuplicationPotion"},{"floor":10,"key":"ColorlessPotion"},{"floor":11,"key":"testmod-SpacePotion"}],"is_trial":false,"path_per_floor":["R","M","?","?","M","E","T","M","R","E","M","E"],"character_chosen":"THE_SPIRIT","items_purchased":[],"campfire_rested":0,"item_purchase_floors":[],"current_hp_per_floor":[63,62,62,62,60,47,47,44,44,8,7,0,0,0],"gold":112,"neow_bonus":"REMOVE_TWO","is_daily":false,"chose_seed":false,"campfire_upgraded":1,"win_rate":0.0,"timestamp":1611049574,"path_taken":["R","M","?","?","M","E","T","M","R","E","M","E"],"items_purchased_type":[],"build_version":"2020-12-22","purchased_purges":0,"victory":false,"max_hp_per_floor":[63,63,63,63,63,63,63,63,63,63,63,63,63,63],"card_choices":[{"not_picked":["hexamod:RecurringNightmare","hexamod:Firestarter"],"picked":"hexamod:FlamesFromBeyond","floor":2},{"not_picked":["hexamod:EtherealExpedition","hexamod:SkipABeat"],"picked":"hexamod:SpectralAdrenaline","floor":5},{"not_picked":["hexamod:AdvancingGuard","hexamod:InspiringFlames"],"picked":"hexamod:FourthSeal","floor":6},{"not_picked":["hexamod:FlamesFromBeyond","hexamod:SpectersWail"],"picked":"hexamod:TurnItUp","floor":8},{"not_picked":["hexamod:BacktrackSmack","hexamod:Firestarter"],"picked":"hexamod:SpectersWail","floor":10},{"not_picked":["hexamod:Rewind","hexamod:EtherealExpedition"],"picked":"hexamod:FirstSeal","floor":11}],"player_experience":471502,"relics_obtained":[{"floor":2,"key":"LetterFromLob"},{"floor":6,"key":"Orichalcum"},{"floor":10,"key":"Blue Candle"}],"event_choices":[{"damage_healed":0,"gold_gain":0,"player_choice":"Box","damage_taken":0,"relics_obtained":["Dead Branch"],"max_hp_gain":0,"max_hp_loss":0,"event_name":"Big Fish","floor":3,"gold_loss":0,"cards_obtained":["Regret"]}],"is_beta":false,"boss_relics":[],"items_purged_floors":[],"is_endless":false,"potions_floor_spawned":[2,5,10],"killed_by":"Gremlin Nob","ascension_level":1}}