{"host":"ebj6lkgm8suah319","time":1611028768,"event":{"mods":["2.2 Compatiblity","AchievementEnabler","BaseMod","Block Reminder","Colored Map","Colored Powertips","Minty Spire (QoL Compilation)","Quick Restart","Rare Cards Sparkle","Relic Stats","SuperFastMode"],"gold_per_floor":[113,44,64,80,30,30,47,80,80,80,80,100,111,138,138,241,241,230,230,243,0,15,49,49,81,81,81,81,96,122,47,47,47,47],"floor_reached":33,"language":"ENG","playtime":950,"items_purged":["Strike_R"],"score":504,"play_id":"d6bfa541-c5c0-49f1-8c71-4dfc0b08d263","local_time":"20210118225928","is_ascension_mode":true,"campfire_choices":[{"data":"Uppercut","floor":6.0,"key":"SMITH"},{"data":"Inflame","floor":10.0,"key":"SMITH"},{"data":"Bash","floor":15.0,"key":"SMITH"},{"floor":24,"key":"REST"},{"floor":27,"key":"REST"},{"floor":32,"key":"REST"}],"circlet_count":0,"master_deck":["AscendersBane","Strike_R","Defend_R","Defend_R","Defend_R","Defend_R","Bash+1","Pommel Strike","Uppercut+1","Cleave","Carnage","Double Tap","Inflame+1","Dropkick","Dark Embrace","Reaper","Pummel","Dual Wield","Heavy Blade","Shockwave","Shrug It Off","Burning Pact+1"],"relics":["Burning Blood","Calipers","Dead Branch","Thread and Needle","Champion Belt","Philosopher\u0027s Stone","Paper Frog","Oddly Smooth Stone","TungstenRod","Letter Opener","Centennial Puzzle"],"acts_visited":["Exordium","TheCity"],"potions_floor_usage":[23,23,25,30],"damage_taken":[{"damage":1.0,"enemies":"Cultist","floor":1.0,"turns":3.0},{"damage":7.0,"enemies":"Small Slimes","floor":3.0,"turns":3.0},{"damage":1.0,"enemies":"2 Louse","floor":4.0,"turns":2.0},{"damage":14.0,"enemies":"Red Slaver","floor":7.0,"turns":3.0},{"damage":20.0,"enemies":"Lagavulin","floor":8.0,"turns":5.0},{"damage":0.0,"enemies":"Exordium Wildlife","floor":12.0,"turns":3.0},{"damage":15.0,"enemies":"Lots of Slimes","floor":13.0,"turns":3.0},{"damage":9.0,"enemies":"3 Sentries","floor":14.0,"turns":6.0},{"damage":34.0,"enemies":"Slime Boss","floor":16.0,"turns":11.0},{"damage":8.0,"enemies":"2 Thieves","floor":18.0,"turns":4.0},{"damage":14.0,"enemies":"Spheric Guardian","floor":20.0,"turns":3.0},{"damage":5.0,"enemies":"Snecko","floor":22.0,"turns":4.0},{"damage":24,"enemies":"Gremlin Leader","floor":23,"turns":5},{"damage":63,"enemies":"Slavers","floor":25,"turns":5},{"damage":29,"enemies":"Shelled Parasite and Fungi","floor":29,"turns":6},{"damage":25,"enemies":"Book of Stabbing","floor":30,"turns":5},{"damage":42,"enemies":"Automaton","floor":33,"turns":6}],"seed_played":"-6120079908241719673","potions_obtained":[{"floor":1.0,"key":"Regen Potion"},{"floor":13.0,"key":"Energy Potion"},{"floor":16.0,"key":"Block Potion"},{"floor":19.0,"key":"SteroidPotion"},{"floor":23,"key":"DistilledChaos"},{"floor":25,"key":"Regen Potion"},{"floor":30,"key":"SteroidPotion"}],"is_trial":false,"path_per_floor":["M","$","M","M","?","R","M","E","T","R","?","M","M","E","R","B",null,"M","?","M","$","M","E","R","E","T","R","?","M","E","$","R","B"],"character_chosen":"IRONCLAD","items_purchased":["Uppercut","Paper Frog"],"campfire_rested":3,"item_purchase_floors":[2,21],"current_hp_per_floor":[72,72,71,72,72,72,64,50,50,50,43,49,40,37,37,9,56,54,54,46,46,47,41,62,17,17,38,38,15,17,17,38,0,0],"gold":47,"neow_bonus":"ONE_RARE_RELIC","is_daily":false,"chose_seed":false,"campfire_upgraded":3,"win_rate":0.0,"timestamp":1611028768,"path_taken":["M","?","M","?","?","R","M","E","T","R","?","M","M","E","R","BOSS","M","?","M","$","?","E","R","E","T","R","?","?","E","$","R","BOSS"],"items_purchased_type":["Card","Relic"],"build_version":"2020-12-22","purchased_purges":1,"victory":false,"max_hp_per_floor":[72,72,72,72,72,72,72,72,72,72,72,72,72,72,72,72,72,72,72,72,72,72,72,72,72,72,72,72,72,72,72,72,72,72],"relic_stats":{"Centennial Puzzle":[3],"counters":[17,77],"Dead Branch":[46],"Champion Belt":[24],"Letter Opener":[10],"obtain_stats":[{"Centennial Puzzle":30,"Calipers":0,"Dead Branch":8,"Oddly Smooth Stone":23,"Thread and Needle":9,"Philosopher\u0027s Stone":17,"Champion Belt":14,"Letter Opener":26,"Burning Blood":0,"TungstenRod":25,"Paper Frog":21},{"Centennial Puzzle":16,"Calipers":0,"Dead Branch":5,"Oddly Smooth Stone":13,"Thread and Needle":5,"Philosopher\u0027s Stone":9,"Champion Belt":8,"Letter Opener":14,"Burning Blood":0,"TungstenRod":14,"Paper Frog":11},{"Centennial Puzzle":71,"Calipers":0,"Dead Branch":16,"Oddly Smooth Stone":55,"Thread and Needle":16,"Philosopher\u0027s Stone":39,"Champion Belt":28,"Letter Opener":60,"Burning Blood":0,"TungstenRod":60,"Paper Frog":46}],"Burning Blood":87,"TungstenRod":18},"card_choices":[{"not_picked":["Hemokinesis","Flex"],"picked":"Pommel Strike","floor":1.0},{"not_picked":["Body Slam","Heavy Blade"],"picked":"Cleave","floor":3.0},{"not_picked":["Shrug It Off","Headbutt"],"picked":"Carnage","floor":4.0},{"not_picked":["Pommel Strike","Clothesline"],"picked":"Double Tap","floor":7.0},{"not_picked":["Body Slam","Flex"],"picked":"Inflame","floor":8.0},{"not_picked":["Entrench","Heavy Blade","Body Slam"],"picked":"SKIP","floor":12.0},{"not_picked":["Intimidate","Combust"],"picked":"Dropkick","floor":13.0},{"not_picked":["Whirlwind","Headbutt"],"picked":"Dark Embrace","floor":14.0},{"not_picked":["Limit Break","Barricade"],"picked":"Reaper","floor":16.0},{"not_picked":["Cleave","Headbutt"],"picked":"Pummel","floor":18.0},{"not_picked":["Armaments","Perfected Strike","Blood for Blood"],"picked":"SKIP","floor":20.0},{"not_picked":["True Grit","Intimidate"],"picked":"Dual Wield","floor":22.0},{"not_picked":["Iron Wave","Havoc"],"picked":"Heavy Blade","floor":23},{"not_picked":["Thunderclap","Battle Trance"],"picked":"Shockwave","floor":25},{"not_picked":["Armaments","Flex+1"],"picked":"Shrug It Off","floor":29},{"not_picked":["Dropkick","Whirlwind"],"picked":"Burning Pact+1","floor":30}],"player_experience":34098,"relics_obtained":[{"floor":8.0,"key":"Dead Branch"},{"floor":9.0,"key":"Thread and Needle"},{"floor":14.0,"key":"Champion Belt"},{"floor":23,"key":"Oddly Smooth Stone"},{"floor":25,"key":"TungstenRod"},{"floor":26,"key":"Letter Opener"},{"floor":30,"key":"Centennial Puzzle"}],"event_choices":[{"cards_removed":["Strike_R"],"damage_healed":0.0,"max_hp_gain":0.0,"max_hp_loss":0.0,"gold_gain":0.0,"event_name":"The Cleric","player_choice":"Card Removal","floor":5.0,"gold_loss":50.0,"damage_taken":0.0},{"cards_removed":["Strike_R"],"damage_healed":0.0,"max_hp_gain":0.0,"max_hp_loss":0.0,"gold_gain":0.0,"event_name":"Golden Wing","player_choice":"Card Removal","floor":11.0,"gold_loss":0.0,"damage_taken":7.0},{"damage_healed":0.0,"max_hp_gain":0.0,"max_hp_loss":0.0,"gold_gain":0.0,"event_name":"Lab","player_choice":"Got Potions","floor":19.0,"gold_loss":0.0,"damage_taken":0.0},{"cards_removed":["Strike_R"],"damage_healed":0,"gold_gain":0,"player_choice":"Offered Basic","damage_taken":0,"max_hp_gain":0,"max_hp_loss":0,"event_name":"Bonfire Elementals","floor":28,"gold_loss":0}],"is_beta":false,"boss_relics":[{"not_picked":["Busted Crown","Tiny House"],"picked":"Philosopher\u0027s Stone"}],"items_purged_floors":[31],"is_endless":false,"potions_floor_spawned":[1,13,16,20,23,25,30],"killed_by":"Automaton","ascension_level":12}}