{"host":"nlowmoq7gy18n72d","time":1611040920,"event":{"mods":["BaseMod","Colored Powertips","Downfall","Hermit","Highlight Path","Jorbs\u0027s Wanderer Trilogy","Minty Spire (QoL Compilation)","StSLib","The Cursed"],"gold_per_floor":[99,38,58,88,88,121,121,121,31,60,160,172,172,200,214,310,310,210,230,91,102,252,265,265,265,591,591,609,636,24,24,34,134,134,134,149,164,64,80,80,104,119,19,53,53,53],"floor_reached":45,"language":"ENG","playtime":2202,"items_purged":["Regret","bronze:Strike","bronze:Defend"],"score":703,"play_id":"5568e790-d8b5-4fe3-ace8-45ebcc303136","local_time":"20210119102200","is_ascension_mode":true,"campfire_choices":[{"data":"bronze:Replicate","floor":1,"key":"SMITH"},{"data":"bronze:OilSpill","floor":8,"key":"SMITH"},{"data":"bronze:OilSpill","floor":13,"key":"SMITH"},{"data":"bronze:BugBarrage","floor":18,"key":"SMITH"},{"data":"bronze:Shell","floor":25,"key":"SMITH"},{"data":"bronze:ItsAFeature","floor":27,"key":"SMITH"},{"floor":35,"key":"RECALL"},{"data":"bronze:ClassDefault","floor":43,"key":"SMITH"}],"circlet_count":0,"master_deck":["bronze:Defend","bronze:Defend","bronze:Defend","bronze:Replicate+1","bronze:Goto","bronze:OilSpill+1","bronze:BugBarrage+1","bronze:Repair","bronze:OilSpill+1","bronze:Frontload","bronze:ClassDefault+1","bronze:Shell+1","bronze:BronzeOrb","bronze:Repulsor","bronze:FindAndReplace","bronze:DarkDash+1","bronze:FineTuning","bronze:Optimize","bronze:ItsAFeature+1","bronze:DelayedGuard+1","bronze:Turbo+1","bronze:DigitalCarnage+1","bronze:FunctionCard","bronze:InfiniteBeams","bronze:ShipIt+1","bronze:Terminator","bronze:BugBarrage+1","Parasite","bronze:Shield","bronze:Mutator"],"relics":["bronze:BronzeCore","FossilizedHelix","WingedGreaves","StoneCalendar","bronze:CableSpool","White Beast Statue","Orichalcum","Black Star","downfall:HeartBlessingGreen","Matryoshka","Nunchaku","Old Coin","Darkstone Periapt","The Courier","Toy Ornithopter","Molten Egg 2","Anchor","Bronze Scales","HornCleat","Guardian:PocketSentry","Empty Cage","Boot","downfall:HeartBlessingRed","Oddly Smooth Stone","Gremlin Horn"],"acts_visited":["Exordium","TheCity","TheBeyond"],"potions_floor_usage":[14,16,20,26,26,28,29,30,32],"damage_taken":[{"damage":5,"enemies":"downfall:FleeingMerchant","floor":2,"turns":4},{"damage":1,"enemies":"Jaw Worm","floor":3,"turns":3},{"damage":37,"enemies":"3 Sentries","floor":6,"turns":10},{"damage":13,"enemies":"downfall:FleeingMerchant","floor":9,"turns":4},{"damage":0,"enemies":"Gremlin Nob","floor":10,"turns":3},{"damage":13,"enemies":"downfall:LadyInBlue","floor":11,"turns":7},{"damage":0,"enemies":"Cultist","floor":12,"turns":2},{"damage":6,"enemies":"3 Sentries","floor":14,"turns":7},{"damage":0,"enemies":"2 Louse","floor":15,"turns":2},{"damage":1,"enemies":"SI_SHIV_ARCHETYPE","floor":16,"turns":7},{"damage":0,"enemies":"Chosen","floor":19,"turns":3},{"damage":8,"enemies":"downfall:FleeingMerchant","floor":20,"turns":4},{"damage":0,"enemies":"3 Byrds","floor":21,"turns":5},{"damage":7,"enemies":"Snake Plant","floor":23,"turns":3},{"damage":41,"enemies":"Slavers","floor":26,"turns":5},{"damage":6,"enemies":"Shelled Parasite and Fungi","floor":28,"turns":7},{"damage":42,"enemies":"Gremlin Leader","floor":29,"turns":8},{"damage":15,"enemies":"downfall:FleeingMerchant","floor":30,"turns":4},{"damage":8,"enemies":"Sentry and Sphere","floor":32,"turns":7},{"damage":0,"enemies":"DF_ARCHETYPE_CLAW","floor":33,"turns":8},{"damage":0,"enemies":"Orb Walker","floor":36,"turns":3},{"damage":0,"enemies":"3 Darklings","floor":37,"turns":7},{"damage":0,"enemies":"Spire Growth","floor":39,"turns":6},{"damage":0,"enemies":"Writhing Mass","floor":42,"turns":4},{"damage":56,"enemies":"Giant Head","floor":44,"turns":9},{"damage":0,"enemies":"Jaw Worm Horde","floor":45,"turns":1}],"seed_played":"2638690479305704097","potions_obtained":[{"floor":3,"key":"Swift Potion"},{"floor":10,"key":"bronze:CleanCodePotion"},{"floor":11,"key":"DistilledChaos"},{"floor":11,"key":"Ancient Potion"},{"floor":11,"key":"AttackPotion"},{"floor":12,"key":"FairyPotion"},{"floor":14,"key":"Block Potion"},{"floor":16,"key":"Explosive Potion"},{"floor":20,"key":"FearPotion"},{"floor":26,"key":"bronze:BuildAFunctionPotion"},{"floor":28,"key":"SkillPotion"},{"floor":29,"key":"Strength Potion"},{"floor":30,"key":"Dexterity Potion"},{"floor":32,"key":"Ancient Potion"},{"floor":33,"key":"Strength Potion"},{"floor":36,"key":"Weak Potion"}],"is_trial":false,"path_per_floor":["R","$","M","?","?","E","T","R","$","E","?","M","R","E","M","B",null,"R","M","$","M","?","M","T","R","E","R","M","E","$","?","M","B",null,"R","M","M","$","M","?","T","M","R","E","M"],"character_chosen":"THE_AUTOMATON","items_purchased":["bronze:BugBarrage","bronze:FineTuning","bronze:Optimize","Toy Ornithopter","Molten Egg 2","Anchor","Bronze Scales","HornCleat","Guardian:PocketSentry"],"campfire_rested":0,"item_purchase_floors":[2,20,20,30,30,30,30,30,30],"current_hp_per_floor":[77,72,71,71,71,41,41,41,42,42,36,36,36,30,30,43,77,77,77,76,77,77,70,70,70,39,39,33,23,8,14,21,35,83,83,83,83,83,83,83,83,89,89,33,33,33],"gold":53,"neow_bonus":"TEN_PERCENT_HP_BONUS","is_daily":false,"chose_seed":false,"campfire_upgraded":7,"win_rate":0.0,"timestamp":1611040920,"path_taken":["R","$","M","?","?","E","T","R","$","E","?","?","R","E","M","BOSS","R","M","$","M","?","?","T","R","E","R","M","E","$","?","M","BOSS","R","M","M","$","M","?","T","M","R","E","M"],"items_purchased_type":["Card","Card","Card","Relic","Relic","Relic","Relic","Relic","Relic"],"build_version":"2020-12-22","purchased_purges":3,"victory":false,"max_hp_per_floor":[77,77,77,77,77,77,77,77,77,77,77,77,77,77,77,77,77,77,77,77,77,77,77,77,77,77,77,77,77,77,83,83,83,83,83,83,83,83,83,83,83,89,89,89,89,89],"card_choices":[{"not_picked":["bronze:Backtrace","bronze:Repulsor"],"picked":"bronze:OilSpill","floor":2},{"not_picked":["bronze:Optimize","bronze:CutThrough"],"picked":"bronze:Repair","floor":3},{"not_picked":["bronze:Turbo","bronze:Refactor"],"picked":"bronze:OilSpill","floor":6},{"not_picked":["bronze:Invalidate","bronze:Philosophize"],"picked":"bronze:Frontload","floor":9},{"not_picked":["bronze:CutThrough","bronze:BugBarrage"],"picked":"bronze:ClassDefault","floor":10},{"not_picked":["bronze:Branch","bronze:Iterate"],"picked":"bronze:Shell","floor":11},{"not_picked":["bronze:NullPointer","bronze:Repair"],"picked":"bronze:BronzeOrb","floor":12},{"not_picked":["bronze:InfiniteLoop","bronze:WhirlingStrike","bronze:Boost"],"picked":"SKIP","floor":14},{"not_picked":["bronze:Boost","bronze:ChosenStrike"],"picked":"bronze:Repulsor","floor":15},{"not_picked":["bronze:HyperBeam","bronze:RecursiveStrike"],"picked":"bronze:FindAndReplace","floor":16},{"not_picked":["bronze:Repulsor","bronze:ChosenStrike"],"picked":"bronze:DarkDash+1","floor":19},{"not_picked":["bronze:Separator","bronze:Repulsor","bronze:OilSpill"],"picked":"SKIP","floor":20},{"not_picked":["bronze:BuggyMess","bronze:WhirlingStrike"],"picked":"bronze:ItsAFeature","floor":21},{"not_picked":["bronze:Shell+1","bronze:ItsAFeature"],"picked":"bronze:DelayedGuard+1","floor":23},{"not_picked":["bronze:AlphaBuild","bronze:Repulsor"],"picked":"bronze:Turbo+1","floor":26},{"not_picked":["bronze:Constructor","bronze:DelayedGuard","bronze:Separator"],"picked":"SKIP","floor":28},{"not_picked":["bronze:Separator","bronze:Safeguard","bronze:DigitalCarnage+1"],"picked":"SKIP","floor":29},{"not_picked":["bronze:Constructor+1","bronze:Terminator","bronze:Philosophize"],"picked":"SKIP","floor":30},{"not_picked":["bronze:Philosophize","bronze:Refactor+1"],"picked":"bronze:InfiniteBeams","floor":32},{"not_picked":["bronze:Mutator","bronze:BurnOut+1"],"picked":"bronze:ShipIt+1","floor":33},{"not_picked":["bronze:ForLoop+1","bronze:Optimize"],"picked":"bronze:Terminator","floor":36},{"not_picked":["bronze:ChildClass+1","bronze:CutThrough+1","bronze:Branch+1"],"picked":"SKIP","floor":37},{"not_picked":["bronze:Shell","bronze:Frontload"],"picked":"bronze:BugBarrage+1","floor":39},{"not_picked":["bronze:ChildClass","bronze:WildBeam+1"],"picked":"bronze:Shield","floor":42},{"not_picked":["bronze:Separator+1","bronze:Terminator+1"],"picked":"bronze:Mutator","floor":44}],"player_experience":691317,"relics_obtained":[{"floor":6,"key":"StoneCalendar"},{"floor":7,"key":"bronze:CableSpool"},{"floor":10,"key":"Ancient Tea Set"},{"floor":11,"key":"White Beast Statue"},{"floor":14,"key":"Orichalcum"},{"floor":24,"key":"Matryoshka"},{"floor":26,"key":"Nunchaku"},{"floor":26,"key":"Old Coin"},{"floor":29,"key":"Darkstone Periapt"},{"floor":29,"key":"The Courier"},{"floor":41,"key":"Boot"},{"floor":44,"key":"Oddly Smooth Stone"},{"floor":44,"key":"Gremlin Horn"}],"event_choices":[{"damage_healed":0,"gold_gain":0,"player_choice":"Box","damage_taken":0,"relics_obtained":["WingedGreaves"],"max_hp_gain":0,"max_hp_loss":0,"event_name":"Big Fish","floor":5,"gold_loss":0,"cards_obtained":["Regret"]}],"is_beta":false,"boss_relics":[{"not_picked":["Runic Dome","Pandora\u0027s Box"],"picked":"Black Star"},{"not_picked":["Velvet Choker","Fusion Hammer"],"picked":"Empty Cage"}],"items_purged_floors":[9,30,38],"is_endless":false,"potions_floor_spawned":[3,10,12,14,15,16,19,20,21,23,26,28,29,30,32,33,36,37,39,42,44],"killed_by":"Jaw Worm Horde","ascension_level":1}}