{"host":"nj4msrt0z6tj4wtb","time":1611076781,"event":{"mods":["AchievementEnabler","BaseMod","Colored Map","Colored Powertips","DeckTracker","Highlight Path","Minty Spire (QoL Compilation)","Quick Restart","Random Character Button","StSLib","SuperFastMode"],"gold_per_floor":[118,134,148,160,174,174,202,218,218,228,244,244,269,288,288,392,392,402,82,101,115,132,159,159,176,176,176,176,176,209,209,209,305,305,317,367,58,73,85,85,114,134,134,134,134,152,178,193,193,193,193,193,44,72,72],"floor_reached":56,"language":"KOR","playtime":2599,"items_purged":["Strike_R","Strike_R"],"score":1442,"play_id":"afbc402e-46d5-4e67-b35a-713f2a753889","local_time":"20210120021941","is_ascension_mode":true,"campfire_choices":[{"data":"Seeing Red","floor":6.0,"key":"SMITH"},{"data":"Flex","floor":12.0,"key":"SMITH"},{"data":"Demon Form","floor":15.0,"key":"SMITH"},{"data":"Evolve","floor":24.0,"key":"SMITH"},{"data":"Body Slam","floor":27.0,"key":"SMITH"},{"data":"Entrench","floor":29.0,"key":"SMITH"},{"floor":32.0,"key":"REST"},{"data":"Barricade","floor":40.0,"key":"SMITH"},{"data":"Seeing Red","floor":45.0,"key":"SMITH"},{"floor":49.0,"key":"RECALL"},{"data":"Dark Embrace","floor":52.0,"key":"SMITH"}],"circlet_count":0,"master_deck":["Strike_R","Defend_R","Defend_R","Defend_R","Bash","Fiend Fire","Seeing Red+1","Cleave","Wild Strike","Twin Strike","Flex+1","Pummel","Shrug It Off","Power Through","Demon Form+1","Body Slam+1","Offering","Shrug It Off","Sever Soul","Evolve+1","Wild Strike+1","Rampage","Entrench+1","Limit Break","Barricade+1","Seeing Red+1","Dark Embrace+1","Exhume"],"relics":["Burning Blood","Pantograph","Blood Vial","Gremlin Horn","Mark of Pain","Meat on the Bone","Happy Flower","Anchor","Bottled Tornado","SlaversCollar","Mango","Ice Cream","Molten Egg 2","Singing Bowl","StoneCalendar"],"acts_visited":["Exordium","TheCity","TheBeyond","TheEnding"],"potions_floor_usage":[55,55],"damage_taken":[{"damage":0.0,"enemies":"Cultist","floor":1.0,"turns":2.0},{"damage":6.0,"enemies":"2 Louse","floor":2.0,"turns":2.0},{"damage":7.0,"enemies":"Jaw Worm","floor":3.0,"turns":3.0},{"damage":6.0,"enemies":"3 Louse","floor":4.0,"turns":3.0},{"damage":11.0,"enemies":"Looter","floor":5.0,"turns":2.0},{"damage":36.0,"enemies":"Lagavulin","floor":7.0,"turns":7.0},{"damage":13.0,"enemies":"Red Slaver","floor":8.0,"turns":3.0},{"damage":1.0,"enemies":"Exordium Wildlife","floor":10.0,"turns":3.0},{"damage":11.0,"enemies":"Large Slime","floor":11.0,"turns":5.0},{"damage":10.0,"enemies":"3 Sentries","floor":13.0,"turns":6.0},{"damage":16.0,"enemies":"Exordium Thugs","floor":14.0,"turns":4.0},{"damage":35.0,"enemies":"Slime Boss","floor":16.0,"turns":7.0},{"damage":45.0,"enemies":"2 Thieves","floor":18.0,"turns":4.0},{"damage":6.0,"enemies":"Chosen","floor":20.0,"turns":3.0},{"damage":44.0,"enemies":"3 Cultists","floor":21.0,"turns":5.0},{"damage":16.0,"enemies":"Centurion and Healer","floor":22.0,"turns":7.0},{"damage":14.0,"enemies":"Book of Stabbing","floor":23.0,"turns":4.0},{"damage":32.0,"enemies":"Shelled Parasite and Fungi","floor":25.0,"turns":6.0},{"damage":25.0,"enemies":"Slavers","floor":30.0,"turns":5.0},{"damage":6.0,"enemies":"Automaton","floor":33.0,"turns":6.0},{"damage":6.0,"enemies":"3 Darklings","floor":35.0,"turns":3.0},{"damage":31.0,"enemies":"2 Orb Walkers","floor":36.0,"turns":4.0},{"damage":8.0,"enemies":"Orb Walker","floor":38.0,"turns":3.0},{"damage":20.0,"enemies":"Sphere and 2 Shapes","floor":39.0,"turns":5.0},{"damage":14.0,"enemies":"Reptomancer","floor":41.0,"turns":6.0},{"damage":33.0,"enemies":"Transient","floor":42.0,"turns":5.0},{"damage":15.0,"enemies":"4 Shapes","floor":46.0,"turns":7.0},{"damage":9.0,"enemies":"Giant Head","floor":47.0,"turns":6.0},{"damage":40.0,"enemies":"3 Darklings","floor":48.0,"turns":4.0},{"damage":40.0,"enemies":"Awakened One","floor":50.0,"turns":7.0},{"damage":24.0,"enemies":"Shield and Spear","floor":54.0,"turns":5.0},{"damage":95,"enemies":"The Heart","floor":55,"turns":7}],"seed_played":"1177193083695336192","potions_obtained":[{"floor":1.0,"key":"Dexterity Potion"},{"floor":7.0,"key":"SpeedPotion"},{"floor":10.0,"key":"ElixirPotion"},{"floor":11.0,"key":"HeartOfIron"},{"floor":16.0,"key":"AttackPotion"},{"floor":23.0,"key":"DistilledChaos"},{"floor":30.0,"key":"SteroidPotion"},{"floor":38.0,"key":"PowerPotion"},{"floor":39.0,"key":"SteroidPotion"},{"floor":42.0,"key":"LiquidMemories"},{"floor":46.0,"key":"Block Potion"},{"floor":54.0,"key":"Fruit Juice"}],"is_trial":false,"path_per_floor":["M","M","M","M","M","R","E","M","T","M","M","R","E","M","R","B",null,"M","$","M","M","M","E","R","M","T","R","?","R","E","?","R","B",null,"M","?","$","M","M","R","E","M","T","?","R","M","E","M","R","B",null,"R","$","E","B",null],"character_chosen":"IRONCLAD","items_purchased":["Meat on the Bone","Ice Cream","SkillPotion"],"campfire_rested":1,"item_purchase_floors":[19,37,53],"current_hp_per_floor":[80,80,79,79,74,74,44,37,37,44,41,41,39,31,31,29,80,41,41,55,31,35,41,41,29,29,29,29,29,24,9,34,61,85,85,74,74,74,62,62,56,43,43,43,43,48,61,41,41,46,101,101,101,90,31],"gold":72,"neow_bonus":"ONE_RANDOM_RARE_CARD","is_daily":false,"chose_seed":false,"campfire_upgraded":9,"win_rate":0.0,"timestamp":1611076781,"path_taken":["M","M","M","M","M","R","E","M","T","M","?","R","E","M","R","BOSS","M","$","M","M","M","E","R","M","T","R","?","R","E","?","R","BOSS","M","?","$","M","M","R","E","M","T","?","R","?","E","M","R","BOSS","R","$","E","BOSS"],"items_purchased_type":["Relic","Relic","Potion"],"build_version":"2020-12-22","purchased_purges":2,"victory":true,"max_hp_per_floor":[80,80,80,80,80,80,80,80,80,80,80,80,80,80,80,80,80,80,80,80,80,80,80,80,80,80,80,80,80,80,85,85,85,85,85,99,99,99,99,99,99,99,99,99,99,99,101,101,101,101,101,101,101,108,108],"card_choices":[{"not_picked":["Havoc","Clothesline"],"picked":"Seeing Red","floor":1.0},{"not_picked":["Clothesline","Clash"],"picked":"Cleave","floor":2.0},{"not_picked":["Clash","Clothesline"],"picked":"Wild Strike","floor":3.0},{"not_picked":["Cleave","Heavy Blade","Burning Pact"],"picked":"SKIP","floor":4.0},{"not_picked":["Headbutt","Searing Blow"],"picked":"Twin Strike","floor":5.0},{"not_picked":["Bludgeon","Cleave"],"picked":"Flex","floor":7.0},{"not_picked":["True Grit","Warcry"],"picked":"Pummel","floor":8.0},{"not_picked":["Ghostly Armor","Headbutt"],"picked":"Shrug It Off","floor":10.0},{"not_picked":["Entrench","Disarm"],"picked":"Power Through","floor":11.0},{"not_picked":["Warcry","Perfected Strike"],"picked":"Demon Form","floor":13.0},{"not_picked":["Cleave","Sentinel"],"picked":"Body Slam","floor":14.0},{"not_picked":["Juggernaut","Demon Form"],"picked":"Offering","floor":16.0},{"not_picked":["True Grit","Flex","Thunderclap"],"picked":"SKIP","floor":18.0},{"not_picked":["Metallicize","Body Slam"],"picked":"Shrug It Off","floor":20.0},{"not_picked":["Whirlwind","Body Slam"],"picked":"Sever Soul","floor":21.0},{"not_picked":["Clash","Perfected Strike"],"picked":"Evolve","floor":22.0},{"not_picked":["Evolve","Thunderclap+1","Spot Weakness"],"picked":"SKIP","floor":23.0},{"not_picked":["Headbutt","Cleave"],"picked":"Wild Strike+1","floor":25.0},{"not_picked":["Iron Wave+1","Sentinel"],"picked":"Limit Break","floor":30.0},{"not_picked":["Reaper","Double Tap"],"picked":"Barricade","floor":33.0},{"not_picked":["Havoc","Body Slam","Bloodletting"],"picked":"SKIP","floor":35.0},{"not_picked":["Thunderclap","Flex"],"picked":"Seeing Red","floor":38.0},{"not_picked":["Hemokinesis+1","Headbutt","Thunderclap+1"],"picked":"SKIP","floor":39.0},{"not_picked":["Entrench","Combust","Spot Weakness+1"],"picked":"SKIP","floor":41.0},{"not_picked":["Barricade","Wild Strike+1"],"picked":"Dark Embrace","floor":42.0},{"not_picked":["Dark Embrace+1","Iron Wave+1","Intimidate+1"],"picked":"SKIP","floor":46.0},{"not_picked":["Cleave+1","Searing Blow+1","Headbutt+1"],"picked":"Singing Bowl","floor":47.0},{"not_picked":["Iron Wave+1","Warcry"],"picked":"Exhume","floor":48.0},{"not_picked":["Ghostly Armor","Berserk","Thunderclap+1"],"picked":"Singing Bowl","floor":54.0}],"player_experience":638975,"relics_obtained":[{"floor":7.0,"key":"Pantograph"},{"floor":9.0,"key":"Blood Vial"},{"floor":13.0,"key":"Gremlin Horn"},{"floor":23.0,"key":"Happy Flower"},{"floor":26.0,"key":"Anchor"},{"floor":30.0,"key":"Bottled Tornado"},{"floor":36.0,"key":"Mango"},{"floor":41.0,"key":"Molten Egg 2"},{"floor":47.0,"key":"Singing Bowl"},{"floor":54.0,"key":"StoneCalendar"}],"event_choices":[{"damage_healed":0.0,"max_hp_gain":0.0,"max_hp_loss":0.0,"gold_gain":0.0,"cards_transformed":["Strike_R","Defend_R"],"event_name":"Drug Dealer","player_choice":"Became Test Subject","floor":28.0,"gold_loss":0.0,"damage_taken":0.0,"cards_obtained":["Rampage","Entrench"]},{"damage_healed":0.0,"max_hp_gain":5.0,"max_hp_loss":0.0,"gold_gain":0.0,"event_name":"Forgotten Altar","player_choice":"Shed Blood","floor":31.0,"gold_loss":0.0,"damage_taken":20.0},{"damage_healed":0.0,"max_hp_gain":0.0,"max_hp_loss":0.0,"gold_gain":0.0,"event_name":"Mysterious Sphere","player_choice":"Fight","floor":36.0,"gold_loss":0.0,"damage_taken":0.0},{"cards_removed":["Strike_R"],"damage_healed":0.0,"max_hp_gain":0.0,"max_hp_loss":0.0,"gold_gain":0.0,"event_name":"Purifier","player_choice":"Purged","floor":44.0,"gold_loss":0.0,"damage_taken":0.0}],"is_beta":false,"boss_relics":[{"not_picked":["SacredBark","Coffee Dripper"],"picked":"Mark of Pain"},{"not_picked":["Astrolabe","Runic Cube"],"picked":"SlaversCollar"}],"items_purged_floors":[19,53],"is_endless":false,"potions_floor_spawned":[1,7,10,11,16,18,21,23,30,38,39,42,46,48,54],"ascension_level":2}}