{"host":"yvb207ks1sg3cxef","time":1611067413,"event":{"mods":["2.2 Compatiblity","BaseMod","Bestiary","Colored Powertips","Minty Spire (QoL Compilation)","Permanent Neow","Quick Restart","Relic Stats","StSLib"],"gold_per_floor":[118,128,139,159,159,159,159,159],"floor_reached":7,"language":"ENG","playtime":214,"items_purged":[],"score":71,"play_id":"801476ee-7049-41d3-895a-74ef8f4642e2","local_time":"20210119201333","is_ascension_mode":true,"campfire_choices":[{"data":"Vigilance","floor":6,"key":"SMITH"}],"circlet_count":0,"master_deck":["AscendersBane","Strike_P","Strike_P","Strike_P","Defend_P","Defend_P","Defend_P","Defend_P","Eruption","Vigilance+1","Tantrum","EmptyBody"],"relics":["PureWater","Dream Catcher"],"acts_visited":[],"potions_floor_usage":[4,7],"damage_taken":[{"damage":0.0,"enemies":"Cultist","floor":1.0,"turns":2.0},{"damage":7.0,"enemies":"Jaw Worm","floor":2.0,"turns":4.0},{"damage":0.0,"enemies":"2 Louse","floor":3.0,"turns":1.0},{"damage":17,"enemies":"Exordium Thugs","floor":4,"turns":2},{"damage":49,"enemies":"Gremlin Nob","floor":7,"turns":4}],"seed_played":"-4293998161739564813","potions_obtained":[{"floor":2.0,"key":"SteroidPotion"},{"floor":4,"key":"BlessingOfTheForge"}],"is_trial":false,"path_per_floor":["M","M","M","M","?","R","E"],"character_chosen":"WATCHER","items_purchased":[],"campfire_rested":0,"item_purchase_floors":[],"current_hp_per_floor":[65,58,58,41,34,34,0,0],"gold":159,"neow_bonus":"RANDOM_COMMON_RELIC","is_daily":false,"chose_seed":false,"campfire_upgraded":1,"win_rate":0.0,"timestamp":1611067413,"path_taken":["M","M","?","M","?","R","E"],"items_purchased_type":[],"build_version":"2020-12-22","purchased_purges":0,"victory":false,"max_hp_per_floor":[72,72,72,72,72,72,72,72],"relic_stats":{"Dream Catcher":0,"counters":[5,13],"obtain_stats":[{"Dream Catcher":0,"PureWater":0},{"Dream Catcher":0,"PureWater":0},{"Dream Catcher":0,"PureWater":0}]},"card_choices":[{"not_picked":["ClearTheMind","Worship","Fasting2"],"picked":"SKIP","floor":1.0},{"not_picked":["EmptyBody","Adaptation"],"picked":"Tantrum","floor":2.0},{"not_picked":["ClearTheMind","BowlingBash","ReachHeaven"],"picked":"SKIP","floor":3.0},{"not_picked":["Consecrate","CutThroughFate"],"picked":"EmptyBody","floor":4}],"player_experience":399696,"relics_obtained":[],"event_choices":[{"cards_removed":["Strike_P"],"damage_healed":0,"gold_gain":0,"player_choice":"Card Removal","damage_taken":7,"max_hp_gain":0,"max_hp_loss":0,"event_name":"Golden Wing","floor":5,"gold_loss":0}],"is_beta":false,"boss_relics":[],"items_purged_floors":[],"is_endless":false,"potions_floor_spawned":[2,4],"killed_by":"Gremlin Nob","ascension_level":13}}