{"host":"ecaj4hn004xnnrw9","time":1611081198,"event":{"mods":["AchievementEnabler","BaseMod","Better Third Choice","Card Forge","Hermit","Hubris","Infinite Spire","Jorbs\u0027s Wanderer Trilogy","Minty Spire (QoL Compilation)","Quick Restart","Relic Stats","Shop Mod","StSLib","The Construct","The Jungle","The Runesmith"],"gold_per_floor":[219,66,66,66,66,101,101,101,154,154,197,218,251,272,272,368,368,381,400,423,3,3,3,3,3,3,31,31,31,43,62,62,136,136,147,147,172,172,50,50,60,89,89,99,117,117,144,159,159,159],"floor_reached":51,"language":"ENG","playtime":2170,"items_purged":["Strike_R","Strike_R","Strike_R","Strike_R"],"score":1256,"play_id":"ee80e075-87dd-401f-ace1-4b3e9b4e4bb8","local_time":"20210119183318","is_ascension_mode":true,"campfire_choices":[{"data":"Clothesline","floor":8,"key":"SMITH"},{"data":"Bash","floor":10,"key":"SMITH"},{"data":"Inflame","floor":15,"key":"SMITH"},{"data":"Fiend Fire","floor":23,"key":"SMITH"},{"data":"Pummel","floor":25,"key":"SMITH"},{"data":"infinitespire:TheBestDefense","floor":32,"key":"SMITH"},{"data":"Demon Form","floor":40,"key":"SMITH"},{"data":"infinitespire:TheBestDefense","floor":46,"key":"SMITH"},{"data":"Feel No Pain","floor":49,"key":"SMITH"}],"circlet_count":0,"master_deck":["AscendersBane","Strike_R","Defend_R","Defend_R","Defend_R","Defend_R","Bash+1","hubris:CleavingFinish","Clothesline+1","Twin Strike","Pummel+1","Burning Pact","Inflame+1","Feed","Dark Embrace+1","infinitespire:OneForAll","Reaper","Sentinel","Fiend Fire+1","Shrug It Off","infinitespire:TheBestDefense+1","Demon Form+1","infinitespire:TheBestDefense+1","Flame Barrier+1","infinitespire:Collect","Feel No Pain+1"],"relics":["Burning Blood","Hammer of Thor","Seething Fire","Anvil of the Gods","hubris:Towel","Anchor","Bloody Idol","Akabeko","PreservedInsect","Smiling Mask","hubris:RunicObelisk","Red Skull","infinitespire:WardingShard","Runesmith:Nanobots","MealTicket","Busted Crown","Unceasing Top","hubris:ToyBattleship","hubris:TinFlute"],"acts_visited":["Exordium","TheCity","TheBeyond"],"potions_floor_usage":[16,16,30,33,42,50,50],"damage_taken":[{"damage":1,"enemies":"Cultist","floor":1,"turns":3},{"damage":24,"enemies":"Gremlin Nob","floor":6,"turns":4},{"damage":30,"enemies":"Lagavulin","floor":11,"turns":6},{"damage":0,"enemies":"2 Louse","floor":12,"turns":1},{"damage":5,"enemies":"3 Sentries","floor":13,"turns":6},{"damage":7,"enemies":"Small Slimes","floor":14,"turns":4},{"damage":49,"enemies":"Hexaghost","floor":16,"turns":10},{"damage":16,"enemies":"Chosen","floor":18,"turns":5},{"damage":14,"enemies":"2 Thieves","floor":19,"turns":4},{"damage":0,"enemies":"Centurion and Healer","floor":20,"turns":4},{"damage":9,"enemies":"Book of Stabbing","floor":27,"turns":3},{"damage":12,"enemies":"Chosen and Byrds","floor":30,"turns":5},{"damage":5,"enemies":"Snake Plant","floor":31,"turns":2},{"damage":26,"enemies":"hubris:MusketHawk","floor":33,"turns":11},{"damage":1,"enemies":"Orb Walker","floor":35,"turns":3},{"damage":0,"enemies":"Mind Bloom Boss Battle","floor":37,"turns":3},{"damage":9,"enemies":"3 Darklings","floor":41,"turns":5},{"damage":0,"enemies":"Reptomancer","floor":42,"turns":1},{"damage":11,"enemies":"4 Shapes","floor":44,"turns":6},{"damage":1,"enemies":"Jaw Worm Horde","floor":45,"turns":3},{"damage":1,"enemies":"Giant Head","floor":47,"turns":7},{"damage":0,"enemies":"3 Darklings","floor":48,"turns":4},{"damage":9,"enemies":"Donu and Deca","floor":50,"turns":12}],"seed_played":"-1318121143321682013","potions_obtained":[{"floor":11,"key":"Weak Potion"},{"floor":12,"key":"BloodPotion"},{"floor":18,"key":"Ancient Potion"},{"floor":19,"key":"construct:ShiftPotion"},{"floor":31,"key":"Explosive Potion"},{"floor":33,"key":"AttackPotion"},{"floor":42,"key":"Regen Potion"}],"is_trial":false,"path_per_floor":["M","$","?","$","?","E","?","R","T","R","E","M","E","M","R","B",null,"M","M","M","$","?","R","?","R","T","E","$","AVR","M","M","R","B",null,"M","AVR","?","?","$","R","M","E","T","M","M","R","E","M","R","B",null],"character_chosen":"IRONCLAD","items_purchased":["Clothesline","Twin Strike","Sentinel","Red Skull","Fiend Fire","Feel No Pain"],"campfire_rested":0,"item_purchase_floors":[2,2,21,21,21,39],"current_hp_per_floor":[77,77,77,77,77,59,59,59,59,59,35,41,42,41,41,12,59,49,44,53,53,53,53,53,53,53,55,55,55,57,66,66,59,82,89,89,89,66,81,81,89,89,89,92,95,95,99,102,102,106],"gold":159,"neow_bonus":"HUNDRED_GOLD","is_daily":false,"chose_seed":false,"campfire_upgraded":9,"win_rate":0.0,"timestamp":1611081198,"path_taken":["M","?","?","$","?","E","?","R","T","R","E","M","E","?","R","BOSS","M","M","M","$","?","R","?","R","T","E","?","AVR","M","M","R","BOSS","M","AVR","?","?","$","R","M","E","T","M","M","R","E","M","R","BOSS"],"items_purchased_type":["Card","Card","Card","Relic","Card","Card"],"build_version":"2020-12-22","purchased_purges":4,"victory":true,"max_hp_per_floor":[80,80,80,80,80,80,74,74,74,74,74,74,74,74,74,74,74,74,77,80,80,80,80,80,80,80,80,80,80,83,86,86,89,89,89,89,89,89,89,89,89,89,89,92,95,95,99,102,102,106],"relic_stats":{"Busted Crown":46,"counters":[23,112],"Bloody Idol":23,"MealTicket":15,"PreservedInsect":269,"Smiling Mask":125,"obtain_stats":[{"Runesmith:Nanobots":27,"Golden Idol":7,"Hammer of Thor":0,"PreservedInsect":11,"Seething Fire":0,"hubris:Towel":3,"hubris:RunicObelisk":17,"Smiling Mask":13,"Burning Blood":0,"Akabeko":9,"Anchor":6,"Busted Crown":34,"infinitespire:WardingShard":26,"Anvil of the Gods":0,"Bloody Idol":24,"MealTicket":29,"hubris:ToyBattleship":42,"Red Skull":21,"Unceasing Top":37,"hubris:TinFlute":47},{"Runesmith:Nanobots":11,"Golden Idol":2,"Hammer of Thor":0,"PreservedInsect":3,"Seething Fire":0,"hubris:Towel":1,"hubris:RunicObelisk":7,"Smiling Mask":5,"Burning Blood":0,"Akabeko":2,"Anchor":2,"Busted Crown":14,"infinitespire:WardingShard":10,"Anvil of the Gods":0,"Bloody Idol":10,"MealTicket":11,"hubris:ToyBattleship":18,"Red Skull":10,"Unceasing Top":16,"hubris:TinFlute":21},{"Runesmith:Nanobots":50,"Golden Idol":7,"Hammer of Thor":0,"PreservedInsect":13,"Seething Fire":0,"hubris:Towel":3,"hubris:RunicObelisk":34,"Smiling Mask":20,"Burning Blood":0,"Akabeko":7,"Anchor":7,"Busted Crown":68,"infinitespire:WardingShard":47,"Anvil of the Gods":0,"Bloody Idol":47,"MealTicket":50,"hubris:ToyBattleship":80,"Red Skull":47,"Unceasing Top":74,"hubris:TinFlute":96}],"Burning Blood":100,"Unceasing Top":[3]},"card_choices":[{"not_picked":["Armaments","Burning Pact"],"picked":"hubris:CleavingFinish","floor":1},{"not_picked":["Body Slam","Heavy Blade","Perfected Strike"],"picked":"SKIP","floor":6},{"not_picked":["Anger","Flex"],"picked":"Pummel","floor":11},{"not_picked":["Flex","Clothesline"],"picked":"Burning Pact","floor":12},{"not_picked":["Perfected Strike","Seeing Red","Clothesline"],"picked":"SKIP","floor":13},{"not_picked":["Pommel Strike","Twin Strike"],"picked":"Inflame","floor":14},{"not_picked":["Bludgeon","Impervious"],"picked":"Feed","floor":16},{"not_picked":["Cleave","Wild Strike"],"picked":"Dark Embrace+1","floor":18},{"not_picked":["Anger","Rampage+1"],"picked":"infinitespire:OneForAll","floor":19},{"not_picked":["Body Slam","Clothesline"],"picked":"Reaper","floor":20},{"not_picked":["Dropkick","Power Through"],"picked":"Shrug It Off","floor":27},{"not_picked":["Heavy Blade","Clothesline","Blood for Blood"],"picked":"SKIP","floor":30},{"not_picked":["Iron Wave","Fiend Fire","Anger"],"picked":"SKIP","floor":31},{"not_picked":["hubris:StunningStrike","Barricade"],"picked":"Demon Form","floor":33},{"not_picked":["Inflame+1"],"picked":"SKIP","floor":35},{"not_picked":[],"picked":"Flame Barrier+1","floor":37},{"not_picked":["hubris:Fate","hubris:InfiniteBlow+53"],"picked":"infinitespire:Collect","floor":38},{"not_picked":["Clash+1"],"picked":"SKIP","floor":41},{"not_picked":["infinitespire:OneForAll"],"picked":"SKIP","floor":42},{"not_picked":["Cleave+1"],"picked":"SKIP","floor":44},{"not_picked":["Evolve"],"picked":"SKIP","floor":45},{"not_picked":["Twin Strike+1"],"picked":"SKIP","floor":47},{"not_picked":["Perfected Strike"],"picked":"SKIP","floor":48}],"player_experience":383040,"relics_obtained":[{"floor":6,"key":"Anchor"},{"floor":9,"key":"Akabeko"},{"floor":11,"key":"PreservedInsect"},{"floor":13,"key":"Smiling Mask"},{"floor":26,"key":"infinitespire:WardingShard"},{"floor":27,"key":"Runesmith:Nanobots"},{"floor":37,"key":"Unceasing Top"},{"floor":42,"key":"hubris:ToyBattleship"},{"floor":47,"key":"hubris:TinFlute"}],"event_choices":[{"damage_healed":0,"gold_gain":0,"player_choice":"Ignored","damage_taken":66,"max_hp_gain":0,"max_hp_loss":0,"event_name":"betterThird:BetterSerpent","floor":5,"gold_loss":0},{"damage_healed":0,"gold_gain":0,"player_choice":"Lose Max HP","damage_taken":0,"relics_obtained":["Golden Idol"],"max_hp_gain":0,"max_hp_loss":6,"event_name":"Golden Idol","floor":7,"gold_loss":0},{"damage_healed":0,"gold_gain":0,"player_choice":"Gave Idol","damage_taken":0,"relics_obtained":["Bloody Idol"],"max_hp_gain":0,"max_hp_loss":0,"event_name":"Forgotten Altar","floor":24,"relics_lost":["Golden Idol"],"gold_loss":0},{"damage_healed":0,"gold_gain":0,"player_choice":"Fight","damage_taken":0,"max_hp_gain":0,"max_hp_loss":0,"event_name":"MindBloom","floor":37,"gold_loss":0}],"is_beta":false,"boss_relics":[{"not_picked":["Snecko Eye","Empty Cage"],"picked":"hubris:RunicObelisk"},{"not_picked":["hubris:CrackedHourglass","Coffee Dripper"],"picked":"Busted Crown"}],"items_purged_floors":[2,21,29,39],"is_endless":false,"potions_floor_spawned":[11,12,13,14,18,19,20,31,33,42,47,48],"ascension_level":13}}