{"host":"465m78bh87h7wxsp","time":1611072515,"event":{"mods":["ATMod(阿瑾Mod)","Act Like it!","Alarm Clock","BaseMod","Better Debug","CapriCore","Decade(王小明)","Gensokyo","GungeonMod","Hallownest","Hermit","HololiveMod","Infinite Spire","Jorbs\u0027s Wanderer Trilogy","KinomotoSakuraMod(木之本樱)","Koishi","KomeijiMod","Lobotomy","LobotomyExtend","Marisa（F雨　魔理沙）","Minty Spire (QoL Compilation)","MostiFishMod","Red Circlet Mod","Reimu（博丽灵梦）","Replay The Spire","RumiaBox-露米娅的神秘盒子","Ryuuou龙王","SOS（斯巴达之子）","Shop Mod","Spicy Shops","StSLib","TestMod","The Administrix","The Animator","The Bug Knight","The Cursed","The Hierophant","The Immortal","The Servant 0.9.4","Uncapped","Waifu the Spire","WarShipGirlsR/战舰少女R mod","Yakumo Yukari mod","Youmu（魂魄妖梦）","Yuyuko","[IsaacMod]以撒尖塔","noobMod","vexMod","【功能Mod】混沌之环修复补丁","【功能Mod】聪明的最终Boss","【遗物卡牌】REMEMod"],"gold_per_floor":[109,109,109,127,57,87,125,141,166,195,205,305,332,332,332,439,439,461,461,253,193,193,193,30,30,30,58,86,122,122,122,122,537,537,558,577,659,886,908,908,947,947,971,1007,1088,1088,1088,1137,1137,1168,1168,1168,1168,1090,1173,1200],"floor_reached":57,"language":"ZHS","playtime":2536,"items_purged":["MeatLantern"],"score":1469,"play_id":"757fb065-290d-4921-b70d-8bb0935a25b3","local_time":"20210120000835","is_ascension_mode":true,"campfire_choices":[{"floor":15,"key":"RECALL"},{"data":"Gensokyo:LittleGreenMen","floor":23,"key":"SMITH"},{"data":"Uppercut","floor":25,"key":"SMITH"},{"data":"MostiFishMod:ChineseTea","floor":32,"key":"SMITH"},{"data":"AT_ShrugMaster","floor":40,"key":"SMITH"},{"data":"Limit Break","floor":42,"key":"SMITH"},{"data":"Clothesline","floor":46,"key":"SMITH"},{"data":"MostiFishMod:ChineseTea","floor":49,"key":"SMITH"},{"data":"Heavy Blade","floor":53,"key":"SMITH"}],"circlet_count":0,"master_deck":["Strike_R","Strike_R","Strike_R","Strike_R","Strike_R","Defend_R","Defend_R+1","Defend_R","Bash","AT_FamilyPortrait+1","Cleave+1","Defend_R","FieryBird","Perfected Strike","OSAHOGD","Pommel Strike","Heavy Blade","Flex","Perfected Strike","Inflame","Wellcheers","AT_ManFootWork","MostiFishMod:ChineseTea+1","Scarecrow","Burning Pact+1","Gensokyo:LittleGreenMen+1","Uppercut+1","Gensokyo:FourOfAKind","Gensokyo:FourOfAKind","Gensokyo:FourOfAKind","Gensokyo:FourOfAKind","Whirlwind","Shrug It Off","Heavy Blade+1","Night Terror","CENSORED","Limit Break+1","Perfected Strike","Flex","AT_ShrugMaster+1","MostiFishMod:ChineseTea+1","Clothesline+1","MostiFishMod:DarkDeal"],"relics":["Burning Blood","DaveBox","ice","HushsDoor","testmod-TestBox","AT_ATBox","REME_ComplimentaryCards","testmod-Fortitude","SteamSale","CombinedTypeHook","CogitoBucket","SynthV:TestCard","LetterFromLob","Replay:Ringing Soul","Juzu Bracelet","War Paint","infinitespire:Beetle Shell","Replay:Bandana","SlaversCollar","REME_PuzzleBoxRelic","MostiFishMod:AdaptiveDefenses","Garlic","HandDrill","testmod-LifeArmor","DeadEye","testmod-DeterminationOfClimber","Bag of Preparation","Hallownest:GodTamersBeastRelic","infinitespire:WardingShard","BookOfRevelations","Bottled Lightning","testmod-OneHitWonder","Thread and Needle","ChiLing","Chi","Ling","PillsDrop"],"acts_visited":["Gensokyo:Gensokyo","Gensokyo:Gensokyoer","Hallownest:KingdomsEdge","TheEnding"],"potions_floor_usage":[4,13,28,29,56,56,56,56,56],"damage_taken":[{"damage":0,"enemies":"Gensokyo:Python","floor":1,"turns":2},{"damage":0,"enemies":"Gensokyo:3_Fairies","floor":4,"turns":3},{"damage":12,"enemies":"Gensokyo:Cirno","floor":6,"turns":5},{"damage":4,"enemies":"Gensokyo:Gryphon","floor":7,"turns":3},{"damage":7,"enemies":"Gensokyo:Gryphon","floor":8,"turns":2},{"damage":8,"enemies":"Gensokyo:Aya","floor":10,"turns":3},{"damage":61,"enemies":"Gensokyo:Kitsune","floor":11,"turns":6},{"damage":13,"enemies":"Gensokyo:Mamizou","floor":13,"turns":5},{"damage":12,"enemies":"Gensokyo:Yukari","floor":16,"turns":6},{"damage":19,"enemies":"Gensokyo:AngelMirror","floor":18,"turns":3},{"damage":4,"enemies":"Gensokyo:Chomper","floor":27,"turns":3},{"damage":66,"enemies":"Gensokyo:Swordslinger","floor":28,"turns":7},{"damage":0,"enemies":"Gensokyo:Slime_Group","floor":29,"turns":3},{"damage":12,"enemies":"Gensokyo:Eiki","floor":33,"turns":8},{"damage":16,"enemies":"Hallownest:Shield_Heavy","floor":35,"turns":3},{"damage":3,"enemies":"Hallownest:2_Littles","floor":36,"turns":3},{"damage":21,"enemies":"Hallownest:monsterPrimalAspid","floor":37,"turns":4},{"damage":6,"enemies":"Hallownest:monsterPrimalAspid","floor":38,"turns":2},{"damage":0,"enemies":"Hallownest:monsterPrimalAspid","floor":38,"turns":1},{"damage":12,"enemies":"Hallownest:monsterPrimalAspid","floor":38,"turns":2},{"damage":0,"enemies":"Hallownest:monsterPrimalAspid","floor":38,"turns":2},{"damage":6,"enemies":"Hallownest:2_Soldiers_and_1_Guardian","floor":39,"turns":2},{"damage":17,"enemies":"Hallownest:eliteCollector","floor":41,"turns":3},{"damage":0,"enemies":"Hallownest:Shield_Sturdy","floor":44,"turns":2},{"damage":0,"enemies":"Hallownest:StalkingDevout","floor":48,"turns":2},{"damage":28,"enemies":"Hallownest:BossHollowKnight","floor":50,"turns":4},{"damage":9,"enemies":"Shield and Spear","floor":55,"turns":3},{"damage":4,"enemies":"The Heart","floor":56,"turns":4}],"seed_played":"2665279492562066083","potions_obtained":[{"floor":4,"key":"testmod-SpacePotion"},{"floor":6,"key":"Dexterity Potion"},{"floor":10,"key":"DemoMod:LeadSkinPotion"},{"floor":11,"key":"infinitespire:BlackPotion"},{"floor":13,"key":"CalmPotion"},{"floor":27,"key":"DemoMod:LeadSkinPotion"},{"floor":33,"key":"Dexterity Potion"},{"floor":35,"key":"GrandPatriotsElixir:ReiMu"},{"floor":55,"key":"Block Potion"}],"is_trial":false,"path_per_floor":["M","T","?","M","?","E","?","M","T","E","M","?","E","M","R","B",null,"M","?","$","COS","?","R","$","R","T","M","M","M","?","?","R","B",null,"M","M","M","?","M","R","E","R","T","M","T","R","?","E","R","B",null,null,"R","$","E","B",null],"character_chosen":"IRONCLAD","items_purchased":["REME_PuzzleBoxRelic","MostiFishMod:AdaptiveDefenses","Uppercut","Garlic","HandDrill","testmod-LifeArmor","ChiLing"],"campfire_rested":0,"item_purchase_floors":[20,20,20,24,24,24,54],"current_hp_per_floor":[80,80,80,80,80,77,82,84,84,85,33,18,23,23,23,23,101,94,97,100,103,76,76,79,79,79,82,31,57,52,52,52,65,94,96,97,91,100,103,103,102,102,102,109,109,109,94,109,109,98,98,109,109,109,112,112],"gold":1200,"neow_bonus":"","is_daily":false,"chose_seed":false,"campfire_upgraded":8,"win_rate":0.0,"timestamp":1611072515,"path_taken":["M","?","?","M","?","E","?","M","T","E","M","?","E","M","R","BOSS","M","?","?","COS","?","R","$","R","T","M","M","M","?","?","R","BOSS","M","M","M","?","M","R","E","R","T","M","?","R","?","E","R","BOSS","R","$","E","BOSS"],"items_purchased_type":["Relic","Relic","Card","Relic","Relic","Relic","Relic"],"build_version":"2020-12-22","purchased_purges":1,"victory":true,"max_hp_per_floor":[80,80,80,80,80,83,86,89,89,92,95,95,98,98,98,101,101,104,97,100,103,76,76,79,79,79,82,85,88,91,91,91,94,94,97,97,100,100,103,103,106,106,106,109,109,109,109,109,109,109,109,109,109,109,112,112],"card_choices":[{"not_picked":["FairyFestival","ShyLook","RedShoes"],"picked":"Singing Bowl","floor":1},{"not_picked":["Demon Form","Massacre"],"picked":"Cleave","floor":1},{"not_picked":["WallGazer","Funeral"],"picked":"FieryBird","floor":4},{"not_picked":["Dropkick","AT_BodySlamDance","Rupture","Defy Death"],"picked":"Perfected Strike","floor":4},{"not_picked":["Murderer","LittleHelper","WallGazer"],"picked":"Singing Bowl","floor":6},{"not_picked":["Wellcheers","CrumblingArmor"],"picked":"OSAHOGD","floor":6},{"not_picked":["Shrug It Off","ReplayTheSpireMod:Strike From Hell","Perfected Strike","AT_IchimonjiDouble"],"picked":"Pommel Strike","floor":6},{"not_picked":["SnowQueen","SpiderBud","Woodsman"],"picked":"Singing Bowl","floor":7},{"not_picked":["ReplayTheSpireMod:Strike From Hell","Rupture","Flex","AT_GerminateFire"],"picked":"Heavy Blade","floor":7},{"not_picked":["PunishingBird","UniverseFragment","FairyFestival"],"picked":"Singing Bowl","floor":8},{"not_picked":["Rampage","Armaments","True Grit","Cleave"],"picked":"Flex","floor":8},{"not_picked":["CherryBlossoms","FairyFestival","Scorched"],"picked":"Singing Bowl","floor":10},{"not_picked":["DemoMod:WhiteBlade","Clothesline","AT_IchimonjiDouble","Second Wind"],"picked":"Perfected Strike","floor":10},{"not_picked":["BlackSwan","PunishingBird","Scorched"],"picked":"Singing Bowl","floor":11},{"not_picked":["DemoMod:WhiteBlade","REME_Cut","Flex","Dark Embrace"],"picked":"Inflame","floor":11},{"not_picked":["BigBird","CrumblingArmor","MeatLantern"],"picked":"Singing Bowl","floor":13},{"not_picked":["BeautyBeast","Freischutz"],"picked":"Wellcheers","floor":13},{"not_picked":["Run Through","AT_BodySlamDance","Searing Blow","MostiFishMod:404NotFound"],"picked":"AT_ManFootWork","floor":13},{"not_picked":["MHz","NakedNest","Murderer"],"picked":"Singing Bowl","floor":16},{"not_picked":["LongBird","Yin"],"picked":"MeatLantern","floor":16},{"not_picked":["Double Tap","MostiFishMod:WingOfPhoenix","Demonic Infusion","REME_TheLastStrike"],"picked":"MostiFishMod:ChineseTea","floor":16},{"not_picked":["QueenBee","PunishingBird","LaLuna"],"picked":"Singing Bowl","floor":18},{"not_picked":["BeautyBeast","FairyFestival"],"picked":"Scarecrow","floor":18},{"not_picked":["Cleave","MostiFishMod:#F4004","AT_DrawKnifeCut","Entrench"],"picked":"Burning Pact+1","floor":18},{"not_picked":["Gensokyo:Kunekune","Gensokyo:LochNessMonster","Gensokyo:TekeTeke","Gensokyo:Doppelganger"],"picked":"Gensokyo:LittleGreenMen","floor":19},{"not_picked":["DreamingCurrent","Freischutz","NakedNest"],"picked":"Singing Bowl","floor":27},{"not_picked":["Shrug It Off","Clash","AT_BodySlamDance","Blood for Blood"],"picked":"Whirlwind","floor":27},{"not_picked":["Murderer","WhitesApple","FairyFestival"],"picked":"Singing Bowl","floor":28},{"not_picked":["SnowQueen","ShyLook"],"picked":"DespairKnight","floor":28},{"not_picked":["Anger","Thunderclap","Cleave","Feel No Pain"],"picked":"Shrug It Off","floor":28},{"not_picked":["Murderer","UniverseFragment","Scorched"],"picked":"Singing Bowl","floor":29},{"not_picked":["Body Slam","Blood for Blood","AT_ManFootWork+1","REME_Scribble+1"],"picked":"Heavy Blade","floor":29},{"not_picked":["BodiesMountain","DreamingCurrent","GreedKing"],"picked":"Singing Bowl","floor":33},{"not_picked":["LongBird","Scorched"],"picked":"CENSORED","floor":33},{"not_picked":["MostiFishMod:OrdinaryWorld","MostiFishMod:Chiaki","Eclipse","MostiFishMod:ChineseTea"],"picked":"Limit Break","floor":33},{"not_picked":["Funeral","Porccubus","SnowQueen"],"picked":"Singing Bowl","floor":35},{"not_picked":["REME_FearOfPain+1","Heavy Blade+1","Anger","Sword Boomerang"],"picked":"Perfected Strike","floor":35},{"not_picked":["Murderer","BlackArmy","MHz"],"picked":"Singing Bowl","floor":36},{"not_picked":["Abandon+1","Warcry","Anger","Sword Boomerang+1","Thunderclap+1"],"picked":"SKIP","floor":36},{"not_picked":["ShyLook","Murderer","RedShoes"],"picked":"Singing Bowl","floor":37},{"not_picked":["Thunderclap+1","True Grit","Anger","Pommel Strike+1"],"picked":"Flex","floor":37},{"not_picked":["Sever Soul","Blood for Blood+1","AT_IchimonjiDouble","AT_DrawKnifeCut+1"],"picked":"AT_ShrugMaster","floor":39},{"not_picked":["BlackSwan","LittlePrince","SnowQueen"],"picked":"Singing Bowl","floor":41},{"not_picked":["Metallicize+1","Inflame+1","ReplayTheSpireMod:LeadingStrike","MostiFishMod:KnuckleDown"],"picked":"MostiFishMod:ChineseTea","floor":41},{"not_picked":["MeltingLove","WhitesApple","BlueStar"],"picked":"Singing Bowl","floor":44},{"not_picked":["Flex","Massacre","REME_Scribble+1","True Grit+1"],"picked":"Clothesline","floor":44},{"not_picked":["BlackSwan","CherryBlossoms","BlueStar"],"picked":"Singing Bowl","floor":48},{"not_picked":["REME_SingleHolding+1","Second Wind+1","AT_BodySlamDance+1","ReplayTheSpireMod:Strike From Hell","AT_ManFootWork"],"picked":"SKIP","floor":48},{"not_picked":["Perfected Strike","ReplayTheSpireMod:Stacked+1","Flex","MostiFishMod:#F4004+1"],"picked":"MostiFishMod:DarkDeal","floor":55}],"player_experience":15852,"relics_obtained":[{"floor":1,"key":"SynthV:TestCard"},{"floor":1,"key":"LetterFromLob"},{"floor":6,"key":"Replay:Ringing Soul"},{"floor":7,"key":"DemoMod:WeirdEgg"},{"floor":9,"key":"War Paint"},{"floor":10,"key":"infinitespire:Beetle Shell"},{"floor":13,"key":"Replay:Bandana"},{"floor":26,"key":"DeadEye"},{"floor":41,"key":"infinitespire:WardingShard"},{"floor":43,"key":"BookOfRevelations"},{"floor":45,"key":"Bottled Lightning"},{"floor":48,"key":"Thread and Needle"},{"floor":55,"key":"PillsDrop"}],"event_choices":[],"is_beta":false,"boss_relics":[{"not_picked":["Tiny House","REME_DemonsWealth"],"picked":"SlaversCollar"},{"not_picked":[]},{"not_picked":["Calling Bell","testmod-Prudence"],"picked":"testmod-DeterminationOfClimber"},{"not_picked":[]}],"items_purged_floors":[20],"is_endless":false,"potions_floor_spawned":[4,6,10,11,13,27,33,35,38,38,38,48,55],"ascension_level":1}}