{"host":"6svvh3ubww6quchd","time":1611016451,"event":{"mods":["AchievementEnabler","BaseMod","Downfall","Highlight Path","Minty Spire (QoL Compilation)","Rare Cards Sparkle","Relic Stats","StSLib"],"gold_per_floor":[99,110,124,124,124,72,98,113,263,263,276,287,297,62,82,82,82,82],"floor_reached":16,"language":"ENG","playtime":1159,"items_purged":[],"score":94,"play_id":"b9f63069-9125-4664-9c0f-363ba7cdd201","local_time":"20210118193411","is_ascension_mode":false,"campfire_choices":[{"data":"champ:Execute","floor":1,"key":"SMITH"}],"circlet_count":0,"master_deck":["champ:Strike+1","champ:Strike","champ:Strike","champ:Strike+1","champ:Defend+1","champ:Defend","champ:Defend","champ:Defend","champ:Execute+1","champ:Taunt","champ:RisingSlash","champ:FaceSlap","champ:ShieldThrow","champ:ShieldWall","champ:RecklessLeap","downfall:Icky","champ:RapidStrikes","champ:EnragedBash","champ:StrikeOfGenius"],"relics":["champ:ChampionCrown","Blood Vial","Orichalcum","ClockworkSouvenir"],"acts_visited":["Exordium"],"potions_floor_usage":[16,16],"damage_taken":[{"damage":13,"enemies":"2 Louse","floor":2,"turns":3},{"damage":20,"enemies":"Small Slimes","floor":3,"turns":3},{"damage":20,"enemies":"downfall:FleeingMerchant","floor":6,"turns":4},{"damage":8,"enemies":"Jaw Worm","floor":8,"turns":3},{"damage":16,"enemies":"2 Fungi Beasts","floor":11,"turns":4},{"damage":22,"enemies":"Large Slime","floor":12,"turns":5},{"damage":27,"enemies":"Exordium Wildlife","floor":13,"turns":5},{"damage":15,"enemies":"downfall:FleeingMerchant","floor":14,"turns":4},{"damage":26,"enemies":"3 Louse","floor":15,"turns":3},{"damage":63,"enemies":"IC_STATUS_ARCHETYPE","floor":16,"turns":8}],"seed_played":"-4447622991184009561","potions_obtained":[{"floor":8,"key":"DuplicationPotion"},{"floor":11,"key":"champ:UltimateStancePotion"},{"floor":12,"key":"AttackPotion"}],"is_trial":false,"path_per_floor":["R","M","M","?","?","$","T","M","?","?","M","M","M","$","M","B"],"character_chosen":"THE_CHAMP","items_purchased":["champ:ShieldWall","champ:EnragedBash","ClockworkSouvenir"],"campfire_rested":0,"item_purchase_floors":[6,14,14],"current_hp_per_floor":[99,96,96,96,96,96,96,90,90,87,88,78,63,60,56,0,0,0],"gold":82,"neow_bonus":"TEN_PERCENT_HP_BONUS","is_daily":false,"chose_seed":false,"campfire_upgraded":1,"win_rate":0.0,"timestamp":1611016451,"path_taken":["R","M","M","?","?","?","T","M","?","?","M","?","M","$","M","BOSS"],"items_purchased_type":["Card","Card","Relic"],"build_version":"2020-12-22","purchased_purges":0,"victory":false,"max_hp_per_floor":[99,99,99,99,99,99,99,99,99,99,99,99,99,99,99,99,99,99],"relic_stats":{"Blood Vial":14,"counters":[10,42],"Orichalcum":[54],"obtain_stats":[{"Blood Vial":7,"champ:ChampionCrown":0,"Orichalcum":10,"ClockworkSouvenir":14},{"Blood Vial":3,"champ:ChampionCrown":0,"Orichalcum":4,"ClockworkSouvenir":8},{"Blood Vial":10,"champ:ChampionCrown":0,"Orichalcum":13,"ClockworkSouvenir":31}]},"card_choices":[{"not_picked":["champ:Circumvent","champ:ShieldSlam"],"picked":"champ:RisingSlash","floor":2},{"not_picked":["champ:FocusedBerserking","champ:DefensiveShout"],"picked":"champ:FaceSlap","floor":3},{"not_picked":["champ:FanOfKnives","champ:FaceSlap"],"picked":"champ:ShieldThrow","floor":6},{"not_picked":["champ:Backstep","champ:Shatter"],"picked":"champ:RecklessLeap","floor":8},{"not_picked":["champ:GutPunch","champ:FalseCounter","champ:FaceSlap"],"picked":"SKIP","floor":11},{"not_picked":["champ:FalseCounter","champ:BerserkersShout","champ:PerfectedStrike"],"picked":"SKIP","floor":12},{"not_picked":["champ:CheapShot","champ:DefensiveShout"],"picked":"champ:RapidStrikes","floor":13},{"not_picked":["champ:Circumvent","champ:EnragedBash","champ:PreemptiveStrike"],"picked":"SKIP","floor":14},{"not_picked":["champ:CalledShot","champ:BerserkersShout"],"picked":"champ:StrikeOfGenius","floor":15}],"player_experience":177365,"relics_obtained":[{"floor":7,"key":"Blood Vial"}],"event_choices":[{"cards_removed":["downfall:Malfunctioning"],"damage_healed":0,"gold_gain":0,"player_choice":"Forget","damage_taken":0,"max_hp_gain":0,"max_hp_loss":0,"event_name":"Living Wall","floor":5,"gold_loss":0},{"damage_healed":0,"gold_gain":0,"player_choice":"Success","damage_taken":3,"relics_obtained":["Orichalcum"],"max_hp_gain":0,"max_hp_loss":0,"event_name":"Scrap Ooze","floor":10,"gold_loss":0}],"is_beta":false,"boss_relics":[],"items_purged_floors":[],"is_endless":false,"potions_floor_spawned":[8,11,12],"killed_by":"IC_STATUS_ARCHETYPE","ascension_level":0}}