{"host":"sdjng9zhqonqi3uc","time":1611073216,"event":{"mods":["2.2 Compatiblity","AchievementEnabler","BaseMod","Better Third Choice","BetterRewards","Colored Powertips","Downfall","Hero for Fun","Minty Spire (QoL Compilation)","Quick Restart","Shop Mod","Spicy Shops","StSLib","Td1madao Mod","The Animator","The Cursed","The Servant 0.9.4"],"gold_per_floor":[99,118,173,13,27,202,275,294,323,33,47,47,47,47,47],"floor_reached":13,"language":"ENG","playtime":866,"items_purged":["Doubt"],"score":73,"play_id":"81bc8d6b-b608-4b67-a176-06a55a684139","local_time":"20210119172016","is_ascension_mode":false,"campfire_choices":[{"data":"champ:Taunt","floor":1,"key":"SMITH"}],"circlet_count":0,"master_deck":["champ:Strike","champ:Strike","champ:Strike","champ:Strike","champ:Defend","champ:Defend","champ:Defend","champ:Defend","champ:Execute","champ:Taunt+1","champ:FanOfKnives","champ:GladiatorStyle","champ:StrikeOfGenius","champ:BringItOn+1","champ:CrookedStrike+1","champ:Backstep+1","champ:HoldFirm","champ:ShieldWall+1","Pain","champ:HeartStrike+1","downfall:Malfunctioning"],"relics":["champ:ChampionCrown","Mummified Hand","Bronze Scales","Frozen Egg 2","Odd Mushroom","Molten Egg 2"],"acts_visited":["Exordium"],"potions_floor_usage":[3,9],"damage_taken":[{"damage":23,"enemies":"Cultist","floor":2,"turns":5},{"damage":79,"enemies":"Lagavulin Event","floor":3,"turns":8},{"damage":10,"enemies":"downfall:FleeingMerchant","floor":4,"turns":4},{"damage":10,"enemies":"Small Slimes","floor":5,"turns":3},{"damage":10,"enemies":"2 Louse","floor":8,"turns":2},{"damage":33,"enemies":"The Mushroom Lair","floor":9,"turns":3},{"damage":10,"enemies":"downfall:FleeingMerchant","floor":10,"turns":4},{"damage":17,"enemies":"Exordium Wildlife","floor":11,"turns":4},{"damage":13,"enemies":"3 Sentries","floor":13,"turns":2}],"seed_played":"-7788942870352838758","potions_obtained":[{"floor":2,"key":"PowerPotion"},{"floor":3,"key":"DuplicationPotion"},{"floor":8,"key":"FearPotion"}],"is_trial":false,"path_per_floor":["R","M","?","$","M","?","T","M","?","$","M","?","E"],"character_chosen":"THE_CHAMP","items_purchased":["Bronze Scales","champ:ShieldWall+1","Molten Egg 2"],"campfire_rested":0,"item_purchase_floors":[4,10,10],"current_hp_per_floor":[99,86,42,42,42,42,42,42,29,19,12,12,0,0,0],"gold":47,"neow_bonus":"TEN_PERCENT_HP_BONUS","is_daily":false,"chose_seed":false,"campfire_upgraded":1,"win_rate":0.0,"timestamp":1611073216,"path_taken":["R","M","?","$","M","?","T","M","?","$","?","?","E"],"items_purchased_type":["Relic","Card","Relic"],"build_version":"2020-12-22","purchased_purges":1,"victory":false,"max_hp_per_floor":[99,99,99,99,99,99,99,99,99,99,99,99,99,99,99],"card_choices":[{"not_picked":["champ:Lariat","champ:Shatter"],"picked":"champ:FanOfKnives","floor":2},{"not_picked":["champ:FaceSlap","champ:Haymaker"],"picked":"champ:GladiatorStyle","floor":3},{"not_picked":["champ:HeavySlash","champ:DeathBlow"],"picked":"champ:StrikeOfGenius","floor":4},{"not_picked":["champ:FanOfKnives","champ:BladeFlurry"],"picked":"champ:BringItOn","floor":5},{"not_picked":["champ:CrownThrow","champ:FocusedDefense"],"picked":"champ:CrookedStrike","floor":8},{"not_picked":["champ:EnGarde","champ:EndlessRage+1"],"picked":"champ:Backstep","floor":9},{"not_picked":["champ:FanOfKnives","champ:Haymaker"],"picked":"champ:HoldFirm","floor":10},{"not_picked":["champ:PerfectedStrike+1","champ:BladeFlurry+1"],"picked":"champ:HeartStrike+1","floor":11}],"player_experience":335824,"relics_obtained":[{"floor":7,"key":"Frozen Egg 2"},{"floor":9,"key":"Odd Mushroom"}],"event_choices":[{"damage_healed":0,"gold_gain":0,"player_choice":"Fought Mushrooms","damage_taken":0,"max_hp_gain":0,"max_hp_loss":0,"event_name":"Mushrooms","floor":9,"gold_loss":0}],"is_beta":false,"boss_relics":[],"items_purged_floors":[10],"is_endless":false,"potions_floor_spawned":[2,3,8],"killed_by":"3 Sentries","ascension_level":0}}