{"host":"l4he167voxkef95j","time":1611058081,"event":{"mods":["BaseMod","Infinite Spire","Minty Spire (QoL Compilation)","Rare Cards Sparkle","StSLib"],"gold_per_floor":[118,135,155,166,16,16,50,64,91,104,159,171,217,292,292,396,396,408,408,422,124,124,139,139,151,174,174,186,204,204,233,233,332,332,332,6,33,33,33],"floor_reached":38,"language":"RUS","playtime":1346,"items_purged":[],"score":506,"play_id":"ad2003f9-91de-4c3a-82e0-25d77dfb86b1","local_time":"20210119160801","is_ascension_mode":false,"campfire_choices":[{"data":"Immolate","floor":6.0,"key":"SMITH"},{"data":"Armaments","floor":15.0,"key":"SMITH"},{"floor":27.0,"key":"REST"},{"floor":32.0,"key":"REST"},{"data":"infinitespire:DeathsTouch","floor":35,"key":"SMITH"}],"circlet_count":0,"master_deck":["Defend_R","Defend_R","Defend_R","Defend_R","Bash","Pommel Strike","Exhume","Anger","Twin Strike","Spot Weakness","Iron Wave","Immolate+1","Headbutt","Perfected Strike","Armaments+1","Inflame","Intimidate","Sword Boomerang","Feed","Blood for Blood","infinitespire:DeathsTouch+1","infinitespire:TheBestDefense","infinitespire:UltimateForm","CurseOfTheBell","Bite","Bite","Bite","Bite","Bite","Cleave+1","FlyingSleeves","ClearTheMind+1","PanicButton+1","Bloodletting","Tantrum","Blade Dance","Limit Break","Forethought","Quick Slash"],"relics":["Burning Blood","Dream Catcher","Orrery","Boot","Red Skull","SlaversCollar","Strange Spoon","Calling Bell","Toy Ornithopter","Pear","Gambling Chip","Orichalcum","PrismaticShard","Happy Flower","infinitespire:Beetle Shell","Runic Cube","HandDrill","Pen Nib"],"acts_visited":["Exordium","TheCity","TheEnding"],"potions_floor_usage":[33,33,38,38,38],"damage_taken":[{"damage":11.0,"enemies":"Jaw Worm","floor":1.0,"turns":4.0},{"damage":7.0,"enemies":"2 Louse","floor":2.0,"turns":4.0},{"damage":1.0,"enemies":"Cultist","floor":3.0,"turns":3.0},{"damage":0.0,"enemies":"2 Fungi Beasts","floor":4.0,"turns":2.0},{"damage":31.0,"enemies":"Lagavulin","floor":7.0,"turns":4.0},{"damage":0.0,"enemies":"Large Slime","floor":8.0,"turns":4.0},{"damage":5.0,"enemies":"Exordium Thugs","floor":10.0,"turns":2.0},{"damage":0.0,"enemies":"2 Fungi Beasts","floor":12.0,"turns":1.0},{"damage":0.0,"enemies":"Gremlin Nob","floor":13.0,"turns":3.0},{"damage":57.0,"enemies":"The Guardian","floor":16.0,"turns":9.0},{"damage":15.0,"enemies":"Chosen","floor":18.0,"turns":4.0},{"damage":30.0,"enemies":"2 Thieves","floor":20.0,"turns":3.0},{"damage":17.0,"enemies":"Snecko","floor":23.0,"turns":5.0},{"damage":0.0,"enemies":"Snake Plant","floor":25.0,"turns":3.0},{"damage":45.0,"enemies":"Shelled Parasite and Fungi","floor":28.0,"turns":4.0},{"damage":32.0,"enemies":"Snecko","floor":29.0,"turns":6.0},{"damage":39.0,"enemies":"Nightmare","floor":31.0,"turns":5.0},{"damage":86,"enemies":"Automaton","floor":33,"turns":16},{"damage":90,"enemies":"Shield and Spear","floor":37,"turns":9},{"damage":61,"enemies":"The Heart","floor":38,"turns":2}],"seed_played":"-2450370791129804400","potions_obtained":[{"floor":1.0,"key":"Regen Potion"},{"floor":2.0,"key":"Energy Potion"},{"floor":3.0,"key":"Explosive Potion"},{"floor":10.0,"key":"ColorlessPotion"},{"floor":23.0,"key":"Ancient Potion"},{"floor":31.0,"key":"FearPotion"},{"floor":33,"key":"Fire Potion"}],"is_trial":false,"path_per_floor":["M","M","M","M","$","R","E","M","T","M","?","M","E","?","R","B",null,"M","AVR","M","$","?","M","?","M","T","R","M","M","?","NM","R","B",null,"R","$","E","B"],"character_chosen":"IRONCLAD","items_purchased":["Orrery","Orichalcum","PrismaticShard","HandDrill","Forethought","Dexterity Potion","BlessingOfTheForge"],"campfire_rested":2,"item_purchase_floors":[5,21,21,36,36,36,36],"current_hp_per_floor":[75,74,79,80,80,80,55,63,63,66,66,74,80,72,72,23,80,71,81,59,59,59,58,40,48,48,76,44,45,76,45,73,13,95,95,95,24,0,0],"gold":33,"neow_bonus":"RANDOM_COMMON_RELIC","is_daily":false,"chose_seed":false,"campfire_upgraded":3,"win_rate":0.0,"timestamp":1611058081,"path_taken":["M","M","M","M","$","R","E","M","T","M","?","M","E","?","R","BOSS","M","AVR","M","$","?","M","?","M","T","R","M","M","?","NM","R","BOSS","R","$","E","BOSS"],"items_purchased_type":["Relic","Relic","Relic","Relic","Card","Potion","Potion"],"build_version":"2020-12-22","purchased_purges":0,"victory":false,"max_hp_per_floor":[80,80,80,80,80,80,80,80,80,80,80,80,80,80,80,80,80,80,90,90,90,90,90,95,95,95,95,95,95,95,95,95,95,95,95,95,98,98,98],"card_choices":[{"not_picked":["Second Wind","Shrug It Off"],"picked":"Pommel Strike","floor":1.0},{"not_picked":["Warcry","Iron Wave"],"picked":"Exhume","floor":2.0},{"not_picked":["Havoc","Disarm"],"picked":"Anger","floor":3.0},{"not_picked":["Sword Boomerang","Pommel Strike"],"picked":"Twin Strike","floor":4.0},{"not_picked":["Flame Barrier","Warcry"],"picked":"Spot Weakness","floor":5.0},{"not_picked":["Clash","Dual Wield"],"picked":"Iron Wave","floor":5.0},{"not_picked":["Headbutt","Heavy Blade"],"picked":"Immolate","floor":5.0},{"not_picked":["Rage","Clothesline"],"picked":"Headbutt","floor":5.0},{"not_picked":["Twin Strike","Havoc"],"picked":"Perfected Strike","floor":5.0},{"not_picked":["Sword Boomerang","Power Through"],"picked":"Armaments","floor":7.0},{"not_picked":["Carnage","Armaments"],"picked":"Inflame","floor":8.0},{"not_picked":["Battle Trance","Iron Wave"],"picked":"Intimidate","floor":10.0},{"not_picked":["Fire Breathing","True Grit","Clash"],"picked":"SKIP","floor":12.0},{"not_picked":["Reckless Charge","Body Slam"],"picked":"Sword Boomerang","floor":13.0},{"not_picked":["Reaper","Limit Break"],"picked":"Feed","floor":16.0},{"not_picked":["Body Slam","Ghostly Armor+1"],"picked":"Blood for Blood","floor":18.0},{"not_picked":["Clash","Iron Wave","Spot Weakness"],"picked":"SKIP","floor":20.0},{"not_picked":["Poisoned Stab+1","Wallop"],"picked":"Cleave+1","floor":23.0},{"not_picked":["Genetic Algorithm","JustLucky"],"picked":"FlyingSleeves","floor":25.0},{"not_picked":["Redo","Endless Agony"],"picked":"ClearTheMind+1","floor":27.0},{"not_picked":["Redo+1","LikeWater"],"picked":"PanicButton+1","floor":28.0},{"not_picked":["Reflex","Purity"],"picked":"Bloodletting","floor":29.0},{"not_picked":["Infinite Blades","Collect"],"picked":"Tantrum","floor":31.0},{"not_picked":["Warcry","Rage+1"],"picked":"Blade Dance","floor":32.0},{"not_picked":["Immolate","Secret Technique"],"picked":"Limit Break","floor":33},{"not_picked":["Defragment+1","Warcry+1"],"picked":"Quick Slash","floor":37}],"player_experience":185987,"relics_obtained":[{"floor":7.0,"key":"Blood Vial"},{"floor":9.0,"key":"Boot"},{"floor":13.0,"key":"Red Skull"},{"floor":19.0,"key":"Toy Ornithopter"},{"floor":19.0,"key":"Pear"},{"floor":19.0,"key":"Gambling Chip"},{"floor":26.0,"key":"Happy Flower"},{"floor":31.0,"key":"infinitespire:Beetle Shell"},{"floor":37,"key":"Pen Nib"}],"event_choices":[{"damage_healed":0.0,"max_hp_gain":0.0,"max_hp_loss":0.0,"gold_gain":55.0,"event_name":"Golden Wing","player_choice":"Gained Gold","floor":11.0,"gold_loss":0.0,"damage_taken":0.0},{"damage_healed":0.0,"max_hp_gain":0.0,"max_hp_loss":0.0,"gold_gain":75.0,"event_name":"FaceTrader","player_choice":"Touch","floor":14.0,"gold_loss":0.0,"damage_taken":8.0},{"damage_healed":0.0,"max_hp_gain":0.0,"max_hp_loss":0.0,"gold_gain":0.0,"event_name":"Vampires","player_choice":"Became a vampire (Vial)","floor":22.0,"relics_lost":["Blood Vial"],"gold_loss":0.0,"damage_taken":0.0,"cards_obtained":["Bite","Bite","Bite","Bite","Bite"]},{"damage_healed":0.0,"max_hp_gain":5.0,"max_hp_loss":0.0,"gold_gain":0.0,"event_name":"Forgotten Altar","player_choice":"Shed Blood","floor":24.0,"gold_loss":0.0,"damage_taken":23.0},{"damage_healed":31.0,"max_hp_gain":0.0,"max_hp_loss":0.0,"gold_gain":0.0,"event_name":"The Library","player_choice":"Heal","floor":30.0,"gold_loss":0.0,"damage_taken":0.0}],"is_beta":false,"boss_relics":[{"not_picked":["Coffee Dripper","Runic Dome"],"picked":"SlaversCollar"},{"not_picked":["Velvet Choker","Empty Cage"],"picked":"Runic Cube"}],"items_purged_floors":[],"is_endless":true,"potions_floor_spawned":[1,2,3,10,23,31,33],"killed_by":"The Heart","ascension_level":0}}