{"host":"9eojso4kl4lidi9b","time":1611044465,"event":{"mods":["BaseMod","Beaked The Cultist","Better Skull","Colored Map","Colored Powertips","Conspire","Downfall","GifTheSpireLib","Minty Spire (QoL Compilation)","Random Character Button","Relic Sorter","Small Relic Pack","StSLib","Stuff the Spire","The Blackbeard","The Druid","The Factory","The Judge","The Necromancer","The Poker Player","The Wild Card","Trackpad","Unceasing Turn Reminder","Yuri Mod"],"gold_per_floor":[114,188,188,140,155,155,165,165,190,190,90,120,135,150,150,250,250,265,265,280,280,280,280,295,295,320,36,66,81,81,111,111,211,211,226,241,241,10,25,25,25,25],"floor_reached":40,"language":"ENG","playtime":1658,"items_purged":[],"score":422,"play_id":"bcaf5184-9f15-4a98-af6d-340c985a26e6","local_time":"20210119022105","daily_mods":["SealedDeck","ControlledChaos","Lethality"],"is_ascension_mode":false,"campfire_choices":[{"data":"Guardian:WalkerClaw","floor":6,"key":"SMITH"},{"data":"Guardian:SentryBeam","floor":8,"key":"SMITH"},{"data":"Guardian:ChargeCore","floor":10,"key":"SMITH"},{"floor":15,"key":"REST"},{"data":"Ghostly","floor":23,"key":"SMITH"},{"floor":25,"key":"REST"},{"floor":30,"key":"REST"},{"floor":32,"key":"REST"}],"circlet_count":0,"master_deck":["Guardian:SentryBeam+1","Guardian:GuardianWhirl","Guardian:Orbwalk","Guardian:WalkerClaw+1","Guardian:RollAttack","Guardian:SentryBeam","Guardian:ChargeCore+1","Guardian:WalkerClaw","Guardian:Recover","Guardian:SentryBeam","Ghostly+1","Guardian:BaubleBeam","Guardian:DonusPower","Guardian:RevengeProtocol","Slimebound:Tackle+1","Slimebound:Tackle+1","Slimebound:Tackle+1","Guardian:BronzeArmor","downfall:Bewildered","Guardian:ShieldCharger","Guardian:Repulse","Guardian:CrystalBeam","Guardian:Planning","Guardian:VentSteam+1","Guardian:StasisEngine","Guardian:Gem_Red","Guardian:PrimingBeam","Madness","Madness","Guardian:Gem_Crimson","Guardian:Gem_Red"],"relics":["Guardian:ModeShifter","Frozen Eye","bronze:BronzeIdol","trackpad:Compendium","StuffTheSpire:Barrel","bronze:MakeshiftBattery","sneckomod:BabySnecko","MealTicket","Slimebound:PreparedRelic","Darkstone Periapt","Ginger","Guardian:StasisSlotReductionRelic","sneckomod:BlankCard"],"acts_visited":["Exordium","TheCity","TheBeyond"],"potions_floor_usage":[16,16,16,20,28,35],"damage_taken":[{"damage":4,"enemies":"conspire:RoseBush","floor":1,"turns":1},{"damage":0,"enemies":"Jaw Worm","floor":5,"turns":1},{"damage":7,"enemies":"conspire:MimicChest","floor":7,"turns":3},{"damage":12,"enemies":"3 Sentries","floor":12,"turns":4},{"damage":0,"enemies":"Small Slimes","floor":13,"turns":1},{"damage":0,"enemies":"2 Fungi Beasts","floor":14,"turns":2},{"damage":29,"enemies":"Hexaghost","floor":16,"turns":4},{"damage":1,"enemies":"Spheric Guardian","floor":18,"turns":3},{"damage":15,"enemies":"2 Thieves","floor":20,"turns":3},{"damage":19,"enemies":"Snecko","floor":24,"turns":4},{"damage":26,"enemies":"Slavers","floor":28,"turns":3},{"damage":13,"enemies":"conspire:HollyBat","floor":29,"turns":8},{"damage":19,"enemies":"Book of Stabbing","floor":31,"turns":4},{"damage":32,"enemies":"Automaton","floor":33,"turns":7},{"damage":35,"enemies":"3 Darklings","floor":35,"turns":4},{"damage":18,"enemies":"Orb Walker","floor":36,"turns":2},{"damage":22,"enemies":"Maw","floor":39,"turns":5},{"damage":21,"enemies":"3 Darklings","floor":40,"turns":4}],"seed_played":"3706737729498028133","potions_obtained":[{"floor":1,"key":"hexamod:SoulburnPotion"},{"floor":13,"key":"Block Potion"},{"floor":14,"key":"Energy Potion"},{"floor":18,"key":"Weak Potion"},{"floor":24,"key":"DistilledChaos"},{"floor":29,"key":"Fire Potion"},{"floor":36,"key":"SteroidPotion"}],"is_trial":false,"path_per_floor":["M","?","?","$","M","R","?","R","T","R","?","E","M","M","R","B",null,"M","?","M","?","?","R","M","R","T","$","E","M","R","E","R","B",null,"M","M","?","$","M","M"],"character_chosen":"GUARDIAN","items_purchased":["Guardian:WalkerClaw","Slimebound:PreparedRelic","Guardian:Repulse","sneckomod:BlankCard","Guardian:Gem_Crimson"],"campfire_rested":4,"item_purchase_floors":[4,27,27,38,38],"current_hp_per_floor":[76,76,76,76,76,76,69,69,69,69,69,57,57,57,80,51,80,79,79,64,64,64,64,45,69,69,80,62,49,73,54,78,46,80,45,27,17,32,18,0,0,0],"gold":25,"neow_bonus":"","is_daily":true,"chose_seed":false,"campfire_upgraded":4,"win_rate":0.0,"timestamp":1611044465,"path_taken":["M","?","?","?","M","R","?","R","T","R","?","E","M","?","R","BOSS","M","?","M","?","?","R","M","R","T","?","E","M","R","E","R","BOSS","M","M","?","$","M","M"],"items_purchased_type":["Card","Relic","Card","Relic","Card"],"build_version":"2020-12-22","purchased_purges":0,"victory":false,"max_hp_per_floor":[80,80,80,80,80,80,80,80,80,80,80,80,80,80,80,80,80,80,80,80,80,80,80,80,80,80,80,80,80,80,80,80,80,80,80,80,80,80,80,80,80,80],"card_choices":[{"not_picked":["Guardian:Gem_Cyan","Guardian:Gem_Red"],"picked":"Guardian:ChargeCore","floor":1},{"not_picked":["Guardian:Gem_Fragmented","Guardian:RollAttack"],"picked":"Guardian:Recover","floor":5},{"not_picked":["Guardian:Orbwalk","Guardian:GemFinder"],"picked":"Guardian:SentryBeam","floor":7},{"not_picked":["Guardian:MultiBeam","Guardian:Emergency"],"picked":"Guardian:BaubleBeam","floor":12},{"not_picked":["Guardian:RollAttack","Guardian:CrystalBeam"],"picked":"Guardian:Gem_Green","floor":13},{"not_picked":["Guardian:Planning","Guardian:ShieldCharger"],"picked":"Guardian:DonusPower","floor":14},{"not_picked":["Guardian:GemFire","Guardian:GemFinder"],"picked":"Guardian:RevengeProtocol","floor":16},{"not_picked":["Guardian:Gem_Red","Guardian:VentSteam+1"],"picked":"Guardian:Gem_Cyan","floor":18},{"not_picked":["Guardian:Incinerate","Guardian:Gem_Blue"],"picked":"Guardian:BronzeArmor","floor":20},{"not_picked":["Guardian:Recover","Guardian:Suspension"],"picked":"Guardian:ShieldCharger","floor":24},{"not_picked":["Guardian:StasisField","Guardian:Clone"],"picked":"Guardian:CrystalBeam","floor":28},{"not_picked":["Guardian:Gem_Red","Guardian:ChargeCore"],"picked":"Guardian:Planning","floor":29},{"not_picked":["Guardian:Gem_Cyan","Guardian:CrystalBeam"],"picked":"Guardian:VentSteam+1","floor":31},{"not_picked":["Guardian:ExploitGems","Guardian:StasisStrike"],"picked":"Guardian:StasisEngine","floor":33},{"not_picked":["Guardian:TemporalShield+1","Guardian:Repulse"],"picked":"Guardian:Gem_Red","floor":35},{"not_picked":["Guardian:BodySlam+1","Guardian:CrystalBeam+1"],"picked":"Guardian:PrimingBeam","floor":36},{"not_picked":["Guardian:FierceBash","Guardian:Incinerate+1"],"picked":"Guardian:Gem_Red","floor":39}],"player_experience":1168663,"relics_obtained":[{"floor":7,"key":"bronze:BronzeIdol"},{"floor":9,"key":"trackpad:Compendium"},{"floor":12,"key":"StuffTheSpire:Barrel"},{"floor":26,"key":"MealTicket"},{"floor":28,"key":"Darkstone Periapt"},{"floor":31,"key":"Ginger"}],"event_choices":[{"damage_healed":0,"gold_gain":74,"player_choice":"Gained Gold","damage_taken":0,"max_hp_gain":0,"max_hp_loss":0,"event_name":"Golden Wing","floor":2,"gold_loss":0},{"damage_healed":0,"gold_gain":0,"player_choice":"Argue","damage_taken":0,"max_hp_gain":0,"max_hp_loss":0,"event_name":"conspire:LoneGhost","floor":11,"gold_loss":0},{"damage_healed":0,"gold_gain":0,"player_choice":"Embrace Madness","damage_taken":10,"max_hp_gain":0,"max_hp_loss":0,"event_name":"Winding Halls","floor":37,"gold_loss":0,"cards_obtained":["Madness","Madness"]}],"is_beta":false,"boss_relics":[{"not_picked":["Snecko Eye","Guardian:ModeShifterPlus"],"picked":"bronze:MakeshiftBattery"},{"not_picked":["StuffTheSpire:RunicConfusion","conspire:SpecialSausage"],"picked":"Guardian:StasisSlotReductionRelic"}],"items_purged_floors":[],"is_endless":false,"potions_floor_spawned":[1,13,14,18,24,29,36],"killed_by":"3 Darklings","ascension_level":0}}