{"host":"bf9sa99gaumonoeu","time":1611062614,"event":{"mods":["AchievementEnabler","Act Like it!","Aspiration","BaseMod","Bestiary","Better Note","Block Reminder","Colored Map","Colored Powertips","Fox Events","Friendly Minions","Gensokyo","GifTheSpireLib","Googly Eyes","Hallownest","Hermit","Highlight Path","Hubris","Jorbs\u0027s Wanderer Trilogy","KinomotoSakuraMod(????)","Koishi","Marisa????????","Minty Spire (QoL Compilation)","Rare Cards Sparkle","Reimu??????","Relic Stats","Remilia??????","Replay The Spire","Spire Arcade","StS++","StSLib","The Administrix","The Animator","The Blue Laboratory","The Bug Knight","The Construct","The Cursed","The Hierophant","The Mystic","The Necromancer","The Poker Player","The Runesmith","The Senshi","The Servant 0.9.4","ojb\u0027s Info Mod"],"gold_per_floor":[13,31,31,48,60,93,93,107,107,123,137,137,137,166,166,166,166],"floor_reached":16,"language":"ENG","playtime":923,"items_purged":[],"score":228,"play_id":"8c219c84-43ed-4be5-ba95-7d4481c76383","local_time":"20210119112334","is_ascension_mode":true,"campfire_choices":[{"data":"Backstab","floor":7,"key":"SMITH"},{"data":"Dagger Spray","floor":12,"key":"SMITH"},{"floor":15,"key":"REST"}],"circlet_count":0,"master_deck":["AscendersBane","Strike_G","Strike_G","Strike_G","Strike_G","Defend_G","Defend_G","Defend_G","Defend_G","Defend_G","Survivor","Neutralize","Flying Knee","Sucker Punch","Noxious Fumes","Backstab+1","Unload","Cloak And Dagger","Deadly Poison","Dagger Spray+1","Neutralize","PiercingWail"],"relics":["Ring of the Snake","Vampiric Spirits","Vajra","Ginger","Darkstone Periapt"],"acts_visited":["Exordium"],"potions_floor_usage":[5,16,16],"damage_taken":[{"damage":0.0,"enemies":"2 Louse","floor":1.0,"turns":3.0},{"damage":3.0,"enemies":"Cultist","floor":2.0,"turns":4.0},{"damage":4,"enemies":"Small Slimes","floor":4,"turns":4},{"damage":13,"enemies":"Gremlin Gang","floor":5,"turns":4},{"damage":32,"enemies":"3 Sentries","floor":6,"turns":9},{"damage":8,"enemies":"Exordium Thugs","floor":8,"turns":4},{"damage":0,"enemies":"Lots of Slimes","floor":10,"turns":3},{"damage":1,"enemies":"3 Louse","floor":11,"turns":2},{"damage":26,"enemies":"Lagavulin","floor":14,"turns":6},{"damage":49,"enemies":"Hexaghost","floor":16,"turns":9}],"seed_played":"4527979657970005316","potions_obtained":[{"floor":1.0,"key":"Fire Potion"},{"floor":2.0,"key":"blueLaboratory:BottleOfVodka"},{"floor":8,"key":"Languid Potion"}],"is_trial":false,"path_per_floor":["M","M","?","M","M","E","R","M","T","M","M","R","?","E","R","B"],"character_chosen":"THE_SILENT","items_purchased":[],"campfire_rested":1,"item_purchase_floors":[],"current_hp_per_floor":[61,60,60,56,45,19,19,20,20,29,34,34,34,15,34,0,0],"gold":166,"neow_bonus":"ONE_RARE_RELIC","is_daily":false,"chose_seed":false,"campfire_upgraded":2,"win_rate":0.0,"timestamp":1611062614,"path_taken":["M","M","?","?","M","E","R","M","T","M","M","R","?","E","R","BOSS"],"items_purchased_type":[],"build_version":"2020-12-22","purchased_purges":0,"victory":false,"max_hp_per_floor":[66,66,66,66,66,66,66,66,66,66,66,66,66,66,66,66,66],"relic_stats":{"Darkstone Periapt":0,"counters":[10,48],"Ginger":[2],"obtain_stats":[{"Darkstone Periapt":14,"Vampiric Spirits":0,"Vajra":6,"Ginger":9,"Ring of the Snake":0},{"Darkstone Periapt":9,"Vampiric Spirits":0,"Vajra":5,"Ginger":6,"Ring of the Snake":0},{"Darkstone Periapt":39,"Vampiric Spirits":0,"Vajra":24,"Ginger":28,"Ring of the Snake":0}],"Ring of the Snake":[20]},"card_choices":[{"not_picked":["StSpp:SpareBlade","Caltrops"],"picked":"Flying Knee","floor":1.0},{"not_picked":["Heel Hook","StSpp:CorrosivePoison"],"picked":"Sucker Punch","floor":2.0},{"not_picked":["Sucker Punch","Cloak And Dagger"],"picked":"Noxious Fumes","floor":4},{"not_picked":["Backflip","Dagger Throw"],"picked":"Backstab","floor":5},{"not_picked":["StSpp:ChainedTrap","Setup"],"picked":"Unload","floor":6},{"not_picked":["Underhanded Strike","Flechettes"],"picked":"Cloak And Dagger","floor":8},{"not_picked":["StSpp:Throw","Prepared"],"picked":"Deadly Poison","floor":10},{"not_picked":["Bane","Blur"],"picked":"Dagger Spray","floor":11},{"not_picked":["Backflip","Doppelganger"],"picked":"PiercingWail","floor":14}],"player_experience":991299,"relics_obtained":[{"floor":6,"key":"Vajra"},{"floor":9,"key":"Ginger"},{"floor":14,"key":"Darkstone Periapt"}],"event_choices":[{"cards_removed":["Strike_G"],"damage_healed":0.0,"max_hp_gain":0.0,"max_hp_loss":0.0,"gold_gain":0.0,"event_name":"Bonfire Elementals","player_choice":"Offered Basic","floor":3.0,"gold_loss":0.0,"damage_taken":0.0},{"damage_healed":0,"gold_gain":0,"player_choice":"1 cards matched","damage_taken":0,"max_hp_gain":0,"max_hp_loss":0,"event_name":"Match and Keep!","floor":13,"gold_loss":0,"cards_obtained":["Neutralize"]}],"is_beta":false,"boss_relics":[],"items_purged_floors":[],"is_endless":false,"potions_floor_spawned":[1,2,8,11],"killed_by":"Hexaghost","ascension_level":20}}