{"host":"03m7b8d5u2ige8va","time":1611040884,"event":{"mods":["BaseMod","Downfall","Minty Spire (QoL Compilation)","StSLib","SuperFastMode"],"gold_per_floor":[99,118,218,318,151,151,177,191,191,209,5,41,64,172,193,193,193,193],"floor_reached":16,"language":"ZHS","playtime":1403,"items_purged":["hexamod:Defend"],"score":100,"play_id":"5d0626ff-c072-4335-8ae7-231c0f418607","local_time":"20210119152124","is_ascension_mode":false,"campfire_choices":[{"data":"hexamod:Float","floor":1,"key":"SMITH"}],"circlet_count":0,"master_deck":["hexamod:Strike","hexamod:Strike+1","hexamod:Strike+1","hexamod:Defend","hexamod:Defend","hexamod:Defend","hexamod:Sear","hexamod:Float+1","hexamod:Again","hexamod:InspiringFlames","hexamod:ThirdSeal","hexamod:SecondSeal","hexamod:FastForward","hexamod:PhantomFireball","hexamod:AdvancingGuard","hexamod:TimeOfNeed","hexamod:FastForward","hexamod:GhostOfSpirePast","hexamod:StepThrough","hexamod:FastForward","hexamod:GhostShield","hexamod:BacktrackSmack"],"relics":["hexamod:SpiritBrand","downfall:ShatteredFragment","Whetstone","Lee\u0027s Waffle","Smiling Mask","Potion Belt"],"acts_visited":["Exordium"],"potions_floor_usage":[12,16,16,16,16,16],"damage_taken":[{"damage":5,"enemies":"Small Slimes","floor":2,"turns":4},{"damage":0,"enemies":"downfall:FleeingMerchant","floor":5,"turns":4},{"damage":1,"enemies":"Jaw Worm","floor":8,"turns":3},{"damage":0,"enemies":"2 Louse","floor":10,"turns":3},{"damage":5,"enemies":"downfall:FleeingMerchant","floor":11,"turns":4},{"damage":32,"enemies":"Gremlin Nob","floor":12,"turns":5},{"damage":6,"enemies":"Gremlin Gang","floor":13,"turns":5},{"damage":35,"enemies":"downfall:LadyInBlue","floor":14,"turns":9},{"damage":6,"enemies":"Red Slaver","floor":15,"turns":3},{"damage":8,"enemies":"WA_ARCHETYPE_RETAIN","floor":16,"turns":5}],"seed_played":"-4855767200457104781","potions_obtained":[{"floor":8,"key":"LiquidMemories"},{"floor":10,"key":"FairyPotion"},{"floor":12,"key":"Block Potion"},{"floor":14,"key":"Weak Potion"},{"floor":14,"key":"Slimebound:ThreeZeroPotion"},{"floor":14,"key":"SkillPotion"},{"floor":14,"key":"EssenceOfSteel"}],"is_trial":false,"path_per_floor":["R","M","?","?","$","?","T","M","?","M","$","E","M","?","M","B"],"character_chosen":"THE_SPIRIT","items_purchased":["hexamod:ThirdSeal","Lee\u0027s Waffle","hexamod:FastForward"],"campfire_rested":0,"item_purchase_floors":[5,11,11],"current_hp_per_floor":[77,72,72,72,72,51,51,50,50,50,84,52,46,11,5,0,0,0],"gold":193,"neow_bonus":"TEN_PERCENT_HP_BONUS","is_daily":false,"chose_seed":false,"campfire_upgraded":1,"win_rate":0.0,"timestamp":1611040884,"path_taken":["R","M","?","?","$","?","T","M","?","M","$","E","?","?","M","BOSS"],"items_purchased_type":["Card","Relic","Card"],"build_version":"2020-12-22","purchased_purges":1,"victory":false,"max_hp_per_floor":[77,77,77,77,77,77,77,77,77,77,84,84,84,84,84,84,84,84],"card_choices":[{"not_picked":["hexamod:InspiringFlames","hexamod:NightmareStrike"],"picked":"hexamod:Again","floor":2},{"not_picked":["hexamod:HeatMetal","hexamod:ChargedBarrage"],"picked":"hexamod:InspiringFlames","floor":5},{"not_picked":["hexamod:NightmareStrike","hexamod:ChargedBarrage"],"picked":"hexamod:SecondSeal","floor":8},{"not_picked":["hexamod:RadiantFlame","hexamod:NecessarySacrifice","hexamod:ExtraCrispy"],"picked":"SKIP","floor":8},{"not_picked":["hexamod:GhostShield","hexamod:AdvancingGuard"],"picked":"hexamod:FastForward","floor":10},{"not_picked":["hexamod:SpectersWail","hexamod:Again"],"picked":"hexamod:PhantomFireball","floor":10},{"not_picked":["hexamod:GhostLash","hexamod:DynamicBlow"],"picked":"hexamod:AdvancingGuard","floor":11},{"not_picked":["hexamod:SecondSeal","hexamod:RainOfEmbers"],"picked":"hexamod:TimeOfNeed","floor":11},{"not_picked":["hexamod:GhostflameBarrier","hexamod:GhostLash"],"picked":"hexamod:GhostOfSpirePast","floor":12},{"not_picked":["hexamod:NightmareGuise","hexamod:RainOfEmbers","hexamod:GhostShield"],"picked":"SKIP","floor":12},{"not_picked":["hexamod:NightmareStrike","hexamod:GhostShield"],"picked":"hexamod:StepThrough","floor":13},{"not_picked":["hexamod:InspiringFlames","hexamod:ShieldOfDarkness"],"picked":"hexamod:FastForward","floor":13},{"not_picked":["hexamod:HauntingEcho","hexamod:DynamicBlow"],"picked":"hexamod:GhostShield","floor":15},{"not_picked":["hexamod:EtherealExpedition","hexamod:Haunt"],"picked":"hexamod:BacktrackSmack","floor":15}],"player_experience":346854,"relics_obtained":[{"floor":7,"key":"Whetstone"},{"floor":12,"key":"Smiling Mask"},{"floor":14,"key":"Potion Belt"}],"event_choices":[{"cards_removed":["hexamod:Strike"],"damage_healed":0,"gold_gain":0,"player_choice":"Offered Basic","damage_taken":0,"max_hp_gain":0,"max_hp_loss":0,"event_name":"Bonfire Elementals","floor":9,"gold_loss":0}],"is_beta":false,"boss_relics":[],"items_purged_floors":[5],"is_endless":false,"potions_floor_spawned":[8,10,12,14],"killed_by":"WA_ARCHETYPE_RETAIN","ascension_level":0}}