{"host":"1c52r9kaxdyo25eq","time":1611045947,"event":{"mods":["AchievementEnabler","BaseMod","Minty Spire (QoL Compilation)","Rare Cards Sparkle","SuperFastMode","everything is the same but u backflip on backflip"],"gold_per_floor":[115,126,86,98,115,115,115,115,115,115,132,150,150,168,168,168,168],"floor_reached":16,"language":"KOR","playtime":336,"items_purged":[],"score":96,"play_id":"ae4bceb5-f435-4ac6-864a-d630f15b9e25","local_time":"20210119174547","is_ascension_mode":false,"campfire_choices":[{"data":"Eruption","floor":6.0,"key":"SMITH"},{"data":"InnerPeace","floor":8.0,"key":"SMITH"},{"floor":13,"key":"REST"},{"floor":15,"key":"REST"}],"circlet_count":0,"master_deck":["Strike_P","Strike_P","Strike_P","Strike_P","Defend_P","Defend_P","Defend_P","Eruption+1","Vigilance","InnerPeace+1","MentalFortress"],"relics":["PureWater"],"acts_visited":["Exordium"],"potions_floor_usage":[16,16],"damage_taken":[{"damage":1.0,"enemies":"2 Louse","floor":1.0,"turns":3.0},{"damage":0.0,"enemies":"Cultist","floor":2.0,"turns":2.0},{"damage":0.0,"enemies":"Small Slimes","floor":4.0,"turns":2.0},{"damage":26.0,"enemies":"Red Slaver","floor":5.0,"turns":3.0},{"damage":8.0,"enemies":"Blue Slaver","floor":10.0,"turns":4.0},{"damage":15,"enemies":"Gremlin Gang","floor":11,"turns":5},{"damage":6,"enemies":"Looter","floor":12,"turns":5},{"damage":12,"enemies":"3 Louse","floor":14,"turns":4},{"damage":49,"enemies":"The Guardian","floor":16,"turns":10}],"seed_played":"-7075155071231661076","potions_obtained":[{"floor":3.0,"key":"DuplicationPotion"},{"floor":3.0,"key":"BlessingOfTheForge"},{"floor":3.0,"key":"Swift Potion"},{"floor":14,"key":"Regen Potion"}],"is_trial":false,"path_per_floor":["M","M","?","M","M","R","?","R","T","M","M","M","R","M","R","B"],"character_chosen":"WATCHER","items_purchased":[],"campfire_rested":2,"item_purchase_floors":[],"current_hp_per_floor":[71,71,71,71,45,45,45,45,45,37,22,16,37,25,46,6,6],"gold":168,"neow_bonus":"REMOVE_CARD","is_daily":false,"chose_seed":false,"campfire_upgraded":2,"win_rate":0.0,"timestamp":1611045947,"path_taken":["M","M","?","?","M","R","?","R","T","?","M","M","R","M","R","BOSS"],"items_purchased_type":[],"build_version":"2020-12-22","purchased_purges":0,"victory":false,"max_hp_per_floor":[72,72,72,72,72,72,72,72,72,72,72,72,72,72,72,72,72],"card_choices":[{"not_picked":["Protect","Consecrate","Study"],"picked":"SKIP","floor":1.0},{"not_picked":["Halt","CutThroughFate","FlurryOfBlows"],"picked":"SKIP","floor":2.0},{"not_picked":["Meditate","CrushJoints"],"picked":"InnerPeace","floor":4.0},{"not_picked":["JustLucky","Consecrate","ThirdEye"],"picked":"SKIP","floor":5.0},{"not_picked":["CutThroughFate","SandsOfTime","SpiritShield"],"picked":"SKIP","floor":10},{"not_picked":["WreathOfFlame","Protect"],"picked":"MentalFortress","floor":11},{"not_picked":["CutThroughFate","Halt","Consecrate"],"picked":"SKIP","floor":12},{"not_picked":["BowlingBash","CutThroughFate","PathToVictory"],"picked":"SKIP","floor":14}],"player_experience":597411,"relics_obtained":[],"event_choices":[{"damage_healed":0.0,"max_hp_gain":0.0,"max_hp_loss":0.0,"gold_gain":0.0,"event_name":"The Woman in Blue","player_choice":"Bought 3 Potions","floor":3.0,"gold_loss":0.0,"damage_taken":0.0},{"damage_healed":0.0,"max_hp_gain":0.0,"max_hp_loss":0.0,"gold_gain":0.0,"event_name":"Match and Keep!","player_choice":"0 cards matched","floor":7.0,"gold_loss":0.0,"damage_taken":0.0,"cards_obtained":[]}],"is_beta":false,"boss_relics":[],"items_purged_floors":[],"is_endless":false,"potions_floor_spawned":[10,11,12,14],"killed_by":"The Guardian","ascension_level":0}}