{"host":"7fyy23rucerupe6i","time":1611038816,"event":{"mods":["AchievementEnabler","Act Like it!","BaseMod","BetterRewards","Colored Map","Colored Powertips","Conspire","Custom Start","Downfall","Marisa£®ÏF”Í°°ƒß¿Ì…≥£©","Minty Spire (QoL Compilation)","Quick Restart","Shop Mod","Spicy Shops","StSLib","SuperFastMode","The Factory","The Jungle","UnlockEverythingMod"],"gold_per_floor":[112,112,112,62,72,72,103,137,219,319,361,390,390,415,415,435,435],"floor_reached":16,"language":"ZHS","playtime":431,"items_purged":[],"score":182,"play_id":"c2903e6e-f37f-455c-a7cd-7119b8a37ebe","local_time":"20210119144656","is_ascension_mode":true,"campfire_choices":[{"data":"DeepEcoloBomb","floor":6,"key":"SMITH"},{"data":"Robbery","floor":13,"key":"SMITH"},{"data":"StarBarrage","floor":15,"key":"SMITH"}],"circlet_count":0,"master_deck":["Strike_MRS+1","Strike_MRS","Strike_MRS","Defend_MRS","Defend_MRS+1","Defend_MRS","MasterSpark","UpSweep","DeepEcoloBomb+1","SporeBomb","Robbery+1","GalacticHalo","SprinkleStarSeal","StarBarrage+1"],"relics":["MiniHakkero","NeowsBlessing","Bronze Scales","Mummified Hand"],"acts_visited":["Exordium"],"potions_floor_usage":[8,11,12,16,16],"damage_taken":[{"damage":0,"enemies":"2 Louse","floor":1,"turns":1},{"damage":0,"enemies":"Small Slimes","floor":5,"turns":1},{"damage":0,"enemies":"Gremlin Nob","floor":7,"turns":1},{"damage":0,"enemies":"Cultist","floor":8,"turns":2},{"damage":22,"enemies":"3 Sentries","floor":11,"turns":6},{"damage":13,"enemies":"Lots of Slimes","floor":12,"turns":3},{"damage":2,"enemies":"2 Fungi Beasts","floor":14,"turns":3},{"damage":15,"enemies":"Slime Boss","floor":16,"turns":4}],"seed_played":"-527032728169867060","potions_obtained":[{"floor":1,"key":"EntropicBrew"},{"floor":11,"key":"Energy Potion"},{"floor":12,"key":"GamblersBrew"}],"is_trial":false,"path_per_floor":["M","?","?","?","M","R","E","M","T","?","E","M","R","M","R","B"],"character_chosen":"MARISA","items_purchased":[],"campfire_rested":0,"item_purchase_floors":[],"current_hp_per_floor":[68,53,46,46,46,46,46,46,46,46,24,11,11,9,9,0,0],"gold":435,"neow_bonus":"THREE_ENEMY_KILL","is_daily":false,"chose_seed":false,"campfire_upgraded":3,"win_rate":0.0,"timestamp":1611038816,"path_taken":["M","?","?","?","M","R","E","M","T","?","E","M","R","M","R","BOSS"],"items_purchased_type":[],"build_version":"2020-12-22","purchased_purges":0,"victory":false,"max_hp_per_floor":[75,75,75,75,75,75,75,75,75,75,75,75,75,75,75,75,75],"card_choices":[{"not_picked":["IllusionStar","6A"],"picked":"DeepEcoloBomb","floor":1},{"not_picked":["DC","IllusionStar"],"picked":"SporeBomb","floor":5},{"not_picked":["LuminesStrike","Singularity"],"picked":"Robbery","floor":7},{"not_picked":["DC","GasGiant"],"picked":"GalacticHalo","floor":8},{"not_picked":["DarkSpark","NonDirectionalLaser"],"picked":"SprinkleStarSeal","floor":11},{"not_picked":["EarthLightRay","WitchLeyline"],"picked":"StarBarrage","floor":12},{"not_picked":["GravityBeat","ShootingEcho","AsteroidBelt"],"picked":"SKIP","floor":14}],"player_experience":349442,"relics_obtained":[{"floor":7,"key":"Bronze Scales"},{"floor":11,"key":"Mummified Hand"}],"event_choices":[{"damage_healed":0,"gold_gain":0,"player_choice":"Entered Light","damage_taken":15,"max_hp_gain":0,"max_hp_loss":0,"event_name":"Shining Light","floor":2,"gold_loss":0,"cards_upgraded":["Defend_MRS","Strike_MRS"]},{"cards_removed":["Defend_MRS"],"damage_healed":0,"gold_gain":0,"player_choice":"Card Removal","damage_taken":7,"max_hp_gain":0,"max_hp_loss":0,"event_name":"Golden Wing","floor":3,"gold_loss":0},{"cards_removed":["Strike_MRS"],"damage_healed":0,"gold_gain":0,"player_choice":"Card Removal","damage_taken":0,"max_hp_gain":0,"max_hp_loss":0,"event_name":"The Cleric","floor":4,"gold_loss":50},{"damage_healed":0,"gold_gain":100,"player_choice":"Pray","damage_taken":0,"max_hp_gain":0,"max_hp_loss":0,"event_name":"Golden Shrine","floor":10,"gold_loss":0}],"is_beta":false,"boss_relics":[],"items_purged_floors":[],"is_endless":false,"potions_floor_spawned":[1,11,12],"killed_by":"Slime Boss","ascension_level":7}}