{"host":"c6u7e77myxvw4d0m","time":1611061359,"event":{"mods":["AchievementEnabler","BaseMod","Bestiary","Colored Map","Colored Powertips","Minty Spire (QoL Compilation)","Rare Cards Sparkle","Relic Stats","everything is the same but u backflip on backflip"],"gold_per_floor":[115,128,146,111,189,189,206,206,231,264,264,24,37,0,0,72,122,141,141,101,120,120,120,120,120],"floor_reached":24,"language":"ENG","playtime":1378,"items_purged":["Strike_G"],"score":372,"play_id":"bb8a6416-ecca-438e-82a1-831472cca3fd","local_time":"20210119150239","is_ascension_mode":true,"campfire_choices":[{"data":"Quick Slash","floor":6,"key":"SMITH"},{"data":"Noxious Fumes","floor":8,"key":"SMITH"},{"floor":15,"key":"REST"},{"floor":23,"key":"REST"}],"circlet_count":0,"master_deck":["AscendersBane","Strike_G","Strike_G","Strike_G","Strike_G","Defend_G","Defend_G","Defend_G","Defend_G","Defend_G","Survivor","Neutralize","Dagger Spray","Quick Slash+1","Noxious Fumes+1","Dash","Backstab+1","Poisoned Stab","Footwork","Venomology","Backflip","Noxious Fumes+1","Die Die Die"],"relics":["Ring of the Snake","Snake Skull","Juzu Bracelet","FaceOfCleric","Bronze Scales","Tiny House"],"acts_visited":["Exordium","TheCity"],"potions_floor_usage":[18,18,18,18,20,20,21,24,24],"damage_taken":[{"damage":4,"enemies":"Small Slimes","floor":1,"turns":3},{"damage":1,"enemies":"2 Louse","floor":2,"turns":3},{"damage":0,"enemies":"Cultist","floor":3,"turns":4},{"damage":10,"enemies":"Exordium Wildlife","floor":7,"turns":6},{"damage":34,"enemies":"Lagavulin","floor":10,"turns":8},{"damage":0,"enemies":"2 Fungi Beasts","floor":13,"turns":2},{"damage":10,"enemies":"Hexaghost","floor":16,"turns":8},{"damage":8,"enemies":"Spheric Guardian","floor":18,"turns":6},{"damage":2,"enemies":"2 Thieves","floor":20,"turns":2},{"damage":34,"enemies":"Snake Plant","floor":21,"turns":5},{"damage":47,"enemies":"Book of Stabbing","floor":24,"turns":7}],"seed_played":"9081208721278967492","potions_obtained":[{"floor":7,"key":"Swift Potion"},{"floor":10,"key":"Strength Potion"},{"floor":17,"key":"EntropicBrew"},{"floor":21,"key":"Weak Potion"}],"is_trial":false,"path_per_floor":["M","M","M","?","?","R","M","R","T","E","?","$","M","?","R","B",null,"M","?","M","M","?","R","E"],"character_chosen":"THE_SILENT","items_purchased":["Bronze Scales"],"campfire_rested":2,"item_purchase_floors":[12],"current_hp_per_floor":[55,54,54,66,66,66,56,56,56,22,22,22,23,23,43,34,65,58,37,36,3,19,43,0,0],"gold":120,"neow_bonus":"THREE_CARDS","is_daily":false,"chose_seed":false,"campfire_upgraded":2,"win_rate":0.0,"timestamp":1611061359,"path_taken":["M","M","M","?","?","R","M","R","T","E","?","$","M","?","R","BOSS","M","?","M","M","?","R","E"],"items_purchased_type":["Relic"],"build_version":"2020-12-22","purchased_purges":1,"victory":false,"max_hp_per_floor":[66,66,66,66,66,66,66,66,66,66,66,66,67,67,67,68,73,74,79,80,81,81,81,81,81],"relic_stats":{"FaceOfCleric":5,"counters":[11,54],"Bronze Scales":[118],"Snake Skull":[28],"Juzu Bracelet":1,"obtain_stats":[{"Tiny House":17,"FaceOfCleric":11,"Bronze Scales":12,"Snake Skull":9,"Juzu Bracelet":10,"Ring of the Snake":0},{"Tiny House":7,"FaceOfCleric":5,"Bronze Scales":5,"Snake Skull":4,"Juzu Bracelet":5,"Ring of the Snake":0},{"Tiny House":34,"FaceOfCleric":24,"Bronze Scales":24,"Snake Skull":16,"Juzu Bracelet":24,"Ring of the Snake":0}],"Ring of the Snake":[22]},"card_choices":[{"not_picked":["Slice","Concentrate"],"picked":"Dagger Spray","floor":0},{"not_picked":["Cloak And Dagger","Blade Dance"],"picked":"Quick Slash","floor":1},{"not_picked":["Dagger Spray","Quick Slash"],"picked":"Noxious Fumes","floor":2},{"not_picked":["Leg Sweep","Bouncing Flask"],"picked":"Dash","floor":3},{"not_picked":["Prepared","Bane"],"picked":"Backstab","floor":7},{"not_picked":["Dagger Spray","Expertise"],"picked":"Poisoned Stab","floor":10},{"not_picked":["Sucker Punch","Riddle With Holes"],"picked":"Footwork","floor":13},{"not_picked":["A Thousand Cuts","Tools of the Trade"],"picked":"Venomology","floor":16},{"not_picked":["Setup","Deflect"],"picked":"Backflip","floor":17},{"not_picked":["Deflect","Endless Agony"],"picked":"Noxious Fumes+1","floor":18},{"not_picked":["Deflect","Flying Knee"],"picked":"Die Die Die","floor":21}],"player_experience":410014,"relics_obtained":[{"floor":9,"key":"Snake Skull"},{"floor":10,"key":"Juzu Bracelet"}],"event_choices":[{"damage_healed":16,"gold_gain":0,"player_choice":"Healed","damage_taken":0,"max_hp_gain":0,"max_hp_loss":0,"event_name":"The Cleric","floor":4,"gold_loss":35},{"damage_healed":0,"gold_gain":78,"player_choice":"Gained Gold","damage_taken":0,"max_hp_gain":0,"max_hp_loss":0,"event_name":"Golden Wing","floor":5,"gold_loss":0},{"damage_healed":0,"gold_gain":0,"player_choice":"Trade","damage_taken":0,"relics_obtained":["FaceOfCleric"],"max_hp_gain":0,"max_hp_loss":0,"event_name":"FaceTrader","floor":11,"gold_loss":0},{"damage_healed":0,"gold_gain":0,"player_choice":"Left Gold","damage_taken":0,"max_hp_gain":0,"max_hp_loss":0,"event_name":"World of Goop","floor":14,"gold_loss":37},{"damage_healed":0,"gold_gain":0,"player_choice":"Shed Blood","damage_taken":26,"max_hp_gain":5,"max_hp_loss":0,"event_name":"Forgotten Altar","floor":19,"gold_loss":0},{"damage_healed":16,"gold_gain":0,"player_choice":"Heal","damage_taken":0,"max_hp_gain":0,"max_hp_loss":0,"event_name":"The Library","floor":22,"gold_loss":0}],"is_beta":false,"boss_relics":[{"not_picked":["Runic Dome","WristBlade"],"picked":"Tiny House"}],"items_purged_floors":[12],"is_endless":false,"potions_floor_spawned":[7,10,16,21],"killed_by":"Book of Stabbing","ascension_level":18}}