{"host":"oc9z8cublggqyfxu","time":1611052059,"event":{"mods":["AchievementEnabler","Act Like it!","Aspiration","BaseMod","Colored Map","Colored Powertips","Dota2Spire","Friendly Minions","Gensokyo","GifTheSpireLib","Hallownest","Hermit","Highlight Path","KinomotoSakuraMod(木之本樱)","Koishi","Lobotomy","LobotomyExtend","Marisa（F雨　魔理沙）","Minty Spire (QoL Compilation)","Quick Restart","Rare Cards Sparkle","Relic Stats","Remilia（蕾米莉亚）","Replay The Spire","RumiaBox-露米娅的神秘盒子","Spicy Shops","StSLib","The Administrix","The Animator","The Blackbeard","The Bug Knight","The Cursed","The Hierophant","The Mystic","The Runesmith","The Servant 0.9.4","Yakumo Yukari mod","Youmu（魂魄妖梦）","Yuyuko","vexMod","【功能Mod】混沌之环修复补丁","【功能Mod】聪明的最终Boss"],"gold_per_floor":[269,288,298,374,374,374,402,419,443,67,85,115,129,145,145,244,244,244,244],"floor_reached":18,"language":"ZHS","playtime":1035,"items_purged":["Strike_R"],"score":251,"play_id":"492431cd-d03a-4246-b0af-5725daaed5c2","local_time":"20210119182739","is_ascension_mode":true,"campfire_choices":[{"data":"Metallicize","floor":6,"key":"SMITH"},{"data":"Double Tap","floor":15,"key":"SMITH"}],"circlet_count":0,"master_deck":["AscendersBane","Strike_R","Strike_R","Strike_R","Strike_R","Defend_R","Defend_R","Defend_R","Bash","Combust","Metallicize+1","Double Tap+1","Clumsy","Battle Trance","Reaper"],"relics":["Burning Blood","RabbitCall","LetterFromLob","Dota2Spire:AghanimScepter","Replay:Wax Seal","King of Hearts","Self Forming Clay","ReplayTheSpireMod:Lightbulb","Runic Cube"],"acts_visited":["Hallownest:Greenpath","Hallownest:CityofTears"],"potions_floor_usage":[7,16,16,16],"damage_taken":[{"damage":4,"enemies":"Hallownest:2_Baldur","floor":1,"turns":4},{"damage":3,"enemies":"Hallownest:monsterHuskGuard","floor":2,"turns":4},{"damage":21,"enemies":"Hallownest:2_MossCreeps","floor":3,"turns":6},{"damage":22,"enemies":"Hallownest:eliteMossKnight","floor":7,"turns":12},{"damage":6,"enemies":"Hallownest:monsterAspidMother","floor":8,"turns":3},{"damage":9,"enemies":"Hallownest:1_Baldur_1_Crawlid_1_Warrior","floor":11,"turns":4},{"damage":28,"enemies":"Hallownest:eliteCrystalGuardian","floor":12,"turns":7},{"damage":7,"enemies":"Hallownest:monsterMossCharger","floor":13,"turns":5},{"damage":4,"enemies":"Hallownest:monsterAspidMother","floor":14,"turns":5},{"damage":20,"enemies":"Hallownest:BossFalseKnight","floor":16,"turns":10},{"damage":0,"enemies":"Hallownest:Flukemon_and_Top","floor":18,"turns":9}],"seed_played":"2632568538221256428","potions_obtained":[{"floor":3,"key":"Flashbang"},{"floor":7,"key":"Strength Potion"},{"floor":11,"key":"FearPotion"},{"floor":13,"key":"Block Potion"},{"floor":14,"key":"Regen Potion"}],"is_trial":false,"path_per_floor":["M","M","M","T","?","R","E","M","T","$","M","E","M","M","R","B",null,"M"],"character_chosen":"IRONCLAD","items_purchased":["King of Hearts","Self Forming Clay"],"campfire_rested":0,"item_purchase_floors":[10,10],"current_hp_per_floor":[74,77,62,62,62,62,46,46,46,46,43,21,20,22,22,23,66,0,0],"gold":244,"neow_bonus":"","is_daily":false,"chose_seed":false,"campfire_upgraded":2,"win_rate":0.0,"timestamp":1611052059,"path_taken":["M","M","?","?","?","R","E","M","T","$","M","E","M","M","R","BOSS","M"],"items_purchased_type":["Relic","Relic"],"build_version":"2020-12-22","purchased_purges":1,"victory":false,"max_hp_per_floor":[80,80,80,80,80,80,80,80,80,80,80,80,80,80,80,80,80,80,80],"relic_stats":{"counters":[11,69],"Self Forming Clay":[99],"obtain_stats":[{"RabbitCall":0,"CogitoBucket":0,"Dota2Spire:AghanimScepter":4,"Self Forming Clay":10,"King of Hearts":10,"LetterFromLob":1,"Replay:Wax Seal":7,"ReplayTheSpireMod:Lightbulb":12,"Burning Blood":0,"Runic Cube":17},{"RabbitCall":0,"CogitoBucket":0,"Dota2Spire:AghanimScepter":3,"Self Forming Clay":5,"King of Hearts":5,"LetterFromLob":1,"Replay:Wax Seal":4,"ReplayTheSpireMod:Lightbulb":7,"Burning Blood":0,"Runic Cube":10},{"RabbitCall":0,"CogitoBucket":0,"Dota2Spire:AghanimScepter":14,"Self Forming Clay":29,"King of Hearts":29,"LetterFromLob":4,"Replay:Wax Seal":26,"ReplayTheSpireMod:Lightbulb":40,"Burning Blood":0,"Runic Cube":60}],"Burning Blood":66,"Runic Cube":[0]},"card_choices":[{"not_picked":["Cleave","Hemokinesis"],"picked":"Combust","floor":1},{"not_picked":["Reckless Charge","Thunderclap"],"picked":"Metallicize","floor":2},{"not_picked":["Pommel Strike","Uppercut","Iron Wave"],"picked":"SKIP","floor":3},{"not_picked":["Battle Trance","Burning Pact"],"picked":"Double Tap","floor":7},{"not_picked":["Seeing Red","Shockwave","Clash"],"picked":"SKIP","floor":8},{"not_picked":["Whirlwind","Rampage","Flex"],"picked":"SKIP","floor":11},{"not_picked":["Shockwave","Disarm","Headbutt"],"picked":"SKIP","floor":12},{"not_picked":["ReplayTheSpireMod:Strike From Hell","Spot Weakness","Perfected Strike"],"picked":"SKIP","floor":13},{"not_picked":["Clothesline","Wild Strike"],"picked":"Battle Trance","floor":14},{"not_picked":["Double Tap","Corruption"],"picked":"Reaper","floor":16}],"player_experience":330288,"relics_obtained":[{"floor":1,"key":"LetterFromLob"},{"floor":4,"key":"Dota2Spire:AghanimScepter"},{"floor":7,"key":"Replay:Wax Seal"},{"floor":12,"key":"ReplayTheSpireMod:Lightbulb"}],"event_choices":[],"is_beta":false,"boss_relics":[{"not_picked":["aspiration:SecretTechniqueScroll","aspiration:RitualDagger"],"picked":"Runic Cube"}],"items_purged_floors":[10],"is_endless":false,"potions_floor_spawned":[3,7,11,13,14],"killed_by":"Hallownest:Flukemon_and_Top","ascension_level":10}}