{"host":"zk71suw73lg2r165","time":1611035105,"event":{"mods":["BaseMod","Colored Map","Minty Spire (QoL Compilation)","Permanent Neow","Relic Stats","StSLib"],"gold_per_floor":[114,134,146,146,166,199,199,231,286,286,286,286],"floor_reached":11,"language":"ENG","playtime":285,"items_purged":[],"score":166,"play_id":"cace37f5-0b9f-42e1-9d8f-dffb7f3be5f6","local_time":"20210119004505","is_ascension_mode":true,"campfire_choices":[{"floor":7.0,"key":"REST"},{"floor":10,"key":"REST"}],"circlet_count":0,"master_deck":["AscendersBane","Strike_G","Strike_G","Strike_G","Strike_G","Strike_G","Defend_G","Defend_G","Defend_G","Defend_G","Defend_G","Survivor","Neutralize+1","Predator","Deadly Poison","Skewer","Backflip","Poisoned Stab"],"relics":["Ring of the Snake","Incense Burner","Nunchaku","Paper Crane","Snake Skull"],"acts_visited":["Exordium"],"potions_floor_usage":[8,8],"damage_taken":[{"damage":7.0,"enemies":"Small Slimes","floor":1.0,"turns":4.0},{"damage":0.0,"enemies":"Cultist","floor":2.0,"turns":3.0},{"damage":4.0,"enemies":"Jaw Worm","floor":3.0,"turns":3.0},{"damage":10.0,"enemies":"Blue Slaver","floor":5.0,"turns":4.0},{"damage":30.0,"enemies":"Gremlin Nob","floor":6.0,"turns":4.0},{"damage":24,"enemies":"Lagavulin","floor":8,"turns":7},{"damage":18,"enemies":"3 Sentries","floor":11,"turns":4}],"seed_played":"4809154563202899420","potions_obtained":[{"floor":3.0,"key":"Strength Potion"},{"floor":5.0,"key":"Ancient Potion"},{"floor":6.0,"key":"LiquidMemories"}],"is_trial":false,"path_per_floor":["M","M","M","?","M","E","R","E","T","R","E"],"character_chosen":"THE_SILENT","items_purchased":[],"campfire_rested":2,"item_purchase_floors":[],"current_hp_per_floor":[52,52,48,48,38,8,26,2,2,20,2,2],"gold":286,"neow_bonus":"ONE_RARE_RELIC","is_daily":false,"chose_seed":false,"campfire_upgraded":0,"win_rate":0.0,"timestamp":1611035105,"path_taken":["M","M","M","?","M","E","R","E","T","R","E"],"items_purchased_type":[],"build_version":"2020-12-22","purchased_purges":0,"victory":false,"max_hp_per_floor":[60,60,60,60,60,60,60,60,60,60,60,60],"relic_stats":{"Nunchaku":[1],"counters":[7,29],"Snake Skull":[2],"obtain_stats":[{"Nunchaku":6,"Snake Skull":9,"Incense Burner":0,"Paper Crane":8,"Ring of the Snake":0},{"Nunchaku":5,"Snake Skull":6,"Incense Burner":0,"Paper Crane":6,"Ring of the Snake":0},{"Nunchaku":18,"Snake Skull":25,"Incense Burner":0,"Paper Crane":25,"Ring of the Snake":0}],"Ring of the Snake":[14]},"card_choices":[{"not_picked":["Backflip","Blur"],"picked":"Predator","floor":1.0},{"not_picked":["Acrobatics","Dodge and Roll"],"picked":"Deadly Poison","floor":2.0},{"not_picked":["Setup","Eviscerate","Expertise"],"picked":"SKIP","floor":3.0},{"not_picked":["Underhanded Strike","Accuracy"],"picked":"Skewer","floor":5.0},{"not_picked":["Escape Plan","Masterful Stab"],"picked":"Backflip","floor":6.0},{"not_picked":["Catalyst","Sucker Punch"],"picked":"Poisoned Stab","floor":8}],"player_experience":1347129,"relics_obtained":[{"floor":6.0,"key":"Nunchaku"},{"floor":8,"key":"Paper Crane"},{"floor":9,"key":"Snake Skull"}],"event_choices":[{"damage_healed":0.0,"max_hp_gain":0.0,"max_hp_loss":0.0,"gold_gain":0.0,"event_name":"Upgrade Shrine","player_choice":"Upgraded","floor":4.0,"gold_loss":0.0,"damage_taken":0.0,"cards_upgraded":["Neutralize"]}],"is_beta":false,"boss_relics":[],"items_purged_floors":[],"is_endless":false,"potions_floor_spawned":[3,5,6],"killed_by":"3 Sentries","ascension_level":20}}