{"host":"7fyy23rucerupe6i","time":1611043851,"event":{"mods":["AchievementEnabler","Act Like it!","BaseMod","BetterRewards","Colored Map","Colored Powertips","Conspire","Custom Start","Downfall","Marisa£®ÏF”Í°°ƒß¿Ì…≥£©","Minty Spire (QoL Compilation)","Quick Restart","Shop Mod","Spicy Shops","StSLib","SuperFastMode","The Factory","The Jungle","UnlockEverythingMod"],"gold_per_floor":[99,99,99,99,99,99,99,119,29,45,45,45],"floor_reached":11,"language":"ZHS","playtime":583,"items_purged":["Writhe"],"score":83,"play_id":"506bdbe9-f35a-4a1e-b08d-396ceeb3fc2c","local_time":"20210119161051","is_ascension_mode":true,"campfire_choices":[{"data":"UpSweep","floor":1,"key":"SMITH"}],"circlet_count":0,"master_deck":["Strike_MRS","Strike_MRS","Strike_MRS","Defend_MRS","Defend_MRS","MasterSpark","UpSweep+1","MagicAbsorber","OortCloud","PowerUp","OneTimeOff","GalacticHalo"],"relics":["MiniHakkero","downfall:HeartsMalice","CaptainsWheel"],"acts_visited":["Exordium"],"potions_floor_usage":[10],"damage_taken":[{"damage":0,"enemies":"Jaw Worm","floor":2,"turns":1},{"damage":0,"enemies":"Cultist","floor":4,"turns":1},{"damage":0,"enemies":"Small Slimes","floor":6,"turns":1},{"damage":5,"enemies":"Exordium Thugs","floor":8,"turns":4},{"damage":5,"enemies":"downfall:FleeingMerchant","floor":9,"turns":4},{"damage":1,"enemies":"3 Louse","floor":10,"turns":2},{"damage":20,"enemies":"Gremlin Nob","floor":11,"turns":5}],"seed_played":"5753712823848396256","potions_obtained":[{"floor":3,"key":"Ancient Potion"},{"floor":3,"key":"Guardian:BlockOnCardUsePotion"},{"floor":3,"key":"Fire Potion"},{"floor":10,"key":"FairyPotion"}],"is_trial":false,"path_per_floor":["R","M","?","M","?","M","T","M","$","M","E"],"character_chosen":"MARISA","items_purchased":[],"campfire_rested":0,"item_purchase_floors":[],"current_hp_per_floor":[68,68,68,68,68,68,68,63,58,57,37,37],"gold":45,"neow_bonus":"THREE_ENEMY_KILL","is_daily":false,"chose_seed":false,"campfire_upgraded":1,"win_rate":0.0,"timestamp":1611043851,"path_taken":["R","M","?","?","?","M","T","M","?","M","E"],"items_purchased_type":[],"build_version":"2020-12-22","purchased_purges":1,"victory":false,"max_hp_per_floor":[75,75,75,75,75,75,75,75,75,75,75,75],"card_choices":[{"not_picked":["UnstableBomb","GravityBeat"],"picked":"MagicAbsorber","floor":2},{"not_picked":["PropBag","ChargeUpSpray"],"picked":"OortCloud","floor":4},{"not_picked":["6A","SporeBomb"],"picked":"PowerUp","floor":6},{"not_picked":["EnergyFlow","ChargeUpSpray"],"picked":"OneTimeOff","floor":8},{"not_picked":["DC","PropBag"],"picked":"GalacticHalo","floor":9},{"not_picked":["ManaConvection","FinalSpark","PowerUp"],"picked":"SKIP","floor":10}],"player_experience":355333,"relics_obtained":[{"floor":7,"key":"CaptainsWheel"}],"event_choices":[{"damage_healed":0,"gold_gain":0,"player_choice":"Got Potions","damage_taken":0,"max_hp_gain":0,"max_hp_loss":0,"event_name":"Lab","floor":3,"gold_loss":0}],"is_beta":false,"boss_relics":[],"items_purged_floors":[9],"is_endless":false,"potions_floor_spawned":[10],"killed_by":"Gremlin Nob","ascension_level":8}}