{"host":"yuhy0i501zzmn1iz","time":1611071265,"event":{"mods":["AchievementEnabler","AlwaysNeverKeys","BaseMod","Bestiary","Better Match","Better Third Choice","Curses Come First","Downfall","Minty Spire (QoL Compilation)","StSLib","slay the spire mod where everything is the same but ironclad has a cowboy hat"],"gold_per_floor":[119,119,130,148,148,182,182,194,194,159,189,211,239,264,264,264,264],"floor_reached":16,"language":"ENG","playtime":544,"items_purged":[],"score":143,"play_id":"6b15f694-5b74-416a-a8e2-698f90b04da9","local_time":"20210119104745","is_ascension_mode":true,"campfire_choices":[{"data":"Entrench","floor":7,"key":"SMITH"},{"data":"Bludgeon","floor":15,"key":"SMITH"}],"circlet_count":0,"master_deck":["Strike_R","Strike_R","Strike_R","Strike_R","Strike_R","Defend_R","Defend_R","Defend_R","Defend_R","Bash","Bludgeon+1","Cleave","Inflame","Shrug It Off","Entrench+1","Body Slam","Intimidate","Fire Breathing","Carnage"],"relics":["Burning Blood","Oddly Smooth Stone","WingedGreaves","Bottled Flame","CeramicFish"],"acts_visited":["Exordium"],"potions_floor_usage":[16],"damage_taken":[{"damage":2,"enemies":"Jaw Worm","floor":1,"turns":4},{"damage":4,"enemies":"2 Louse","floor":3,"turns":3},{"damage":0,"enemies":"Cultist","floor":4,"turns":2},{"damage":34,"enemies":"Lagavulin","floor":6,"turns":5},{"damage":7,"enemies":"Looter","floor":8,"turns":3},{"damage":32,"enemies":"Gremlin Nob","floor":11,"turns":4},{"damage":12,"enemies":"Exordium Wildlife","floor":12,"turns":4},{"damage":9,"enemies":"Blue Slaver","floor":13,"turns":3},{"damage":18,"enemies":"Large Slime","floor":14,"turns":6},{"damage":30,"enemies":"Hexaghost","floor":16,"turns":7}],"seed_played":"-2838204109837700460","potions_obtained":[{"floor":1,"key":"PowerPotion"},{"floor":3,"key":"GamblersBrew"},{"floor":6,"key":"SteroidPotion"},{"floor":8,"key":"PowerPotion"}],"is_trial":false,"path_per_floor":["M","?","M","M","?","E","R","M","T","?","E","M","M","M","R","B"],"character_chosen":"IRONCLAD","items_purchased":[],"campfire_rested":0,"item_purchase_floors":[],"current_hp_per_floor":[80,85,85,85,85,57,57,56,56,77,51,45,42,30,30,0,0],"gold":264,"neow_bonus":"ONE_RANDOM_RARE_CARD","is_daily":false,"chose_seed":false,"campfire_upgraded":2,"win_rate":0.0,"timestamp":1611071265,"path_taken":["M","?","M","M","?","E","R","?","T","?","E","M","M","M","R","BOSS"],"items_purchased_type":[],"build_version":"2020-12-22","purchased_purges":0,"victory":false,"max_hp_per_floor":[80,85,85,85,85,85,85,85,85,85,85,85,85,85,85,85,85],"card_choices":[{"not_picked":["Dropkick","Wild Strike"],"picked":"Cleave","floor":1},{"not_picked":["Burning Pact","Twin Strike"],"picked":"Inflame","floor":3},{"not_picked":["Wild Strike","Thunderclap"],"picked":"Shrug It Off","floor":4},{"not_picked":["Body Slam","Intimidate"],"picked":"Entrench","floor":6},{"not_picked":["Cleave","Feel No Pain"],"picked":"Body Slam","floor":8},{"not_picked":["Iron Wave","Reckless Charge","Headbutt"],"picked":"SKIP","floor":11},{"not_picked":["Brutality","Heavy Blade"],"picked":"Intimidate","floor":12},{"not_picked":["Cleave","Armaments"],"picked":"Fire Breathing","floor":13},{"not_picked":["True Grit","Bloodletting"],"picked":"Carnage","floor":14}],"player_experience":303087,"relics_obtained":[{"floor":6,"key":"WingedGreaves"},{"floor":9,"key":"Bottled Flame"},{"floor":11,"key":"CeramicFish"}],"event_choices":[{"damage_healed":0,"gold_gain":0,"player_choice":"Donut","damage_taken":0,"max_hp_gain":5,"max_hp_loss":0,"event_name":"Big Fish","floor":2,"gold_loss":0},{"damage_healed":0,"gold_gain":0,"player_choice":"Gave Potion","damage_taken":0,"relics_obtained":["Oddly Smooth Stone"],"max_hp_gain":0,"max_hp_loss":0,"event_name":"WeMeetAgain","floor":5,"gold_loss":0},{"damage_healed":21,"gold_gain":0,"player_choice":"Healed","damage_taken":0,"max_hp_gain":0,"max_hp_loss":0,"event_name":"The Cleric","floor":10,"gold_loss":35}],"is_beta":false,"boss_relics":[],"items_purged_floors":[],"is_endless":false,"potions_floor_spawned":[1,3,6,8,13],"killed_by":"Hexaghost","ascension_level":5}}