{"host":"bf9sa99gaumonoeu","time":1611083495,"event":{"mods":["AchievementEnabler","Act Like it!","Aspiration","BaseMod","Bestiary","Better Note","Block Reminder","Colored Map","Colored Powertips","Fox Events","Friendly Minions","Gensokyo","GifTheSpireLib","Googly Eyes","Hallownest","Hermit","Highlight Path","Jorbs\u0027s Wanderer Trilogy","KinomotoSakuraMod(????)","Koishi","Marisa????????","Minty Spire (QoL Compilation)","Rare Cards Sparkle","Relic Stats","Remilia??????","Replay The Spire","Spire Arcade","StS++","StSLib","The Administrix","The Animator","The Blue Laboratory","The Bug Knight","The Construct","The Cursed","The Hierophant","The Mystic","The Necromancer","The Poker Player","The Runesmith","The Senshi","The Servant 0.9.4","ojb\u0027s Info Mod"],"gold_per_floor":[113,132,152,152,171,197,212,212,212,243,322,334,369,389,389,470,497,516,542,356,382,403,403,403],"floor_reached":23,"language":"ENG","playtime":3270,"items_purged":["Strike_G"],"score":434,"play_id":"2d157cf0-1fbe-4825-9f81-788648f65cec","local_time":"20210119171135","is_ascension_mode":true,"campfire_choices":[{"floor":8.0,"key":"REST"},{"floor":15.0,"key":"REST"}],"circlet_count":0,"master_deck":["AscendersBane","Defend_G","Defend_G","Defend_G","Defend_G","Defend_G","Survivor","Neutralize+1","Flying Knee","Dash","Bullet Time+1","Quick Slash","Well Laid Plans","ReplayTheSpireMod:Speed Training","Reflex","Tools of the Trade","Dodge and Roll","Acrobatics","Terror","Dagger Spray","Glass Knife","Storm of Steel+1","StSpp:ChainedTrap+1","Expertise+1","Acrobatics","PiercingWail+1","Dash","ReplayTheSpireMod:Scrap Shanks","Acrobatics","Die Die Die"],"relics":["Ring of the Snake","Iron Hammer","Bottled Tornado","Replay:Bottled Snecko","CeramicFish","Astrolabe"],"acts_visited":["Exordium","TheCity"],"potions_floor_usage":[],"damage_taken":[{"damage":6.0,"enemies":"Small Slimes","floor":1.0,"turns":4.0},{"damage":0.0,"enemies":"2 Louse","floor":2.0,"turns":3.0},{"damage":9.0,"enemies":"Jaw Worm","floor":3.0,"turns":4.0},{"damage":0.0,"enemies":"Gremlin Gang","floor":5.0,"turns":5.0},{"damage":15.0,"enemies":"Lagavulin","floor":6.0,"turns":8.0},{"damage":0.0,"enemies":"2 Fungi Beasts","floor":7.0,"turns":4.0},{"damage":3.0,"enemies":"3 Sentries","floor":10.0,"turns":10.0},{"damage":0.0,"enemies":"Lots of Slimes","floor":12.0,"turns":2.0},{"damage":4.0,"enemies":"Gremlin Nob","floor":13.0,"turns":4.0},{"damage":1.0,"enemies":"Gremlin Gang","floor":14.0,"turns":6.0},{"damage":7.0,"enemies":"Hexaghost","floor":16.0,"turns":12.0},{"damage":3.0,"enemies":"Shell Parasite","floor":18.0,"turns":5.0},{"damage":2.0,"enemies":"2 Thieves","floor":19.0,"turns":4.0},{"damage":8.0,"enemies":"Cultist and Chosen","floor":21.0,"turns":6.0},{"damage":34.0,"enemies":"Shelled Parasite and Fungi","floor":22.0,"turns":5.0},{"damage":23,"enemies":"Slavers","floor":23,"turns":5}],"seed_played":"1510221062977538293","potions_obtained":[{"floor":3.0,"key":"Ancient Potion"},{"floor":5.0,"key":"blueLaboratory:FruitPunch"},{"floor":7.0,"key":"Ancient Potion"},{"floor":10.0,"key":"blueLaboratory:Virophage"},{"floor":14.0,"key":"blueLaboratory:BubblePotion"},{"floor":16.0,"key":"LiquidMemories"},{"floor":19.0,"key":"ColorlessPotion"}],"is_trial":false,"path_per_floor":["M","M","M","?","M","E","M","R","T","E","?","M","E","M","R","B",null,"M","M","$","M","M","E"],"character_chosen":"THE_SILENT","items_purchased":["Dash","ReplayTheSpireMod:Scrap Shanks"],"campfire_rested":2,"item_purchase_floors":[20,20],"current_hp_per_floor":[53,53,44,44,44,31,31,51,51,48,26,26,22,21,41,34,60,57,55,55,47,13,0,0],"gold":403,"neow_bonus":"UPGRADE_CARD","is_daily":false,"chose_seed":false,"campfire_upgraded":0,"win_rate":0.0,"timestamp":1611083495,"path_taken":["M","M","M","?","M","E","M","R","T","E","?","M","E","M","R","BOSS","M","?","$","M","M","E"],"items_purchased_type":["Card","Card"],"build_version":"2020-12-22","purchased_purges":1,"victory":false,"max_hp_per_floor":[66,66,66,66,66,68,68,68,68,68,68,68,68,68,68,68,68,68,68,68,68,68,68,68],"relic_stats":{"counters":[16,87],"CeramicFish":108,"Astrolabe":["Storm of Steel","StSpp:ChainedTrap","Expertise"],"obtain_stats":[{"CeramicFish":13,"Astrolabe":17,"Iron Hammer":6,"Replay:Bottled Snecko":10,"Bottled Tornado":9,"Ring of the Snake":0},{"CeramicFish":9,"Astrolabe":11,"Iron Hammer":5,"Replay:Bottled Snecko":7,"Bottled Tornado":6,"Ring of the Snake":0},{"CeramicFish":44,"Astrolabe":62,"Iron Hammer":24,"Replay:Bottled Snecko":38,"Bottled Tornado":28,"Ring of the Snake":0}],"Ring of the Snake":[32]},"card_choices":[{"not_picked":["Outmaneuver","Backflip"],"picked":"Flying Knee","floor":1.0},{"not_picked":["Acrobatics","Underhanded Strike","StSpp:Throw"],"picked":"SKIP","floor":2.0},{"not_picked":["Slice","StSpp:Dive"],"picked":"Dash","floor":3.0},{"not_picked":["Cloak And Dagger","Well Laid Plans"],"picked":"Quick Slash","floor":5.0},{"not_picked":["Slice","Predator"],"picked":"Well Laid Plans","floor":6.0},{"not_picked":["ReplayTheSpireMod:Scrap Shanks","Quick Slash"],"picked":"ReplayTheSpireMod:Speed Training","floor":7.0},{"not_picked":["Bullet Time","Outmaneuver"],"picked":"Reflex","floor":10.0},{"not_picked":["Sucker Punch","StSpp:Throw"],"picked":"Tools of the Trade","floor":11.0},{"not_picked":["Finisher","Well Laid Plans"],"picked":"Dodge and Roll","floor":11.0},{"not_picked":["Slice","Terror"],"picked":"Acrobatics","floor":11.0},{"not_picked":["Dagger Throw","Expertise","StSpp:StrikeFirst"],"picked":"SKIP","floor":12.0},{"not_picked":["Underhanded Strike","Dodge and Roll"],"picked":"Terror","floor":13.0},{"not_picked":["Underhanded Strike","Poisoned Stab"],"picked":"Dagger Spray","floor":14.0},{"not_picked":["A Thousand Cuts","Doppelganger"],"picked":"Glass Knife","floor":16.0},{"not_picked":["StSpp:Throw+1","StSpp:PoisonousPunch"],"picked":"Acrobatics","floor":18.0},{"not_picked":["Flying Knee","Quick Slash"],"picked":"PiercingWail+1","floor":19.0},{"not_picked":["Slice","Dagger Throw"],"picked":"Acrobatics","floor":21.0},{"not_picked":["Dodge and Roll","StSpp:Dive"],"picked":"Die Die Die","floor":22.0}],"player_experience":992142,"relics_obtained":[{"floor":6.0,"key":"Iron Hammer"},{"floor":9.0,"key":"Bottled Tornado"},{"floor":10.0,"key":"Replay:Bottled Snecko"},{"floor":13.0,"key":"CeramicFish"}],"event_choices":[],"is_beta":false,"boss_relics":[{"not_picked":["ChewingGum","construct:WeddingRing"],"picked":"Astrolabe"}],"items_purged_floors":[20],"is_endless":false,"potions_floor_spawned":[3,5,7,10,14,16,19],"killed_by":"Slavers","ascension_level":20}}