{"host":"lnt5dzsuhru0aonl","time":1611047636,"event":{"mods":["2.2 Compatiblity","BaseMod","Colored Map","Colored Powertips","DeckTracker","Keyboard Shortcuts","Minty Spire (QoL Compilation)","Permanent Neow","StSLib","SuperFastMode","everything is the same but u backflip on backflip"],"gold_per_floor":[112,112,112,127,127,127,161,171,171,17,28,28,47,47,47,125,125,140,167,167,186,73,73,73,86,113,113,141,141,141],"floor_reached":29,"language":"KOR","playtime":794,"items_purged":["Strike_B"],"score":507,"play_id":"d8e06ad0-b92b-47f0-b2f3-7d459398bc47","local_time":"20210119181356","is_ascension_mode":true,"campfire_choices":[{"data":"Zap","floor":6.0,"key":"SMITH"},{"data":"Loop","floor":15.0,"key":"SMITH"},{"data":"Defragment","floor":23.0,"key":"SMITH"},{"floor":27,"key":"REST"}],"circlet_count":0,"master_deck":["AscendersBane","Strike_B","Strike_B","Defend_B","Defend_B","Defend_B","Defend_B","Zap+1","Dualcast","Lockon","Sweeping Beam","Reinforced Body","Loop+1","Cold Snap","Capacitor","Defragment+1","Biased Cognition","Stack","Go for the Eyes+1","Skim","Storm","Conserve Battery","Ball Lightning","Compile Driver","Consume"],"relics":["Cracked Core","Incense Burner","Mango","Prayer Wheel","Inserter","Bronze Scales","Oddly Smooth Stone","Girya"],"acts_visited":["Exordium","TheCity"],"potions_floor_usage":[28,28],"damage_taken":[{"damage":0.0,"enemies":"2 Louse","floor":1.0,"turns":2.0},{"damage":7.0,"enemies":"Small Slimes","floor":4.0,"turns":3.0},{"damage":16.0,"enemies":"Lagavulin","floor":7.0,"turns":5.0},{"damage":0.0,"enemies":"Jaw Worm","floor":8.0,"turns":3.0},{"damage":1.0,"enemies":"Exordium Wildlife","floor":11.0,"turns":2.0},{"damage":0.0,"enemies":"2 Fungi Beasts","floor":13.0,"turns":4.0},{"damage":28.0,"enemies":"The Guardian","floor":16.0,"turns":11.0},{"damage":27.0,"enemies":"Chosen","floor":18.0,"turns":6.0},{"damage":25.0,"enemies":"Spheric Guardian","floor":21.0,"turns":5.0},{"damage":8,"enemies":"Snecko","floor":25,"turns":8},{"damage":21,"enemies":"Book of Stabbing","floor":28,"turns":4}],"seed_played":"-3147934061190374902","potions_obtained":[{"floor":1.0,"key":"GamblersBrew"},{"floor":11.0,"key":"LiquidBronze"},{"floor":12.0,"key":"Swift Potion"},{"floor":16.0,"key":"SteroidPotion"},{"floor":25,"key":"AttackPotion"}],"is_trial":false,"path_per_floor":["M","?","?","M","?","R","E","M","T","$","M","?","M","$","R","B",null,"M","T","?","M","$","R","?","M","T","R","E","?"],"character_chosen":"DEFECT","items_purchased":["Capacitor","Storm","Conserve Battery"],"campfire_rested":1,"item_purchase_floors":[10,22,22],"current_hp_per_floor":[64,69,64,57,57,57,55,55,55,55,54,54,54,54,54,26,74,47,47,47,22,22,22,22,14,14,41,20,0,0],"gold":141,"neow_bonus":"THREE_CARDS","is_daily":false,"chose_seed":false,"campfire_upgraded":3,"win_rate":0.0,"timestamp":1611047636,"path_taken":["M","?","?","M","?","R","E","M","T","?","?","?","M","?","R","BOSS","M","?","?","?","$","R","?","M","T","R","E","?"],"items_purchased_type":["Card","Card","Card"],"build_version":"2020-12-22","purchased_purges":1,"victory":false,"max_hp_per_floor":[71,76,76,76,76,76,90,90,90,90,90,90,90,90,90,90,90,90,90,90,90,90,90,90,90,90,90,90,90,90],"card_choices":[{"not_picked":["Streamline","FTL"],"picked":"Lockon","floor":0.0},{"not_picked":["Scrape","Compile Driver"],"picked":"Sweeping Beam","floor":1.0},{"not_picked":["Turbo","Darkness"],"picked":"Reinforced Body","floor":4.0},{"not_picked":["Fission","Reprogram"],"picked":"Loop","floor":7.0},{"not_picked":["Stack","Self Repair"],"picked":"Cold Snap","floor":8.0},{"not_picked":["Rebound","Stack"],"picked":"Defragment","floor":11.0},{"not_picked":["Gash","Sweeping Beam","Steam"],"picked":"SKIP","floor":11.0},{"not_picked":["Stack","Consume","Streamline"],"picked":"SKIP","floor":13.0},{"not_picked":["Streamline","Static Discharge","Steam"],"picked":"SKIP","floor":13.0},{"not_picked":["All For One","Machine Learning"],"picked":"Biased Cognition","floor":16.0},{"not_picked":["Darkness","Steam","Stack+1"],"picked":"SKIP","floor":18.0},{"not_picked":["Capacitor","Rip and Tear","Force Field"],"picked":"SKIP","floor":18.0},{"not_picked":["Melter","FTL"],"picked":"Go for the Eyes+1","floor":21.0},{"not_picked":["Hello World","Genetic Algorithm"],"picked":"Skim","floor":21.0},{"not_picked":["Steam","Rainbow"],"picked":"Ball Lightning","floor":25},{"not_picked":["Steam","Streamline+1"],"picked":"Compile Driver","floor":25},{"not_picked":["Beam Cell+1","Sunder"],"picked":"Consume","floor":28}],"player_experience":692994,"relics_obtained":[{"floor":7.0,"key":"Mango"},{"floor":9.0,"key":"Prayer Wheel"},{"floor":19.0,"key":"Bronze Scales"},{"floor":26,"key":"Oddly Smooth Stone"},{"floor":28,"key":"Girya"}],"event_choices":[{"damage_healed":0.0,"max_hp_gain":5.0,"max_hp_loss":0.0,"gold_gain":0.0,"event_name":"Big Fish","player_choice":"Donut","floor":2.0,"gold_loss":0.0,"damage_taken":0.0},{"damage_healed":0.0,"max_hp_gain":0.0,"max_hp_loss":0.0,"gold_gain":0.0,"event_name":"Scrap Ooze","player_choice":"Success","floor":3.0,"gold_loss":0.0,"damage_taken":5.0,"relics_obtained":["Incense Burner"]},{"cards_removed":["Strike_B"],"damage_healed":0.0,"max_hp_gain":0.0,"max_hp_loss":0.0,"gold_gain":0.0,"event_name":"Living Wall","player_choice":"Forget","floor":5.0,"gold_loss":0.0,"damage_taken":0.0},{"damage_healed":0.0,"max_hp_gain":0.0,"max_hp_loss":0.0,"gold_gain":0.0,"event_name":"Lab","player_choice":"Got Potions","floor":12.0,"gold_loss":0.0,"damage_taken":0.0},{"damage_healed":0.0,"max_hp_gain":0.0,"max_hp_loss":0.0,"gold_gain":0.0,"event_name":"Match and Keep!","player_choice":"1 cards matched","floor":20.0,"gold_loss":0.0,"damage_taken":0.0,"cards_obtained":["Stack"]},{"damage_healed":0,"gold_gain":0,"player_choice":"Ignored","damage_taken":0,"max_hp_gain":0,"max_hp_loss":0,"event_name":"The Mausoleum","floor":24,"gold_loss":0}],"is_beta":false,"boss_relics":[{"not_picked":["Tiny House","Fusion Hammer"],"picked":"Inserter"}],"items_purged_floors":[10],"is_endless":false,"potions_floor_spawned":[1,11,16,25],"ascension_level":20}}