{"host":"pyvqvk2ltcevcwmf","time":1611060101,"event":{"mods":["BaseMod","BetterRewards","Good Game Mod","Marisa£®ÏF”Í°°ƒß¿Ì…≥£©","Minty Spire (QoL Compilation)","Rare Cards Sparkle","Shop Mod","Spicy Shops","StSLib","The Alterego","The Servant 0.9.4","Youmu£®ªÍ∆«—˝√Œ£©"],"gold_per_floor":[113,113,113,113,41,84,84,120,120,132,158,198,198,141,141,255,282,304,313,339,339,339,380,380,389,389,420,45,86,86,122,122,230,289,320,349,358,382,61,61,124,164,188,188,234,275,310,356,356,361,361,361,33,80,85],"floor_reached":56,"language":"ZHS","playtime":4941,"items_purged":[],"score":1582,"play_id":"e5f81d35-48cb-4c79-ab36-0626da54ce28","local_time":"20210119204141","is_ascension_mode":true,"campfire_choices":[{"floor":7.0,"key":"REST"},{"data":"alterego_mod:IndependentAction","floor":13.0,"key":"SMITH"},{"data":"alterego_mod:SakuraPetals","floor":15.0,"key":"SMITH"},{"data":"alterego_mod:GIGAMILK","floor":24.0,"key":"SMITH"},{"data":"alterego_mod:BigMeatyClaws","floor":30.0,"key":"SMITH"},{"data":"alterego_mod:Alter+1","floor":32.0,"key":"PURGE"},{"floor":40,"key":"RECALL"},{"data":"alterego_mod:Clap","floor":44,"key":"SMITH"},{"data":"alterego_mod:Belts","floor":49,"key":"SMITH"},{"data":"alterego_mod:Impale","floor":52,"key":"SMITH"}],"circlet_count":0,"master_deck":["alterego_mod:Strike","alterego_mod:Defend","alterego_mod:Defend+1","alterego_mod:Impale+1","alterego_mod:BigMeatyClaws+1","alterego_mod:BrynhildrsRune","TreasureHunter+1","Parasite","Mayhem+1","alterego_mod:Undulate+1","alterego_mod:RidiculouslyBig+1","alterego_mod:MagicResistance","alterego_mod:Rip","alterego_mod:SakuraPetals+1","alterego_mod:BustOut","alterego_mod:DeftHands","alterego_mod:Belts+1","alterego_mod:IndependentAction+1","alterego_mod:Stockings+1","alterego_mod:1TonWallop+1","alterego_mod:Cooking","alterego_mod:GIGAMILK+1","alterego_mod:PresenceConcealment+1","alterego_mod:SakuraPetals+1","alterego_mod:TrashNCrash","Necronomicurse","alterego_mod:Clones","alterego_mod:Skirt+1","alterego_mod:GoddessCore+1","alterego_mod:RidiculouslyBig","alterego_mod:1TonWallop+1","alterego_mod:ChallengeComplete","alterego_mod:PainIsPleasure+1","alterego_mod:Rip","alterego_mod:IndependentAction+1","alterego_mod:Stockings+1","alterego_mod:Lingerie+1","alterego_mod:Belle+1","alterego_mod:Rake+1","alterego_mod:Cooking","alterego_mod:SakuraPetals+1","alterego_mod:DiscoLights+1","alterego_mod:Clap+1","alterego_mod:GoddessCore+1","alterego_mod:Venus+1","alterego_mod:TrashNCrash+1","alterego_mod:GoddessCore+1","alterego_mod:Undulate+1","alterego_mod:Belts+1","alterego_mod:GoddessCore+1"],"relics":["alterego_mod:MasochisticConstitution","REME:ComplimentaryCards","Oddly Smooth Stone","CeramicFish","Regal Pillow","Lantern","Peace Pipe","Molten Egg 2","Ancient Tea Set","FossilizedHelix","Necronomicon","Anchor","Thread and Needle","Eternal Feather","Prayer Wheel","Boot","Membership Card","MerchantsRug","Bottled Tornado","Bottled Lightning","Chemical X","Bag of Marbles","Torii","Tiny House","Du-Vu Doll","Sundial","Pen Nib","Calipers","Dead Branch","MealTicket","Blue Candle","Bird Faced Urn","alterego_mod:SistersRibbon","Akabeko"],"acts_visited":["Exordium","TheCity","TheBeyond","TheEnding"],"potions_floor_usage":[47],"damage_taken":[{"damage":10.0,"enemies":"2 Louse","floor":1.0,"turns":4.0},{"damage":26.0,"enemies":"Lagavulin","floor":6.0,"turns":11.0},{"damage":17.0,"enemies":"3 Sentries","floor":8.0,"turns":11.0},{"damage":0.0,"enemies":"Jaw Worm","floor":10.0,"turns":4.0},{"damage":0.0,"enemies":"Cultist","floor":11.0,"turns":5.0},{"damage":17.0,"enemies":"Gremlin Nob","floor":12.0,"turns":5.0},{"damage":14.0,"enemies":"The Guardian","floor":16.0,"turns":11.0},{"damage":0.0,"enemies":"Chosen","floor":18.0,"turns":6.0},{"damage":15.0,"enemies":"2 Thieves","floor":20.0,"turns":2.0},{"damage":11.0,"enemies":"Slavers","floor":23.0,"turns":4.0},{"damage":4.0,"enemies":"Book of Stabbing","floor":27.0,"turns":4.0},{"damage":0.0,"enemies":"Slavers","floor":29.0,"turns":2.0},{"damage":0.0,"enemies":"Cultist and Chosen","floor":31.0,"turns":5.0},{"damage":0,"enemies":"Collector","floor":33,"turns":6},{"damage":0,"enemies":"3 Darklings","floor":35,"turns":3},{"damage":0,"enemies":"Orb Walker","floor":36,"turns":3},{"damage":3,"enemies":"3 Darklings","floor":38,"turns":3},{"damage":5,"enemies":"2 Orb Walkers","floor":41,"turns":4},{"damage":39,"enemies":"Reptomancer","floor":42,"turns":6},{"damage":31,"enemies":"Maw","floor":46,"turns":5},{"damage":3,"enemies":"Transient","floor":47,"turns":5},{"damage":13,"enemies":"Nemesis","floor":48,"turns":4},{"damage":0,"enemies":"Awakened One","floor":50,"turns":9},{"damage":64,"enemies":"Shield and Spear","floor":54,"turns":5},{"damage":10,"enemies":"The Heart","floor":55,"turns":8}],"seed_played":"5337398543080784429","potions_obtained":[{"floor":10.0,"key":"LiquidMemories"},{"floor":11.0,"key":"Swift Potion"},{"floor":12.0,"key":"ColorlessPotion"},{"floor":20.0,"key":"Energy Potion"},{"floor":23.0,"key":"SneckoOil"},{"floor":29.0,"key":"EssenceOfSteel"},{"floor":33,"key":"DuplicationPotion"}],"is_trial":false,"path_per_floor":["M","?","?","?","$","E","R","E","T","M","M","E","R","$","R","B",null,"M","?","M","T","?","E","R","?","T","E","$","E","R","M","R","B",null,"M","M","?","M","$","R","?","E","T","R","T","M","M","E","R","B",null,"R","$","E","B",null],"character_chosen":"The_Alterego","items_purchased":["Oddly Smooth Stone","alterego_mod:1TonWallop+1","alterego_mod:Cooking","Membership Card","MerchantsRug","Bottled Tornado","Bottled Lightning","Chemical X","Du-Vu Doll","Sundial","alterego_mod:SakuraPetals+1","Pen Nib","Blue Candle","Bird Faced Urn","alterego_mod:SistersRibbon","alterego_mod:Belts+1"],"campfire_rested":1,"item_purchase_floors":[5,14,14,28,28,28,28,28,39,39,39,39,53,53,53,53],"current_hp_per_floor":[71,57,57,57,57,32,68,66,66,66,66,50,50,50,50,40,75,75,59,45,45,45,38,56,56,56,60,60,60,78,81,85,85,90,90,90,90,91,91,91,92,70,70,93,93,69,88,79,96,96,96,96,96,36,45],"gold":85,"neow_bonus":"RANDOM_COLORLESS_2","is_daily":false,"chose_seed":false,"campfire_upgraded":7,"win_rate":0.0,"timestamp":1611060101,"path_taken":["M","?","?","?","?","E","R","E","T","M","M","E","R","$","R","BOSS","M","?","M","?","?","E","R","?","T","E","$","E","R","M","R","BOSS","M","M","?","M","?","R","?","E","T","R","?","?","M","E","R","BOSS","R","$","E","BOSS"],"items_purchased_type":["Relic","Card","Card","Relic","Relic","Relic","Relic","Relic","Relic","Relic","Card","Relic","Relic","Relic","Relic","Card"],"build_version":"2020-12-22","purchased_purges":0,"victory":true,"max_hp_per_floor":[71,71,71,71,71,72,72,73,73,73,73,74,74,74,74,75,75,75,75,76,76,76,77,77,77,77,85,85,85,85,85,85,85,90,90,90,90,91,91,91,92,93,93,93,93,94,95,96,96,96,96,96,96,97,98],"card_choices":[{"not_picked":["Magnetism","Metamorphosis"],"picked":"Mayhem","floor":0.0},{"not_picked":["alterego_mod:HighServant","alterego_mod:RidiculouslyBig"],"picked":"alterego_mod:Undulate","floor":1.0},{"not_picked":["alterego_mod:SideboobHour","alterego_mod:GoddessCore"],"picked":"alterego_mod:DeftHands","floor":6.0},{"not_picked":["alterego_mod:BoobPocket","alterego_mod:Pet"],"picked":"alterego_mod:Belts","floor":8.0},{"not_picked":["alterego_mod:Cooking","alterego_mod:MagicResistance","alterego_mod:Complex+1"],"picked":"SKIP","floor":10.0},{"not_picked":["alterego_mod:Complex+1","alterego_mod:Bounce+1"],"picked":"alterego_mod:IndependentAction","floor":11.0},{"not_picked":["alterego_mod:Valentines","alterego_mod:BiFurious+1"],"picked":"alterego_mod:Stockings+1","floor":12.0},{"not_picked":["alterego_mod:VirginLaserPalladion+1","alterego_mod:ClassAdvantage"],"picked":"alterego_mod:GIGAMILK","floor":16.0},{"not_picked":["alterego_mod:BiFurious+1","alterego_mod:BeGentle"],"picked":"alterego_mod:TrashNCrash","floor":18.0},{"not_picked":["alterego_mod:Mirror","alterego_mod:DestructionOfProperty+1"],"picked":"alterego_mod:Clones","floor":20.0},{"not_picked":["alterego_mod:SideboobHour+1","alterego_mod:Clones"],"picked":"alterego_mod:Skirt+1","floor":23.0},{"not_picked":["alterego_mod:Cycle","alterego_mod:PerceptionDisorder+1","alterego_mod:BreastValley"],"picked":"SKIP","floor":27.0},{"not_picked":["alterego_mod:Jiggle","alterego_mod:Complex+1"],"picked":"alterego_mod:RidiculouslyBig","floor":29.0},{"not_picked":["alterego_mod:Pet","alterego_mod:DustData+1"],"picked":"alterego_mod:1TonWallop+1","floor":31.0},{"not_picked":["alterego_mod:Maid+1","alterego_mod:Jiggle+1"],"picked":"alterego_mod:ChallengeComplete","floor":31.0},{"not_picked":["alterego_mod:BrynhildrRomantia+1","alterego_mod:GIGAMILK"],"picked":"alterego_mod:PainIsPleasure","floor":33},{"not_picked":["alterego_mod:Crossover","alterego_mod:Pet"],"picked":"alterego_mod:Rip","floor":34},{"not_picked":["alterego_mod:Undulate","alterego_mod:BiFurious+1"],"picked":"alterego_mod:IndependentAction+1","floor":35},{"not_picked":["alterego_mod:DeftHands+1","alterego_mod:TrickOrTreatment"],"picked":"alterego_mod:Stockings+1","floor":35},{"not_picked":["alterego_mod:1TonWallop+1","alterego_mod:MagicResistance+1"],"picked":"alterego_mod:Lingerie+1","floor":36},{"not_picked":["alterego_mod:SuperDuperMasochism+1","alterego_mod:Maid+1"],"picked":"alterego_mod:Belle+1","floor":36},{"not_picked":["alterego_mod:Jiggle+1","alterego_mod:Bloomers"],"picked":"alterego_mod:Cooking","floor":38},{"not_picked":["alterego_mod:DestructionOfProperty","alterego_mod:Punishment+1","alterego_mod:PerceptionDisorder+1"],"picked":"SKIP","floor":38},{"not_picked":["alterego_mod:Cushion","alterego_mod:Crossover"],"picked":"alterego_mod:DiscoLights+1","floor":41},{"not_picked":["alterego_mod:PurpleHair+1","alterego_mod:Cycle+1"],"picked":"alterego_mod:Clap","floor":42},{"not_picked":["alterego_mod:Pet","alterego_mod:Punishment+1"],"picked":"alterego_mod:GoddessCore+1","floor":46},{"not_picked":["alterego_mod:BoobPocket","alterego_mod:Bloomers"],"picked":"alterego_mod:Venus+1","floor":46},{"not_picked":["alterego_mod:GachaTicket","alterego_mod:Complex+1"],"picked":"alterego_mod:TrashNCrash+1","floor":47},{"not_picked":["alterego_mod:1TonWallop+1","alterego_mod:Bounce+1"],"picked":"alterego_mod:GoddessCore+1","floor":47},{"not_picked":["alterego_mod:Rake+1","alterego_mod:Maid+1"],"picked":"alterego_mod:Undulate+1","floor":48},{"not_picked":["alterego_mod:Bloomers+1","alterego_mod:SuperDuperMasochism"],"picked":"alterego_mod:GoddessCore+1","floor":54}],"player_experience":230267,"relics_obtained":[{"floor":6.0,"key":"CeramicFish"},{"floor":6.0,"key":"Regal Pillow"},{"floor":8.0,"key":"Lantern"},{"floor":8.0,"key":"Peace Pipe"},{"floor":9.0,"key":"Molten Egg 2"},{"floor":12.0,"key":"Ancient Tea Set"},{"floor":12.0,"key":"Matryoshka"},{"floor":16.0,"key":"FossilizedHelix"},{"floor":19.0,"key":"Necronomicon"},{"floor":21.0,"key":"Anchor"},{"floor":21.0,"key":"Thread and Needle"},{"floor":23.0,"key":"Eternal Feather"},{"floor":23.0,"key":"Prayer Wheel"},{"floor":26.0,"key":"Boot"},{"floor":26.0,"key":"War Paint"},{"floor":27.0,"key":"Strawberry"},{"floor":29.0,"key":"Bag of Marbles"},{"floor":33,"key":"Torii"},{"floor":41,"key":"Calipers"},{"floor":42,"key":"Dead Branch"},{"floor":45,"key":"Dream Catcher"},{"floor":48,"key":"MealTicket"},{"floor":54,"key":"Akabeko"}],"event_choices":[{"damage_healed":0.0,"max_hp_gain":0.0,"max_hp_loss":0.0,"gold_gain":0.0,"event_name":"Shining Light","player_choice":"Entered Light","floor":2.0,"gold_loss":0.0,"damage_taken":14.0,"cards_upgraded":["TreasureHunter","alterego_mod:Defend"]},{"damage_healed":0.0,"max_hp_gain":0.0,"max_hp_loss":0.0,"gold_gain":0.0,"event_name":"Living Wall","player_choice":"Grow","floor":3.0,"gold_loss":0.0,"damage_taken":0.0,"cards_upgraded":["Mayhem"]},{"damage_healed":0.0,"max_hp_gain":0.0,"max_hp_loss":0.0,"gold_gain":0.0,"event_name":"Cursed Tome","player_choice":"Obtained Book","floor":19.0,"gold_loss":0.0,"damage_taken":16.0},{"cards_removed":["alterego_mod:Defend"],"damage_healed":0.0,"max_hp_gain":0.0,"max_hp_loss":0.0,"gold_gain":0.0,"event_name":"Back to Basics","player_choice":"Elegance","floor":22.0,"gold_loss":0.0,"damage_taken":0.0},{"damage_healed":0.0,"max_hp_gain":0.0,"max_hp_loss":0.0,"gold_gain":0.0,"event_name":"The Library","player_choice":"Read","floor":25.0,"gold_loss":0.0,"damage_taken":0.0,"cards_obtained":["alterego_mod:GoddessCore"]},{"damage_healed":0,"gold_gain":0,"cards_transformed":["alterego_mod:Strike"],"player_choice":"Transformed","damage_taken":0,"max_hp_gain":0,"max_hp_loss":0,"event_name":"Transmorgrifier","floor":37,"gold_loss":0,"cards_obtained":["alterego_mod:Rake"]},{"damage_healed":0,"gold_gain":0,"player_choice":"Fight","damage_taken":0,"max_hp_gain":0,"max_hp_loss":0,"event_name":"Mysterious Sphere","floor":41,"gold_loss":0}],"is_beta":false,"boss_relics":[{"not_picked":["Fusion Hammer","Cursed Key"],"picked":"Astrolabe"},{"not_picked":["Calling Bell","Empty Cage"],"picked":"Tiny House"}],"items_purged_floors":[],"is_endless":false,"potions_floor_spawned":[10,11,12,20,23,29,33,36,42],"ascension_level":1}}