{"host":"f5mjulaw5aqlqmd7","time":1611034892,"event":{"mods":["Act Like it!","BaseMod","Colored Map","GifTheSpireLib","Hallownest","Minty Spire (QoL Compilation)","StSLib","The Bug Knight"],"gold_per_floor":[116,30,30,30,30,60,60,93,93,112,127,140,140,44,44,140,190,175,188,207,226,226,226,57,57,57],"floor_reached":25,"language":"ENG","playtime":2285,"items_purged":[],"score":286,"play_id":"123f4a6c-2cf6-4099-b985-8cca835da980","local_time":"20210119004132","is_ascension_mode":false,"campfire_choices":[{"data":"Bandage Up","floor":7,"key":"SMITH"},{"data":"HollowMod:ShadowDash","floor":13,"key":"SMITH"},{"data":"HollowMod:ShadowDash","floor":15,"key":"SMITH"},{"floor":23,"key":"REST"}],"circlet_count":0,"master_deck":["HollowMod:NailStrikeStart","HollowMod:NailStrikeStart","HollowMod:NailStrikeStart","HollowMod:NailStrikeStart","HollowMod:QuickDashStart","HollowMod:QuickDashStart+1","HollowMod:QuickDashStart","HollowMod:QuickDashStart","HollowMod:FocusHealStart","HollowMod:PogoStrike","HollowMod:ShadowDash+1","Bandage Up+1","HollowMod:ShadowDash+1","HollowMod:LordofShades","HollowMod:FastStrike","HollowMod:DoubleDash","HollowMod:HuntersJournal","HollowMod:WraithStrike","HollowMod:CloakDash","HollowMod:DescendingDark","HollowMod:FallenFury+1","HollowMod:ShadowDash","HollowMod:FallenFury+1","HollowMod:VengefulVoid","HollowMod:ShadowDash","HollowMod:DescendingDark","Good Instincts"],"relics":["HollowMod:VesselMask","NeowsBlessing","Ice Cream","HollowMod:LumaflyLanternRelic","FossilizedHelix","Tiny House"],"acts_visited":["Exordium","TheCity"],"potions_floor_usage":[25],"damage_taken":[{"damage":0,"enemies":"Cultist","floor":1,"turns":1},{"damage":0,"enemies":"Gremlin Nob","floor":6,"turns":1},{"damage":0,"enemies":"HollowMod:MossKnight","floor":8,"turns":1},{"damage":0,"enemies":"2 Louse","floor":10,"turns":4},{"damage":3,"enemies":"Small Slimes","floor":11,"turns":4},{"damage":29,"enemies":"Exordium Wildlife","floor":12,"turns":7},{"damage":24,"enemies":"The Guardian","floor":16,"turns":10},{"damage":22,"enemies":"2 Thieves","floor":18,"turns":5},{"damage":14,"enemies":"Chosen","floor":19,"turns":8},{"damage":16,"enemies":"Centurion and Healer","floor":20,"turns":10},{"damage":44,"enemies":"Snecko","floor":21,"turns":8},{"damage":44,"enemies":"3 Cultists","floor":25,"turns":4}],"seed_played":"-2635078131530248211","potions_obtained":[{"floor":8,"key":"PowerPotion"},{"floor":10,"key":"Explosive Potion"},{"floor":16,"key":"LiquidMemories"}],"is_trial":false,"path_per_floor":["M","$","?","$","?","E","R","E","T","M","M","M","R","$","R","B",null,"M","M","M","M","?","R","$","M"],"character_chosen":"THE_BUGKNIGHT","items_purchased":["Bandage Up","HollowMod:WraithStrike","HollowMod:CloakDash","HollowMod:ShadowDash","HollowMod:DescendingDark","Good Instincts"],"campfire_rested":1,"item_purchase_floors":[2,14,14,24,24,24],"current_hp_per_floor":[75,75,75,75,75,75,75,75,75,75,75,58,58,58,58,40,80,64,56,46,8,8,32,32,0,0],"gold":57,"neow_bonus":"THREE_ENEMY_KILL","is_daily":false,"chose_seed":false,"campfire_upgraded":3,"win_rate":0.0,"timestamp":1611034892,"path_taken":["M","$","?","$","?","E","R","E","T","M","M","M","R","$","R","BOSS","M","M","M","M","?","R","$","M"],"items_purchased_type":["Card","Card","Card","Card","Card","Card"],"build_version":"2020-12-22","purchased_purges":0,"victory":false,"max_hp_per_floor":[75,75,75,75,75,75,75,75,75,75,75,75,75,75,75,75,80,80,80,80,80,80,80,80,80,80],"card_choices":[{"not_picked":["HollowMod:HowlingWraiths","HollowMod:MonarchWings"],"picked":"HollowMod:ShadowDash","floor":1},{"not_picked":["HollowMod:SoulSplash","HollowMod:InfectedAttack"],"picked":"HollowMod:ShadowDash","floor":6},{"not_picked":["HollowMod:SharpenedShadows","HollowMod:ShapeofUnn"],"picked":"HollowMod:LordofShades","floor":8},{"not_picked":["HollowMod:FallenFury","HollowMod:HowlingWraiths"],"picked":"HollowMod:FastStrike","floor":10},{"not_picked":["HollowMod:LifebloodCocoon","HollowMod:MawleksShell"],"picked":"HollowMod:DoubleDash","floor":11},{"not_picked":["HollowMod:NewGlowingWomb","HollowMod:SharpenedNail"],"picked":"HollowMod:HuntersJournal","floor":12},{"not_picked":["HollowMod:InfectedCysts","HollowMod:CornifersMapStart"],"picked":"HollowMod:DescendingDark","floor":17},{"not_picked":["HollowMod:NewLittleFool","HollowMod:ChannelNail+1"],"picked":"HollowMod:FallenFury+1","floor":18},{"not_picked":["HollowMod:HuntersJournal","HollowMod:BrokenVessel"],"picked":"HollowMod:ShadowDash","floor":19},{"not_picked":["HollowMod:TaintedHusks+1","HollowMod:SoulEater+1"],"picked":"HollowMod:FallenFury+1","floor":20},{"not_picked":["HollowMod:ShapeofUnn","HollowMod:SoulEater"],"picked":"HollowMod:VengefulVoid","floor":21}],"player_experience":41382,"relics_obtained":[{"floor":6,"key":"Ice Cream"},{"floor":8,"key":"HollowMod:LumaflyLanternRelic"},{"floor":9,"key":"FossilizedHelix"}],"event_choices":[{"damage_healed":0,"gold_gain":0,"player_choice":"Ignored","damage_taken":0,"max_hp_gain":0,"max_hp_loss":0,"event_name":"Shining Light","floor":5,"gold_loss":0}],"is_beta":false,"boss_relics":[{"not_picked":["Empty Cage","SacredBark"],"picked":"Tiny House"}],"items_purged_floors":[],"is_endless":false,"potions_floor_spawned":[8,10,16,18,19,20],"killed_by":"3 Cultists","ascension_level":0}}