{"host":"e2ju6k0wppswbhbd","time":1611066614,"event":{"mods":["BaseMod","Minty Spire (QoL Compilation)","Rare Cards Sparkle","StSLib"],"gold_per_floor":[114,114,131,147,165,165,180,200,200,213,242,257,283,30,30,127,127,147,147,147,167,178,178,213,213,240,272,272,289,301,31,31,127,127,137,153,0,0,15,42,60,60,60,60,90,101,132,132,132,132,132],"floor_reached":50,"language":"FRA","playtime":6786,"items_purged":["Defend_P","Strike_P","Defend_P"],"score":661,"play_id":"dafe8e3e-6a2d-4d26-b892-defb84c95696","local_time":"20210119153014","is_ascension_mode":false,"campfire_choices":[{"floor":6.0,"key":"RECALL"},{"data":"Eruption","floor":15.0,"key":"SMITH"},{"data":"Conclude","floor":23.0,"key":"SMITH"},{"data":"Protect","floor":25.0,"key":"SMITH"},{"data":"Pray","floor":28.0,"key":"SMITH"},{"data":"Crescendo","floor":32.0,"key":"SMITH"},{"floor":42.0,"key":"REST"},{"floor":49,"key":"REST"}],"circlet_count":0,"master_deck":["Strike_P+1","Strike_P+1","Defend_P+1","Eruption+1","Vigilance+1","Consecrate","ClearTheMind+1","Crescendo+1","FlyingSleeves+1","Conclude+1","EmptyBody","DeceiveReality+1","Protect+1","CarveReality+1","FollowUp+1","SandsOfTime+1","LessonLearned+1","Brilliance+1","EmptyFist+1","Eruption+1","Pray+1","Pray+1","Adaptation+1","Prostrate","Dark Shackles","FearNoEvil+1","Establishment","Evaluate","LikeWater","ReachHeaven+1","Protect+1","WaveOfTheHand+1","CutThroughFate+1","JustLucky+1"],"relics":["HolyWater","Eternal Feather","Molten Egg 2","Meat on the Bone","Membership Card","Singing Bowl","Pen Nib","Sundial","Happy Flower","Toolbox","Fusion Hammer","Ginger","Letter Opener","Mercury Hourglass","Strawberry"],"acts_visited":["Exordium","TheCity","TheBeyond"],"potions_floor_usage":[50],"damage_taken":[{"damage":0.0,"enemies":"Small Slimes","floor":1.0,"turns":4.0},{"damage":1.0,"enemies":"Cultist","floor":3.0,"turns":5.0},{"damage":0.0,"enemies":"Jaw Worm","floor":4.0,"turns":4.0},{"damage":1.0,"enemies":"2 Fungi Beasts","floor":5.0,"turns":3.0},{"damage":12.0,"enemies":"Exordium Thugs","floor":7.0,"turns":3.0},{"damage":0.0,"enemies":"Large Slime","floor":8.0,"turns":3.0},{"damage":0.0,"enemies":"Gremlin Gang","floor":10.0,"turns":3.0},{"damage":3.0,"enemies":"3 Sentries","floor":11.0,"turns":12.0},{"damage":0.0,"enemies":"2 Fungi Beasts","floor":12.0,"turns":3.0},{"damage":0.0,"enemies":"Gremlin Nob","floor":13.0,"turns":2.0},{"damage":6.0,"enemies":"The Guardian","floor":16.0,"turns":11.0},{"damage":0.0,"enemies":"Shell Parasite","floor":18.0,"turns":4.0},{"damage":16.0,"enemies":"2 Thieves","floor":21.0,"turns":4.0},{"damage":22.0,"enemies":"Shelled Parasite and Fungi","floor":22.0,"turns":3.0},{"damage":4.0,"enemies":"Book of Stabbing","floor":24.0,"turns":4.0},{"damage":7.0,"enemies":"Gremlin Leader","floor":27.0,"turns":5.0},{"damage":0.0,"enemies":"Snecko","floor":29.0,"turns":3.0},{"damage":0.0,"enemies":"Centurion and Healer","floor":30.0,"turns":5.0},{"damage":56.0,"enemies":"Champ","floor":33.0,"turns":10.0},{"damage":0.0,"enemies":"Orb Walker","floor":35.0,"turns":2.0},{"damage":0.0,"enemies":"3 Darklings","floor":36.0,"turns":3.0},{"damage":1.0,"enemies":"Maw","floor":39.0,"turns":6.0},{"damage":44.0,"enemies":"Nemesis","floor":40.0,"turns":5.0},{"damage":45.0,"enemies":"4 Shapes","floor":41.0,"turns":5.0},{"damage":33.0,"enemies":"Giant Head","floor":45.0,"turns":7.0},{"damage":1.0,"enemies":"Jaw Worm Horde","floor":46.0,"turns":3.0},{"damage":37.0,"enemies":"Nemesis","floor":47.0,"turns":7.0},{"damage":75,"enemies":"Awakened One","floor":50,"turns":7}],"seed_played":"-3725238817719537972","potions_obtained":[{"floor":4.0,"key":"SteroidPotion"},{"floor":7.0,"key":"DistilledChaos"},{"floor":11.0,"key":"Weak Potion"},{"floor":12.0,"key":"BlessingOfTheForge"},{"floor":16.0,"key":"AttackPotion"},{"floor":21.0,"key":"Swift Potion"},{"floor":22.0,"key":"Strength Potion"},{"floor":24.0,"key":"FearPotion"},{"floor":27.0,"key":"Ancient Potion"},{"floor":29.0,"key":"Energy Potion"},{"floor":35.0,"key":"EssenceOfSteel"},{"floor":39.0,"key":"Block Potion"},{"floor":41.0,"key":"Block Potion"},{"floor":47.0,"key":"StancePotion"}],"is_trial":false,"path_per_floor":["M","?","M","M","M","R","M","M","T","M","E","M","E","$","R","B",null,"M","?","?","M","M","R","E","R","T","E","R","M","M","$","R","B",null,"M","M","$","?","M","E","M","R","T","?","E","M","E","?","R","B"],"character_chosen":"WATCHER","items_purchased":["Membership Card","LessonLearned+1","Dark Shackles","FearNoEvil+1","Happy Flower","Toolbox","LikeWater","ReachHeaven+1","Protect"],"campfire_rested":2,"item_purchase_floors":[14,14,31,31,31,31,37,37,37],"current_hp_per_floor":[72,72,71,71,70,70,58,58,58,58,55,55,55,55,67,61,72,72,72,72,56,48,63,59,74,74,69,76,76,76,76,76,32,76,76,78,78,78,79,47,16,58,58,50,31,42,24,24,69,0,0],"gold":132,"neow_bonus":"TRANSFORM_CARD","is_daily":false,"chose_seed":false,"campfire_upgraded":5,"win_rate":0.0,"timestamp":1611066614,"path_taken":["M","?","M","?","M","R","M","M","T","M","E","M","E","$","R","BOSS","M","?","?","M","?","R","E","R","T","E","R","M","M","$","R","BOSS","M","M","$","?","?","E","M","R","T","?","E","?","E","?","R","BOSS"],"items_purchased_type":["Relic","Card","Card","Card","Relic","Relic","Card","Card","Card"],"build_version":"2020-12-22","purchased_purges":3,"victory":false,"max_hp_per_floor":[72,72,72,72,72,72,72,72,72,72,72,72,72,72,72,72,72,72,72,72,72,74,74,74,74,74,76,76,76,76,76,76,76,76,76,78,78,78,80,80,82,82,82,82,84,84,91,91,91,91,91],"card_choices":[{"not_picked":["Evaluate","Worship"],"picked":"ClearTheMind","floor":1.0},{"not_picked":["Evaluate","ClearTheMind"],"picked":"Crescendo","floor":3.0},{"not_picked":["Consecrate","CrushJoints"],"picked":"FlyingSleeves","floor":4.0},{"not_picked":["Crescendo","BowlingBash"],"picked":"Conclude","floor":5.0},{"not_picked":["LessonLearned","FlyingSleeves"],"picked":"EmptyBody","floor":7.0},{"not_picked":["Halt","CutThroughFate"],"picked":"DeceiveReality","floor":8.0},{"not_picked":["Sanctity","Pray"],"picked":"Protect","floor":10.0},{"not_picked":["Indignation","BowlingBash+1"],"picked":"CarveReality+1","floor":11.0},{"not_picked":["CarveReality+1","SashWhip+1"],"picked":"FollowUp+1","floor":12.0},{"not_picked":["CarveReality+1","SignatureMove+1"],"picked":"SandsOfTime+1","floor":13.0},{"not_picked":["Scrawl","LessonLearned+1"],"picked":"Brilliance+1","floor":16.0},{"not_picked":["CrushJoints+1","JustLucky+1"],"picked":"EmptyFist+1","floor":18.0},{"not_picked":["SashWhip+1","Protect"],"picked":"Pray+1","floor":21.0},{"not_picked":["EmptyBody+1","FlyingSleeves+1","BowlingBash+1"],"picked":"Singing Bowl","floor":22.0},{"not_picked":["FlyingSleeves+1","Halt"],"picked":"Pray","floor":24.0},{"not_picked":["Consecrate+1","DeceiveReality","EmptyMind"],"picked":"Singing Bowl","floor":27.0},{"not_picked":["Wish","PathToVictory"],"picked":"Adaptation+1","floor":29.0},{"not_picked":["ThirdEye","BowlingBash+1"],"picked":"Prostrate","floor":30.0},{"not_picked":["Devotion","Scrawl"],"picked":"Establishment","floor":33.0},{"not_picked":["CrushJoints+1","Swivel"],"picked":"Evaluate","floor":35.0},{"not_picked":["ThirdEye","SashWhip+1","Conclude+1"],"picked":"Singing Bowl","floor":36.0},{"not_picked":["Indignation","Halt","BowlingBash+1"],"picked":"Singing Bowl","floor":39.0},{"not_picked":["Consecrate+1","FlurryOfBlows+1"],"picked":"WaveOfTheHand+1","floor":40.0},{"not_picked":["Halt","EmptyFist+1","FollowUp+1"],"picked":"Singing Bowl","floor":41.0},{"not_picked":["LessonLearned+1","ClearTheMind+1","ForeignInfluence"],"picked":"Singing Bowl","floor":45.0},{"not_picked":["CrushJoints+1","Prostrate"],"picked":"CutThroughFate+1","floor":46.0},{"not_picked":["InnerPeace+1","ReachHeaven+1"],"picked":"JustLucky+1","floor":47.0}],"player_experience":2724136,"relics_obtained":[{"floor":9.0,"key":"Eternal Feather"},{"floor":11.0,"key":"Molten Egg 2"},{"floor":13.0,"key":"Meat on the Bone"},{"floor":24.0,"key":"Pen Nib"},{"floor":27.0,"key":"Sundial"},{"floor":40.0,"key":"Ginger"},{"floor":43.0,"key":"Letter Opener"},{"floor":45.0,"key":"Mercury Hourglass"},{"floor":47.0,"key":"Strawberry"}],"event_choices":[{"damage_healed":0.0,"max_hp_gain":0.0,"max_hp_loss":0.0,"gold_gain":0.0,"event_name":"Upgrade Shrine","player_choice":"Upgraded","floor":2.0,"gold_loss":0.0,"damage_taken":0.0,"cards_upgraded":["Vigilance"]},{"damage_healed":0.0,"max_hp_gain":0.0,"max_hp_loss":0.0,"gold_gain":0.0,"event_name":"The Mausoleum","player_choice":"Opened","floor":19.0,"gold_loss":0.0,"damage_taken":0.0,"relics_obtained":["Singing Bowl"],"cards_obtained":["Writhe"]},{"damage_healed":0.0,"max_hp_gain":0.0,"max_hp_loss":0.0,"gold_gain":0.0,"event_name":"Duplicator","player_choice":"Copied","floor":20.0,"gold_loss":0.0,"damage_taken":0.0,"cards_obtained":["Eruption"]},{"cards_removed":["Writhe"],"damage_healed":0.0,"max_hp_gain":0.0,"max_hp_loss":0.0,"gold_gain":0.0,"event_name":"Fountain of Cleansing","player_choice":"Removed Curses","floor":38.0,"gold_loss":0.0,"damage_taken":0.0},{"damage_healed":0.0,"max_hp_gain":0.0,"max_hp_loss":0.0,"gold_gain":0.0,"event_name":"Wheel of Change","player_choice":"Damaged","floor":44.0,"gold_loss":0.0,"damage_taken":8.0},{"cards_removed":["Defend_P"],"damage_healed":0.0,"max_hp_gain":0.0,"max_hp_loss":0.0,"gold_gain":0.0,"event_name":"Falling","player_choice":"Removed Skill","floor":48.0,"gold_loss":0.0,"damage_taken":0.0}],"is_beta":false,"boss_relics":[{"not_picked":["Runic Dome","Black Star"],"picked":"HolyWater"},{"not_picked":["SacredBark","Calling Bell"],"picked":"Fusion Hammer"}],"items_purged_floors":[14,31,37],"is_endless":false,"potions_floor_spawned":[4,7,11,12,16,21,22,24,27,29,35,39,41,45,47],"killed_by":"Awakened One","ascension_level":0}}