{"host":"8anlmvy5ylhozj27","time":1611076507,"event":{"mods":["2.2 Compatiblity","Act Like it!","Aspiration","BaseMod","Best Route Mod","Better Match","Better Note","Better Sensory Stone","Better Skull","Better Third Choice","BetterRewards","Block Reminder","Colored Map","Colored Powertips","Conspire","Curses Come First","Duelist Mod","Energized Spire","GifTheSpireLib","Gold Saver","Halation","Hermit","Highlight Path","Hubris","Infinite Spire","Ironclad Rager","Minty Spire (QoL Compilation)","Permanent Neow","Quick Restart","Rare Cards Sparkle","Replay The Spire","Robot Space Explorer","Spicy Shops","StSLib","Stuff the Spire","The Bladedancer","The Blue Laboratory","The Disciple","The Exalted","The Necromancer","The Sage","Transform Curses","Wandering Minibosses","vexMod"],"gold_per_floor":[112,125,141,151,226,226,245,277,277,277,277],"floor_reached":10,"language":"FRA","playtime":691,"items_purged":["Shame"],"score":70,"play_id":"0d8860c7-f51b-4032-9634-a409fd2d9698","local_time":"20210119181507","is_ascension_mode":false,"campfire_choices":[{"floor":6,"key":"REST"}],"circlet_count":0,"master_deck":["Strike_B","Strike_B","Strike_B","Strike_B","Defend_B","Defend_B","Defend_B","Defend_B","Zap","Dualcast","Shame","ReplayUltimateDefense","Mayhem","Capacitor","Apotheosis","Biased Cognition","Consume","Rainbow","Double Energy","Cold Snap","Redo","StuffTheSpire:NuclearReactor","Chaos","Force Field","StuffTheSpire:Plugnplay"],"relics":["Cracked Core","halation:Thesaurus","ReplayTheSpireMod:ShopPack","hubris:DisguiseKit","Orrery","vexMod:Spyglass","hubris:GlazedTorus","StuffTheSpire:OldFever"],"acts_visited":["Exordium"],"potions_floor_usage":[7,8],"damage_taken":[{"damage":6,"enemies":"Jaw Worm","floor":1,"turns":4},{"damage":4,"enemies":"Cultist","floor":2,"turns":6},{"damage":3,"enemies":"2 Louse","floor":3,"turns":3},{"damage":3,"enemies":"Large Slime","floor":4,"turns":4},{"damage":11,"enemies":"Exordium Thugs","floor":7,"turns":5},{"damage":13,"enemies":"Gremlin Nob","floor":8,"turns":4},{"damage":14,"enemies":"Lagavulin","floor":10,"turns":3}],"seed_played":"7739802832191232759","potions_obtained":[{"floor":1,"key":"Adrenaline Potion"},{"floor":3,"key":"blueLaboratory:SystemWipe"},{"floor":4,"key":"Strength Potion"},{"floor":7,"key":"BlessingOfTheForge"}],"is_trial":false,"path_per_floor":["M","M","M","M","?","R","M","E","T","E"],"character_chosen":"DEFECT","items_purchased":["ReplayTheSpireMod:CursedCoin","halation:Thesaurus","Capacitor","hubris:DisguiseKit","Apotheosis","Orrery","vexMod:Spyglass"],"campfire_rested":1,"item_purchase_floors":[0,0,0,0,0,0,0],"current_hp_per_floor":[34,30,27,24,13,35,24,11,11,0,0],"gold":277,"neow_bonus":"","is_daily":false,"chose_seed":false,"campfire_upgraded":0,"win_rate":0.0,"timestamp":1611076507,"path_taken":["M","M","M","M","?","R","M","E","T","E"],"items_purchased_type":["Relic","Relic","Card","Relic","Card","Relic","Relic"],"build_version":"2020-12-22","purchased_purges":1,"victory":false,"max_hp_per_floor":[75,75,75,75,75,75,75,75,75,75,75],"card_choices":[{"not_picked":["Secret Technique","Violence"],"picked":"ReplayUltimateDefense","floor":0},{"not_picked":["Violence","Deep Breath"],"picked":"Mayhem","floor":0},{"not_picked":["Rebound","conspire:Rain","sagemod:Slalom"],"picked":"Biased Cognition","floor":0},{"not_picked":["Leap","StuffTheSpire:Rend","sagemod:Energetic_Brew"],"picked":"Consume","floor":0},{"not_picked":["Steam","Leap","sagemod:Step_Back"],"picked":"Rainbow","floor":0},{"not_picked":["ReplayTheSpireMod:Reroute Power","Redo","sagemod:Cane_Strike"],"picked":"Double Energy","floor":0},{"not_picked":["Auto Shields","Undo","sagemod:Armor_Brew"],"picked":"Cold Snap","floor":0},{"not_picked":["Compile Driver","Barrage","sagemod:Rickety_Defense"],"picked":"Redo","floor":1},{"not_picked":["Stack","Skim","Go for the Eyes","sagemod:Rock_Oil"],"picked":"SKIP","floor":2},{"not_picked":["Rebound","Coolheaded","sagemod:Step_Back"],"picked":"StuffTheSpire:NuclearReactor","floor":3},{"not_picked":["Biased Cognition","ReplayTheSpireMod:Calculation Training","sagemod:Grounded_Strike"],"picked":"Chaos","floor":4},{"not_picked":["Ball Lightning","Stack","sagemod:Let_It_Go"],"picked":"Force Field","floor":7},{"not_picked":["hubris:SpecializedCircuitry","Panic Button","sagemod:Rock_Oil"],"picked":"StuffTheSpire:Plugnplay","floor":8}],"player_experience":181845,"relics_obtained":[{"floor":8,"key":"hubris:GlazedTorus"},{"floor":9,"key":"StuffTheSpire:OldFever"}],"event_choices":[{"damage_healed":0,"gold_gain":75,"player_choice":"Gold","damage_taken":11,"max_hp_gain":0,"max_hp_loss":0,"event_name":"betterThird:BetterGoop","floor":5,"gold_loss":0}],"is_beta":false,"boss_relics":[],"items_purged_floors":[0],"is_endless":false,"potions_floor_spawned":[1,3,4,7],"killed_by":"Lagavulin","ascension_level":0}}