{"host":"tyeg9214rgutn7tb","time":1611090294,"event":{"mods":["BaseMod","Colored Map","Custom Start","Downfall","Minty Spire (QoL Compilation)","StSLib"],"gold_per_floor":[99,109,121,221,232,232,259,276,290,301,318,151,171,183,196,299,299,299,317,335,165,176,201,201,235,246,273,301,332,44,70,92,206,218,230,258,290,318,349,371,383,405,432,456,468,498,528,553,579,591,603,649,109,109,109,109],"floor_reached":57,"language":"ENG","playtime":2244,"items_purged":[],"score":1513,"play_id":"d4e9edd9-b39f-4848-bb6a-4a2c6b7d82fe","local_time":"20210119220454","daily_mods":["Insanity","Vintage","Allstar","Heirloom","Flight"],"is_ascension_mode":true,"campfire_choices":[{"data":"Apotheosis","floor":1,"key":"SMITH"},{"floor":18,"key":"RECALL"},{"data":"bronze:Hardcode","floor":30,"key":"SMITH"},{"data":"Mind Blast","floor":35,"key":"SMITH"},{"data":"Mind Blast","floor":45,"key":"SMITH"},{"data":"Enlightenment","floor":54,"key":"SMITH"}],"circlet_count":0,"master_deck":["bronze:Allocate","bronze:WhirlingStrike","bronze:OilSpill","bronze:Iterate","bronze:FineTuning","bronze:Invalidate","bronze:CutThrough","bronze:OilSpill","bronze:MaxOutput","bronze:DelayedGuard","bronze:BugBarrage","bronze:Repulsor","bronze:FineTuning","bronze:BugBarrage","bronze:Branch","bronze:DelayedSlice","bronze:Constructor","bronze:GetLatest","bronze:DelayedSlice","bronze:ItsAFeature","bronze:ClassDefault","bronze:CutThrough","bronze:FineTuning","bronze:Optimize","bronze:Turbo","bronze:Iterate","bronze:OilSpill","bronze:Iterate","bronze:OilSpill","bronze:Optimize","bronze:DelayedSlice","bronze:Optimize","bronze:WildBeam","bronze:Branch","bronze:NullPointer+1","bronze:Deprecate","bronze:Allocate","bronze:DelayedGuard","bronze:Branch","bronze:WildBeam","bronze:Flail","bronze:ClassDefault","bronze:FollowUp+1","bronze:ForLoop","bronze:BuggyMess","bronze:OilSpill","bronze:DelayedGuard","bronze:Repulsor","bronze:Constructor","bronze:Overheat","Mind Blast+1","Purity","Mind Blast+1","Apotheosis+1","Enlightenment+1","bronze:BurnOut"],"relics":["bronze:BronzeCore","Calipers","HornCleat","Eternal Feather","Peace Pipe","Bag of Preparation","Orichalcum","Blue Candle","Bottled Flame","Anchor","Bronze Scales","Art of War","Ornamental Fan","Sundial","expansioncontent:StudyCardRelic","champ:DuelingGlove","Guardian:GemstoneGun","Kunai","Letter Opener","Nunchaku","Bottled Tornado","PreservedInsect","MawBank","bronze:CableSpool","Vajra","Bag of Marbles","downfall:HeartBlessingBlue","downfall:HeartBlessingRed","downfall:HeartBlessingGreen","Dead Branch","Mercury Hourglass","Coffee Dripper","Juzu Bracelet","Pantograph","Shuriken","Akabeko","Singing Bowl","Toy Ornithopter","Ancient Tea Set","Molten Egg 2","Whetstone","Blood Vial","CeramicFish","hexamod:BolsterEngine","InkBottle","Slimebound:PreparedRelic","Bottled Lightning","Ice Cream"],"acts_visited":["Exordium","TheCity","TheBeyond","TheEnding"],"potions_floor_usage":[16,16,56,56,56],"damage_taken":[{"damage":0,"enemies":"Small Slimes","floor":2,"turns":1},{"damage":0,"enemies":"Jaw Worm","floor":3,"turns":1},{"damage":0,"enemies":"2 Louse","floor":5,"turns":2},{"damage":0,"enemies":"Blue Slaver","floor":8,"turns":1},{"damage":0,"enemies":"2 Fungi Beasts","floor":9,"turns":2},{"damage":0,"enemies":"Red Slaver","floor":10,"turns":1},{"damage":0,"enemies":"3 Louse","floor":11,"turns":3},{"damage":0,"enemies":"downfall:FleeingMerchant","floor":12,"turns":4},{"damage":0,"enemies":"Red Slaver","floor":13,"turns":1},{"damage":0,"enemies":"Exordium Wildlife","floor":14,"turns":2},{"damage":0,"enemies":"Lots of Slimes","floor":15,"turns":1},{"damage":18,"enemies":"DF_ARCHETYPE_STREAMLINE","floor":16,"turns":6},{"damage":0,"enemies":"Spheric Guardian","floor":19,"turns":2},{"damage":0,"enemies":"3 Byrds","floor":20,"turns":2},{"damage":0,"enemies":"downfall:FleeingMerchant","floor":21,"turns":4},{"damage":0,"enemies":"Cultist and Chosen","floor":22,"turns":2},{"damage":0,"enemies":"Book of Stabbing","floor":23,"turns":1},{"damage":0,"enemies":"Gremlin Leader","floor":25,"turns":1},{"damage":0,"enemies":"Chosen and Byrds","floor":26,"turns":2},{"damage":0,"enemies":"3 Cultists","floor":27,"turns":2},{"damage":0,"enemies":"Snecko","floor":28,"turns":1},{"damage":0,"enemies":"Snake Plant","floor":29,"turns":1},{"damage":0,"enemies":"Cultist and Chosen","floor":31,"turns":2},{"damage":0,"enemies":"3 Cultists","floor":32,"turns":1},{"damage":9,"enemies":"IC_MUSHROOM_ARCHETYPE","floor":33,"turns":2},{"damage":0,"enemies":"Orb Walker","floor":36,"turns":1},{"damage":0,"enemies":"3 Darklings","floor":37,"turns":2},{"damage":0,"enemies":"Writhing Mass","floor":38,"turns":1},{"damage":0,"enemies":"4 Shapes","floor":39,"turns":1},{"damage":0,"enemies":"Spire Growth","floor":40,"turns":1},{"damage":0,"enemies":"3 Darklings","floor":42,"turns":1},{"damage":0,"enemies":"Transient","floor":43,"turns":5},{"damage":0,"enemies":"Spire Growth","floor":44,"turns":1},{"damage":0,"enemies":"Maw","floor":46,"turns":2},{"damage":0,"enemies":"3 Darklings","floor":47,"turns":1},{"damage":0,"enemies":"Sphere and 2 Shapes","floor":48,"turns":1},{"damage":0,"enemies":"Spire Growth","floor":49,"turns":1},{"damage":0,"enemies":"WA_ARCHETYPE_DIVINITY","floor":50,"turns":3},{"damage":0,"enemies":"downfall:CharBossMerchant","floor":52,"turns":2},{"damage":0,"enemies":"downfall:NeowBoss","floor":55,"turns":5},{"damage":44,"enemies":"downfall:NeowBossFinal","floor":56,"turns":8}],"seed_played":"8818541084488970418","potions_obtained":[{"floor":2,"key":"Strength Potion"},{"floor":9,"key":"CultistPotion"},{"floor":10,"key":"champ:CounterPotion"},{"floor":20,"key":"Block Potion"},{"floor":25,"key":"SpeedPotion"},{"floor":29,"key":"Regen Potion"},{"floor":33,"key":"PowerPotion"},{"floor":42,"key":"PowerPotion"}],"is_trial":true,"path_per_floor":["R","M","M","?","M","?","T","M","M","M","M","$","M","M","M","B",null,"R","M","M","$","M","E","T","E","M","M","M","M","R","M","M","B",null,"R","M","M","M","M","M","T","M","M","M","R","M","M","M","M","B",null,"E","$","R","B","B",null],"character_chosen":"THE_AUTOMATON","items_purchased":["Bronze Scales","Kunai","Letter Opener","Bottled Lightning","Ice Cream"],"campfire_rested":0,"item_purchase_floors":[12,21,21,53,53],"current_hp_per_floor":[70,70,70,70,70,70,70,70,70,70,70,70,70,70,70,52,70,70,70,70,70,70,70,70,70,70,70,70,70,80,80,80,71,80,80,80,80,80,80,80,80,80,80,80,80,80,80,80,80,80,80,82,82,82,82,43],"gold":109,"neow_bonus":"","is_daily":false,"chose_seed":false,"campfire_upgraded":5,"win_rate":0.0,"timestamp":1611090294,"path_taken":["R","M","M","?","M","?","T","M","M","M","M","$","M","M","M","BOSS","R","M","M","$","M","E","T","E","M","M","M","M","R","M","M","BOSS","R","M","M","M","M","M","T","M","M","M","R","M","M","M","M","BOSS","E","$","R","BOSS","BOSS"],"items_purchased_type":["Relic","Relic","Relic","Relic","Relic"],"build_version":"2020-12-22","purchased_purges":0,"victory":true,"max_hp_per_floor":[70,70,70,70,70,70,70,70,70,70,70,70,70,70,70,70,70,70,70,70,70,70,70,70,70,70,70,70,70,80,80,80,80,80,80,80,80,80,80,80,80,80,80,80,80,80,80,80,80,80,80,82,82,82,82,82],"card_choices":[{"not_picked":["bronze:Backtrace","bronze:Repair","bronze:Boost"],"picked":"SKIP","floor":12},{"not_picked":["bronze:RecursiveStrike","bronze:Break"],"picked":"bronze:Hardcode","floor":16},{"not_picked":["bronze:CutThrough","bronze:BronzeOrb","bronze:Frontload+1"],"picked":"SKIP","floor":21},{"not_picked":["bronze:Shield","bronze:Constructor","bronze:DelayedSlice+1"],"picked":"SKIP","floor":23},{"not_picked":["bronze:WildBeam","bronze:BugBarrage","bronze:Shield"],"picked":"SKIP","floor":25},{"not_picked":["bronze:InfiniteLoop","bronze:Format"],"picked":"bronze:BurnOut","floor":33},{"not_picked":["bronze:Refactor","bronze:Invalidate+1","bronze:FineTuning"],"picked":"Singing Bowl","floor":52}],"player_experience":700798,"relics_obtained":[{"floor":2,"key":"HornCleat"},{"floor":3,"key":"Eternal Feather"},{"floor":5,"key":"Peace Pipe"},{"floor":7,"key":"Bag of Preparation"},{"floor":8,"key":"Orichalcum"},{"floor":9,"key":"Blue Candle"},{"floor":10,"key":"Bottled Flame"},{"floor":11,"key":"Anchor"},{"floor":13,"key":"Art of War"},{"floor":14,"key":"Ornamental Fan"},{"floor":15,"key":"Sundial"},{"floor":19,"key":"champ:DuelingGlove"},{"floor":20,"key":"Guardian:GemstoneGun"},{"floor":22,"key":"Nunchaku"},{"floor":23,"key":"Bottled Tornado"},{"floor":25,"key":"PreservedInsect"},{"floor":26,"key":"MawBank"},{"floor":27,"key":"bronze:CableSpool"},{"floor":28,"key":"Vajra"},{"floor":29,"key":"Bag of Marbles"},{"floor":31,"key":"Dead Branch"},{"floor":32,"key":"Mercury Hourglass"},{"floor":36,"key":"Juzu Bracelet"},{"floor":37,"key":"Pantograph"},{"floor":38,"key":"Shuriken"},{"floor":39,"key":"Akabeko"},{"floor":40,"key":"Singing Bowl"},{"floor":41,"key":"Toy Ornithopter"},{"floor":42,"key":"Ancient Tea Set"},{"floor":43,"key":"Molten Egg 2"},{"floor":44,"key":"Whetstone"},{"floor":46,"key":"Blood Vial"},{"floor":47,"key":"CeramicFish"},{"floor":48,"key":"hexamod:BolsterEngine"},{"floor":49,"key":"InkBottle"},{"floor":52,"key":"Slimebound:PreparedRelic"}],"event_choices":[],"is_beta":false,"boss_relics":[{"not_picked":["Black Star","SacredBark"],"picked":"expansioncontent:StudyCardRelic"},{"not_picked":["Astrolabe","Cursed Key"],"picked":"Coffee Dripper"}],"items_purged_floors":[],"is_endless":false,"potions_floor_spawned":[2,9,10,13,14,20,25,26,28,29,32,33,37,42,43,47],"ascension_level":1}}