{"host":"yncvxcxtq9dkce9q","time":1611083035,"event":{"mods":["100% Spire Juice","ATMod(°¢èªMod)","AchievementEnabler","Act Like it!","Arknights The Spire","Ascension Reborn","Aspiration","Bard","BaseMod","BetterRewards","ChefMod","Colored Powertips","Conspire","Custom Start","Defuse TimeMaze Blight","Dota2Spire","Energized Spire","Friendly Minions","Gensokyo","GifTheSpireLib","Gremlin Mod","GungeonMod","Halation","Hermit","Hubris","Infinite Spire","Jedi Mod","Lobotomy","LobotomyExtend","Marisa£¨ìFÓê¡¡Ä§ÀíÉ³£©","Marked Mod","Minty Spire (QoL Compilation)","MostiFishMod","Pale of the Ancients","Potionbrewer","Rare Cards Sparkle","Reimu£¨²©ÀöÁéÃÎ£©","Relic Sorter","Replay The Spire","RumiaBox-Â¶Ã×æ«µÄÉñÃØºÐ×Ó","Shop Mod","Spicy Shops","StSLib","Stuff the Spire","TestMod","The Blue Laboratory","The Construct","The Gatherer","The Hayseed","The Jungle","The Marked","The Runesmith","The Servant 0.9.4","Waifu the Spire","Wandering Minibosses","Yakumo Yukari mod","Youmu£¨»êÆÇÑýÃÎ£©","[GremlinLeader]The Maniac","noobMod","vexMod","¡¾¹¦ÄÜMod¡¿»ìãçÖ®»·ÐÞ¸´²¹¶¡","¡¾ÒÅÎï¿¨ÅÆ¡¿REMEMod"],"gold_per_floor":[117,117,117,127,145,145,178,178,226,255,667,693,717,754,766,877,-511,-486,-474,-445,-433,-405,-393,-350,-338,-326,-157,-145,-69,-57,-2,10,168,180,277,379,601,653,665,750,762,881,1009,1084,1096,1159,1311,1412,1424,1461,1515,1707,1719,911,911,961,961,687,687,812],"floor_reached":61,"language":"ZHS","playtime":6146,"items_purged":["DemoMod:Strike_Huntress","DemoMod:Defend_Huntress"],"score":1941,"play_id":"b0886253-12c0-481f-89fe-ad00296d9fc0","local_time":"20210120030355","is_ascension_mode":true,"campfire_choices":[{"data":"DemoMod:ConditionalReflex","floor":6.0,"key":"SMITH"},{"floor":8.0,"key":"RECALL"},{"floor":15.0,"key":"DIG"},{"data":"infinitespire:UltimateForm","floor":23.0,"key":"SMITH"},{"data":"ReplayTheSpireMod:Black Plague","floor":25.0,"key":"SMITH"},{"data":"DemoMod:BlankBullets","floor":30.0,"key":"SMITH"},{"floor":32.0,"key":"DIG"},{"data":"DemoMod:HungryBullets","floor":41.0,"key":"SMITH"},{"data":"DemoMod:FullFirepower","floor":49.0,"key":"SMITH"},{"data":"DemoMod:HungryBullets","floor":55,"key":"SMITH"},{"data":"DemoMod:ConditionalReflex","floor":57,"key":"SMITH"}],"circlet_count":0,"master_deck":["DemoMod:Strike_Huntress","DemoMod:Defend_Huntress","DemoMod:Roll","DemoMod:ManualReload","DemoMod:RustySidearm","DemoMod:CrossBow","DemoMod:BalloonGun","DemoMod:ConditionalReflex+1","DemoMod:HungryBullets+1","DemoMod:ConditionalReflex+1","DemoMod:HungryBullets+1","DemoMod:FullFirepower+1","DemoMod:BlankBullets+1","ReplayTheSpireMod:Black Plague+1","infinitespire:UltimateForm+1","infinitespire:FutureSight","DemoMod:ConditionalReflex+1","DemoMod:SkilledReload+1","DemoMod:GunslingerForm","infinitespire:Punishment","DemoMod:Eureka","DemoMod:ConditionalReflex+1","DemoMod:Behold!","DemoMod:PotionOfGunFriendShip+1","DemoMod:ShadowBullets+1"],"relics":["DemoMod:Dog","Dota2Spire:Dagon","Dota2Spire:MagicBottle","testmod-TestBox","ice","DaveBox","REME_ComplimentaryCards","MetatronsCube","testmod-AssaultLearning","SynthV:TestCard","LetterFromLob","DemoMod:GlassGuonStoneRelic","vexMod:BarristanHead","Replay:Wax Seal","ZombieArmy","SynthV:MejaisSoulstealer","halation:Prosthetics","Ancient Tea Set","conspire:Dentures","wanderingMiniBosses:CarrionFlame","AT_MibuBalloonWealth","AT_Manta","jedi:crownofsimplicity","FeatherPendant","Simple Rune","halation:Toothbrush","aspiration:SneckoTail","wanderingMiniBosses:CarrionFlame","DemoMod:HoleyGrail","Replay:Bottled Eggs","jedi:gremlinknob","paleoftheancients:Timepiece","paleoftheancients:KeyRelic","Anchor","Gremlin Horn","paleoftheancients:SoulOfTheWokeBloke","MerchantsRug","SynthV:C4","Sling","StuffTheSpire:BottledEssence","StuffTheSpire:Rhapsscallions","testmod-BalancedPeriapt","REME_OnlineShoppingPlatform"],"acts_visited":["Exordium","Gensokyo:Gensokyo","Gensokyo:Gensokyoer","Gensokyo:Gensokyoest"],"potions_floor_usage":[54],"damage_taken":[{"damage":0.0,"enemies":"Gensokyo:Python","floor":1.0,"turns":2.0},{"damage":0.0,"enemies":"Gensokyo:3_Fairies","floor":4.0,"turns":3.0},{"damage":0.0,"enemies":"Gensokyo:Gryphon","floor":5.0,"turns":4.0},{"damage":0.0,"enemies":"Gensokyo:Aya","floor":7.0,"turns":6.0},{"damage":0.0,"enemies":"Gensokyo:CorruptedTreant","floor":10.0,"turns":6.0},{"damage":0.0,"enemies":"Gensokyo:Python_and_Kodama","floor":12.0,"turns":3.0},{"damage":0.0,"enemies":"Gensokyo:5_Fairies","floor":13.0,"turns":5.0},{"damage":0.0,"enemies":"Gensokyo:Mamizou","floor":14.0,"turns":8.0},{"damage":0.0,"enemies":"Gensokyo:Kokoro","floor":16.0,"turns":11.0},{"damage":0.0,"enemies":"Gensokyo:CosmicMonolith","floor":18.0,"turns":4.0},{"damage":0.0,"enemies":"Gensokyo:2_Gloops","floor":20.0,"turns":2.0},{"damage":0.0,"enemies":"Gensokyo:Mirror_and_Dog","floor":22.0,"turns":6.0},{"damage":0.0,"enemies":"Gensokyo:Tenshi","floor":24.0,"turns":3.0},{"damage":0.0,"enemies":"Gensokyo:Reisen","floor":27.0,"turns":3.0},{"damage":0.0,"enemies":"Gensokyo:Slime_Group","floor":29.0,"turns":2.0},{"damage":0.0,"enemies":"Gensokyo:Wraith","floor":31.0,"turns":3.0},{"damage":0.0,"enemies":"Gensokyo:Eternal_Rivals","floor":33.0,"turns":4.0},{"damage":0.0,"enemies":"Gensokyo:3_Bats","floor":35.0,"turns":1.0},{"damage":0.0,"enemies":"Gensokyo:3_Boulders","floor":36.0,"turns":2.0},{"damage":0.0,"enemies":"Gensokyo:Sharpion","floor":38.0,"turns":2.0},{"damage":0.0,"enemies":"Gensokyo:Marisa","floor":40.0,"turns":1.0},{"damage":0.0,"enemies":"Gensokyo:Kasen","floor":42.0,"turns":3.0},{"damage":0.0,"enemies":"Gensokyo:Dusk_and_Dawn","floor":43.0,"turns":3.0},{"damage":0.0,"enemies":"Nightmare","floor":44.0,"turns":5.0},{"damage":0.0,"enemies":"Gensokyo:Marisa","floor":46.0,"turns":1.0},{"damage":0.0,"enemies":"Gensokyo:Dusk_and_Dawn","floor":48.0,"turns":2.0},{"damage":0,"enemies":"Gensokyo:Scarlet_Devils","floor":50,"turns":2},{"damage":0,"enemies":"Gensokyo:Scarlet_Devils","floor":51,"turns":1},{"damage":0,"enemies":"Gensokyo:Scarlet_Devils","floor":52,"turns":3},{"damage":0,"enemies":"Gensokyo:Scarlet_Devils","floor":56,"turns":1},{"damage":0,"enemies":"paleoftheancients:N","floor":60,"turns":2}],"seed_played":"-4959112249569507582","potions_obtained":[{"floor":5.0,"key":"ZuzhouPotion:ReiMu"},{"floor":7.0,"key":"Dexterity Potion"},{"floor":7.0,"key":"ColorlessPotion"},{"floor":12.0,"key":"Cursed Concoction"},{"floor":14.0,"key":"construct:ShiftPotion"},{"floor":22.0,"key":"blueLaboratory:PolymorphPotion"},{"floor":24.0,"key":"potionbrewer:SplittingPotion"},{"floor":42.0,"key":"SteroidPotion"},{"floor":44.0,"key":"Block Potion"}],"is_trial":false,"path_per_floor":["M","?","?","M","M","R","E","R","T","M","?","M","M","E","R","B",null,"M","?","M","AVR","M","R","E","R","T","E","?","M","R","M","R","B",null,"M","M","?","M","?","E","R","E","T","NM","T","E","?","M","R","B","M","M","?","$","R","M","R","$","?","B",null],"character_chosen":"HUNTRESS","items_purchased":["MerchantsRug","SynthV:C4","Sling","StuffTheSpire:BottledEssence","StuffTheSpire:Rhapsscallions","testmod-BalancedPeriapt","Dota2Spire:Dagon","REME_OnlineShoppingPlatform"],"campfire_rested":0,"item_purchase_floors":[54,54,54,54,54,58,58,58],"current_hp_per_floor":[70,70,70,70,70,70,70,70,70,70,70,70,70,70,70,70,70,70,18,18,18,18,18,18,18,18,18,18,18,18,18,18,18,18,18,18,18,18,14,14,14,14,17,18,18,18,18,18,18,18,18,18,18,26,26,26,26,26,26,26],"gold":812,"neow_bonus":"RANDOM_COLORLESS","is_daily":false,"chose_seed":false,"campfire_upgraded":8,"win_rate":0.0,"timestamp":1611083035,"path_taken":["M","?","?","?","M","R","E","R","T","M","?","M","M","E","R","BOSS","M","?","?","AVR","M","R","E","R","T","E","?","M","R","?","R","BOSS","M","M","?","?","?","NM","R","E","T","NM","?","E","?","M","R","BOSS","M","M","?","$","R","M","R","$","?","BOSS"],"items_purchased_type":["Relic","Relic","Relic","Relic","Relic","Relic","Relic","Relic"],"build_version":"2020-12-22","purchased_purges":2,"victory":true,"max_hp_per_floor":[70,70,70,70,70,70,70,70,70,70,70,70,70,70,70,70,70,70,18,18,18,18,18,18,18,18,18,18,18,18,18,18,18,18,18,18,18,18,18,18,18,18,18,18,18,18,18,18,18,18,18,18,18,26,26,26,26,26,26,26],"card_choices":[{"not_picked":["DemoMod:GunstockTap","DemoMod:HardPowerCard"],"picked":"DemoMod:ConditionalReflex","floor":1.0},{"not_picked":["DemoMod:TripleGun","DemoMod:StickyCrossBow","DemoMod:FeignSurrender","DemoMod:LifeOrb"],"picked":"DemoMod:DirectionalPad","floor":4.0},{"not_picked":["DemoMod:StickyCrossBow","DemoMod:PotionOfGunFriendShip","DemoMod:Unmoved","DemoMod:TeaPot"],"picked":"DemoMod:DirectionalPad","floor":5.0},{"not_picked":["DemoMod:ThirdPartyController","DemoMod:ZorGun","DemoMod:FeignSurrender","DemoMod:DoubleSwitch"],"picked":"DemoMod:HungryBullets","floor":7.0},{"not_picked":["DemoMod:TripleGun","DemoMod:CursedBullets","DemoMod:SAA","DemoMod:HuntsMan"],"picked":"DemoMod:Purify","floor":7.0},{"not_picked":["DemoMod:StickyCrossBow","DemoMod:HardPowerCard","DemoMod:PotionOfGunFriendShip","DemoMod:LifeOrb"],"picked":"DemoMod:ConditionalReflex","floor":10.0},{"not_picked":["DemoMod:BattleInHaste","DemoMod:Ejector","DemoMod:MegaHand","DemoMod:DoubleSwitch","DemoMod:BulletBore"],"picked":"SKIP","floor":12.0},{"not_picked":["DemoMod:SAA","DemoMod:ProbeStrike","DemoMod:JK47","DemoMod:GunstockTap"],"picked":"DemoMod:HungryBullets","floor":13.0},{"not_picked":["DemoMod:BattleInHaste","DemoMod:TableSutra","DemoMod:CursedBullets","DemoMod:JK47"],"picked":"DemoMod:DirectionalPad","floor":14.0},{"not_picked":["DemoMod:Gungine","DemoMod:ThirdPartyController","DemoMod:BSG","DemoMod:Slinger"],"picked":"DemoMod:FullFirepower","floor":16.0},{"not_picked":["DemoMod:ThirdPartyController","DemoMod:Eureka","DemoMod:SuppressiveFire","DemoMod:Gungine"],"picked":"DemoMod:BlankBullets","floor":16.0},{"not_picked":["DemoMod:MegaHand","DemoMod:CursedBullets","DemoMod:DoubleSwitch+1","DemoMod:HuntsMan+1","DemoMod:CombinedRifle"],"picked":"SKIP","floor":18.0},{"not_picked":["DemoMod:HardPowerCard","DemoMod:BoxingGlove","DemoMod:GunShield","DemoMod:Ejector","DemoMod:PotionOfGunFriendShip"],"picked":"SKIP","floor":20.0},{"not_picked":["DemoMod:Unmoved","DemoMod:HardPowerCard","DemoMod:SpreadAmmo","DemoMod:SuppressiveFire"],"picked":"DemoMod:ConditionalReflex+1","floor":22.0},{"not_picked":["DemoMod:PracticeMakesPerfect","DemoMod:Unmoved","DemoMod:JK47","DemoMod:Ejector","DemoMod:MegaHand"],"picked":"SKIP","floor":24.0},{"not_picked":["DemoMod:StickyCrossBow","DemoMod:CursedBullets+1","DemoMod:TeaPot","DemoMod:HardPowerCard","DemoMod:LifeOrb+1"],"picked":"SKIP","floor":27.0},{"not_picked":["DemoMod:FeignSurrender+1","DemoMod:Rummage","DemoMod:GunstockTap","DemoMod:HuntsMan"],"picked":"DemoMod:SkilledReload+1","floor":29.0},{"not_picked":["DemoMod:FinishedGun","DemoMod:ProbeStrike+1","DemoMod:GunstockTap","DemoMod:JK47","DemoMod:AC15"],"picked":"SKIP","floor":31.0},{"not_picked":["DemoMod:BulletBore","DemoMod:DarkMarker","DemoMod:BlankBullets","DemoMod:FightSabre"],"picked":"DemoMod:GunslingerForm","floor":33.0},{"not_picked":["DemoMod:Rummage+1","DemoMod:TripleGun+1","DemoMod:MegaHand+1","DemoMod:AC15+1"],"picked":"DemoMod:Purify","floor":35.0},{"not_picked":["DemoMod:DirectionalPad+1","DemoMod:SAA","DemoMod:GunstockTap","DemoMod:BattleInHaste+1","DemoMod:TeaPot+1"],"picked":"SKIP","floor":36.0},{"not_picked":["DemoMod:SAA","DemoMod:BoxingGlove+1","DemoMod:LifeOrb+1","DemoMod:GunShield+1","DemoMod:Camera"],"picked":"SKIP","floor":38.0},{"not_picked":["ReplayTheSpireMod:Haul","infinitespire:SealOfDarkness+"],"picked":"infinitespire:Punishment","floor":39.0},{"not_picked":["DemoMod:MachoBrace+1","DemoMod:SniperShot","DemoMod:CombinedRifle+1","DemoMod:BattleInHaste+1","DemoMod:DirectionalPad"],"picked":"SKIP","floor":40.0},{"not_picked":["DemoMod:GunstockTap+1","DemoMod:RadGun","DemoMod:HardPowerCard+1","DemoMod:SAA+1"],"picked":"DemoMod:Eureka","floor":42.0},{"not_picked":["DemoMod:Desperate","DemoMod:TeaPot+1","DemoMod:StickyCrossBow","DemoMod:FastSwitch+1"],"picked":"DemoMod:ConditionalReflex+1","floor":43.0},{"not_picked":["DemoMod:DoubleSwitch+1","DemoMod:BlackHoleGun","DemoMod:TeaPot+1","DemoMod:SAA+1","DemoMod:HuntsMan"],"picked":"SKIP","floor":44.0},{"not_picked":["DemoMod:StickyCrossBow+1","DemoMod:BattleInHaste","DemoMod:AC15+1","DemoMod:Unmoved+1"],"picked":"DemoMod:Behold!","floor":46.0},{"not_picked":["DemoMod:FortunesFavor+1","DemoMod:MachoBrace","DemoMod:BoxingGlove+1","DemoMod:Evolver","DemoMod:SAA"],"picked":"SKIP","floor":48.0},{"not_picked":["DemoMod:AC15+1","DemoMod:SpreadAmmo+1","DemoMod:BoxingGlove","DemoMod:DirectionalPad+1"],"picked":"DemoMod:PotionOfGunFriendShip+1","floor":51},{"not_picked":["DemoMod:SpreadAmmo","DemoMod:Unity","DemoMod:ZorGun+1","DemoMod:DarkMarker"],"picked":"DemoMod:ShadowBullets","floor":52},{"not_picked":["DemoMod:HardPowerCard","DemoMod:ZorGun","DemoMod:GunstockTap+1","DemoMod:Evolver","DemoMod:AWP"],"picked":"SKIP","floor":56}],"player_experience":424854,"relics_obtained":[{"floor":1.0,"key":"SynthV:TestCard"},{"floor":1.0,"key":"LetterFromLob"},{"floor":7.0,"key":"Dota2Spire:MagicBottle"},{"floor":9.0,"key":"MawBank"},{"floor":14.0,"key":"vexMod:BarristanHead"},{"floor":15.0,"key":"Replay:Wax Seal"},{"floor":16.0,"key":"ZombieArmy"},{"floor":20.0,"key":"Ancient Tea Set"},{"floor":22.0,"key":"wanderingMiniBosses:CarrionFlame"},{"floor":24.0,"key":"AT_MibuBalloonWealth"},{"floor":27.0,"key":"AT_Manta"},{"floor":32.0,"key":"jedi:crownofsimplicity"},{"floor":40.0,"key":"Simple Rune"},{"floor":42.0,"key":"halation:Toothbrush"},{"floor":43.0,"key":"aspiration:SneckoTail"},{"floor":43.0,"key":"wanderingMiniBosses:CarrionFlame"},{"floor":44.0,"key":"DemoMod:HoleyGrail"},{"floor":45.0,"key":"Replay:Bottled Eggs"},{"floor":46.0,"key":"jedi:gremlinknob"},{"floor":52,"key":"paleoftheancients:SoulOfTheWokeBloke"}],"event_choices":[{"damage_healed":0.0,"max_hp_gain":0.0,"max_hp_loss":0.0,"gold_gain":0.0,"event_name":"conspire:Investor","player_choice":"Leave","floor":2.0,"gold_loss":0.0,"damage_taken":0.0},{"damage_healed":0.0,"max_hp_gain":0.0,"max_hp_loss":0.0,"gold_gain":400.0,"event_name":"¶÷ÂåË¹µÄÅÌ×Ó","player_choice":"Sell","floor":11.0,"relics_lost":["AT_ATBox"],"gold_loss":0.0,"damage_taken":0.0},{"damage_healed":0,"gold_gain":0,"player_choice":"Upgraded","damage_taken":0,"max_hp_gain":0,"max_hp_loss":0,"event_name":"Upgrade Shrine","floor":53,"gold_loss":0,"cards_upgraded":["DemoMod:ShadowBullets"]}],"is_beta":false,"boss_relics":[{"not_picked":["REME_ChargedStone","hubris:CrackedHourglass"],"picked":"SynthV:MejaisSoulstealer"},{"not_picked":["NightmareShop","SacredBark"],"picked":"FeatherPendant"}],"items_purged_floors":[54,58],"is_endless":false,"potions_floor_spawned":[5,7,7,10,12,14,22,24,27,33,38,42,44,46,48],"ascension_level":0}}