{"host":"7qoz5gmva6til3yp","time":1611079465,"event":{"mods":["AchievementEnabler","BaseMod","Minty Spire (QoL Compilation)","StSLib","SuperFastMode"],"gold_per_floor":[110,110,110,110,120,120,136,136,136,150,150,160,186,71,71,71,71],"floor_reached":16,"language":"KOR","playtime":319,"items_purged":["Defend_G"],"score":158,"play_id":"1598ed86-06fa-4ab9-a414-a2781f63d9b4","local_time":"20210120030425","is_ascension_mode":true,"campfire_choices":[{"data":"Survivor","floor":6,"key":"SMITH"},{"data":"Riddle With Holes","floor":8,"key":"SMITH"},{"floor":15,"key":"REST"}],"circlet_count":0,"master_deck":["Strike_G","Strike_G","Strike_G","Strike_G","Strike_G","Defend_G","Defend_G","Defend_G","Defend_G","Survivor+1","Neutralize+1","Riddle With Holes+1","Tactician","Escape Plan"],"relics":["Sozu","Tiny Chest","Bag of Marbles","White Beast Statue"],"acts_visited":["Exordium"],"potions_floor_usage":[],"damage_taken":[{"damage":0,"enemies":"2 Louse","floor":1,"turns":4},{"damage":0,"enemies":"Cultist","floor":5,"turns":4},{"damage":0,"enemies":"Small Slimes","floor":7,"turns":4},{"damage":0,"enemies":"2 Fungi Beasts","floor":10,"turns":3},{"damage":8,"enemies":"Lots of Slimes","floor":12,"turns":4},{"damage":23,"enemies":"3 Sentries","floor":13,"turns":9},{"damage":57,"enemies":"Slime Boss","floor":16,"turns":10}],"seed_played":"-7525777641710912134","potions_obtained":[],"is_trial":false,"path_per_floor":["M","$","?","?","M","R","M","R","T","M","?","M","E","$","R","B"],"character_chosen":"THE_SILENT","items_purchased":["Escape Plan"],"campfire_rested":1,"item_purchase_floors":[14],"current_hp_per_floor":[70,70,70,70,70,70,70,70,70,70,63,55,32,32,53,0,0],"gold":71,"neow_bonus":"BOSS_RELIC","is_daily":false,"chose_seed":false,"campfire_upgraded":2,"win_rate":0.0,"timestamp":1611079465,"path_taken":["M","$","?","?","M","R","?","R","T","M","?","M","E","$","R","BOSS"],"items_purchased_type":["Card"],"build_version":"2020-12-22","purchased_purges":1,"victory":false,"max_hp_per_floor":[70,70,70,70,70,70,70,70,70,70,70,70,70,70,70,70,70],"card_choices":[{"not_picked":["Dash","Dodge and Roll","Bane"],"picked":"SKIP","floor":1},{"not_picked":["Flying Knee","Sucker Punch","Caltrops"],"picked":"SKIP","floor":5},{"not_picked":["Bane","Reflex"],"picked":"Riddle With Holes","floor":7},{"not_picked":["Dagger Throw","Cloak And Dagger","Slice"],"picked":"SKIP","floor":10},{"not_picked":["Underhanded Strike","Riddle With Holes"],"picked":"Tactician","floor":12},{"not_picked":["Infinite Blades","Dodge and Roll","Leg Sweep"],"picked":"SKIP","floor":13}],"player_experience":404480,"relics_obtained":[{"floor":9,"key":"Tiny Chest"},{"floor":13,"key":"White Beast Statue"}],"event_choices":[{"damage_healed":0,"gold_gain":0,"player_choice":"Ignored","damage_taken":0,"max_hp_gain":0,"max_hp_loss":0,"event_name":"Liars Game","floor":3,"gold_loss":0},{"damage_healed":0,"gold_gain":0,"player_choice":"Forge","damage_taken":0,"max_hp_gain":0,"max_hp_loss":0,"event_name":"Accursed Blacksmith","floor":4,"gold_loss":0,"cards_upgraded":["Neutralize"]},{"damage_healed":0,"gold_gain":0,"player_choice":"Success","damage_taken":7,"relics_obtained":["Bag of Marbles"],"max_hp_gain":0,"max_hp_loss":0,"event_name":"Scrap Ooze","floor":11,"gold_loss":0}],"is_beta":false,"boss_relics":[],"items_purged_floors":[14],"is_endless":false,"potions_floor_spawned":[1,5,12,13],"killed_by":"Slime Boss","ascension_level":1}}