{"host":"cgaibh95wzkurumv","time":1611099603,"event":{"mods":["BaseMod","Minty Spire (QoL Compilation)","Replay The Spire","StSLib","The Runesmith"],"gold_per_floor":[116,116,41,58,58,93,111,111,159,188,201,201,224,244,244,357,366,381,381,401,410,410,410],"floor_reached":22,"language":"SPA","playtime":780,"items_purged":[],"score":188,"play_id":"0db5887a-75cb-45a6-8b04-afbf652811c7","local_time":"20210119204003","daily_mods":["Chimera","Uncertain Future","Binary"],"is_ascension_mode":false,"campfire_choices":[{"data":"Inflame","floor":8,"key":"SMITH"},{"data":"Finesse","floor":12,"key":"SMITH"},{"data":"Eruption","floor":15,"key":"SMITH"}],"circlet_count":0,"master_deck":["Bash","Survivor","Zap","Eruption+1","Strike_R","Strike_G","Strike_B","Defend_R","Defend_G","Defend_P","Inflame+1","Finesse+1","Havoc","Ghostly Armor","Demon Form","AbeCurse","Necronomicurse"],"relics":["Burning Blood","CeramicFish","Happy Flower","Abe\u0027s Treasure","Necronomicon"],"acts_visited":["Exordium","TheCity"],"potions_floor_usage":[13,13,18,22],"damage_taken":[{"damage":2,"enemies":"Small Slimes","floor":1,"turns":3},{"damage":6,"enemies":"Jaw Worm","floor":4,"turns":4},{"damage":37,"enemies":"3 Sentries","floor":6,"turns":8},{"damage":0,"enemies":"2 Louse","floor":7,"turns":5},{"damage":11,"enemies":"Lots of Slimes","floor":10,"turns":5},{"damage":4,"enemies":"Looter","floor":11,"turns":4},{"damage":49,"enemies":"Gremlin Gang","floor":13,"turns":5},{"damage":8,"enemies":"Exordium Wildlife","floor":14,"turns":5},{"damage":17,"enemies":"Slime Boss","floor":16,"turns":6},{"damage":58,"enemies":"3 Byrds","floor":18,"turns":8},{"damage":0,"enemies":"Chosen","floor":20,"turns":4},{"damage":3,"enemies":"Centurion and Healer","floor":22,"turns":2}],"seed_played":"-1463946744616949912","potions_obtained":[{"floor":6,"key":"Dexterity Potion"},{"floor":7,"key":"BloodPotion"},{"floor":11,"key":"SkillPotion"},{"floor":14,"key":"Strength Potion"},{"floor":16,"key":"PowerPotion"}],"is_trial":true,"path_per_floor":["M","?","$","M","?","E","M","R","T","M","M","R","M","M","R","B",null,"M","?","M","?","M"],"character_chosen":"IRONCLAD","items_purchased":["Inflame"],"campfire_rested":0,"item_purchase_floors":[3],"current_hp_per_floor":[80,85,85,85,85,54,60,60,60,55,57,57,31,29,29,18,85,33,17,23,7,4,4],"gold":410,"neow_bonus":"","is_daily":false,"chose_seed":false,"campfire_upgraded":3,"win_rate":0.0,"timestamp":1611099603,"path_taken":["M","?","$","M","?","E","M","R","T","M","M","R","M","?","R","BOSS","M","?","M","?","M"],"items_purchased_type":["Card"],"build_version":"2020-12-22","purchased_purges":0,"victory":false,"max_hp_per_floor":[80,85,85,85,85,85,85,85,85,85,85,85,85,85,85,85,85,85,90,90,90,90,90],"card_choices":[{"not_picked":["Warcry","Massacre"],"picked":"SKIP","floor":1},{"not_picked":["Twin Strike","Seeing Red"],"picked":"SKIP","floor":4},{"not_picked":["Evolve","Cleave"],"picked":"SKIP","floor":6},{"not_picked":["Infernal Blade","Anger"],"picked":"SKIP","floor":7},{"not_picked":["Body Slam"],"picked":"Havoc","floor":10},{"not_picked":["Carnage","Seeing Red"],"picked":"SKIP","floor":11},{"not_picked":["ReplayTheSpireMod:LeadingStrike"],"picked":"Ghostly Armor","floor":13},{"not_picked":["Run Through","Bloodletting"],"picked":"SKIP","floor":14},{"not_picked":["Double Tap"],"picked":"Demon Form","floor":16},{"not_picked":["Searing Blow","ReplayTheSpireMod:Corrosion Curse"],"picked":"SKIP","floor":18},{"not_picked":["Abandon","Thunderclap"],"picked":"SKIP","floor":20}],"player_experience":279962,"relics_obtained":[{"floor":6,"key":"CeramicFish"},{"floor":9,"key":"Happy Flower"},{"floor":21,"key":"Necronomicon"}],"event_choices":[{"damage_healed":0,"gold_gain":0,"player_choice":"Donut","damage_taken":0,"max_hp_gain":5,"max_hp_loss":0,"event_name":"Big Fish","floor":2,"gold_loss":0},{"damage_healed":0,"gold_gain":0,"player_choice":"1 cards matched","damage_taken":0,"max_hp_gain":0,"max_hp_loss":0,"event_name":"Match and Keep!","floor":5,"gold_loss":0,"cards_obtained":["Finesse"]},{"damage_healed":0,"gold_gain":0,"player_choice":"Shed Blood","damage_taken":21,"max_hp_gain":5,"max_hp_loss":0,"event_name":"Forgotten Altar","floor":19,"gold_loss":0},{"damage_healed":0,"gold_gain":0,"player_choice":"Obtained Book","damage_taken":16,"max_hp_gain":0,"max_hp_loss":0,"event_name":"Cursed Tome","floor":21,"gold_loss":0}],"is_beta":false,"boss_relics":[{"not_picked":["Honey Jar","Painkiller Herb"],"picked":"Abe\u0027s Treasure"}],"items_purged_floors":[],"is_endless":false,"potions_floor_spawned":[6,7,11,14,16],"killed_by":"Centurion and Healer","ascension_level":0}}