{"host":"l2xo1ry2dtjh5eh4","time":1611063257,"event":{"mods":["BaseMod","Colored Powertips","GifTheSpireLib","Minty Spire (QoL Compilation)","StSLib","The Senshi","slay the spire mod where everything is the same but ironclad has a cowboy hat"],"gold_per_floor":[118,118,118,136,146,179,197,197,223,243,305,316,330,391,391,487,487,500,500,15,27,27,27,27],"floor_reached":23,"language":"ENG","playtime":1348,"items_purged":[],"score":218,"play_id":"c0eb1a44-0d40-487e-801b-b60c5f1c7e06","local_time":"20210119143417","is_ascension_mode":false,"campfire_choices":[{"data":"theSenshi:UranusStrength","floor":15,"key":"SMITH"}],"circlet_count":0,"master_deck":["theSenshi:SailorKick","theSenshi:SailorKick+1","theSenshi:SailorKick","theSenshi:SailorKick+1","theSenshi:SailorBlock","theSenshi:SailorBlock","theSenshi:SailorBlock","theSenshi:SailorBlock","theSenshi:RoseThrow","theSenshi:MoonPrismPowerMakeUp","theSenshi:MoonKick+1","theSenshi:SailorMercuryAssists","theSenshi:MoonTiaraMagic","theSenshi:UranusStrength+1","theSenshi:Sidestep","theSenshi:MoonGorgeousMeditation","theSenshi:SaturnsMystery","theSenshi:KlutzyLuck","theSenshi:SailorVenusAssists","theSenshi:LunaSensingAllies","theSenshi:MoonsReflection","theSenshi:MoonPunch","theSenshi:TuxedoMaskAssists","theSenshi:UranusStrength","theSenshi:Overload","theSenshi:MoonPunch"],"relics":["theSenshi:TransformationBroochRelic","NeowsBlessing","Boot","Bag of Preparation","Smiling Mask","Whetstone","Black Star","theSenshi:CrescentMoonWandRelic"],"acts_visited":["Exordium","TheCity"],"potions_floor_usage":[6,6,16,16,21],"damage_taken":[{"damage":0,"enemies":"Small Slimes","floor":1,"turns":1},{"damage":0,"enemies":"Jaw Worm","floor":4,"turns":1},{"damage":0,"enemies":"2 Louse","floor":5,"turns":1},{"damage":0,"enemies":"Gremlin Nob","floor":6,"turns":2},{"damage":0,"enemies":"2 Fungi Beasts","floor":7,"turns":4},{"damage":0,"enemies":"Looter","floor":10,"turns":4},{"damage":18,"enemies":"Lagavulin Event","floor":11,"turns":6},{"damage":17,"enemies":"Large Slime","floor":12,"turns":4},{"damage":4,"enemies":"Exordium Thugs","floor":13,"turns":5},{"damage":5,"enemies":"Hexaghost","floor":16,"turns":12},{"damage":0,"enemies":"Chosen","floor":18,"turns":5},{"damage":11,"enemies":"2 Thieves","floor":21,"turns":4},{"damage":73,"enemies":"Book of Stabbing","floor":23,"turns":8}],"seed_played":"87900548741817957","potions_obtained":[{"floor":1,"key":"FearPotion"},{"floor":5,"key":"Strength Potion"},{"floor":11,"key":"Swift Potion"},{"floor":13,"key":"EssenceOfSteel"},{"floor":18,"key":"SpeedPotion"}],"is_trial":false,"path_per_floor":["M","?","?","M","M","E","M","?","T","M","?","M","M","?","R","B",null,"M","?","$","M","?","E"],"character_chosen":"THE_SENSHI","items_purchased":["theSenshi:MoonPunch","theSenshi:CrescentMoonWandRelic","theSenshi:TuxedoMaskAssists","theSenshi:UranusStrength","theSenshi:Overload"],"campfire_rested":0,"item_purchase_floors":[20,20,20,20,20],"current_hp_per_floor":[75,68,68,68,68,68,68,68,68,68,50,43,39,39,39,52,75,75,61,61,62,62,0,0],"gold":27,"neow_bonus":"THREE_ENEMY_KILL","is_daily":false,"chose_seed":false,"campfire_upgraded":1,"win_rate":0.0,"timestamp":1611063257,"path_taken":["M","?","?","?","M","E","M","?","T","M","?","M","M","?","R","BOSS","M","?","$","M","?","E"],"items_purchased_type":["Card","Relic","Card","Card","Card"],"build_version":"2020-12-22","purchased_purges":0,"victory":false,"max_hp_per_floor":[75,75,75,75,75,75,75,75,75,75,75,75,75,75,75,75,75,75,80,80,80,80,80,80],"card_choices":[{"not_picked":["theSenshi:UranusStrength","theSenshi:MoonPunch"],"picked":"theSenshi:MoonKick","floor":1},{"not_picked":["theSenshi:LunasBite","theSenshi:TuxedoSmokingBomber"],"picked":"theSenshi:SailorMercuryAssists","floor":4},{"not_picked":["theSenshi:JupitersPower","theSenshi:Sidestep"],"picked":"theSenshi:MoonTiaraMagic","floor":5},{"not_picked":["theSenshi:TuxedoSmokingBomber","theSenshi:Overload"],"picked":"theSenshi:UranusStrength","floor":6},{"not_picked":["theSenshi:LunasBite","theSenshi:OdangoHead"],"picked":"theSenshi:Sidestep","floor":7},{"not_picked":["theSenshi:SchoolBag","theSenshi:MoonTiaraMagic"],"picked":"theSenshi:MoonGorgeousMeditation","floor":10},{"not_picked":["theSenshi:DramaticEntrance","theSenshi:MoonKick"],"picked":"theSenshi:SaturnsMystery","floor":11},{"not_picked":["theSenshi:SailorMercuryAssists","theSenshi:TuxedoSmokingBomber"],"picked":"theSenshi:KlutzyLuck","floor":12},{"not_picked":["theSenshi:SailorV","theSenshi:SailorStarMakerAssists"],"picked":"theSenshi:SailorVenusAssists","floor":13},{"not_picked":["theSenshi:JupitersPower","theSenshi:SailorPlutoAssists"],"picked":"theSenshi:LunaSensingAllies","floor":16},{"not_picked":["theSenshi:DramaticEntrance","theSenshi:MoonPower"],"picked":"theSenshi:MoonsReflection","floor":18},{"not_picked":["theSenshi:SailorV","theSenshi:UranusStrength+1"],"picked":"theSenshi:MoonPunch","floor":21}],"player_experience":145686,"relics_obtained":[{"floor":6,"key":"Bag of Preparation"},{"floor":9,"key":"Smiling Mask"},{"floor":11,"key":"Whetstone"}],"event_choices":[{"damage_healed":0,"gold_gain":0,"player_choice":"Success","damage_taken":7,"relics_obtained":["Boot"],"max_hp_gain":0,"max_hp_loss":0,"event_name":"Scrap Ooze","floor":2,"gold_loss":0},{"damage_healed":0,"gold_gain":0,"player_choice":"Grow","damage_taken":0,"max_hp_gain":0,"max_hp_loss":0,"event_name":"Living Wall","floor":3,"gold_loss":0,"cards_upgraded":["theSenshi:MoonKick"]},{"damage_healed":0,"gold_gain":0,"player_choice":"Ignored","damage_taken":0,"max_hp_gain":0,"max_hp_loss":0,"event_name":"Golden Idol","floor":8,"gold_loss":0},{"damage_healed":0,"gold_gain":0,"player_choice":"Searched \u00271\u0027 times","damage_taken":0,"max_hp_gain":0,"max_hp_loss":0,"event_name":"Dead Adventurer","floor":11,"gold_loss":0},{"damage_healed":0,"gold_gain":61,"player_choice":"Gained Gold","damage_taken":0,"max_hp_gain":0,"max_hp_loss":0,"event_name":"Golden Wing","floor":14,"gold_loss":0},{"damage_healed":0,"gold_gain":0,"player_choice":"Shed Blood","damage_taken":19,"max_hp_gain":5,"max_hp_loss":0,"event_name":"Forgotten Altar","floor":19,"gold_loss":0},{"damage_healed":0,"gold_gain":0,"player_choice":"Ignored","damage_taken":0,"max_hp_gain":0,"max_hp_loss":0,"event_name":"Vampires","floor":22,"gold_loss":0}],"is_beta":false,"boss_relics":[{"not_picked":["Runic Dome","Astrolabe"],"picked":"Black Star"}],"items_purged_floors":[],"is_endless":false,"potions_floor_spawned":[1,5,11,13,18],"killed_by":"Book of Stabbing","ascension_level":0}}