{"host":"2lvuisjyit3p3u01","time":1611087477,"event":{"mods":["Act Like it!","BaseMod","Bestiary","Better Synergies","CapriCore","Colored Map","Colored Powertips","Gensokyo","GifTheSpireLib","Marisa????????","Minty Spire (QoL Compilation)","Quick Restart","Remilia??????","Replay The Spire","Spire Arcade","StSLib","The Servant 0.9.4"],"gold_per_floor":[112,125,145,159,179,222,268,268,295,295,320,332,390,404,404,531,531,561,182,182,236,267,267,20,34,34],"floor_reached":25,"language":"ENG","playtime":1218,"items_purged":["Strike_MRS","Strike_MRS"],"score":236,"play_id":"20348be1-eb89-473c-a1b7-7f044dd55fe2","local_time":"20210119221757","is_ascension_mode":false,"campfire_choices":[{"data":"DoubleSpark","floor":8.0,"key":"SMITH"},{"floor":15.0,"key":"REST"},{"floor":23,"key":"REST"}],"circlet_count":0,"master_deck":["Defend_MRS","Defend_MRS","Defend_MRS","Defend_MRS","MasterSpark","UpSweep","GrandCross","Robbery","MachineGunSpark","DoubleSpark+1","SporeBomb","PowerUp","BlazeAway+1","EnergyFlow","NonDirectionalLaser+1"],"relics":["MiniHakkero","NeowsBlessing","Replay:Ringing Soul","MealTicket","Replay:Bottled Flurry","Empty Cage","Chameleon Ring","Pen Nib"],"acts_visited":["Gensokyo:Gensokyo","Gensokyo:Gensokyoer"],"potions_floor_usage":[21,21],"damage_taken":[{"damage":0.0,"enemies":"Gensokyo:3_Fairies","floor":1.0,"turns":1.0},{"damage":0.0,"enemies":"Gensokyo:2_Kodama","floor":2.0,"turns":1.0},{"damage":0.0,"enemies":"Gensokyo:Gryphon","floor":3.0,"turns":1.0},{"damage":11.0,"enemies":"Gensokyo:Python_and_Kodama","floor":4.0,"turns":3.0},{"damage":11.0,"enemies":"Gensokyo:CorruptedTreant","floor":5.0,"turns":3.0},{"damage":8.0,"enemies":"Gensokyo:Mamizou","floor":6.0,"turns":9.0},{"damage":12.0,"enemies":"Gensokyo:Kitsune","floor":7.0,"turns":3.0},{"damage":7.0,"enemies":"Gensokyo:Python_and_Kodama","floor":11.0,"turns":3.0},{"damage":0.0,"enemies":"Gensokyo:LivingMonolith","floor":12.0,"turns":3.0},{"damage":9.0,"enemies":"Gensokyo:3_Kodama","floor":13.0,"turns":3.0},{"damage":8.0,"enemies":"Gensokyo:VengefulSpirit","floor":14.0,"turns":3.0},{"damage":20.0,"enemies":"Gensokyo:Yukari","floor":16.0,"turns":7.0},{"damage":35,"enemies":"Gensokyo:AngelMirror","floor":18,"turns":4},{"damage":31,"enemies":"Gensokyo:3_Dogs","floor":21,"turns":4},{"damage":35,"enemies":"Gensokyo:Wraith","floor":22,"turns":4},{"damage":58,"enemies":"Gensokyo:Slime_Group","floor":25,"turns":4}],"seed_played":"2239789880333835953","potions_obtained":[{"floor":3.0,"key":"Adrenaline Potion"},{"floor":5.0,"key":"Block Potion"},{"floor":7.0,"key":"Venom Potion"},{"floor":16.0,"key":"Doom Potion"},{"floor":18,"key":"Explosive Potion"}],"is_trial":false,"path_per_floor":["M","M","M","M","M","E","M","R","T","T","M","M","M","M","R_BF","B",null,"M","$","?","M","M","R","$","M"],"character_chosen":"MARISA","items_purchased":["Chameleon Ring","SkillPotion","Pen Nib"],"campfire_rested":2,"item_purchase_floors":[19,19,24],"current_hp_per_floor":[75,75,75,64,53,48,36,36,36,36,32,32,26,18,43,23,84,52,67,67,39,7,34,49,0,0],"gold":34,"neow_bonus":"THREE_ENEMY_KILL","is_daily":false,"chose_seed":false,"campfire_upgraded":1,"win_rate":0.0,"timestamp":1611087477,"path_taken":["M","M","?","?","?","E","M","R","T","?","M","M","M","M","R_BF","BOSS","M","$","?","M","?","R","?","M"],"items_purchased_type":["Relic","Potion","Relic"],"build_version":"2020-12-22","purchased_purges":2,"victory":false,"max_hp_per_floor":[75,75,75,75,75,78,78,78,78,78,81,81,84,84,84,84,84,87,87,87,90,93,93,93,93,93],"card_choices":[{"not_picked":["GravityBeat","ShootingEcho","6A"],"picked":"SKIP","floor":1.0},{"not_picked":["WitchLeyline","WitchOfGreed"],"picked":"GrandCross","floor":2.0},{"not_picked":["Acceleration","LuminesStrike","PowerUp"],"picked":"SKIP","floor":3.0},{"not_picked":["OneTimeOff","GrandCross"],"picked":"Robbery","floor":4.0},{"not_picked":["LuminesStrike","6A"],"picked":"MachineGunSpark","floor":5.0},{"not_picked":["MilkyWay","MysteriousBeam"],"picked":"DoubleSpark","floor":6.0},{"not_picked":["DragonMeteor","Robbery","DeepEcoloBomb"],"picked":"SKIP","floor":7.0},{"not_picked":["MagicAbsorber","IllusionStar"],"picked":"SporeBomb","floor":11.0},{"not_picked":["SuperPerseids","DragonMeteor","DarkMatter"],"picked":"SKIP","floor":12.0},{"not_picked":["JA","AsteroidBelt"],"picked":"PowerUp","floor":13.0},{"not_picked":["UnstableBomb","GalacticHalo","ShootingEcho"],"picked":"SKIP","floor":14.0},{"not_picked":["DeepEcoloBomb+1","6A"],"picked":"BlazeAway+1","floor":18},{"not_picked":["GalacticHalo","GravityBeat"],"picked":"EnergyFlow","floor":21},{"not_picked":["IllusionStar","UnstableBomb"],"picked":"NonDirectionalLaser+1","floor":22}],"player_experience":220625,"relics_obtained":[{"floor":6.0,"key":"Replay:Ringing Soul"},{"floor":9.0,"key":"MealTicket"},{"floor":10.0,"key":"Replay:Bottled Flurry"}],"event_choices":[],"is_beta":false,"boss_relics":[{"not_picked":["Ring of Chaos","Replay:Wanted Poster"],"picked":"Empty Cage"}],"items_purged_floors":[19,24],"is_endless":false,"potions_floor_spawned":[3,5,7,16,18],"killed_by":"Gensokyo:Slime_Group","ascension_level":0}}