{"host":"ebj6lkgm8suah319","time":1611025251,"event":{"mods":["2.2 Compatiblity","AchievementEnabler","BaseMod","Block Reminder","Colored Map","Colored Powertips","Minty Spire (QoL Compilation)","Quick Restart","Rare Cards Sparkle","Relic Stats","SuperFastMode"],"gold_per_floor":[116,116,137,153,177,177,212,212,212,226,36,70,35,54,54,182,182,196,211,43,43,66,66,106,106,158,158,158,158,189,15,15,146,146,167,167,0,68,401,431,192,227,227,241,241,270,3,17,17,17],"floor_reached":51,"language":"ENG","playtime":1668,"items_purged":["Doubt","Strike_R","Strike_R","Strike_R"],"score":1431,"play_id":"ade36c29-5e4d-46b2-a1b6-55c2df4dc608","local_time":"20210118220051","is_ascension_mode":true,"campfire_choices":[{"floor":6,"key":"REST"},{"data":"Perfected Strike","floor":8,"key":"SMITH"},{"floor":15,"key":"REST"},{"data":"Feel No Pain","floor":23,"key":"SMITH"},{"floor":27,"key":"REST"},{"data":"Dark Embrace","floor":29,"key":"SMITH"},{"data":"Evolve","floor":32,"key":"SMITH"},{"floor":45,"key":"REST"},{"floor":49,"key":"REST"}],"circlet_count":0,"master_deck":["AscendersBane","Strike_R","Strike_R","Defend_R","Defend_R","Defend_R+1","Defend_R","Bash","Metallicize","Perfected Strike+1","Shrug It Off","Feel No Pain","Clothesline","Perfected Strike","Feel No Pain+1","Spot Weakness","Battle Trance","Spot Weakness","Feed","Dark Embrace+1","Pommel Strike","Disarm","Havoc+1","Pummel+1","Necronomicurse","Injury","Evolve+1","Corruption","Power Through","Apotheosis+1","Feed","Perfected Strike","Power Through","Inflame","Pommel Strike+1"],"relics":["Cursed Key","Gremlin Horn","Mercury Hourglass","Orichalcum","Snecko Eye","Calipers","Necronomicon","Bag of Marbles","Omamori","Membership Card","Fusion Hammer","Red Mask","WingedGreaves","Pocketwatch","PreservedInsect","Potion Belt","Shuriken","Eternal Feather","War Paint","Lantern","Toolbox"],"acts_visited":["Exordium","TheCity","TheBeyond"],"potions_floor_usage":[12,24,33,38,38,50,50],"damage_taken":[{"damage":1,"enemies":"Cultist","floor":1,"turns":3},{"damage":7,"enemies":"Jaw Worm","floor":3,"turns":4},{"damage":0,"enemies":"2 Louse","floor":4,"turns":2},{"damage":0,"enemies":"2 Fungi Beasts","floor":5,"turns":4},{"damage":22,"enemies":"Lagavulin","floor":7,"turns":7},{"damage":3,"enemies":"Blue Slaver","floor":10,"turns":3},{"damage":17,"enemies":"3 Sentries","floor":12,"turns":4},{"damage":0,"enemies":"Looter","floor":14,"turns":3},{"damage":0,"enemies":"The Guardian","floor":16,"turns":10},{"damage":0,"enemies":"Spheric Guardian","floor":18,"turns":3},{"damage":7,"enemies":"Chosen","floor":19,"turns":2},{"damage":11,"enemies":"Shelled Parasite and Fungi","floor":22,"turns":8},{"damage":13,"enemies":"Gremlin Leader","floor":24,"turns":7},{"damage":16,"enemies":"Book of Stabbing","floor":30,"turns":4},{"damage":60,"enemies":"Champ","floor":33,"turns":12},{"damage":7,"enemies":"Orb Walker","floor":35,"turns":2},{"damage":27,"enemies":"2 Orb Walkers","floor":38,"turns":3},{"damage":0,"enemies":"Nemesis","floor":40,"turns":5},{"damage":0,"enemies":"Giant Head","floor":42,"turns":6},{"damage":0,"enemies":"3 Shapes","floor":44,"turns":6},{"damage":0,"enemies":"Reptomancer","floor":46,"turns":4},{"damage":3,"enemies":"Transient","floor":48,"turns":5},{"damage":22,"enemies":"Time Eater","floor":50,"turns":10}],"seed_played":"3066664234653314153","potions_obtained":[{"floor":3,"key":"DistilledChaos"},{"floor":5,"key":"SneckoOil"},{"floor":12,"key":"GamblersBrew"},{"floor":18,"key":"ColorlessPotion"},{"floor":24,"key":"Block Potion"},{"floor":35,"key":"Fire Potion"},{"floor":40,"key":"SpeedPotion"},{"floor":42,"key":"Explosive Potion"},{"floor":44,"key":"LiquidMemories"}],"is_trial":false,"path_per_floor":["M","?","M","M","M","R","E","R","T","M","$","E","$","M","R","B",null,"M","M","$","?","M","R","E","?","T","R","?","R","E","$","R","B",null,"M","?","?","?","?","E","$","E","T","M","R","E","$","M","R","B",null],"character_chosen":"IRONCLAD","items_purchased":["Feel No Pain","Spot Weakness","Spot Weakness","Disarm","Membership Card","Evolve","PreservedInsect","Potion Belt","AttackPotion","Lantern","Toolbox","Inflame"],"campfire_rested":5,"item_purchase_floors":[11,11,13,20,31,31,41,41,41,47,47,47],"current_hp_per_floor":[71,51,44,44,44,68,46,46,46,43,43,26,26,26,50,50,73,73,66,66,66,58,58,48,32,32,57,85,85,72,72,72,15,73,66,56,56,29,29,33,33,37,37,41,90,94,94,91,108,90],"gold":17,"neow_bonus":"BOSS_RELIC","is_daily":false,"chose_seed":false,"campfire_upgraded":4,"win_rate":0.0,"timestamp":1611025251,"path_taken":["M","?","M","M","M","R","E","R","T","M","$","E","$","M","R","BOSS","M","M","$","?","M","R","E","?","T","R","?","R","E","?","R","BOSS","M","?","?","?","?","E","$","E","T","M","R","E","$","M","R","BOSS"],"items_purchased_type":["Card","Card","Card","Card","Relic","Card","Relic","Relic","Potion","Relic","Relic","Card"],"build_version":"2020-12-22","purchased_purges":4,"victory":true,"max_hp_per_floor":[80,80,80,80,80,80,80,80,80,80,80,80,80,80,80,80,80,80,80,80,80,83,83,86,86,86,86,86,86,89,89,89,92,92,92,92,92,92,92,96,96,100,100,104,104,108,108,108,108,112],"relic_stats":{"Gremlin Horn":[14,15],"counters":[23,116],"Eternal Feather":35,"PreservedInsect":192,"Orichalcum":[96],"War Paint":["Apotheosis","Defend_R"],"Cursed Key":3,"Mercury Hourglass":[291],"Shuriken":[10],"Snecko Eye":[152,167,159,166],"Necronomicon":[27],"obtain_stats":[{"Potion Belt":41,"Lantern":47,"Calipers":24,"Gremlin Horn":7,"Golden Idol":2,"Eternal Feather":43,"PreservedInsect":41,"Omamori":30,"Orichalcum":12,"War Paint":46,"Cursed Key":0,"Burning Blood":0,"Mercury Hourglass":9,"Shuriken":42,"Snecko Eye":17,"Toolbox":47,"Fusion Hammer":34,"WingedGreaves":38,"Necronomicon":25,"Bag of Marbles":26,"Red Mask":37,"Membership Card":31,"Pocketwatch":40},{"Potion Belt":18,"Lantern":21,"Calipers":13,"Gremlin Horn":5,"Golden Idol":1,"Eternal Feather":19,"PreservedInsect":18,"Omamori":14,"Orichalcum":7,"War Paint":21,"Cursed Key":0,"Burning Blood":0,"Mercury Hourglass":5,"Shuriken":19,"Snecko Eye":9,"Toolbox":21,"Fusion Hammer":15,"WingedGreaves":17,"Necronomicon":13,"Bag of Marbles":13,"Red Mask":16,"Membership Card":14,"Pocketwatch":18},{"Potion Belt":86,"Lantern":101,"Calipers":60,"Gremlin Horn":20,"Golden Idol":3,"Eternal Feather":92,"PreservedInsect":86,"Omamori":64,"Orichalcum":27,"War Paint":101,"Cursed Key":0,"Burning Blood":0,"Mercury Hourglass":20,"Shuriken":92,"Snecko Eye":40,"Toolbox":101,"Fusion Hammer":76,"WingedGreaves":81,"Necronomicon":60,"Bag of Marbles":60,"Red Mask":78,"Membership Card":64,"Pocketwatch":86}],"Pocketwatch":[9]},"card_choices":[{"not_picked":["Clash","Flex"],"picked":"Metallicize","floor":1},{"not_picked":["Intimidate","Body Slam"],"picked":"Perfected Strike","floor":3},{"not_picked":["Flex","Armaments"],"picked":"Shrug It Off","floor":4},{"not_picked":["Searing Blow","Sword Boomerang"],"picked":"Feel No Pain","floor":5},{"not_picked":["Juggernaut","Anger"],"picked":"Clothesline","floor":7},{"not_picked":["Flex","Heavy Blade"],"picked":"Perfected Strike","floor":10},{"not_picked":["Exhume","Double Tap"],"picked":"Battle Trance","floor":12},{"not_picked":["Thunderclap","Iron Wave","Pummel"],"picked":"SKIP","floor":14},{"not_picked":["Bludgeon","Fiend Fire"],"picked":"Feed","floor":16},{"not_picked":["Flex","Armaments"],"picked":"Dark Embrace","floor":18},{"not_picked":["Cleave","Sentinel"],"picked":"Pommel Strike","floor":19},{"not_picked":["Reckless Charge","Battle Trance"],"picked":"Havoc+1","floor":22},{"not_picked":["Wild Strike","Twin Strike"],"picked":"Pummel+1","floor":24},{"not_picked":["Heavy Blade","Pummel","Sever Soul"],"picked":"SKIP","floor":30},{"not_picked":["Bludgeon","Exhume"],"picked":"Corruption","floor":33},{"not_picked":["Thunderclap+1","Perfected Strike"],"picked":"Power Through","floor":35},{"not_picked":["Enlightenment","Swift Strike"],"picked":"Apotheosis","floor":36},{"not_picked":["Fire Breathing+1","Cleave+1"],"picked":"Feed","floor":40},{"not_picked":["Thunderclap+1","Anger"],"picked":"Perfected Strike","floor":42},{"not_picked":["Thunderclap+1","Anger","True Grit"],"picked":"SKIP","floor":44},{"not_picked":["Corruption","Clash"],"picked":"Power Through","floor":46},{"not_picked":["Armaments+1","Clash"],"picked":"Pommel Strike+1","floor":48}],"player_experience":30096,"relics_obtained":[{"floor":7,"key":"Gremlin Horn"},{"floor":9,"key":"Mercury Hourglass"},{"floor":12,"key":"Orichalcum"},{"floor":24,"key":"Calipers"},{"floor":25,"key":"Necronomicon"},{"floor":26,"key":"Bag of Marbles"},{"floor":30,"key":"Omamori"},{"floor":38,"key":"WingedGreaves"},{"floor":40,"key":"Pocketwatch"},{"floor":42,"key":"Shuriken"},{"floor":43,"key":"Eternal Feather"},{"floor":46,"key":"War Paint"}],"event_choices":[{"damage_healed":0,"gold_gain":0,"player_choice":"Take Damage","damage_taken":20,"relics_obtained":["Golden Idol"],"max_hp_gain":0,"max_hp_loss":0,"event_name":"Golden Idol","floor":2,"gold_loss":0},{"damage_healed":0,"gold_gain":0,"player_choice":"Ignored","damage_taken":0,"max_hp_gain":0,"max_hp_loss":0,"event_name":"The Mausoleum","floor":21,"gold_loss":0},{"damage_healed":0,"gold_gain":0,"player_choice":"Obtained Book","damage_taken":16,"max_hp_gain":0,"max_hp_loss":0,"event_name":"Cursed Tome","floor":25,"gold_loss":0},{"damage_healed":28,"gold_gain":0,"player_choice":"Heal","damage_taken":0,"max_hp_gain":0,"max_hp_loss":0,"event_name":"The Library","floor":28,"gold_loss":0},{"damage_healed":0,"gold_gain":0,"player_choice":"Memory 3","damage_taken":10,"max_hp_gain":0,"max_hp_loss":0,"event_name":"SensoryStone","floor":36,"gold_loss":0},{"damage_healed":0,"gold_gain":0,"player_choice":"Paid","damage_taken":0,"relics_obtained":["Red Mask"],"max_hp_gain":0,"max_hp_loss":0,"event_name":"Tomb of Lord Red Mask","floor":37,"gold_loss":167},{"damage_healed":0,"gold_gain":0,"player_choice":"Fight","damage_taken":0,"max_hp_gain":0,"max_hp_loss":0,"event_name":"Mysterious Sphere","floor":38,"gold_loss":0},{"damage_healed":0,"gold_gain":333,"player_choice":"Gave Idol","damage_taken":0,"max_hp_gain":0,"max_hp_loss":0,"event_name":"The Moai Head","floor":39,"relics_lost":["Golden Idol"],"gold_loss":0}],"is_beta":false,"boss_relics":[{"not_picked":["SacredBark","Busted Crown"],"picked":"Snecko Eye"},{"not_picked":["Sozu","Runic Cube"],"picked":"Fusion Hammer"}],"items_purged_floors":[11,20,41,47],"is_endless":false,"potions_floor_spawned":[3,5,12,18,24,35,40,42,44],"ascension_level":10}}