{"host":"9gwavclf33b2mpxe","time":1611049081,"event":{"mods":["BaseMod","Bestiary","Block Reminder","Colored Map","Colored Powertips","Downfall","Highlight Path","Minty Spire (QoL Compilation)","Permanent Neow","Quick Restart","Relic Stats","StSLib","SuperFastMode"],"gold_per_floor":[99,114,124,124,224,243,322,222,239,251,269,269,293,322,335,430,430,330,348,360,360,360,360],"floor_reached":21,"language":"ENG","playtime":1531,"items_purged":[],"score":183,"play_id":"a3ce8500-5d4f-4448-90e4-b4988f0449c5","local_time":"20210119173801","is_ascension_mode":false,"campfire_choices":[{"floor":1.0,"key":"RECALL"},{"data":"hexamod:Float","floor":8,"key":"SMITH"},{"data":"hexamod:PhantomCloak","floor":12,"key":"SMITH"},{"data":"hexamod:EmpoweredFlame","floor":18,"key":"SMITH"}],"circlet_count":0,"master_deck":["hexamod:Strike","hexamod:Strike","hexamod:Strike","hexamod:Strike","hexamod:Defend","hexamod:Defend","hexamod:Defend","hexamod:Sear","hexamod:Float+1","hexamod:InspiringFlames","hexamod:RadiantFlame","hexamod:StepThrough","hexamod:AdvancingGuard","hexamod:Firestarter","hexamod:PhantomCloak+1","hexamod:FlamesFromBeyond","hexamod:WildfireWeapon","hexamod:EmpoweredFlame+1","hexamod:VolcanoVisage","hexamod:HeatMetal"],"relics":["Coffee Dripper","White Beast Statue","downfall:HeartBlessingRed","Odd Mushroom","Oddly Smooth Stone","SlaversCollar","downfall:HeartBlessingGreen"],"acts_visited":["Exordium","TheCity"],"potions_floor_usage":[10,13,14,15,16,20,21,21,21],"damage_taken":[{"damage":3,"enemies":"Jaw Worm","floor":2,"turns":3},{"damage":3,"enemies":"2 Louse","floor":3,"turns":3},{"damage":1,"enemies":"Cultist","floor":6,"turns":3},{"damage":4,"enemies":"3 Louse","floor":9,"turns":3},{"damage":6,"enemies":"Red Slaver","floor":10,"turns":3},{"damage":0,"enemies":"2 Fungi Beasts","floor":11,"turns":3},{"damage":14,"enemies":"The Mushroom Lair","floor":13,"turns":5},{"damage":12,"enemies":"Gremlin Nob","floor":14,"turns":4},{"damage":6,"enemies":"Blue Slaver","floor":15,"turns":3},{"damage":11,"enemies":"DF_ARCHETYPE_STREAMLINE","floor":16,"turns":9},{"damage":5,"enemies":"3 Byrds","floor":19,"turns":5},{"damage":17,"enemies":"Snecko","floor":20,"turns":6},{"damage":16,"enemies":"Cultist and Chosen","floor":21,"turns":6}],"seed_played":"3546752379596934550","potions_obtained":[{"floor":3,"key":"Dexterity Potion"},{"floor":6,"key":"AttackPotion"},{"floor":9,"key":"BlessingOfTheForge"},{"floor":10,"key":"Block Potion"},{"floor":11,"key":"hexamod:InfernoChargePotion"},{"floor":13,"key":"sneckomod:MuddlingPotion"},{"floor":14,"key":"hexamod:SoulburnPotion"},{"floor":15,"key":"EssenceOfSteel"},{"floor":16,"key":"SteroidPotion"},{"floor":19,"key":"Explosive Potion"},{"floor":20,"key":"BlessingOfTheForge"}],"is_trial":false,"path_per_floor":["R","M","M","?","?","M","T","R","M","M","M","R","?","E","M","B",null,"R","M","M","M"],"character_chosen":"THE_SPIRIT","items_purchased":[],"campfire_rested":0,"item_purchase_floors":[],"current_hp_per_floor":[70,67,64,64,64,63,63,63,59,53,53,53,39,27,21,10,70,70,65,48,32,32,32],"gold":360,"neow_bonus":"BOSS_RELIC","is_daily":false,"chose_seed":false,"campfire_upgraded":3,"win_rate":0.0,"timestamp":1611049081,"path_taken":["R","M","M","?","?","M","T","R","M","M","M","R","?","E","M","BOSS","R","M","M","M"],"items_purchased_type":[],"build_version":"2020-12-22","purchased_purges":0,"victory":false,"max_hp_per_floor":[70,70,70,70,70,70,70,70,70,70,70,70,70,70,70,70,70,70,70,70,70,70,70],"relic_stats":{"counters":[13,56],"obtain_stats":[{"SlaversCollar":17,"downfall:HeartBlessingRed":8,"Oddly Smooth Stone":14,"downfall:HeartBlessingGreen":18,"Coffee Dripper":0,"Odd Mushroom":13,"hexamod:SpiritBrand":0,"White Beast Statue":7},{"SlaversCollar":10,"downfall:HeartBlessingRed":3,"Oddly Smooth Stone":8,"downfall:HeartBlessingGreen":10,"Coffee Dripper":0,"Odd Mushroom":7,"hexamod:SpiritBrand":0,"White Beast Statue":3},{"SlaversCollar":39,"downfall:HeartBlessingRed":9,"Oddly Smooth Stone":27,"downfall:HeartBlessingGreen":39,"Coffee Dripper":0,"Odd Mushroom":23,"hexamod:SpiritBrand":0,"White Beast Statue":9}]},"card_choices":[{"not_picked":["hexamod:NightmareStrike","hexamod:SkipABeat"],"picked":"hexamod:InspiringFlames","floor":2},{"not_picked":["hexamod:GhostLash","hexamod:CatchUp"],"picked":"hexamod:RadiantFlame","floor":3},{"not_picked":["hexamod:NecessarySacrifice","hexamod:SoulSteal"],"picked":"hexamod:StepThrough","floor":6},{"not_picked":["hexamod:GhostOfSpirePast","hexamod:BurningTouch"],"picked":"hexamod:AdvancingGuard","floor":9},{"not_picked":["hexamod:NightmareStrike","hexamod:SwordOfDarkness"],"picked":"hexamod:Firestarter","floor":10},{"not_picked":["hexamod:SwordOfDarkness","hexamod:DynamicBlow"],"picked":"hexamod:PhantomCloak","floor":11},{"not_picked":["hexamod:PhantomFireball","hexamod:DynamicBlow"],"picked":"hexamod:FlamesFromBeyond","floor":13},{"not_picked":["hexamod:EmpoweredFlame","hexamod:SwordOfDarkness"],"picked":"hexamod:WildfireWeapon","floor":14},{"not_picked":["hexamod:FourthSeal","hexamod:BacktrackSmack"],"picked":"hexamod:EmpoweredFlame","floor":15},{"not_picked":["hexamod:GhostOfSpirePresent","hexamod:TurnItUp"],"picked":"hexamod:VolcanoVisage","floor":16},{"not_picked":["hexamod:ShieldOfDarkness","hexamod:NightmareGuise"],"picked":"hexamod:HeatMetal","floor":19},{"not_picked":["hexamod:AdvancingGuard","hexamod:BacktrackSmack","hexamod:FlamesFromBeyond"],"picked":"SKIP","floor":20}],"player_experience":92885,"relics_obtained":[{"floor":7,"key":"White Beast Statue"},{"floor":13,"key":"Odd Mushroom"},{"floor":14,"key":"Oddly Smooth Stone"}],"event_choices":[{"cards_removed":["hexamod:Defend"],"damage_healed":0,"gold_gain":0,"player_choice":"Card Removal","damage_taken":0,"max_hp_gain":0,"max_hp_loss":0,"event_name":"The Cleric","floor":4,"gold_loss":0},{"damage_healed":0,"gold_gain":0,"player_choice":"Fought Mushrooms","damage_taken":0,"max_hp_gain":0,"max_hp_loss":0,"event_name":"Mushrooms","floor":13,"gold_loss":0}],"is_beta":false,"boss_relics":[{"not_picked":["Runic Dome","Fusion Hammer"],"picked":"SlaversCollar"}],"items_purged_floors":[],"is_endless":false,"potions_floor_spawned":[3,6,9,10,11,13,14,15,16,19,20],"killed_by":"Cultist and Chosen","ascension_level":0}}