{"host":"rhakyh2m1vy6smuu","time":1611042637,"event":{"mods":["BaseMod","Minty Spire (QoL Compilation)","StSLib"],"gold_per_floor":[114,114,114,189,199,199,210,210,210,224,241,241,241,74,74,171,171,184,219,219,239,166,191,191,191,191,218,238,263,263,275,275,372,372,386,386,406,275,255,255,275,290,339,53,53,28,47,60,60,60,60,60,22,53,53],"floor_reached":56,"language":"ENG","playtime":3390,"items_purged":[],"score":1195,"play_id":"78d0348b-62ae-406b-8b3b-7d2fcdfbc8d2","local_time":"20210119005037","is_ascension_mode":false,"campfire_choices":[{"floor":6.0,"key":"REST"},{"data":"Neutralize","floor":8.0,"key":"SMITH"},{"data":"Burst","floor":13.0,"key":"SMITH"},{"data":"Deadly Poison","floor":15.0,"key":"SMITH"},{"data":"Malaise","floor":25.0,"key":"SMITH"},{"data":"Catalyst","floor":30.0,"key":"SMITH"},{"data":"Acrobatics","floor":32.0,"key":"SMITH"},{"data":"Sadistic Nature","floor":40.0,"key":"SMITH"},{"floor":45.0,"key":"RECALL"},{"data":"Wraith Form v2","floor":49.0,"key":"SMITH"},{"data":"Cloak And Dagger","floor":52.0,"key":"SMITH"}],"circlet_count":0,"master_deck":["Strike_G","Defend_G","Defend_G","Defend_G+1","Defend_G","Survivor","Neutralize+1","Sadistic Nature+1","Deflect","Acrobatics+1","Deadly Poison+1","Burst+1","PiercingWail","Calculated Gamble","Tools of the Trade","Prepared+1","Doppelganger+1","Skewer+1","Caltrops+1","Crippling Poison+1","Malaise+1","Sucker Punch+1","Expertise","Catalyst+1","Backflip","Envenom","Wraith Form v2+1","Calculated Gamble+1","Infinite Blades","Sadistic Nature+1","Footwork","Tactician+1","Cloak And Dagger+1","Well Laid Plans","Cloak And Dagger+1","Catalyst+1","Backflip+1","Deflect","Backflip"],"relics":["Ring of the Snake","Pantograph","Letter Opener","Kunai","Membership Card","Astrolabe","Red Mask","ClockworkSouvenir","StrikeDummy","Meat on the Bone","Calipers","Shuriken","SlaversCollar","OrangePellets","Gremlin Horn","Turnip"],"acts_visited":["Exordium","TheCity","TheBeyond","TheEnding"],"potions_floor_usage":[55,55],"damage_taken":[{"damage":0.0,"enemies":"2 Louse","floor":1.0,"turns":3.0},{"damage":5.0,"enemies":"Small Slimes","floor":5.0,"turns":5.0},{"damage":3.0,"enemies":"Jaw Worm","floor":7.0,"turns":5.0},{"damage":0.0,"enemies":"Exordium Thugs","floor":10.0,"turns":4.0},{"damage":0.0,"enemies":"Blue Slaver","floor":11.0,"turns":3.0},{"damage":5.0,"enemies":"The Guardian","floor":16.0,"turns":12.0},{"damage":2.0,"enemies":"Shell Parasite","floor":18.0,"turns":4.0},{"damage":10.0,"enemies":"Masked Bandits","floor":19.0,"turns":4.0},{"damage":0.0,"enemies":"Spheric Guardian","floor":21.0,"turns":3.0},{"damage":6.0,"enemies":"Book of Stabbing","floor":23.0,"turns":5.0},{"damage":24.0,"enemies":"Slavers","floor":27.0,"turns":3.0},{"damage":0.0,"enemies":"Snake Plant","floor":28.0,"turns":2.0},{"damage":0.0,"enemies":"Gremlin Leader","floor":29.0,"turns":2.0},{"damage":4.0,"enemies":"3 Cultists","floor":31.0,"turns":3.0},{"damage":57.0,"enemies":"Champ","floor":33.0,"turns":11.0},{"damage":0.0,"enemies":"3 Shapes","floor":35.0,"turns":4.0},{"damage":4.0,"enemies":"3 Darklings","floor":37.0,"turns":3.0},{"damage":0.0,"enemies":"Spire Growth","floor":41.0,"turns":2.0},{"damage":11.0,"enemies":"Sphere and 2 Shapes","floor":42.0,"turns":6.0},{"damage":6.0,"enemies":"Jaw Worm Horde","floor":47.0,"turns":2.0},{"damage":0.0,"enemies":"Transient","floor":48.0,"turns":5.0},{"damage":22.0,"enemies":"Awakened One","floor":50.0,"turns":11.0},{"damage":17.0,"enemies":"Shield and Spear","floor":54.0,"turns":6.0},{"damage":32,"enemies":"The Heart","floor":55,"turns":9}],"seed_played":"-2803863030250129981","potions_obtained":[{"floor":5.0,"key":"CunningPotion"},{"floor":16.0,"key":"SkillPotion"},{"floor":19.0,"key":"Energy Potion"},{"floor":28.0,"key":"CunningPotion"},{"floor":33.0,"key":"FearPotion"},{"floor":37.0,"key":"SkillPotion"},{"floor":39.0,"key":"CunningPotion"},{"floor":42.0,"key":"SteroidPotion"},{"floor":54.0,"key":"SpeedPotion"}],"is_trial":false,"path_per_floor":["M","?","?","?","M","R","M","R","T","M","M","T","R","$","R","B",null,"M","?","?","M","$","E","?","R","T","E","M","E","R","M","R","B",null,"M","?","M","$","?","R","M","M","T","$","R","$","M","M","R","B",null,"R","$","E","B",null],"character_chosen":"THE_SILENT","items_purchased":["Membership Card","Calculated Gamble","ClockworkSouvenir","Sadistic Nature","Footwork","OrangePellets","GhostInAJar","Gremlin Horn","Well Laid Plans","Cloak And Dagger","Dexterity Potion","Deflect"],"campfire_rested":1,"item_purchase_floors":[14,14,22,38,38,44,44,44,44,46,53,53],"current_hp_per_floor":[49,35,32,21,16,37,34,34,34,34,34,34,34,34,34,54,70,68,58,58,58,58,52,39,39,39,27,39,39,39,47,47,27,75,75,75,71,71,71,71,71,60,60,60,60,60,54,54,54,53,75,75,75,58,43],"gold":53,"neow_bonus":"RANDOM_COLORLESS_2","is_daily":false,"chose_seed":false,"campfire_upgraded":9,"win_rate":0.0,"timestamp":1611042637,"path_taken":["M","?","?","?","M","R","M","R","T","M","?","?","R","$","R","BOSS","M","?","?","M","$","E","?","R","T","E","M","E","R","M","R","BOSS","M","?","M","$","?","R","M","M","T","$","R","$","M","?","R","BOSS","R","$","E","BOSS"],"items_purchased_type":["Relic","Card","Relic","Card","Card","Relic","Potion","Relic","Card","Card","Potion","Card"],"build_version":"2020-12-22","purchased_purges":0,"victory":true,"max_hp_per_floor":[70,70,70,70,70,70,70,70,70,70,70,70,70,70,70,70,70,70,70,70,70,70,70,75,75,75,75,75,75,75,75,75,75,75,75,75,75,75,75,75,75,75,75,75,75,75,75,75,75,75,75,75,75,75,75],"card_choices":[{"not_picked":["Thinking Ahead","Mayhem"],"picked":"Sadistic Nature","floor":0.0},{"not_picked":["Distraction","Outmaneuver"],"picked":"Deflect","floor":1.0},{"not_picked":["PiercingWail","Escape Plan"],"picked":"Acrobatics","floor":5.0},{"not_picked":["Dagger Throw","Concentrate"],"picked":"Deadly Poison","floor":7.0},{"not_picked":["Terror","Sucker Punch"],"picked":"Burst","floor":10.0},{"not_picked":["Acrobatics","Quick Slash"],"picked":"PiercingWail","floor":11.0},{"not_picked":["Night Terror","Adrenaline"],"picked":"Tools of the Trade","floor":16.0},{"not_picked":["Acrobatics+1","Footwork"],"picked":"Caltrops+1","floor":18.0},{"not_picked":["Dagger Throw","Slice"],"picked":"Crippling Poison+1","floor":19.0},{"not_picked":["Deadly Poison","Quick Slash+1"],"picked":"Sucker Punch+1","floor":21.0},{"not_picked":["Underhanded Strike+1","Calculated Gamble"],"picked":"Expertise","floor":23.0},{"not_picked":["Prepared","Well Laid Plans"],"picked":"Catalyst","floor":27.0},{"not_picked":["Quick Slash","Calculated Gamble+1"],"picked":"Backflip","floor":28.0},{"not_picked":["Terror","Sucker Punch"],"picked":"Envenom","floor":29.0},{"not_picked":["Dash","Deadly Poison","Bane"],"picked":"SKIP","floor":31.0},{"not_picked":["A Thousand Cuts","Doppelganger"],"picked":"Wraith Form v2","floor":33.0},{"not_picked":["Accuracy","Flechettes"],"picked":"Calculated Gamble+1","floor":35.0},{"not_picked":["Acrobatics+1","Caltrops+1"],"picked":"Infinite Blades","floor":37.0},{"not_picked":["Sucker Punch+1","Dagger Throw+1"],"picked":"Tactician+1","floor":41.0},{"not_picked":["Endless Agony+1","Underhanded Strike+1"],"picked":"Cloak And Dagger+1","floor":42.0},{"not_picked":["Cloak And Dagger","Backflip+1"],"picked":"Catalyst+1","floor":47.0},{"not_picked":["Deadly Poison+1","Riddle With Holes+1"],"picked":"Backflip+1","floor":48.0},{"not_picked":["Envenom","Deflect"],"picked":"Backflip","floor":54.0}],"player_experience":1463131,"relics_obtained":[{"floor":9.0,"key":"Letter Opener"},{"floor":12.0,"key":"Kunai"},{"floor":19.0,"key":"Red Mask"},{"floor":23.0,"key":"StrikeDummy"},{"floor":26.0,"key":"Meat on the Bone"},{"floor":27.0,"key":"Calipers"},{"floor":29.0,"key":"Shuriken"},{"floor":54.0,"key":"Turnip"}],"event_choices":[{"damage_healed":0.0,"max_hp_gain":0.0,"max_hp_loss":0.0,"gold_gain":0.0,"event_name":"Shining Light","player_choice":"Entered Light","floor":2.0,"gold_loss":0.0,"damage_taken":14.0,"cards_upgraded":["Sadistic Nature","Defend_G"]},{"damage_healed":0.0,"max_hp_gain":0.0,"max_hp_loss":0.0,"gold_gain":0.0,"event_name":"Scrap Ooze","player_choice":"Success","floor":3.0,"gold_loss":0.0,"damage_taken":3.0,"relics_obtained":["Pantograph"]},{"damage_healed":0.0,"max_hp_gain":0.0,"max_hp_loss":0.0,"gold_gain":75.0,"event_name":"World of Goop","player_choice":"Gather Gold","floor":4.0,"gold_loss":0.0,"damage_taken":11.0},{"damage_healed":0.0,"max_hp_gain":0.0,"max_hp_loss":0.0,"gold_gain":0.0,"event_name":"Masked Bandits","player_choice":"Fought Bandits","floor":19.0,"gold_loss":0.0,"damage_taken":0.0},{"damage_healed":0.0,"max_hp_gain":0.0,"max_hp_loss":0.0,"gold_gain":0.0,"cards_transformed":["Strike_G","Strike_G"],"event_name":"Drug Dealer","player_choice":"Became Test Subject","floor":20.0,"gold_loss":0.0,"damage_taken":0.0,"cards_obtained":["Predator","Malaise"]},{"damage_healed":0.0,"max_hp_gain":5.0,"max_hp_loss":0.0,"gold_gain":0.0,"event_name":"Forgotten Altar","player_choice":"Shed Blood","floor":24.0,"gold_loss":0.0,"damage_taken":18.0},{"cards_removed":["Predator"],"damage_healed":0.0,"max_hp_gain":0.0,"max_hp_loss":0.0,"gold_gain":0.0,"event_name":"Falling","player_choice":"Removed Attack","floor":36.0,"gold_loss":0.0,"damage_taken":0.0},{"damage_healed":0.0,"max_hp_gain":0.0,"max_hp_loss":0.0,"gold_gain":0.0,"event_name":"The Woman in Blue","player_choice":"Bought 1 Potion","floor":39.0,"gold_loss":0.0,"damage_taken":0.0}],"is_beta":false,"boss_relics":[{"not_picked":["SacredBark","HoveringKite"],"picked":"Astrolabe"},{"not_picked":["Sozu","Empty Cage"],"picked":"SlaversCollar"}],"items_purged_floors":[],"is_endless":false,"potions_floor_spawned":[5,16,19,28,33,37,42,47,54],"ascension_level":0}}