{"host":"5dk97cf2ubw2v967","time":1611037893,"event":{"mods":["AlwaysNeverKeys","BaseMod","Better Altar","Better Vampires","Block Reminder","Colored Powertips","Downfall","Googly Eyes","Highlight Path","Minty Spire (QoL Compilation)","Permanent Neow","Potion Indicator Mod","Quick Restart","Relic Filter","Relic Stats","Say the Spire","Spicy Shops","StSLib","Waifu the Spire","everything is the same but u backflip on backflip"],"gold_per_floor":[99,111,121,31,31,58,135,154,189,89,116,129,147,32,46,46,46,46],"floor_reached":16,"language":"ENG","playtime":1115,"items_purged":["Guardian:Defend_Guardian","Guardian:Defend_Guardian"],"score":171,"play_id":"c6a26718-061f-4ad7-b018-4a073b640aff","local_time":"20210119063133","is_ascension_mode":true,"campfire_choices":[{"data":"Guardian:GemFinder","floor":1,"key":"SMITH"},{"floor":10,"key":"REST"}],"circlet_count":0,"master_deck":["Guardian:Strike_Guardian","Guardian:Strike_Guardian","Guardian:Strike_Guardian","Guardian:Strike_Guardian","Guardian:Defend_Guardian","Guardian:Defend_Guardian","Guardian:CurlUp","Guardian:TwinSlam","Guardian:GemFinder+1","Guardian:ChargeUp","Guardian:Gem_Cyan","Guardian:BronzeOrb","Guardian:Gem_Cyan","Guardian:Planning","Guardian:EvasiveProtocol","Guardian:TemporalStrike","Guardian:Repulse","Guardian:PrimingBeam","Guardian:BronzeOrb"],"relics":["Guardian:ModeShifter","HornCleat","Eternal Feather","InkBottle","downfall:HeartBlessingBlue","Orichalcum"],"acts_visited":["Exordium"],"potions_floor_usage":[9,14,15,16],"damage_taken":[{"damage":1,"enemies":"Cultist","floor":2,"turns":4},{"damage":0,"enemies":"2 Louse","floor":3,"turns":3},{"damage":5,"enemies":"downfall:FleeingMerchant","floor":4,"turns":4},{"damage":24,"enemies":"Gremlin Nob","floor":6,"turns":5},{"damage":12,"enemies":"Small Slimes","floor":8,"turns":4},{"damage":2,"enemies":"Lagavulin","floor":9,"turns":4},{"damage":20,"enemies":"Gremlin Nob","floor":11,"turns":6},{"damage":0,"enemies":"Gremlin Gang","floor":12,"turns":6},{"damage":1,"enemies":"Red Slaver","floor":13,"turns":4},{"damage":0,"enemies":"downfall:FleeingMerchant","floor":14,"turns":4},{"damage":0,"enemies":"3 Louse","floor":15,"turns":2},{"damage":45,"enemies":"SI_SHIV_ARCHETYPE","floor":16,"turns":7}],"seed_played":"7004908239249892439","potions_obtained":[{"floor":6,"key":"Slimebound:ThreeZeroPotion"},{"floor":9,"key":"Fire Potion"},{"floor":11,"key":"ColorlessPotion"},{"floor":12,"key":"FearPotion"},{"floor":15,"key":"sneckomod:MuddlingPotion"}],"is_trial":false,"path_per_floor":["R","M","M","$","T","E","T","M","E","R","E","M","M","$","M","B"],"character_chosen":"GUARDIAN","items_purchased":[],"campfire_rested":1,"item_purchase_floors":[],"current_hp_per_floor":[72,71,71,66,66,42,42,30,28,74,54,54,53,53,53,8,8,8],"gold":46,"neow_bonus":"ONE_RANDOM_RARE_CARD","is_daily":false,"chose_seed":false,"campfire_upgraded":1,"win_rate":0.0,"timestamp":1611037893,"path_taken":["R","M","?","$","?","E","T","M","E","R","E","M","M","$","M","BOSS"],"items_purchased_type":[],"build_version":"2020-12-22","purchased_purges":2,"victory":false,"max_hp_per_floor":[80,80,80,80,80,80,80,80,80,90,90,90,90,90,90,90,90,90],"relic_stats":{"counters":[12,53],"Eternal Feather":9,"Orichalcum":[6],"obtain_stats":[{"HornCleat":6,"downfall:HeartBlessingBlue":10,"Guardian:ModeShifter":0,"Eternal Feather":7,"Orichalcum":11,"InkBottle":9},{"HornCleat":4,"downfall:HeartBlessingBlue":6,"Guardian:ModeShifter":0,"Eternal Feather":4,"Orichalcum":7,"InkBottle":6},{"HornCleat":16,"downfall:HeartBlessingBlue":24,"Guardian:ModeShifter":0,"Eternal Feather":16,"Orichalcum":30,"InkBottle":24}],"InkBottle":[15]},"card_choices":[{"not_picked":["Guardian:WalkerClaw","Guardian:TemporalShield"],"picked":"Guardian:Gem_Fragmented","floor":2},{"not_picked":["Guardian:Recover","Guardian:WalkerClaw"],"picked":"Guardian:ChargeUp","floor":3},{"not_picked":["Guardian:PrimingBeam","Guardian:ChargeCore"],"picked":"Guardian:Gem_Purple","floor":4},{"not_picked":["Guardian:Gem_Green","Guardian:Gem_Lightblue"],"picked":"Guardian:Gem_Cyan","floor":6},{"not_picked":["Guardian:ArmoredProtocol","Guardian:Suspension"],"picked":"Guardian:Gem_Cyan","floor":6},{"not_picked":["Guardian:Gem_Lightblue","Guardian:Gem_Green"],"picked":"Guardian:Gem_Cyan","floor":8},{"not_picked":["Guardian:Recover","Guardian:Incinerate"],"picked":"Guardian:BronzeOrb","floor":8},{"not_picked":["Guardian:Gem_Lightblue","Guardian:Gem_Green"],"picked":"Guardian:Gem_Cyan","floor":9},{"not_picked":["Guardian:Gem_Blue","Guardian:Harden"],"picked":"Guardian:Planning","floor":9},{"not_picked":["Guardian:Gem_Crimson","Guardian:Emergency"],"picked":"Guardian:EvasiveProtocol","floor":11},{"not_picked":["Guardian:DonusPower","Guardian:TimeBomb"],"picked":"Guardian:TemporalStrike","floor":12},{"not_picked":["Guardian:Reroute","Guardian:BodySlam"],"picked":"Guardian:Repulse","floor":13},{"not_picked":["Guardian:Gem_Cyan","Guardian:EvasiveProtocol"],"picked":"Guardian:PrimingBeam","floor":14},{"not_picked":["Guardian:RefractedBeam","Guardian:Gem_Crimson"],"picked":"Guardian:BronzeOrb","floor":15}],"player_experience":1221298,"relics_obtained":[{"floor":6,"key":"HornCleat"},{"floor":7,"key":"Eternal Feather"},{"floor":9,"key":"InkBottle"},{"floor":11,"key":"Orichalcum"}],"event_choices":[],"is_beta":false,"boss_relics":[],"items_purged_floors":[4,14],"is_endless":false,"potions_floor_spawned":[6,9,11,12,15],"killed_by":"SI_SHIV_ARCHETYPE","ascension_level":8}}