{"host":"y89x8uui45kcjy42","time":1611059563,"event":{"mods":["2.2 Compatiblity","BaseMod","CapriCore","Colored Map","Colored Powertips","Custom Start","Friendly Minions","Keyboard Shortcuts","Minty Spire (QoL Compilation)","Relic Stats","Replay The Spire","Slay the Relics Exporter","StSLib","SuperFastMode","Uncapped"],"gold_per_floor":[1114,1126,1126,1141,822,850,850,879,879,899,899,938,445,462,462,545,545,565,339,358,358,31,31,31,81,81,81,81,1121,1121,1153,1153,1235,1262,1282,1282,939,958,797,797,825,825,848,674,674,707,716,716,716,716,716,716,716,213,251,251],"floor_reached":57,"language":"KOR","playtime":1908,"items_purged":["Defend_B","Strike_B","Strike_B","Defend_B","BasicCrystalCard+1"],"score":3141,"play_id":"17d13743-dafc-45c4-9fcb-b00bc420517f","local_time":"20210119213243","is_ascension_mode":true,"campfire_choices":[{"data":"Zap","floor":7,"key":"SMITH"},{"data":"Dualcast","floor":11,"key":"SMITH"},{"data":"Loop","floor":15,"key":"SMITH"},{"data":"Defragment","floor":23,"key":"SMITH"},{"data":"Defragment","floor":24,"key":"SMITH"},{"data":"Buffer","floor":27,"key":"SMITH"},{"data":"Coolheaded","floor":28,"key":"SMITH"},{"data":"Creative AI","floor":30,"key":"SMITH"},{"floor":32,"key":"RECALL"},{"data":"Defragment","floor":40,"key":"SMITH"},{"data":"ReplayTheSpireMod:Brewmster","floor":49,"key":"SMITH"},{"data":"Turbo","floor":53,"key":"SMITH"}],"circlet_count":0,"master_deck":["AscendersBane","Zap+1","Dualcast+1","Coolheaded+1","Defragment+1","Defragment+1","Loop+1","Buffer+1","Creative AI+1","Panic Button+1","Defragment+1","ReplayTheSpireMod:Brewmster+1","Turbo+1","Defragment"],"relics":["Cracked Core","Omamori","War Paint","Membership Card","Replay:Antivirus Software","OrangePellets","Strawberry","ReplayTheSpireMod:Shallot","CeramicFish","Oddly Smooth Stone","Runic Capacitor","Snack Pack","CaptainsWheel","Coffee Dripper","Coffee Dripper","Coffee Dripper","ReplayFunnel","Gremlin Food","Bronze Scales","Meat on the Bone","Replay:Wax Seal","Bag of Preparation","Calipers","Astrolabe","Geode","Replay:Multitool","Lee\u0027s Waffle","Question Card","Quantum Egg","Blood Vial","WingedGreaves","Ancient Tea Set","Mummified Hand","Symbiotic Virus","Potion Belt","Incense Burner","Torii","Replay:Frozen Program","ReplayTheSpireMod:TigerMarble"],"acts_visited":["Exordium","TheCity","TheBeyond","TheEnding"],"potions_floor_usage":[6,6,29,29,50,51,51,51,55,55,56,56,56,56,56,56],"damage_taken":[{"damage":8,"enemies":"Small Slimes","floor":1,"turns":4},{"damage":0,"enemies":"Cultist","floor":2,"turns":3},{"damage":14,"enemies":"2 Louse","floor":4,"turns":2},{"damage":14,"enemies":"Lagavulin","floor":6,"turns":7},{"damage":25,"enemies":"Replay:BlueRogue","floor":8,"turns":7},{"damage":1,"enemies":"Blue Slaver","floor":10,"turns":3},{"damage":31,"enemies":"Lagavulin","floor":12,"turns":6},{"damage":0,"enemies":"Exordium Wildlife","floor":14,"turns":4},{"damage":8,"enemies":"Slime Boss","floor":16,"turns":8},{"damage":0,"enemies":"Spheric Guardian","floor":18,"turns":6},{"damage":0,"enemies":"Shell Parasite","floor":20,"turns":6},{"damage":0,"enemies":"Slavers","floor":29,"turns":5},{"damage":0,"enemies":"Replay:Snechameleon","floor":31,"turns":5},{"damage":0,"enemies":"Champ","floor":33,"turns":8},{"damage":4,"enemies":"Orb Walker","floor":35,"turns":2},{"damage":39,"enemies":"3 Darklings","floor":38,"turns":3},{"damage":30,"enemies":"R_Hoarder","floor":41,"turns":10},{"damage":0,"enemies":"Giant Head","floor":46,"turns":5},{"damage":0,"enemies":"Donu and Deca","floor":50,"turns":5},{"damage":18,"enemies":"Awakened One","floor":51,"turns":9},{"damage":57,"enemies":"Shield and Spear","floor":55,"turns":6},{"damage":62,"enemies":"The Heart","floor":56,"turns":6}],"seed_played":"-3564985710517884254","potions_obtained":[{"floor":2,"key":"Flashbang"},{"floor":4,"key":"FearPotion"},{"floor":8,"key":"Swift Potion"},{"floor":20,"key":"DistilledChaos"},{"floor":29,"key":"LiquidBronze"},{"floor":33,"key":"SteroidPotion"},{"floor":35,"key":"Toxic Potion"},{"floor":41,"key":"Languid Potion"}],"is_trial":false,"path_per_floor":["M","M","?","M","$","E","R","E","T","M","R","E","$","M","R","B",null,"M","$","M","?","$","R","R","?","T","R","R","E","R","E","R","B",null,"M","?","$","M","$","R","E","?","T","$","R","E","R","?","R","B","B",null,"R","$","E","B",null],"character_chosen":"DEFECT","items_purchased":["Replay:Antivirus Software","OrangePellets","Strawberry","Defragment","Runic Capacitor","Snack Pack","CaptainsWheel","Doom Potion","ReplayFunnel","Gremlin Food","Bronze Scales","WingedGreaves","Geode","Replay:Multitool","Lee\u0027s Waffle","Question Card","Defragment","Ancient Tea Set","ReplayTheSpireMod:Brewmster","Incense Burner","Torii","Replay:Frozen Program"],"campfire_rested":0,"item_purchase_floors":[5,5,5,5,13,13,13,13,19,19,22,22,37,37,37,39,39,44,44,54,54,54],"current_hp_per_floor":[56,56,56,42,49,35,35,10,10,9,9,47,47,47,47,39,68,68,68,68,68,68,68,68,68,68,68,68,68,68,68,68,68,76,72,72,85,46,46,46,34,34,34,34,34,48,48,48,48,50,46,72,72,72,29,51],"gold":251,"neow_bonus":"RANDOM_EVENT","is_daily":false,"chose_seed":false,"campfire_upgraded":11,"win_rate":0.0,"timestamp":1611059563,"path_taken":["M","M","?","M","$","E","R","E","T","?","R","E","?","M","R","BOSS","M","$","M","?","$","R","R","?","T","R","R","E","R","E","R","BOSS","M","?","$","?","$","R","E","?","T","$","R","E","R","?","R","BOSS","BOSS","R","$","E","BOSS"],"items_purchased_type":["Relic","Relic","Relic","Card","Relic","Relic","Relic","Potion","Relic","Relic","Relic","Relic","Relic","Relic","Relic","Relic","Card","Relic","Card","Relic","Relic","Relic"],"build_version":"2020-12-22","purchased_purges":5,"victory":true,"max_hp_per_floor":[71,71,71,71,78,78,78,78,78,78,78,78,78,78,78,78,78,78,78,78,78,78,78,78,78,78,78,78,78,78,78,78,78,78,78,78,85,85,85,85,85,85,85,85,81,81,81,81,81,81,81,81,81,81,81,81],"relic_stats":{"Lee\u0027s Waffle":13,"Torii":3,"counters":[22,117],"CeramicFish":99,"Astrolabe":["ReplaySort","BasicCrystalCard","Panic Button"],"Bag of Preparation":[18],"War Paint":["Defend_B","Defend_B"],"Question Card":4,"Blood Vial":10,"OrangePellets":[8],"Mummified Hand":[66],"Bronze Scales":[255],"obtain_stats":[{"ReplayFunnel":19,"Calipers":33,"Torii":54,"CeramicFish":8,"Runic Capacitor":13,"Bag of Preparation":31,"Replay:Multitool":37,"Incense Burner":54,"Ancient Tea Set":44,"Blood Vial":43,"Replay:Frozen Program":54,"Mummified Hand":46,"Strawberry":5,"WingedGreaves":22,"Replay:Antivirus Software":5,"Replay:Wax Seal":29,"Cracked Core":0,"Gremlin Food":19,"Potion Belt":50,"Lee\u0027s Waffle":37,"Astrolabe":34,"Quantum Egg":41,"Oddly Smooth Stone":12,"Omamori":0,"Geode":37,"War Paint":0,"Question Card":39,"OrangePellets":5,"CaptainsWheel":13,"ReplayTheSpireMod:Shallot":6,"Bronze Scales":22,"Snack Pack":13,"Coffee Dripper":17,"ReplayTheSpireMod:TigerMarble":55,"Membership Card":0,"Symbiotic Virus":46,"Meat on the Bone":26},{"ReplayFunnel":10,"Calipers":14,"Torii":20,"CeramicFish":5,"Runic Capacitor":7,"Bag of Preparation":13,"Replay:Multitool":15,"Incense Burner":20,"Ancient Tea Set":17,"Blood Vial":17,"Replay:Frozen Program":20,"Mummified Hand":18,"Strawberry":3,"WingedGreaves":11,"Replay:Antivirus Software":3,"Replay:Wax Seal":12,"Cracked Core":0,"Gremlin Food":10,"Potion Belt":19,"Lee\u0027s Waffle":15,"Astrolabe":14,"Quantum Egg":17,"Oddly Smooth Stone":7,"Omamori":0,"Geode":15,"War Paint":0,"Question Card":16,"OrangePellets":3,"CaptainsWheel":7,"ReplayTheSpireMod:Shallot":4,"Bronze Scales":11,"Snack Pack":7,"Coffee Dripper":9,"ReplayTheSpireMod:TigerMarble":21,"Membership Card":0,"Symbiotic Virus":18,"Meat on the Bone":11},{"ReplayFunnel":48,"Calipers":68,"Torii":105,"CeramicFish":23,"Runic Capacitor":32,"Bag of Preparation":64,"Replay:Multitool":73,"Incense Burner":105,"Ancient Tea Set":86,"Blood Vial":86,"Replay:Frozen Program":105,"Mummified Hand":87,"Strawberry":9,"WingedGreaves":54,"Replay:Antivirus Software":9,"Replay:Wax Seal":59,"Cracked Core":0,"Gremlin Food":48,"Potion Belt":93,"Lee\u0027s Waffle":73,"Astrolabe":71,"Quantum Egg":86,"Oddly Smooth Stone":32,"Omamori":0,"Geode":73,"War Paint":0,"Question Card":76,"OrangePellets":9,"CaptainsWheel":32,"ReplayTheSpireMod:Shallot":16,"Bronze Scales":54,"Snack Pack":32,"Coffee Dripper":43,"ReplayTheSpireMod:TigerMarble":111,"Membership Card":0,"Symbiotic Virus":91,"Meat on the Bone":54}],"Meat on the Bone":60},"card_choices":[{"not_picked":["Panic Button","Rebound"],"picked":"Coolheaded","floor":1},{"not_picked":["Hello World","Double Energy","BasicCrystalCard"],"picked":"SKIP","floor":2},{"not_picked":["Cold Snap","Doom and Gloom","ReplayTheSpireMod:Repulse"],"picked":"SKIP","floor":4},{"not_picked":["ReplayTheSpireMod:Repulse","Rainbow","Auto Shields"],"picked":"SKIP","floor":6},{"not_picked":["White Noise","Hologram","Stack"],"picked":"SKIP","floor":8},{"not_picked":["Rebound","FTL","Conserve Battery"],"picked":"SKIP","floor":10},{"not_picked":["Aggregate","Stack"],"picked":"Loop","floor":12},{"not_picked":["Chaos","Stack","Sweeping Beam"],"picked":"SKIP","floor":14},{"not_picked":["Meteor Strike","Multi-Cast"],"picked":"Buffer","floor":16},{"not_picked":["Leap","Rebound+1","Cold Snap"],"picked":"SKIP","floor":18},{"not_picked":["Rebound","Redo","Ball Lightning"],"picked":"SKIP","floor":20},{"not_picked":["Conserve Battery","Coolheaded"],"picked":"Creative AI","floor":29},{"not_picked":["Hello World","Steam","Rebound"],"picked":"SKIP","floor":31},{"not_picked":["Creative AI","Meteor Strike"],"picked":"ReplayTheSpireMod:Omega Cannon","floor":33},{"not_picked":["Panic Button+1","Reprogram","ReplayTheSpireMod:System Scan+1"],"picked":"SKIP","floor":35},{"not_picked":["Redo","Aggregate","Gash"],"picked":"SKIP","floor":38},{"not_picked":["Stack+1","BasicCrystalCard","Mirror Shield","Rebound"],"picked":"SKIP","floor":41},{"not_picked":["Undo+1","ReplaySolidLightProjector+1","Hologram","Chaos"],"picked":"SKIP","floor":46},{"not_picked":["ReplayTheSpireMod:Repulse","Glacier","Rebound"],"picked":"Defragment","floor":55}],"player_experience":629050,"relics_obtained":[{"floor":6,"key":"ReplayTheSpireMod:Shallot"},{"floor":8,"key":"CeramicFish"},{"floor":12,"key":"Oddly Smooth Stone"},{"floor":26,"key":"Meat on the Bone"},{"floor":29,"key":"Replay:Wax Seal"},{"floor":31,"key":"Bag of Preparation"},{"floor":41,"key":"Quantum Egg"},{"floor":43,"key":"Blood Vial"},{"floor":46,"key":"Symbiotic Virus"},{"floor":55,"key":"ReplayTheSpireMod:TigerMarble"}],"event_choices":[{"damage_healed":0,"gold_gain":0,"player_choice":"Box","damage_taken":0,"relics_obtained":["War Paint"],"max_hp_gain":0,"max_hp_loss":0,"event_name":"Big Fish","floor":0,"gold_loss":0,"cards_obtained":["Regret"]},{"cards_removed":["Strike_B"],"damage_healed":0,"gold_gain":0,"player_choice":"Card Removal","damage_taken":0,"max_hp_gain":0,"max_hp_loss":0,"event_name":"Wheel of Change","floor":3,"gold_loss":0},{"damage_healed":0,"gold_gain":50,"player_choice":"Stole From Cult","damage_taken":0,"max_hp_gain":0,"max_hp_loss":0,"event_name":"Nest","floor":25,"gold_loss":0},{"damage_healed":0,"gold_gain":0,"player_choice":"Upgraded","damage_taken":0,"max_hp_gain":0,"max_hp_loss":0,"event_name":"Upgrade Shrine","floor":36,"gold_loss":0,"cards_upgraded":["ReplayTheSpireMod:Omega Cannon"]},{"cards_removed":["ReplayTheSpireMod:Omega Cannon"],"damage_healed":0,"gold_gain":0,"player_choice":"Removed Attack","damage_taken":0,"max_hp_gain":0,"max_hp_loss":0,"event_name":"Falling","floor":42,"gold_loss":0},{"damage_healed":0,"gold_gain":0,"player_choice":"Max HP","damage_taken":0,"max_hp_gain":0,"max_hp_loss":4,"event_name":"Winding Halls","floor":45,"gold_loss":0},{"damage_healed":0,"gold_gain":0,"player_choice":"Memory 1","damage_taken":0,"max_hp_gain":0,"max_hp_loss":0,"event_name":"SensoryStone","floor":48,"gold_loss":0}],"is_beta":false,"boss_relics":[{"not_picked":["Nuclear Battery","Empty Cage"],"picked":"Coffee Dripper"},{"not_picked":["Kintsugi","Busted Crown"],"picked":"Astrolabe"}],"items_purged_floors":[5,13,19,22,54],"is_endless":false,"potions_floor_spawned":[2,4,8,20,29,33,35,41],"ascension_level":20}}