{"host":"gsgpu9obojnqwpp0","time":1611015995,"event":{"mods":["AchievementEnabler","BaseMod","Block Reminder","DeckTracker","Minty Spire (QoL Compilation)","Permanent Neow","Slay-I"],"gold_per_floor":[16,16,16,16,191,191,209,227,250,23,58,34,34,78,78,199,199,213,256,250,274,23,66,66,66,66],"floor_reached":25,"language":"ENG","playtime":903,"items_purged":["Strike_G","Doubt"],"score":259,"play_id":"e4dd1510-7833-4246-8353-e2cbbe9efa53","local_time":"20210118192635","is_ascension_mode":true,"campfire_choices":[{"floor":6,"key":"REST"},{"data":"Noxious Fumes","floor":13,"key":"SMITH"},{"floor":15,"key":"REST"},{"floor":24,"key":"REST"}],"circlet_count":0,"master_deck":["Strike_G","Strike_G","Strike_G+1","Strike_G+1","Defend_G","Defend_G","Defend_G","Defend_G","Defend_G","Survivor","Neutralize","Corpse Explosion","Noxious Fumes+1","Blur","Footwork","Backstab","Deadly Poison","Poisoned Stab","Blur","After Image","Deflect"],"relics":["Ring of the Snake","Golden Idol","HornCleat","Art of War","Shuriken","Peace Pipe","Busted Crown","Red Mask","MealTicket","Bag of Marbles","The Courier"],"acts_visited":["Exordium","TheCity"],"potions_floor_usage":[11,23,23],"damage_taken":[{"damage":0,"enemies":"Jaw Worm","floor":1,"turns":6},{"damage":0,"enemies":"Small Slimes","floor":7,"turns":3},{"damage":0,"enemies":"Cultist","floor":8,"turns":4},{"damage":1,"enemies":"Gremlin Nob","floor":11,"turns":4},{"damage":3,"enemies":"Lagavulin","floor":14,"turns":6},{"damage":25,"enemies":"Hexaghost","floor":16,"turns":9},{"damage":5,"enemies":"Shell Parasite","floor":18,"turns":5},{"damage":22,"enemies":"Masked Bandits","floor":19,"turns":4},{"damage":11,"enemies":"2 Thieves","floor":20,"turns":4},{"damage":46,"enemies":"Gremlin Leader","floor":23,"turns":7},{"damage":25,"enemies":"Book of Stabbing","floor":25,"turns":7}],"seed_played":"-711982088303969827","potions_obtained":[{"floor":1,"key":"Dexterity Potion"},{"floor":8,"key":"CunningPotion"},{"floor":16,"key":"FearPotion"},{"floor":20,"key":"DuplicationPotion"}],"is_trial":false,"path_per_floor":["M","?","?","?","?","R","M","M","T","$","E","$","R","E","R","B",null,"M","?","M","T","$","E","R","E"],"character_chosen":"THE_SILENT","items_purchased":["Footwork","Backstab","Poisoned Stab","Bag of Marbles"],"campfire_rested":3,"item_purchase_floors":[10,10,12,22],"current_hp_per_floor":[70,53,39,27,27,48,48,48,48,48,47,47,47,44,65,40,70,65,43,32,32,47,1,22,0,0],"gold":66,"neow_bonus":"THREE_RARE_CARDS","is_daily":false,"chose_seed":false,"campfire_upgraded":1,"win_rate":0.0,"timestamp":1611015995,"path_taken":["M","?","?","?","?","R","M","?","T","$","E","?","R","E","R","BOSS","M","?","M","?","$","E","R","E"],"items_purchased_type":["Card","Card","Card","Relic"],"build_version":"2020-12-22","purchased_purges":2,"victory":false,"max_hp_per_floor":[70,70,70,70,70,70,70,70,70,70,70,70,70,70,70,70,70,70,70,70,70,70,70,70,70,70],"card_choices":[{"not_picked":["A Thousand Cuts","Glass Knife"],"picked":"Corpse Explosion","floor":0},{"not_picked":["Well Laid Plans","Bouncing Flask"],"picked":"Noxious Fumes","floor":1},{"not_picked":["Dodge and Roll","Quick Slash"],"picked":"Blur","floor":7},{"not_picked":["Slice","Acrobatics","Bane"],"picked":"SKIP","floor":8},{"not_picked":["Bane","Skewer"],"picked":"Deadly Poison","floor":11},{"not_picked":["Dodge and Roll","Blade Dance"],"picked":"Blur","floor":14},{"not_picked":["Glass Knife","Storm of Steel"],"picked":"After Image","floor":16},{"not_picked":["Flying Knee"],"picked":"SKIP","floor":18},{"not_picked":[],"picked":"Deflect","floor":20},{"not_picked":["Sucker Punch"],"picked":"SKIP","floor":23}],"player_experience":264197,"relics_obtained":[{"floor":9,"key":"Art of War"},{"floor":11,"key":"Shuriken"},{"floor":14,"key":"Peace Pipe"},{"floor":19,"key":"Red Mask"},{"floor":21,"key":"MealTicket"},{"floor":23,"key":"The Courier"}],"event_choices":[{"damage_healed":0,"gold_gain":0,"player_choice":"Take Damage","damage_taken":17,"relics_obtained":["Golden Idol"],"max_hp_gain":0,"max_hp_loss":0,"event_name":"Golden Idol","floor":2,"gold_loss":0},{"damage_healed":0,"gold_gain":0,"player_choice":"Entered Light","damage_taken":14,"max_hp_gain":0,"max_hp_loss":0,"event_name":"Shining Light","floor":3,"gold_loss":0,"cards_upgraded":["Strike_G","Strike_G"]},{"damage_healed":0,"gold_gain":0,"player_choice":"Success","damage_taken":12,"relics_obtained":["HornCleat"],"max_hp_gain":0,"max_hp_loss":0,"event_name":"Scrap Ooze","floor":4,"gold_loss":0},{"damage_healed":0,"gold_gain":175,"player_choice":"AGREE","damage_taken":0,"max_hp_gain":0,"max_hp_loss":0,"event_name":"Liars Game","floor":5,"gold_loss":0,"cards_obtained":["Doubt"]},{"damage_healed":0,"gold_gain":0,"player_choice":"Fought Bandits","damage_taken":0,"max_hp_gain":0,"max_hp_loss":0,"event_name":"Masked Bandits","floor":19,"gold_loss":0}],"is_beta":false,"boss_relics":[{"not_picked":["Ring of the Serpent","Calling Bell"],"picked":"Busted Crown"}],"items_purged_floors":[10,22],"is_endless":false,"potions_floor_spawned":[1,8,16,20],"killed_by":"Book of Stabbing","ascension_level":3}}