{"host":"00tqcjwpycel7e54","time":1611072017,"event":{"mods":["ATMod(∞¢Ë™Mod)","Act Like it!","Aspiration","BaseMod","Colored Powertips","Gensokyo","Hallownest","Hermit","Highlight Path","Hubris","Koishi","LagranYue(¿≠∏Ò¿ °§‘¬)","Lobotomy","Luminous","Marisa£®ÏF”Í°°ƒß¿Ì…≥£©","Minty Spire (QoL Compilation)","Pale of the Ancients","Remilia£®¿Ÿ√◊¿Ú—«£©","Robot Space Explorer","SOS£®Àπ∞Õ¥Ô÷Æ◊”£©","Shop Mod","Spicy Shops","StSLib","The Administrix","The Animator","The Bug Knight","The Construct","The Cursed","The Gatherer","The Hierophant","The Jungle","The Mystic","The Runesmith","The Servant 0.9.4","Youmu£®ªÍ∆«—˝√Œ£©","Yuyuko","[IsaacMod]“‘»ˆº‚À˛","vexMod","°æ“≈ŒÔø®≈∆°øREMEMod"],"gold_per_floor":[119,176,176,196,43,83,103,103,130,130,146,175,185,213,213,364,364,374,374,374,374,384,412,429,458,458,477,477,55,208,273,273,500,500,585,585,334,478,573,632,69,120,120,120,170,170,213,213,213,238,300,410,410,14,14,79,79,79,79,129],"floor_reached":61,"language":"ZHS","playtime":3396,"items_purged":["Injury","Strike_B"],"score":1613,"play_id":"cd98a762-6f9f-473b-ad47-ea1ab4bd8b79","local_time":"20210120000017","is_ascension_mode":true,"campfire_choices":[{"data":"BettingIsNotGood","floor":8.0,"key":"SMITH"},{"floor":15.0,"key":"REST"},{"data":"Storm","floor":28,"key":"SMITH"},{"data":"Defragment","floor":32,"key":"SMITH"},{"data":"Capacitor","floor":44,"key":"SMITH"},{"data":"ElectricPowerLearning","floor":46,"key":"SMITH"},{"floor":49,"key":"REST"},{"floor":55,"key":"RECALL"},{"data":"AT_WaterDrop","floor":57,"key":"SMITH"}],"circlet_count":0,"master_deck":["Strike_B","Defend_B","Defend_B","Defend_B","Defend_B","Zap","Dualcast","BettingIsNotGood+1","AT_ThunderBolt+1","Steam+1","Storm+1","Heatsinks","REME_Compress+1","Sweeping Beam","Conserve Battery+1","Machine Learning","AT_WaterDrop+1","Amplify+1","Ball Lightning+1","Coolheaded+1","White Noise+1","Self Repair+1","Defragment+1","Fan+1","Tempest+1","ElectricPowerLearning+1","Storm","Thunder Strike","Redo+1","Ball Lightning","Force Field+1","AT_EMC2+1","Turbo+1","Capacitor+1","Redo+1","Steam Power+1","Chaos+1"],"relics":["Cracked Core","AT_ATBox","REME_ComplimentaryCards","HushsDoor","KeepersGift","LagranYue:RandomDrawCardRelic","PreservedInsect","Toxic Egg 2","aspiration:FetidBarrel","Runesmith:AutoHammer","DataDisk","AT_BladeRuinedKing","LagranYue:SoulBurningRelic","SharpPlug","PokeGo","vexMod:InvisibilityCloak","AT_MibuBalloonWealth","hubris:TenFootPole","PillsDrop","vexMod:BigBerry","DeathBook","Habit","Ornamental Fan","Thread and Needle","Orrery","Molten Egg 2","Blue Candle","hubris:FunFungus","paleoftheancients:Timepiece","paleoftheancients:KeyRelic","paleoftheancients:SoulOfTheGuardian","Mummified Hand","BookOfRevelations","hubris:BottledRain"],"acts_visited":["Exordium","Exordium","TheBeyond","paleoftheancients:PaleOfTheAncients"],"potions_floor_usage":[22,25,33,38,42,47,50,50,50,51,56],"damage_taken":[{"damage":0.0,"enemies":"2 Louse","floor":1.0,"turns":2.0},{"damage":9.0,"enemies":"Cultist","floor":4.0,"turns":4.0},{"damage":5.0,"enemies":"Lagavulin","floor":6.0,"turns":7.0},{"damage":0.0,"enemies":"Small Slimes","floor":7.0,"turns":4.0},{"damage":8.0,"enemies":"Exordium Wildlife","floor":11.0,"turns":3.0},{"damage":15.0,"enemies":"3 Sentries","floor":12.0,"turns":6.0},{"damage":9.0,"enemies":"3 Louse","floor":13.0,"turns":4.0},{"damage":10.0,"enemies":"Gremlin Nob","floor":14.0,"turns":3.0},{"damage":33.0,"enemies":"Slime Boss","floor":16.0,"turns":9.0},{"damage":9.0,"enemies":"theJungle:MUSHROOMGANG","floor":18.0,"turns":5.0},{"damage":18,"enemies":"theJungle:5_Spyders","floor":22,"turns":12},{"damage":13,"enemies":"theJungle:2_Phrogs","floor":23,"turns":6},{"damage":0,"enemies":"theJungle:Lyon","floor":24,"turns":3},{"damage":9,"enemies":"theJungle:Cassacara","floor":25,"turns":5},{"damage":10,"enemies":"theJungle:Snecko_Cultist_And_Trap","floor":27,"turns":3},{"damage":0,"enemies":"theJungle:MamaSnecko","floor":30,"turns":5},{"damage":0,"enemies":"theJungle:2_Snecko_Cultists","floor":31,"turns":2},{"damage":9,"enemies":"theJungle:QueenSpyder","floor":33,"turns":7},{"damage":4,"enemies":"3 Shapes","floor":35,"turns":2},{"damage":7,"enemies":"3 Darklings","floor":38,"turns":2},{"damage":2,"enemies":"Jaw Worm Horde","floor":39,"turns":2},{"damage":8,"enemies":"Giant Head","floor":40,"turns":7},{"damage":9,"enemies":"Nemesis","floor":42,"turns":4},{"damage":3,"enemies":"Giant Head","floor":45,"turns":5},{"damage":23,"enemies":"Writhing Mass","floor":47,"turns":2},{"damage":26,"enemies":"hubris:GrandSnecko","floor":50,"turns":4},{"damage":12,"enemies":"hubris:GrandSnecko","floor":51,"turns":5},{"damage":14,"enemies":"hubris:GrandSnecko","floor":52,"turns":5},{"damage":49,"enemies":"hubris:GrandSnecko","floor":56,"turns":6},{"damage":0,"enemies":"LittleHush","floor":60,"turns":35}],"seed_played":"293215321084358847","potions_obtained":[{"floor":4.0,"key":"Swift Potion"},{"floor":11.0,"key":"Dexterity Potion"},{"floor":12.0,"key":"LiquidMemories"},{"floor":13.0,"key":"PowerPotion"},{"floor":22,"key":"FearPotion"},{"floor":23,"key":"BlessingOfTheForge"},{"floor":25,"key":"DistilledChaos"},{"floor":31,"key":"Fire Potion"},{"floor":33,"key":"SneckoOil"},{"floor":39,"key":"EntropicBrew"},{"floor":45,"key":"LiquidMemories"},{"floor":52,"key":"SpeedPotion"},{"floor":53,"key":"Block Potion"}],"is_trial":false,"path_per_floor":["M","?","?","M","$","E","M","R","T","?","M","E","M","E","R","B",null,"M","?","?","T","M","E","M","E","T","M","R","$","E","M","R","B",null,"M","?","$","M","M","E","$","E","T","R","E","R","M","?","R","B","M","M","?","$","R","M","R","T","?","B",null],"character_chosen":"DEFECT","items_purchased":["Storm","AT_MibuBalloonWealth","Defragment","Fan+1","hubris:TenFootPole","DeathBook","Storm","Habit","Thread and Needle","Thunder Strike","Redo+1","Ball Lightning","Orrery","Mummified Hand","BookOfRevelations"],"campfire_rested":2,"item_purchase_floors":[5,29,29,29,29,34,37,37,41,41,41,41,41,54,54],"current_hp_per_floor":[75,60,60,51,51,46,51,51,51,51,43,38,29,19,41,18,60,60,60,60,60,51,38,38,47,47,37,37,37,55,64,64,64,89,85,85,85,87,90,90,90,90,90,90,90,90,67,62,88,82,89,82,82,82,82,79,79,79,79,85],"gold":129,"neow_bonus":"RANDOM_COMMON_RELIC","is_daily":false,"chose_seed":false,"campfire_upgraded":6,"win_rate":0.0,"timestamp":1611072017,"path_taken":["M","?","?","M","$","E","M","R","T","?","M","E","M","E","R","BOSS","M","?","?","?","M","E","M","E","T","M","R","$","E","M","R","BOSS","M","?","?","M","M","E","$","E","T","R","E","R","M","?","R","BOSS","M","M","?","$","R","M","R","T","?","BOSS"],"items_purchased_type":["Card","Relic","Card","Card","Relic","Relic","Card","Relic","Relic","Card","Card","Card","Relic","Relic","Relic"],"build_version":"2020-12-22","purchased_purges":2,"victory":true,"max_hp_per_floor":[75,75,75,75,75,75,75,75,75,75,75,75,75,75,75,75,75,75,75,75,75,75,75,75,75,75,75,75,75,75,75,75,75,90,90,90,90,90,90,90,90,90,90,90,90,90,90,90,90,90,90,85,85,85,85,85,85,85,85,85],"card_choices":[{"not_picked":[],"picked":"BettingIsNotGood","floor":0.0},{"not_picked":["Barrage","Distribution"],"picked":"AT_ThunderBolt","floor":1.0},{"not_picked":["Sweeping Beam","Rebound"],"picked":"Steam+1","floor":4.0},{"not_picked":["Stack+1","Streamline"],"picked":"Heatsinks","floor":6.0},{"not_picked":["Turbo+1","Cold Snap"],"picked":"REME_Compress+1","floor":7.0},{"not_picked":["Hologram+1","Reprogram+1"],"picked":"Conserve Battery+1","floor":11.0},{"not_picked":["Rebound","Steam+1","Compile Driver"],"picked":"SKIP","floor":12.0},{"not_picked":["Ball Lightning","Melter"],"picked":"Machine Learning","floor":13.0},{"not_picked":["Compile Driver","Double Energy+1"],"picked":"AT_WaterDrop","floor":14.0},{"not_picked":["REME_ForAll","Seek+1"],"picked":"Amplify+1","floor":16.0},{"not_picked":["Stack+1","Cancel+1"],"picked":"Ball Lightning+1","floor":18.0},{"not_picked":["Leap+1","Redo+1"],"picked":"Coolheaded+1","floor":22},{"not_picked":["Rainbow+1","AT_DarkMatter+1"],"picked":"White Noise+1","floor":23},{"not_picked":["Hologram+1","Compile Driver+1","Stack+1"],"picked":"SKIP","floor":24},{"not_picked":["REME_ForAll","Gash+1","Compile Driver+1"],"picked":"SKIP","floor":25},{"not_picked":["Loop","Gash"],"picked":"Self Repair+1","floor":27},{"not_picked":["Rebound","Turbo+1"],"picked":"Tempest+1","floor":30},{"not_picked":["Chill+1","Streamline","Meteor Strike"],"picked":"SKIP","floor":31},{"not_picked":["Seek+1","hubris:SpecializedCircuitry"],"picked":"ElectricPowerLearning","floor":33},{"not_picked":["Cold Snap","Steam+1","Sunder+1"],"picked":"SKIP","floor":35},{"not_picked":["Stack+1","Hello World","Leap+1"],"picked":"SKIP","floor":38},{"not_picked":["Stack+1","Hologram+1","Steam+1"],"picked":"SKIP","floor":39},{"not_picked":["Compile Driver+1","Darkness+1","Rebound+1"],"picked":"SKIP","floor":40},{"not_picked":["Darkness+1","Rebound"],"picked":"Force Field+1","floor":41},{"not_picked":["Self Repair+1","Conserve Battery+1"],"picked":"AT_EMC2+1","floor":41},{"not_picked":["Steam Power+1","Go for the Eyes"],"picked":"Turbo+1","floor":41},{"not_picked":["Reprogram+1","Distribution+1"],"picked":"Capacitor","floor":42},{"not_picked":["AT_WarpDrive+1","REME_DataAnalysis+1","Conserve Battery+1"],"picked":"SKIP","floor":45},{"not_picked":["AT_DarkMatter+1","Self Repair","Leap+1"],"picked":"SKIP","floor":47},{"not_picked":["Go for the Eyes+1","Stack+1"],"picked":"Redo+1","floor":51},{"not_picked":["Conserve Battery+1","Fusion+1"],"picked":"Steam Power+1","floor":52},{"not_picked":["REME_DataAnalysis+1","Compile Driver+1"],"picked":"Chaos+1","floor":56}],"player_experience":659305,"relics_obtained":[{"floor":6.0,"key":"aspiration:FetidBarrel"},{"floor":9.0,"key":"Runesmith:AutoHammer"},{"floor":12.0,"key":"DataDisk"},{"floor":14.0,"key":"AT_BladeRuinedKing"},{"floor":23,"key":"SharpPlug"},{"floor":25,"key":"PokeGo"},{"floor":26,"key":"vexMod:InvisibilityCloak"},{"floor":30,"key":"PillsDrop"},{"floor":40,"key":"Ornamental Fan"},{"floor":42,"key":"Molten Egg 2"},{"floor":43,"key":"Blue Candle"},{"floor":45,"key":"hubris:FunFungus"},{"floor":51,"key":"paleoftheancients:SoulOfTheGuardian"},{"floor":56,"key":"paleoftheancients:SoulOfTheDefect"},{"floor":58,"key":"hubris:BottledRain"}],"event_choices":[{"damage_healed":0.0,"max_hp_gain":0.0,"max_hp_loss":0.0,"gold_gain":0.0,"cards_transformed":["Strike_B"],"event_name":"Transmorgrifier","player_choice":"Transformed","floor":10.0,"gold_loss":0.0,"damage_taken":0.0,"cards_obtained":["Sweeping Beam"]},{"damage_healed":0.0,"max_hp_gain":0.0,"max_hp_loss":0.0,"gold_gain":0.0,"event_name":"Upgrade Shrine","player_choice":"Upgraded","floor":19.0,"gold_loss":0.0,"damage_taken":0.0,"cards_upgraded":["AT_ThunderBolt"]},{"cards_removed":["Strike_B"],"damage_healed":0,"gold_gain":0,"player_choice":"Purged","damage_taken":0,"max_hp_gain":0,"max_hp_loss":0,"event_name":"Purifier","floor":20,"gold_loss":0},{"damage_healed":0,"gold_gain":0,"player_choice":"Ignored","damage_taken":0,"max_hp_gain":0,"max_hp_loss":0,"event_name":"Tomb of Lord Red Mask","floor":36,"gold_loss":0},{"damage_healed":0,"gold_gain":0,"player_choice":"Memory 3","damage_taken":10,"max_hp_gain":0,"max_hp_loss":0,"event_name":"SensoryStone","floor":48,"gold_loss":0}],"is_beta":false,"boss_relics":[{"not_picked":["hubris:VirtuousBlindfold","Busted Crown"],"picked":"LagranYue:SoulBurningRelic"},{"not_picked":[]},{"not_picked":["Runesmith:UraniumAnvil","Philosopher\u0027s Stone"],"picked":"vexMod:BigBerry"},{"not_picked":[]}],"items_purged_floors":[5,34],"is_endless":false,"potions_floor_spawned":[4,11,12,13,22,23,25,31,33,39,40,45,52],"ascension_level":5}}