{"host":"p7cjtxxrilhp4dw7","time":1611097856,"event":{"mods":["BaseMod","Block Reminder","Colored Map","Highlight Path","Minty Spire (QoL Compilation)","Replay The Spire","StSLib","The Hierophant"],"gold_per_floor":[119,119,44,54,54,86,86,98,98,47,47,65,65,95,95,95,95],"floor_reached":16,"language":"ENG","playtime":709,"items_purged":["ReplayTheSpireMod:Restless Dread"],"score":157,"play_id":"074c7fb4-dd66-44f0-8b4a-f297d026c7ee","local_time":"20210119161056","is_ascension_mode":true,"campfire_choices":[{"floor":7,"key":"REST"},{"data":"Hologram","floor":11,"key":"SMITH"},{"floor":13,"key":"RECALL"}],"circlet_count":0,"master_deck":["Strike_B","Strike_B","Strike_B","Strike_B","Defend_B","Defend_B","Defend_B","Defend_B","Zap","Dualcast","Hyperbeam","Sweeping Beam","Hologram+1","Rebound","Sunder+1","Streamline","Beam Cell"],"relics":["Cracked Core","Gremlin Horn","Centennial Puzzle","Tiny Chest","Toy Ornithopter"],"acts_visited":["Exordium"],"potions_floor_usage":[14,16,16],"damage_taken":[{"damage":0,"enemies":"Cultist","floor":1,"turns":2},{"damage":0,"enemies":"Small Slimes","floor":4,"turns":2},{"damage":28,"enemies":"Gremlin Nob","floor":6,"turns":4},{"damage":0,"enemies":"2 Louse","floor":8,"turns":1},{"damage":4,"enemies":"Red Slaver","floor":12,"turns":3},{"damage":30,"enemies":"Lagavulin","floor":14,"turns":4},{"damage":51,"enemies":"Hexaghost","floor":16,"turns":9}],"seed_played":"-6351734677733782719","potions_obtained":[{"floor":8,"key":"Elixir"},{"floor":14,"key":"Fruit Juice"},{"floor":15,"key":"GamblersBrew"},{"floor":15,"key":"GamblersBrew"}],"is_trial":false,"path_per_floor":["M","T","$","M","?","E","R","M","T","$","R","M","R","E","R_BF","B"],"character_chosen":"DEFECT","items_purchased":["Sunder+1"],"campfire_rested":1,"item_purchase_floors":[10],"current_hp_per_floor":[68,68,68,68,68,40,62,62,62,62,62,58,58,38,38,0,0],"gold":95,"neow_bonus":"THREE_RARE_CARDS","is_daily":false,"chose_seed":false,"campfire_upgraded":1,"win_rate":0.0,"timestamp":1611097856,"path_taken":["M","?","$","M","?","E","R","?","T","?","R","M","R","E","R_BF","BOSS"],"items_purchased_type":["Card"],"build_version":"2020-12-22","purchased_purges":1,"victory":false,"max_hp_per_floor":[75,75,75,75,75,75,75,75,75,75,75,75,75,80,80,80,80],"card_choices":[{"not_picked":["Creative AI","Fission"],"picked":"Hyperbeam","floor":0},{"not_picked":["ReplaySort","Barrage"],"picked":"Sweeping Beam","floor":1},{"not_picked":["BasicCrystalCard","Cold Snap","Doom and Gloom"],"picked":"SKIP","floor":4},{"not_picked":["ReplayTheSpireMod:Calculation Training","Machine Learning"],"picked":"Hologram","floor":6},{"not_picked":["Sweeping Beam","Steam"],"picked":"Rebound","floor":8},{"not_picked":["Steam","Reprogram"],"picked":"Streamline","floor":12},{"not_picked":["Defragment","Reinforced Body"],"picked":"Beam Cell","floor":14}],"player_experience":512420,"relics_obtained":[{"floor":2,"key":"Gremlin Horn"},{"floor":6,"key":"Centennial Puzzle"},{"floor":9,"key":"Tiny Chest"},{"floor":14,"key":"Toy Ornithopter"}],"event_choices":[{"damage_healed":0,"gold_gain":0,"player_choice":"Leave","damage_taken":0,"max_hp_gain":0,"max_hp_loss":0,"event_name":"FaceTrader","floor":5,"gold_loss":0}],"is_beta":false,"boss_relics":[],"items_purged_floors":[3],"is_endless":false,"potions_floor_spawned":[8,14],"killed_by":"Hexaghost","ascension_level":9}}