{"host":"lnt5dzsuhru0aonl","time":1611062877,"event":{"mods":["2.2 Compatiblity","BaseMod","Colored Map","Colored Powertips","DeckTracker","Keyboard Shortcuts","Minty Spire (QoL Compilation)","Permanent Neow","StSLib","SuperFastMode","everything is the same but u backflip on backflip"],"gold_per_floor":[366,366,204,214,214,247,247,258,339,339,354,279,279,279,279,279,279],"floor_reached":16,"language":"KOR","playtime":320,"items_purged":["Strike_G"],"score":196,"play_id":"a232cf4d-a908-4555-8ae7-407007d9f493","local_time":"20210119222757","is_ascension_mode":true,"campfire_choices":[{"floor":7.0,"key":"REST"},{"data":"Dagger Spray","floor":10.0,"key":"SMITH"},{"data":"Neutralize","floor":15,"key":"SMITH"}],"circlet_count":0,"master_deck":["AscendersBane","Strike_G+1","Strike_G","Strike_G","Defend_G","Defend_G","Defend_G+1","Defend_G","Defend_G","Survivor","Neutralize+1","Deadly Poison+1","Caltrops","Escape Plan","Dagger Spray+1"],"relics":["Ring of the Snake","Snake Skull","Letter Opener","Golden Idol"],"acts_visited":["Exordium"],"potions_floor_usage":[16],"damage_taken":[{"damage":1.0,"enemies":"Small Slimes","floor":1.0,"turns":6.0},{"damage":3.0,"enemies":"Cultist","floor":4.0,"turns":4.0},{"damage":26.0,"enemies":"3 Sentries","floor":6.0,"turns":12.0},{"damage":0.0,"enemies":"2 Louse","floor":8.0,"turns":3.0},{"damage":1,"enemies":"Large Slime","floor":11,"turns":5},{"damage":50,"enemies":"Slime Boss","floor":16,"turns":9}],"seed_played":"4592434297615458052","potions_obtained":[{"floor":4.0,"key":"Fire Potion"},{"floor":6.0,"key":"Dexterity Potion"}],"is_trial":false,"path_per_floor":["M","?","$","M","?","E","R","M","T","R","M","?","?","?","R","B"],"character_chosen":"THE_SILENT","items_purchased":["Caltrops"],"campfire_rested":1,"item_purchase_floors":[3],"current_hp_per_floor":[58,40,40,37,37,11,29,29,29,29,28,28,28,46,46,0,0],"gold":279,"neow_bonus":"TWO_FIFTY_GOLD","is_daily":false,"chose_seed":false,"campfire_upgraded":2,"win_rate":0.0,"timestamp":1611062877,"path_taken":["M","?","$","M","?","E","R","M","T","R","?","?","?","?","R","BOSS"],"items_purchased_type":["Card"],"build_version":"2020-12-22","purchased_purges":1,"victory":false,"max_hp_per_floor":[60,60,60,60,60,60,60,60,60,60,60,60,54,54,54,54,54],"card_choices":[{"not_picked":["Flying Knee","Dagger Throw"],"picked":"Deadly Poison","floor":1.0},{"not_picked":["Terror","Skewer"],"picked":"Escape Plan","floor":4.0},{"not_picked":["Underhanded Strike","Finisher","Outmaneuver"],"picked":"SKIP","floor":6.0},{"not_picked":["Escape Plan","Caltrops"],"picked":"Dagger Spray","floor":8.0},{"not_picked":["Cloak And Dagger","Bane","Distraction"],"picked":"SKIP","floor":11}],"player_experience":705707,"relics_obtained":[{"floor":6.0,"key":"Snake Skull"},{"floor":9.0,"key":"Letter Opener"}],"event_choices":[{"damage_healed":0.0,"max_hp_gain":0.0,"max_hp_loss":0.0,"gold_gain":0.0,"event_name":"Shining Light","player_choice":"Entered Light","floor":2.0,"gold_loss":0.0,"damage_taken":18.0,"cards_upgraded":["Strike_G","Defend_G"]},{"damage_healed":0.0,"max_hp_gain":0.0,"max_hp_loss":0.0,"gold_gain":0.0,"event_name":"Upgrade Shrine","player_choice":"Upgraded","floor":5.0,"gold_loss":0.0,"damage_taken":0.0,"cards_upgraded":["Deadly Poison"]},{"cards_removed":["Strike_G"],"damage_healed":0,"gold_gain":0,"player_choice":"Card Removal","damage_taken":0,"max_hp_gain":0,"max_hp_loss":0,"event_name":"The Cleric","floor":12,"gold_loss":75},{"damage_healed":0,"gold_gain":0,"player_choice":"Lose Max HP","damage_taken":0,"relics_obtained":["Golden Idol"],"max_hp_gain":0,"max_hp_loss":6,"event_name":"Golden Idol","floor":13,"gold_loss":0},{"damage_healed":18,"gold_gain":0,"player_choice":"Banana","damage_taken":0,"max_hp_gain":0,"max_hp_loss":0,"event_name":"Big Fish","floor":14,"gold_loss":0}],"is_beta":false,"boss_relics":[],"items_purged_floors":[3],"is_endless":false,"potions_floor_spawned":[4,6],"killed_by":"Slime Boss","ascension_level":20}}