{"host":"ypphcgdomtfqpc2w","time":1611056703,"event":{"mods":["BaseMod","DeckTracker","Minty Spire (QoL Compilation)","Relic Stats","StSLib"],"gold_per_floor":[116,116,116,191,210,210,228,6,6,17,17,49,67,93,93,167,167,178,103,103,118,42,42,70,86,111,126,144,144,144,59,59,59,59],"floor_reached":33,"language":"ENG","playtime":1723,"items_purged":[],"score":600,"play_id":"f177286c-debe-4987-b093-120f9e4d122f","local_time":"20210119204503","is_ascension_mode":true,"campfire_choices":[{"data":"Wild Strike","floor":6,"key":"SMITH"},{"floor":11,"key":"REST"},{"data":"Armaments","floor":15,"key":"SMITH"},{"data":"Brutality","floor":23,"key":"SMITH"},{"data":"Rupture","floor":29,"key":"SMITH"},{"floor":32,"key":"REST"}],"circlet_count":0,"master_deck":["AscendersBane","Strike_R+1","Strike_R+1","Strike_R+1","Strike_R+1","Defend_R+1","Defend_R+1","Defend_R+1","Bash+1","Wild Strike+1","Anger","Shrug It Off","Armaments+1","Offering","Headbutt","Metallicize","Brutality+1","Shockwave","Rupture+1","Havoc+1","Combust","Shrug It Off","Rage"],"relics":["Burning Blood","Bag of Marbles","Orichalcum","Shuriken","Mark of Pain","FossilizedHelix","Lantern","Toxic Egg 2"],"acts_visited":["Exordium","TheCity"],"potions_floor_usage":[12,14,18,24,27,33,33],"damage_taken":[{"damage":14,"enemies":"Jaw Worm","floor":1,"turns":4},{"damage":12,"enemies":"2 Louse","floor":5,"turns":3},{"damage":0,"enemies":"Cultist","floor":7,"turns":2},{"damage":3,"enemies":"Looter","floor":10,"turns":2},{"damage":0,"enemies":"Gremlin Nob","floor":12,"turns":2},{"damage":4,"enemies":"2 Fungi Beasts","floor":13,"turns":3},{"damage":11,"enemies":"3 Sentries","floor":14,"turns":4},{"damage":38,"enemies":"The Guardian","floor":16,"turns":12},{"damage":5,"enemies":"2 Thieves","floor":18,"turns":4},{"damage":11,"enemies":"Spheric Guardian","floor":21,"turns":3},{"damage":23,"enemies":"Gremlin Leader","floor":24,"turns":4},{"damage":8,"enemies":"Snake Plant","floor":25,"turns":3},{"damage":8,"enemies":"Centurion and Healer","floor":27,"turns":5},{"damage":17,"enemies":"Cultist and Chosen","floor":28,"turns":5},{"damage":20,"enemies":"Colosseum Slavers","floor":30,"turns":3},{"damage":41,"enemies":"Collector","floor":33,"turns":8}],"seed_played":"-4119890398825127432","potions_obtained":[{"floor":10,"key":"Strength Potion"},{"floor":12,"key":"Swift Potion"},{"floor":16,"key":"Strength Potion"},{"floor":21,"key":"BlessingOfTheForge"},{"floor":24,"key":"LiquidMemories"},{"floor":27,"key":"Dexterity Potion"}],"is_trial":false,"path_per_floor":["M","?","?","?","M","R","M","$","T","M","R","E","M","E","R","B",null,"M","?","?","M","$","R","E","M","T","M","M","R","?","?","R","B"],"character_chosen":"IRONCLAD","items_purchased":["Bag of Marbles","AttackPotion","Rupture"],"campfire_rested":2,"item_purchase_floors":[8,8,22],"current_hp_per_floor":[60,60,37,26,20,20,26,26,26,29,51,57,59,54,54,22,62,63,63,63,58,58,58,41,39,39,37,26,26,12,12,34,0,0],"gold":59,"neow_bonus":"REMOVE_CARD","is_daily":false,"chose_seed":false,"campfire_upgraded":4,"win_rate":0.0,"timestamp":1611056703,"path_taken":["M","?","?","?","M","R","M","?","T","?","R","E","M","E","R","BOSS","M","?","?","M","$","R","E","M","T","M","M","R","?","?","R","BOSS"],"items_purchased_type":["Relic","Potion","Card"],"build_version":"2020-12-22","purchased_purges":0,"victory":false,"max_hp_per_floor":[75,75,75,75,75,75,75,75,75,75,75,75,75,75,75,75,75,75,75,75,75,75,75,75,75,75,75,75,75,75,75,75,75,75],"relic_stats":{"counters":[16,67],"Shuriken":[15],"Orichalcum":[66],"obtain_stats":[{"Lantern":26,"Shuriken":14,"Mark of Pain":17,"Bag of Marbles":8,"Orichalcum":12,"Toxic Egg 2":31,"Burning Blood":0,"FossilizedHelix":24},{"Lantern":12,"Shuriken":7,"Mark of Pain":8,"Bag of Marbles":3,"Orichalcum":5,"Toxic Egg 2":15,"Burning Blood":0,"FossilizedHelix":11},{"Lantern":46,"Shuriken":20,"Mark of Pain":32,"Bag of Marbles":9,"Orichalcum":13,"Toxic Egg 2":59,"Burning Blood":0,"FossilizedHelix":43}],"Burning Blood":90},"card_choices":[{"not_picked":["Flex","Body Slam"],"picked":"Wild Strike","floor":1},{"not_picked":["Body Slam","Clash"],"picked":"Anger","floor":5},{"not_picked":["Second Wind","Body Slam"],"picked":"Shrug It Off","floor":7},{"not_picked":["Twin Strike","Wild Strike"],"picked":"Armaments","floor":10},{"not_picked":["Flex","Corruption"],"picked":"Offering","floor":12},{"not_picked":["Clothesline","Flex"],"picked":"Headbutt","floor":13},{"not_picked":["Havoc","Twin Strike"],"picked":"Metallicize","floor":14},{"not_picked":["Demon Form","Offering"],"picked":"Brutality","floor":16},{"not_picked":["Clash+1","Shrug It Off"],"picked":"Shockwave","floor":18},{"not_picked":["Clash","Twin Strike","Anger"],"picked":"SKIP","floor":21},{"not_picked":["Wild Strike","Entrench"],"picked":"Havoc+1","floor":24},{"not_picked":["Iron Wave","Immolate"],"picked":"Combust","floor":25},{"not_picked":["Perfected Strike","Thunderclap"],"picked":"Shrug It Off","floor":27},{"not_picked":["Metallicize","Anger"],"picked":"Rage","floor":28}],"player_experience":2054831,"relics_obtained":[{"floor":12,"key":"Orichalcum"},{"floor":14,"key":"Shuriken"},{"floor":24,"key":"FossilizedHelix"},{"floor":26,"key":"Lantern"}],"event_choices":[{"damage_healed":0,"gold_gain":0,"player_choice":"Ignored","damage_taken":0,"max_hp_gain":0,"max_hp_loss":0,"event_name":"Liars Game","floor":2,"gold_loss":0},{"damage_healed":0,"gold_gain":0,"player_choice":"Entered Light","damage_taken":23,"max_hp_gain":0,"max_hp_loss":0,"event_name":"Shining Light","floor":3,"gold_loss":0,"cards_upgraded":["Strike_R","Bash"]},{"damage_healed":0,"gold_gain":75,"player_choice":"Gather Gold","damage_taken":11,"max_hp_gain":0,"max_hp_loss":0,"event_name":"World of Goop","floor":4,"gold_loss":0},{"cards_removed":["Strike_R"],"damage_healed":0,"gold_gain":0,"player_choice":"Gave Gold","damage_taken":0,"max_hp_gain":0,"max_hp_loss":0,"event_name":"Beggar","floor":19,"gold_loss":75},{"damage_healed":0,"gold_gain":0,"player_choice":"Simplicity","damage_taken":0,"max_hp_gain":0,"max_hp_loss":0,"event_name":"Back to Basics","floor":20,"gold_loss":0,"cards_upgraded":["Strike_R","Strike_R","Strike_R","Defend_R","Defend_R","Defend_R"]},{"damage_healed":0,"gold_gain":0,"player_choice":"Fight","damage_taken":0,"max_hp_gain":0,"max_hp_loss":0,"event_name":"Colosseum","floor":30,"gold_loss":0},{"damage_healed":0,"gold_gain":0,"player_choice":"Fled From Nobs","damage_taken":0,"max_hp_gain":0,"max_hp_loss":0,"event_name":"Colosseum","floor":30,"gold_loss":0},{"damage_healed":0,"gold_gain":0,"player_choice":"Obtained Relic","damage_taken":0,"relics_obtained":["Toxic Egg 2"],"max_hp_gain":0,"max_hp_loss":0,"event_name":"Addict","floor":31,"gold_loss":85}],"is_beta":false,"boss_relics":[{"not_picked":["Ectoplasm","SlaversCollar"],"picked":"Mark of Pain"}],"items_purged_floors":[],"is_endless":false,"potions_floor_spawned":[10,12,16,21,24,27,28],"killed_by":"Collector","ascension_level":20}}