{"host":"9j3ghh26vbket12t","time":1611018968,"event":{"mods":["AchievementEnabler","BaseMod","Colored Powertips","Hermit","Marisa????????","Minty Spire (QoL Compilation)","StSLib","The Servant 0.9.4"],"gold_per_floor":[111,111,36,211,236,236,267,267,336,336,236,260,279,279,279,399,399,424,524,548,573,586,586,605,640,640,678,678,118,118,217,217,342,342,366,366,385,236,146,162,203,203,229,243,48,48,69,88,88,88,88,88,13,44,44,44],"floor_reached":55,"language":"ENG","playtime":5096,"items_purged":["Defend_MRS","Doubt","Strike_MRS","Defend_MRS","Strike_MRS"],"score":740,"play_id":"c19b73cb-32e9-48fb-96bd-3ae4730572f7","local_time":"20210118201608","is_ascension_mode":false,"campfire_choices":[{"floor":6.0,"key":"REST"},{"floor":8.0,"key":"REST"},{"data":"MilkyWay","floor":10.0,"key":"SMITH"},{"data":"PowerUp","floor":15.0,"key":"SMITH"},{"floor":23.0,"key":"REST"},{"floor":28.0,"key":"RECALL"},{"data":"BinaryStars","floor":30.0,"key":"SMITH"},{"data":"MachineGunSpark","floor":32.0,"key":"SMITH"},{"data":"BlazeAway","floor":42.0,"key":"SMITH"},{"data":"EnergyFlow","floor":46.0,"key":"SMITH"},{"floor":49.0,"key":"REST"},{"data":"OrrerysSun","floor":52.0,"key":"SMITH"}],"circlet_count":0,"master_deck":["Strike_MRS+1","Defend_MRS","Defend_MRS","MasterSpark","UpSweep","MilkyWay+1","PowerUp+1","UnstableBomb+1","NonDirectionalLaser","StarBarrage","BinaryStars+1","DeepEcoloBomb+1","EnergyFlow+1","MachineGunSpark+1","BlazeAway+1","MilkyWay+1","6A","MeteoricShower","OrrerysSun+1","GalacticHalo"],"relics":["MiniHakkero","Lizard Tail","Golden Idol","Ginger","Meat on the Bone","RampagingMagicTools","Boot","Red Mask","Membership Card","Anchor","Pear","Velvet Choker","HandDrill","PreservedInsect","Toy Ornithopter","Frozen Eye","Orichalcum"],"acts_visited":["Exordium","TheCity","TheBeyond","TheEnding"],"potions_floor_usage":[55,55],"damage_taken":[{"damage":5.0,"enemies":"Small Slimes","floor":1.0,"turns":3.0},{"damage":2.0,"enemies":"2 Louse","floor":5.0,"turns":3.0},{"damage":27.0,"enemies":"Gremlin Nob","floor":7.0,"turns":4.0},{"damage":1.0,"enemies":"Cultist","floor":12.0,"turns":3.0},{"damage":0.0,"enemies":"3 Louse","floor":13.0,"turns":2.0},{"damage":4.0,"enemies":"Slime Boss","floor":16.0,"turns":6.0},{"damage":5.0,"enemies":"Chosen","floor":18.0,"turns":3.0},{"damage":6.0,"enemies":"Shell Parasite","floor":20.0,"turns":3.0},{"damage":7.0,"enemies":"3 Cultists","floor":21.0,"turns":3.0},{"damage":45.0,"enemies":"Shelled Parasite and Fungi","floor":22.0,"turns":5.0},{"damage":13.0,"enemies":"Cultist and Chosen","floor":24.0,"turns":5.0},{"damage":29.0,"enemies":"Gremlin Leader","floor":25.0,"turns":6.0},{"damage":8.0,"enemies":"Masked Bandits","floor":27.0,"turns":3.0},{"damage":11.0,"enemies":"Champ","floor":33.0,"turns":7.0},{"damage":2.0,"enemies":"3 Shapes","floor":35.0,"turns":3.0},{"damage":2.0,"enemies":"3 Darklings","floor":37.0,"turns":3.0},{"damage":20.0,"enemies":"Maw","floor":40.0,"turns":5.0},{"damage":19.0,"enemies":"Nemesis","floor":41.0,"turns":5.0},{"damage":0.0,"enemies":"Transient","floor":44.0,"turns":5.0},{"damage":17.0,"enemies":"3 Darklings","floor":47.0,"turns":4.0},{"damage":32.0,"enemies":"Spire Growth","floor":48.0,"turns":4.0},{"damage":84.0,"enemies":"Donu and Deca","floor":50.0,"turns":10.0},{"damage":22.0,"enemies":"Shield and Spear","floor":54.0,"turns":5.0},{"damage":85,"enemies":"The Heart","floor":55,"turns":5}],"seed_played":"1169597989737418189","potions_obtained":[{"floor":1.0,"key":"PowerPotion"},{"floor":5.0,"key":"Explosive Potion"},{"floor":12.0,"key":"CultistPotion"},{"floor":16.0,"key":"PowerPotion"},{"floor":18.0,"key":"SteroidPotion"},{"floor":21.0,"key":"ShroomBrew"},{"floor":22.0,"key":"Dexterity Potion"},{"floor":25.0,"key":"Weak Potion"},{"floor":35.0,"key":"Weak Potion"},{"floor":37.0,"key":"Energy Potion"},{"floor":41.0,"key":"ColorlessPotion"},{"floor":54.0,"key":"Fruit Juice"}],"is_trial":false,"path_per_floor":["M","?","$","?","M","R","E","R","T","R","$","M","M","?","R","B",null,"M","?","M","M","M","R","M","E","T","?","R","$","R","?","R","B",null,"M","?","M","$","?","M","E","R","T","M","$","R","M","M","R","B",null,"R","$","E","B"],"character_chosen":"MARISA","items_purchased":["Membership Card","Anchor","Pear","MachineGunSpark","Block Potion","Dexterity Potion","HandDrill","Frozen Eye","MeteoricShower","Swift Potion","Fire Potion","FearPotion"],"campfire_rested":4,"item_purchase_floors":[29,29,29,29,29,29,38,45,45,53,53,53],"current_hp_per_floor":[49,31,31,31,29,51,24,46,46,46,46,45,45,30,30,38,75,70,70,64,57,24,46,45,28,28,32,32,42,42,42,42,43,85,83,83,81,81,81,61,54,54,54,54,54,54,49,39,64,37,85,85,85,73,0,0],"gold":44,"neow_bonus":"ONE_RARE_RELIC","is_daily":false,"chose_seed":false,"campfire_upgraded":7,"win_rate":0.0,"timestamp":1611018968,"path_taken":["M","?","$","?","M","R","E","R","T","R","$","M","M","?","R","BOSS","M","?","M","?","M","R","M","E","T","?","R","$","R","?","R","BOSS","M","?","?","$","?","?","E","R","T","M","$","R","M","M","R","BOSS","R","$","E","BOSS"],"items_purchased_type":["Relic","Relic","Relic","Card","Potion","Potion","Relic","Relic","Card","Potion","Potion","Potion"],"build_version":"2020-12-22","purchased_purges":5,"victory":false,"max_hp_per_floor":[75,75,75,75,75,75,75,75,75,75,75,75,75,75,75,75,75,75,75,75,75,75,75,75,75,75,75,75,85,85,85,85,85,85,85,85,85,85,85,85,85,85,85,85,85,85,85,85,85,85,85,85,85,90,90,90],"card_choices":[{"not_picked":["MachineGunSpark","Occultation"],"picked":"MilkyWay","floor":1.0},{"not_picked":["EarthLightRay","GrandCross"],"picked":"PowerUp","floor":5.0},{"not_picked":["CollectingQuirk","GrandCross"],"picked":"UnstableBomb","floor":7.0},{"not_picked":["IllusionStar","OneTimeOff"],"picked":"NonDirectionalLaser","floor":12.0},{"not_picked":["AsteroidBelt","Occultation"],"picked":"StarBarrage","floor":13.0},{"not_picked":["UltimateShortwave","StarDustReverie"],"picked":"BinaryStars","floor":16.0},{"not_picked":["ShootingEcho","AsteroidBelt+1","EnergyRecoil+1"],"picked":"SKIP","floor":18.0},{"not_picked":["GrandCross","MagicAbsorber"],"picked":"DeepEcoloBomb","floor":20.0},{"not_picked":["GravityBeat","IllusionStar"],"picked":"EnergyFlow","floor":21.0},{"not_picked":["PropBag","IllusionStar","DC+1"],"picked":"SKIP","floor":22.0},{"not_picked":["IllusionStar","MagicChant","EscapeVelocity"],"picked":"SKIP","floor":24.0},{"not_picked":["PowerUp+1","DC","GravityBeat"],"picked":"SKIP","floor":25.0},{"not_picked":["SprinkleStarSeal","NonDirectionalLaser"],"picked":"BlazeAway","floor":35.0},{"not_picked":["LuminesStrike+1","Orbital+1"],"picked":"6A","floor":37.0},{"not_picked":["MilkyWay+1","Orbital","WitchOfGreed+1"],"picked":"SKIP","floor":40.0},{"not_picked":["LuminesStrike+1","DC+1","ShootTheMoon+1"],"picked":"SKIP","floor":41.0},{"not_picked":["PowerUp","StarBarrage+1","StarlightTyphoon+1"],"picked":"SKIP","floor":44.0},{"not_picked":["EventHorizon+1","PulseMagic+1"],"picked":"OrrerysSun","floor":47.0},{"not_picked":["Singularity","SporeBomb","ShootTheMoon+1"],"picked":"SKIP","floor":48.0},{"not_picked":["LuminesStrike","Acceleration"],"picked":"GalacticHalo","floor":54.0}],"player_experience":90694,"relics_obtained":[{"floor":7.0,"key":"Ginger"},{"floor":9.0,"key":"Meat on the Bone"},{"floor":25.0,"key":"Boot"},{"floor":27.0,"key":"Red Mask"},{"floor":41.0,"key":"PreservedInsect"},{"floor":43.0,"key":"Toy Ornithopter"},{"floor":54.0,"key":"Orichalcum"}],"event_choices":[{"damage_healed":0.0,"max_hp_gain":0.0,"max_hp_loss":0.0,"gold_gain":0.0,"event_name":"Golden Idol","player_choice":"Take Damage","floor":2.0,"gold_loss":0.0,"damage_taken":18.0,"relics_obtained":["Golden Idol"]},{"damage_healed":0.0,"max_hp_gain":0.0,"max_hp_loss":0.0,"gold_gain":175.0,"event_name":"Liars Game","player_choice":"AGREE","floor":4.0,"gold_loss":0.0,"damage_taken":0.0,"cards_obtained":["Doubt"]},{"damage_healed":0.0,"max_hp_gain":0.0,"max_hp_loss":0.0,"gold_gain":0.0,"event_name":"Shining Light","player_choice":"Entered Light","floor":14.0,"gold_loss":0.0,"damage_taken":15.0,"cards_upgraded":["Strike_MRS","UnstableBomb"]},{"damage_healed":0.0,"max_hp_gain":0.0,"max_hp_loss":0.0,"gold_gain":100.0,"event_name":"Golden Shrine","player_choice":"Pray","floor":19.0,"gold_loss":0.0,"damage_taken":0.0},{"damage_healed":0.0,"max_hp_gain":0.0,"max_hp_loss":0.0,"gold_gain":0.0,"event_name":"Masked Bandits","player_choice":"Fought Bandits","floor":27.0,"gold_loss":0.0,"damage_taken":0.0},{"damage_healed":0.0,"max_hp_gain":0.0,"max_hp_loss":0.0,"gold_gain":99.0,"event_name":"Nest","player_choice":"Stole From Cult","floor":31.0,"gold_loss":0.0,"damage_taken":0.0},{"damage_healed":0.0,"max_hp_gain":0.0,"max_hp_loss":0.0,"gold_gain":0.0,"event_name":"Duplicator","player_choice":"Copied","floor":36.0,"gold_loss":0.0,"damage_taken":0.0,"cards_obtained":["MilkyWay"]},{"cards_removed":["Strike_MRS"],"damage_healed":0.0,"max_hp_gain":0.0,"max_hp_loss":0.0,"gold_gain":0.0,"event_name":"Designer","player_choice":"Upgrade and Remove","floor":39.0,"gold_loss":90.0,"damage_taken":0.0,"cards_upgraded":["DeepEcoloBomb"]}],"is_beta":false,"boss_relics":[{"not_picked":["Runic Pyramid","Tiny House"],"picked":"RampagingMagicTools"},{"not_picked":["Philosopher\u0027s Stone","Runic Dome"],"picked":"Velvet Choker"}],"items_purged_floors":[3,11,29,38,45],"is_endless":false,"potions_floor_spawned":[1,5,12,16,18,21,22,25,35,37,41,54],"killed_by":"The Heart","ascension_level":0}}