{"host":"lhth1efayex2023z","time":1611015088,"event":{"mods":["BaseMod","Colored Map","Googly Eyes","Minty Spire (QoL Compilation)","StSLib"],"gold_per_floor":[362,381,30,50,0,35,35,63,63,73,86,86,105,135,135,235,235,249,263,281,36,55,55,84,84,109,126,226,257,158,183,183,287,287,301,318,318,331,222,251,261,296,308,105,134,151,151,151,151,151,151,151,0,34,34],"floor_reached":56,"language":"ENG","playtime":3046,"items_purged":["Normality","Strike_B","Strike_B","Pain","Aggregate+1","Barrage"],"score":1576,"play_id":"0e16022c-fad9-4407-a04a-223fda11b147","local_time":"20210118171128","is_ascension_mode":true,"campfire_choices":[{"data":"Zap","floor":7.0,"key":"SMITH"},{"data":"Defragment","floor":15.0,"key":"SMITH"},{"data":"Buffer","floor":23,"key":"SMITH"},{"data":"Electrodynamics","floor":25,"key":"SMITH"},{"data":"Strike_B","floor":32,"key":"PURGE"},{"floor":49,"key":"RECALL"},{"data":"Defend_B","floor":52,"key":"PURGE"}],"circlet_count":0,"master_deck":["Zap+1","Dualcast","Storm","Capacitor","Self Repair","Leap","Defragment+1","Coolheaded","Coolheaded","Buffer+1","Force Field+1","Electrodynamics+1","Amplify+1","Defragment+1","Fission","Storm+1","Darkness+1","Defragment+1","Defragment+1","Static Discharge+1","Storm+1","Thunder Strike","Finesse"],"relics":["Cracked Core","Membership Card","Mummified Hand","Anchor","Sundial","Blood Vial","Matryoshka","Inserter","Tiny Chest","Question Card","Toy Ornithopter","Peace Pipe","Frozen Egg 2","Ginger","Mercury Hourglass","Astrolabe","WarpedTongs","Orichalcum","MawBank","War Paint","Darkstone Periapt","InkBottle","MealTicket","Bottled Tornado","Centennial Puzzle"],"acts_visited":["Exordium","TheCity","TheBeyond","TheEnding"],"potions_floor_usage":[19,27,28,36,55,55,55,55,55],"damage_taken":[{"damage":1.0,"enemies":"Jaw Worm","floor":1.0,"turns":3.0},{"damage":12.0,"enemies":"Small Slimes","floor":2.0,"turns":4.0},{"damage":1.0,"enemies":"Cultist","floor":4.0,"turns":3.0},{"damage":30.0,"enemies":"Lagavulin","floor":6.0,"turns":7.0},{"damage":40.0,"enemies":"3 Sentries","floor":8.0,"turns":7.0},{"damage":11.0,"enemies":"3 Louse","floor":10.0,"turns":4.0},{"damage":0.0,"enemies":"Exordium Wildlife","floor":11.0,"turns":3.0},{"damage":3.0,"enemies":"Gremlin Gang","floor":12.0,"turns":3.0},{"damage":0.0,"enemies":"Red Slaver","floor":13.0,"turns":3.0},{"damage":6.0,"enemies":"Gremlin Nob","floor":14.0,"turns":4.0},{"damage":10.0,"enemies":"Hexaghost","floor":16.0,"turns":11.0},{"damage":0.0,"enemies":"Chosen","floor":18.0,"turns":4.0},{"damage":17,"enemies":"2 Thieves","floor":19,"turns":4},{"damage":27,"enemies":"3 Cultists","floor":20,"turns":5},{"damage":6,"enemies":"Cultist and Chosen","floor":22,"turns":6},{"damage":28,"enemies":"Slavers","floor":24,"turns":5},{"damage":4,"enemies":"Snake Plant","floor":27,"turns":4},{"damage":3,"enemies":"Colosseum Slavers","floor":28,"turns":5},{"damage":0,"enemies":"Colosseum Nobs","floor":28,"turns":3},{"damage":6,"enemies":"Book of Stabbing","floor":29,"turns":5},{"damage":0,"enemies":"Gremlin Leader","floor":31,"turns":4},{"damage":0,"enemies":"Collector","floor":33,"turns":5},{"damage":5,"enemies":"Orb Walker","floor":35,"turns":2},{"damage":0,"enemies":"3 Shapes","floor":36,"turns":3},{"damage":8,"enemies":"Writhing Mass","floor":38,"turns":3},{"damage":0,"enemies":"Reptomancer","floor":40,"turns":3},{"damage":0,"enemies":"Sphere and 2 Shapes","floor":41,"turns":3},{"damage":0,"enemies":"Nemesis","floor":42,"turns":3},{"damage":0,"enemies":"Giant Head","floor":45,"turns":3},{"damage":0,"enemies":"Jaw Worm Horde","floor":46,"turns":1},{"damage":32,"enemies":"Awakened One","floor":50,"turns":4},{"damage":10,"enemies":"Shield and Spear","floor":54,"turns":3},{"damage":73,"enemies":"The Heart","floor":55,"turns":3}],"seed_played":"4239400169337333507","potions_obtained":[{"floor":1.0,"key":"Weak Potion"},{"floor":2.0,"key":"SmokeBomb"},{"floor":8.0,"key":"Dexterity Potion"},{"floor":10.0,"key":"Dexterity Potion"},{"floor":13.0,"key":"Ancient Potion"},{"floor":16.0,"key":"PowerPotion"},{"floor":19,"key":"Weak Potion"},{"floor":27,"key":"Swift Potion"},{"floor":29,"key":"Strength Potion"},{"floor":36,"key":"Fruit Juice"},{"floor":41,"key":"LiquidMemories"}],"is_trial":false,"path_per_floor":["M","M","$","M","?","E","R","E","T","M","M","M","M","E","R","B",null,"M","M","M","$","M","R","E","R","T","M","?","E","$","E","R","B",null,"M","M","?","M","$","E","M","E","T","$","E","M","T","?","R","B",null,"R","$","E","B",null],"character_chosen":"DEFECT","items_purchased":["Membership Card","Mummified Hand","Self Repair","Tiny Chest","Force Field","Electrodynamics","Defragment+1","Defragment+1","InkBottle","EntropicBrew"],"campfire_rested":0,"item_purchase_floors":[3,3,3,21,21,21,30,39,44,53],"current_hp_per_floor":[74,62,62,68,68,45,45,12,12,10,19,25,34,37,37,36,75,75,72,54,54,57,57,38,38,38,48,61,64,64,73,73,75,75,75,80,80,79,79,80,80,80,80,80,80,80,80,80,80,55,80,80,80,80,47],"gold":34,"neow_bonus":"TWO_FIFTY_GOLD","is_daily":false,"chose_seed":false,"campfire_upgraded":4,"win_rate":0.0,"timestamp":1611015088,"path_taken":["M","M","$","M","?","E","R","E","T","M","M","M","M","E","R","BOSS","M","M","M","$","M","R","E","R","T","M","?","E","$","E","R","BOSS","M","M","?","?","$","E","M","E","T","$","E","M","?","?","R","BOSS","R","$","E","BOSS"],"items_purchased_type":["Relic","Relic","Card","Relic","Card","Card","Card","Card","Relic","Potion"],"build_version":"2020-12-22","purchased_purges":6,"victory":true,"max_hp_per_floor":[75,75,75,75,75,75,75,75,75,75,75,75,75,75,75,75,75,75,75,75,75,75,75,75,75,75,75,75,75,75,75,75,75,75,75,80,80,80,80,80,80,80,80,80,80,80,80,80,80,80,80,80,80,80,80],"card_choices":[{"not_picked":["Chaos","Blizzard"],"picked":"Storm","floor":1.0},{"not_picked":["Redo","Consume"],"picked":"Capacitor","floor":2.0},{"not_picked":["Double Energy","Steam","Stack"],"picked":"SKIP","floor":4.0},{"not_picked":["Aggregate","Conserve Battery","Redo"],"picked":"SKIP","floor":6.0},{"not_picked":["Scrape","Recycle"],"picked":"Leap","floor":8.0},{"not_picked":["Conserve Battery","Coolheaded"],"picked":"Barrage","floor":10.0},{"not_picked":["Compile Driver","Sweeping Beam"],"picked":"Defragment","floor":11.0},{"not_picked":["Blizzard","Gash"],"picked":"Coolheaded","floor":13.0},{"not_picked":["Biased Cognition","Cold Snap"],"picked":"Coolheaded","floor":14.0},{"not_picked":["Biased Cognition","Seek"],"picked":"Buffer","floor":16.0},{"not_picked":["Rip and Tear","Sweeping Beam+1","Glacier"],"picked":"SKIP","floor":18.0},{"not_picked":["Conserve Battery","Leap+1","Hologram"],"picked":"SKIP","floor":19},{"not_picked":["Recycle","Streamline","Cold Snap"],"picked":"SKIP","floor":20},{"not_picked":["Chill+1","Compile Driver","Recycle"],"picked":"SKIP","floor":22},{"not_picked":["Sweeping Beam","Rip and Tear","Steam Power"],"picked":"SKIP","floor":24},{"not_picked":["Leap","Steam Power","White Noise+1"],"picked":"Amplify","floor":27},{"not_picked":["Auto Shields","Coolheaded","Barrage","Compile Driver"],"picked":"SKIP","floor":29},{"not_picked":["Rebound+1","Sweeping Beam","Barrage","Force Field"],"picked":"SKIP","floor":31},{"not_picked":["Amplify","Hyperbeam","Machine Learning+1"],"picked":"Fission","floor":33},{"not_picked":["Aggregate+1","Redo","Hologram","Streamline+1"],"picked":"SKIP","floor":35},{"not_picked":["Leap","Redo","Auto Shields+1","Chill+1"],"picked":"SKIP","floor":36},{"not_picked":["Cold Snap+1","Compile Driver","FTL","Go for the Eyes"],"picked":"SKIP","floor":38},{"not_picked":["Aggregate","Blizzard+1","Hyperbeam"],"picked":"Defragment+1","floor":40},{"not_picked":["Gash","Streamline+1","Go for the Eyes+1"],"picked":"Static Discharge+1","floor":41},{"not_picked":["Ball Lightning+1","Genetic Algorithm","Steam"],"picked":"Storm+1","floor":42},{"not_picked":["Multi-Cast","Compile Driver","Cold Snap"],"picked":"Thunder Strike","floor":45},{"not_picked":["Gash","Reinforced Body+1","Steam+1","Go for the Eyes"],"picked":"SKIP","floor":46},{"not_picked":["Enlightenment","Forethought","PanicButton"],"picked":"Finesse","floor":48},{"not_picked":["Darkness","Double Energy+1","Rebound","Conserve Battery"],"picked":"SKIP","floor":54}],"player_experience":458743,"relics_obtained":[{"floor":6.0,"key":"Anchor"},{"floor":8.0,"key":"Sundial"},{"floor":9.0,"key":"Blood Vial"},{"floor":14.0,"key":"Matryoshka"},{"floor":24,"key":"Question Card"},{"floor":26,"key":"Toy Ornithopter"},{"floor":28,"key":"Peace Pipe"},{"floor":28,"key":"Frozen Egg 2"},{"floor":29,"key":"Ginger"},{"floor":31,"key":"Mercury Hourglass"},{"floor":40,"key":"Orichalcum"},{"floor":42,"key":"MawBank"},{"floor":43,"key":"War Paint"},{"floor":43,"key":"Darkstone Periapt"},{"floor":45,"key":"MealTicket"},{"floor":47,"key":"Bottled Tornado"},{"floor":54,"key":"Centennial Puzzle"}],"event_choices":[{"cards_removed":["Strike_B"],"damage_healed":0.0,"max_hp_gain":0.0,"max_hp_loss":0.0,"gold_gain":0.0,"event_name":"The Cleric","player_choice":"Card Removal","floor":5.0,"gold_loss":50.0,"damage_taken":0.0},{"damage_healed":0,"gold_gain":0,"player_choice":"Fight","damage_taken":0,"max_hp_gain":0,"max_hp_loss":0,"event_name":"Colosseum","floor":28,"gold_loss":0},{"damage_healed":0,"gold_gain":0,"player_choice":"Fought Nobs","damage_taken":0,"max_hp_gain":0,"max_hp_loss":0,"event_name":"Colosseum","floor":28,"gold_loss":0},{"damage_healed":0,"gold_gain":0,"player_choice":"Rummage","damage_taken":0,"relics_obtained":["WarpedTongs"],"max_hp_gain":0,"max_hp_loss":0,"event_name":"Accursed Blacksmith","floor":37,"gold_loss":0,"cards_obtained":["Pain"]},{"damage_healed":0,"gold_gain":0,"player_choice":"Memory 1","damage_taken":0,"max_hp_gain":0,"max_hp_loss":0,"event_name":"SensoryStone","floor":48,"gold_loss":0}],"is_beta":false,"boss_relics":[{"not_picked":["SlaversCollar","SacredBark"],"picked":"Inserter"},{"not_picked":["FrozenCore","Pandora\u0027s Box"],"picked":"Astrolabe"}],"items_purged_floors":[3,21,30,39,44,53],"is_endless":false,"potions_floor_spawned":[1,2,8,10,13,16,19,27,29,31,33,36,41,46,54],"ascension_level":1}}