{"host":"z4nt7tdd4gjrinn7","time":1611022159,"event":{"mods":["100% Spire Juice","BaseMod","Minty Spire (QoL Compilation)","StSLib"],"gold_per_floor":[360,216,216,236,247,247,26,42,95,95,125,125,125,125,125,125,125],"floor_reached":16,"language":"ENG","playtime":917,"items_purged":[],"score":98,"play_id":"04e0d7ec-4d0e-4419-bac1-14f539aeb320","local_time":"20210118210919","is_ascension_mode":false,"campfire_choices":[{"floor":6,"key":"REST"},{"data":"Terror","floor":10,"key":"SMITH"},{"floor":12,"key":"REST"},{"data":"Corpse Explosion","floor":15,"key":"SMITH"}],"circlet_count":0,"master_deck":["Strike_G","Strike_G","Strike_G","Strike_G","Strike_G","Defend_G","Defend_G","Defend_G","Defend_G","Defend_G","Survivor","Neutralize","Deflect","Terror+1","Flying Knee","Outmaneuver","Dagger Spray","Corpse Explosion+1"],"relics":["Ring of the Snake","MealTicket","TwistedFunnel","Bag of Preparation","Oddly Smooth Stone"],"acts_visited":["Exordium"],"potions_floor_usage":[11,16,16],"damage_taken":[{"damage":1,"enemies":"Cultist","floor":1,"turns":4},{"damage":0,"enemies":"Small Slimes","floor":4,"turns":5},{"damage":3,"enemies":"Jaw Worm","floor":5,"turns":4},{"damage":2,"enemies":"3 Louse","floor":8,"turns":2},{"damage":26,"enemies":"Gremlin Nob","floor":11,"turns":5},{"damage":76,"enemies":"Slime Boss","floor":16,"turns":13}],"seed_played":"5720228947129919649","potions_obtained":[{"floor":5,"key":"Swift Potion"},{"floor":8,"key":"GamblersBrew"},{"floor":11,"key":"SpeedPotion"}],"is_trial":false,"path_per_floor":["M","$","?","M","M","R","$","M","T","R","E","R","?","$","R","B"],"character_chosen":"THE_SILENT","items_purchased":["MealTicket","TwistedFunnel","Flying Knee","Outmaneuver"],"campfire_rested":2,"item_purchase_floors":[2,7,7,7],"current_hp_per_floor":[48,48,48,48,45,66,70,68,68,68,42,63,63,70,70,0,0],"gold":125,"neow_bonus":"TWO_FIFTY_GOLD","is_daily":false,"chose_seed":false,"campfire_upgraded":2,"win_rate":0.0,"timestamp":1611022159,"path_taken":["M","?","?","M","?","R","$","M","T","R","E","R","?","?","R","BOSS"],"items_purchased_type":["Relic","Relic","Card","Card"],"build_version":"2020-12-22","purchased_purges":0,"victory":false,"max_hp_per_floor":[70,70,70,70,70,70,70,70,70,70,70,70,70,70,70,70,70],"card_choices":[{"not_picked":["PiercingWail","Expertise"],"picked":"Deflect","floor":1},{"not_picked":["Sucker Punch","Dodge and Roll"],"picked":"Escape Plan","floor":4},{"not_picked":["Well Laid Plans","Deflect"],"picked":"Terror","floor":5},{"not_picked":["Masterful Stab","Prepared"],"picked":"Dagger Spray","floor":8},{"not_picked":["A Thousand Cuts","Outmaneuver"],"picked":"Corpse Explosion","floor":11}],"player_experience":107095,"relics_obtained":[{"floor":9,"key":"Bag of Preparation"},{"floor":11,"key":"Oddly Smooth Stone"}],"event_choices":[{"damage_healed":0,"gold_gain":0,"player_choice":"Ignored","damage_taken":0,"max_hp_gain":0,"max_hp_loss":0,"event_name":"Shining Light","floor":3,"gold_loss":0},{"cards_removed":["Escape Plan"],"damage_healed":0,"gold_gain":0,"player_choice":"Purged","damage_taken":0,"max_hp_gain":0,"max_hp_loss":0,"event_name":"Purifier","floor":13,"gold_loss":0}],"is_beta":false,"boss_relics":[],"items_purged_floors":[],"is_endless":false,"potions_floor_spawned":[5,8,11],"killed_by":"Slime Boss","ascension_level":0}}