{"host":"3498uni0c31c9bdm","time":1611060026,"event":{"mods":["BaseMod","Better Third Choice","Minty Spire (QoL Compilation)","Replay The Spire","StSLib"],"gold_per_floor":[112,387,400,414,430,458,458,14,95,95,95,95,25,66,66,166,166,184,204,204,204],"floor_reached":20,"language":"ENG","playtime":1233,"items_purged":[],"score":218,"play_id":"0479d535-4570-4c94-8dad-4f5a6f932aea","local_time":"20210119234026","is_ascension_mode":true,"campfire_choices":[{"floor":10,"key":"REST"},{"floor":15,"key":"REST"}],"circlet_count":0,"master_deck":["Strike_P+1","Strike_P","Strike_P","Strike_P","Defend_P","Defend_P","Defend_P","Defend_P","Eruption","Vigilance+1","Perseverance","Regret","FlurryOfBlows","WreathOfFlame","MasterReality","Collect","Voices","WaveOfTheHand","Replay:DivineShield","Ragnarok","CutThroughFate","FlurryOfBlows"],"relics":["PureWater","Mango","ReplayTheSpireMod:Ring of Challenge","Ring of Fury","Gremlin Food","Damaru","ClockworkSouvenir","White Beast Statue","Cursed Key"],"acts_visited":["Exordium","TheCity"],"potions_floor_usage":[5,6,6,16,19,19,20],"damage_taken":[{"damage":0,"enemies":"2 Louse","floor":1,"turns":1},{"damage":5,"enemies":"Cultist","floor":3,"turns":4},{"damage":20,"enemies":"Jaw Worm","floor":4,"turns":5},{"damage":35,"enemies":"Gremlin Gang","floor":5,"turns":7},{"damage":20,"enemies":"Gremlin Nob","floor":6,"turns":3},{"damage":5,"enemies":"3 Louse","floor":14,"turns":6},{"damage":49,"enemies":"Fading Forest","floor":16,"turns":11},{"damage":33,"enemies":"Chosen","floor":18,"turns":8},{"damage":21,"enemies":"Shell Parasite","floor":19,"turns":6},{"damage":28,"enemies":"Shelled Parasite and Fungi","floor":20,"turns":2}],"seed_played":"5174324523294585799","potions_obtained":[{"floor":0,"key":"Toxic Potion"},{"floor":0,"key":"DuplicationPotion"},{"floor":0,"key":"Regen Potion"},{"floor":5,"key":"SpeedPotion"},{"floor":14,"key":"FearPotion"},{"floor":16,"key":"LiquidBronze"},{"floor":18,"key":"DistilledChaos"},{"floor":19,"key":"Fire Potion"}],"is_trial":false,"path_per_floor":["M","?","M","M","M","E","?","$","T","R","?","$","$","M","R","B",null,"M","M","M"],"character_chosen":"WATCHER","items_purchased":["Gremlin Food","Damaru","ClockworkSouvenir","WaveOfTheHand"],"campfire_rested":2,"item_purchase_floors":[8,8,8,13],"current_hp_per_floor":[72,72,67,47,27,21,21,21,21,46,46,46,46,41,66,17,69,36,15,0,0],"gold":204,"neow_bonus":"THREE_SMALL_POTIONS","is_daily":false,"chose_seed":false,"campfire_upgraded":0,"win_rate":0.0,"timestamp":1611060026,"path_taken":["M","?","M","?","M","E","?","$","T","R","?","?","$","M","R","BOSS","M","M","?"],"items_purchased_type":["Relic","Relic","Relic","Card"],"build_version":"2020-12-22","purchased_purges":0,"victory":false,"max_hp_per_floor":[72,72,72,72,72,86,86,86,86,86,86,86,86,86,86,86,86,86,86,86,86],"card_choices":[{"not_picked":["FollowUp","Replay:BluntJabs"],"picked":"Perseverance","floor":1},{"not_picked":["Evaluate","ReachHeaven"],"picked":"FlurryOfBlows","floor":3},{"not_picked":["ThirdEye","Replay:BluntJabs"],"picked":"WreathOfFlame","floor":4},{"not_picked":["EmptyBody","SashWhip"],"picked":"MasterReality","floor":5},{"not_picked":["Adaptation","Indignation"],"picked":"Collect","floor":6},{"not_picked":["Fasting2","Indignation"],"picked":"Replay:DivineShield","floor":14},{"not_picked":["Vault","ConjureBlade"],"picked":"Ragnarok","floor":16},{"not_picked":["JustLucky","SignatureMove"],"picked":"CutThroughFate","floor":18},{"not_picked":["Sanctity","Evaluate"],"picked":"FlurryOfBlows","floor":19}],"player_experience":713863,"relics_obtained":[{"floor":6,"key":"Mango"},{"floor":7,"key":"ReplayTheSpireMod:Ring of Challenge"},{"floor":7,"key":"Ring of Fury"},{"floor":9,"key":"White Beast Statue"}],"event_choices":[{"damage_healed":0,"gold_gain":275,"player_choice":"Desecrate","damage_taken":0,"max_hp_gain":0,"max_hp_loss":0,"event_name":"Golden Shrine","floor":2,"gold_loss":0,"cards_obtained":["Regret"]},{"damage_healed":0,"gold_gain":0,"player_choice":"Leave","damage_taken":0,"max_hp_gain":0,"max_hp_loss":0,"event_name":"The Cleric","floor":11,"gold_loss":0}],"is_beta":false,"boss_relics":[{"not_picked":["Snecko Eye","Black Star"],"picked":"Cursed Key"}],"items_purged_floors":[],"is_endless":false,"potions_floor_spawned":[1,4,5,14,16,18,19],"killed_by":"Shelled Parasite and Fungi","ascension_level":5}}