{"host":"91qk9v3o49otpvon","time":1611020217,"event":{"mods":["A Magickal Journey","Act Like it!","Arknights The Spire","Astrologer","BaseMod","CapriCore","Downfall","Elementarium","Fireblade Mod","GungeonMod","Hallownest","Hermit","JesterMod","Luminous","Minty Spire (QoL Compilation)","Quick Restart","Remilia??????","SOS???????","StSLib","The Animator","The Bug Knight","The Exalted","The Immortal","The Judge","The Kombatant","The Marked","The Necromancer","The Servant 0.9.4","The Wild Card","TheHero","TheSwordswoman"],"gold_per_floor":[112,125,125,136,0,0,28,53,53,69,89,89,14,14,14,14,14],"floor_reached":16,"language":"ENG","playtime":683,"items_purged":[],"score":102,"play_id":"573b829a-0649-411d-983d-88af5ea38564","local_time":"20210119013657","is_ascension_mode":false,"campfire_choices":[{"floor":6,"key":"REST"},{"floor":15,"key":"REST"}],"circlet_count":0,"master_deck":["animator:Strike_Elsword","animator:Defend_Elsword","animator:Strike","animator:Strike","animator:Strike","animator:Defend","animator:Defend","animator:Defend","animator:Chung","animator:Raven","animator:Spearman","animator:DwarfShaman","animator:Tatsumaki","animator:Priestess","animator:Konayuki","animator:YaoHaDucy","animator:LeleiLaLalena","Doubt"],"relics":["animator:LivingPicture","animator:TheMissingPiece","NeowsBlessing","Toy Ornithopter","Bromod:ArcaneDeflection","DemoMod:MeltedRock"],"acts_visited":["Exordium"],"potions_floor_usage":[],"damage_taken":[{"damage":0,"enemies":"2_ Uuma","floor":1,"turns":1},{"damage":0,"enemies":"Hallownest:2_Baldur","floor":2,"turns":1},{"damage":0,"enemies":"Hallownest:2_MossCreeps","floor":4,"turns":1},{"damage":38,"enemies":"Hallownest:eliteVengeflyKing","floor":7,"turns":8},{"damage":9,"enemies":"Hallownest:2_Tiktiks_1_Baldur_1_Crawlid","floor":8,"turns":3},{"damage":4,"enemies":"Hallownest:monsterFoolEater","floor":10,"turns":4},{"damage":6,"enemies":"Hallownest:Wandering_and_Horned","floor":11,"turns":5},{"damage":39,"enemies":"Hallownest:BossBrokenVessel","floor":16,"turns":12}],"seed_played":"5513809183881506320","potions_obtained":[{"floor":2,"key":"Strength Potion"},{"floor":7,"key":"Energy Potion"}],"is_trial":false,"path_per_floor":["M","M","?","M","?","R","E","M","T","?","M","?","$","$","R","B"],"character_chosen":"THE_ANIMATOR","items_purchased":["bronze:BurnAndBuffPotion"],"campfire_rested":2,"item_purchase_floors":[13],"current_hp_per_floor":[66,66,53,53,53,66,28,19,19,15,9,9,9,9,28,0,0],"gold":14,"neow_bonus":"THREE_ENEMY_KILL","is_daily":false,"chose_seed":false,"campfire_upgraded":0,"win_rate":0.0,"timestamp":1611020217,"path_taken":["M","M","?","M","?","R","E","M","T","?","M","?","?","$","R","BOSS"],"items_purchased_type":["Potion"],"build_version":"2020-12-22","purchased_purges":0,"victory":false,"max_hp_per_floor":[66,66,66,66,66,66,66,66,66,66,66,66,66,66,66,66,66],"card_choices":[{"not_picked":["animator:MumenRider","animator:YachiyoNanami"],"picked":"animator:Spearman","floor":1},{"not_picked":["animator:Jibril","animator:Priestess"],"picked":"animator:DwarfShaman","floor":2},{"not_picked":["animator:Rena","animator:Chung"],"picked":"animator:Tatsumaki","floor":4},{"not_picked":["animator:GuildGirl","animator:DwarfShaman"],"picked":"animator:Priestess","floor":7},{"not_picked":["animator:NagisaMomoe","animator:TukaLunaMarceau"],"picked":"animator:Konayuki","floor":8},{"not_picked":["animator:YuiTsuruno","animator:Tatsumaki"],"picked":"animator:YaoHaDucy","floor":10},{"not_picked":["animator:FielNirvalen","animator:ZankiKiguchi"],"picked":"animator:LeleiLaLalena","floor":11}],"player_experience":218557,"relics_obtained":[{"floor":7,"key":"Bromod:ArcaneDeflection"},{"floor":9,"key":"DemoMod:MeltedRock"}],"event_choices":[],"is_beta":false,"boss_relics":[],"items_purged_floors":[],"is_endless":false,"potions_floor_spawned":[2,7],"killed_by":"Hallownest:BossBrokenVessel","ascension_level":0}}