{"host":"pletss163z7s8pvv","time":1611034421,"event":{"mods":["AchievementEnabler","BaseMod","Better Altar","CapriCore","Colored Map","Colored Powertips","Conspire","Energized Spire","GifTheSpireLib","Hermit","Ironclad Rager","Jedi Mod","Minty Spire (QoL Compilation)","Spicy Shops","StS++","StSLib","The Alterego","The Bladedancer","The Cursed","The Disciple","The Immortal","The Marked","The Servant 0.9.4"],"gold_per_floor":[111,111,126,137,154,154,154],"floor_reached":6,"language":"ENG","playtime":325,"items_purged":[],"score":38,"play_id":"49d1ad9a-44e8-4ddb-ac93-fd85b5d00b5f","local_time":"20210118233341","is_ascension_mode":false,"campfire_choices":[],"circlet_count":0,"master_deck":["Strike_Br","Strike_Br","Strike_Br","Strike_Br","Defend_Br","Defend_Br","Defend_Br","Defend_Br","SecondHand","PatternShift","LockedBell","ResonantCall","ReapSow","CrunchTime","FormalWear","ExoVibe","LockedWarPaint","ExoVibe","WakeUpCall","LockedWhetstone"],"relics":["Chronometer"],"acts_visited":["Exordium"],"potions_floor_usage":[],"damage_taken":[{"damage":4,"enemies":"conspire:RoseBush","floor":1,"turns":4},{"damage":8,"enemies":"Small Slimes","floor":3,"turns":5},{"damage":0,"enemies":"2 Louse","floor":4,"turns":2},{"damage":8,"enemies":"Blue Slaver","floor":5,"turns":5},{"damage":45,"enemies":"3 Sentries","floor":6,"turns":5}],"seed_played":"-5932907537825426255","potions_obtained":[{"floor":3,"key":"AttackPotion"},{"floor":4,"key":"Regen Potion"}],"is_trial":false,"path_per_floor":["M","?","M","M","M","E"],"character_chosen":"CHRONO_CLASS","items_purchased":[],"campfire_rested":0,"item_purchase_floors":[],"current_hp_per_floor":[61,61,53,53,45,0,0],"gold":154,"neow_bonus":"ONE_RANDOM_RARE_CARD","is_daily":false,"chose_seed":false,"campfire_upgraded":0,"win_rate":0.0,"timestamp":1611034421,"path_taken":["M","?","M","M","M","E"],"items_purchased_type":[],"build_version":"2020-12-22","purchased_purges":0,"victory":false,"max_hp_per_floor":[65,65,65,65,65,65,65],"card_choices":[{"not_picked":["Engulf","Parity"],"picked":"ResonantCall","floor":1},{"not_picked":["HandsUpB","Stagnate"],"picked":"ExoVibe","floor":3},{"not_picked":["Facsimile","LockedTurtyl"],"picked":"WakeUpCall","floor":4},{"not_picked":["ExoVibe","Echoward"],"picked":"LockedWhetstone","floor":5}],"player_experience":433245,"relics_obtained":[],"event_choices":[],"is_beta":false,"boss_relics":[],"items_purged_floors":[],"is_endless":false,"potions_floor_spawned":[3,4],"killed_by":"3 Sentries","ascension_level":0}}