{"host":"wyloba13dxa5qu9d","time":1611064414,"event":{"mods":["100% Spire Juice","AchievementEnabler","BaseMod","Colored Map","Colored Powertips","Downfall","Lobotomy","Marked Mod","Minty Spire (QoL Compilation)","Quick Restart","StSLib","SuperFastMode"],"gold_per_floor":[99,99,99,99,18,32,85,103,20,20,40,53,63,78,88,88,88,88],"floor_reached":16,"language":"ZHS","playtime":1017,"items_purged":[],"score":94,"play_id":"be1f7de8-34cb-401a-9357-40c544f043d7","local_time":"20210119215334","is_ascension_mode":false,"campfire_choices":[{"data":"hexamod:Sear","floor":1,"key":"SMITH"},{"data":"hexamod:GhostflameInferno","floor":10,"key":"SMITH"}],"circlet_count":0,"master_deck":["hexamod:Strike","hexamod:Strike","hexamod:Strike","hexamod:Strike","hexamod:Defend","hexamod:Defend","hexamod:Defend","hexamod:Defend","hexamod:Sear+1","hexamod:Float+1","hexamod:SpectralAdrenaline+1","Parasite","hexamod:AdvancingGuard","hexamod:ShieldOfDarkness","hexamod:ForkedFlame","hexamod:BurningTouch","hexamod:EmpoweredFlame","hexamod:GhostflameInferno+1","hexamod:SkipABeat","hexamod:FastForward","hexamod:StepThrough"],"relics":["hexamod:SpiritBrand","downfall:HeartsMalice","Blood Vial"],"acts_visited":["Exordium"],"potions_floor_usage":[],"damage_taken":[{"damage":0,"enemies":"2 Louse","floor":2,"turns":1},{"damage":0,"enemies":"Cultist","floor":4,"turns":1},{"damage":0,"enemies":"downfall:FleeingMerchant","floor":5,"turns":1},{"damage":0,"enemies":"Small Slimes","floor":6,"turns":3},{"damage":12,"enemies":"Gremlin Gang","floor":8,"turns":4},{"damage":0,"enemies":"downfall:FleeingMerchant","floor":9,"turns":4},{"damage":5,"enemies":"Exordium Thugs","floor":11,"turns":4},{"damage":2,"enemies":"Blue Slaver","floor":12,"turns":2},{"damage":3,"enemies":"Gremlin Gang","floor":13,"turns":4},{"damage":9,"enemies":"Exordium Thugs","floor":14,"turns":5},{"damage":0,"enemies":"Lots of Slimes","floor":15,"turns":4},{"damage":54,"enemies":"IC_STATUS_ARCHETYPE","floor":16,"turns":8}],"seed_played":"8844731075057595157","potions_obtained":[{"floor":6,"key":"Fire Potion"},{"floor":11,"key":"BlessingOfTheForge"},{"floor":12,"key":"Block Potion"}],"is_trial":false,"path_per_floor":["R","M","?","M","$","M","T","M","$","R","M","M","M","M","M","B"],"character_chosen":"THE_SPIRIT","items_purchased":["hexamod:ForkedFlame","hexamod:GhostflameInferno"],"campfire_rested":0,"item_purchase_floors":[5,9],"current_hp_per_floor":[70,70,70,70,70,70,70,58,60,60,57,57,56,49,51,0,0,0],"gold":88,"neow_bonus":"THREE_ENEMY_KILL","is_daily":false,"chose_seed":false,"campfire_upgraded":2,"win_rate":0.0,"timestamp":1611064414,"path_taken":["R","M","?","M","?","M","T","M","$","R","M","?","M","M","M","BOSS"],"items_purchased_type":["Card","Card"],"build_version":"2020-12-22","purchased_purges":0,"victory":false,"max_hp_per_floor":[70,70,70,70,70,70,70,70,70,70,70,70,70,70,70,70,70,70],"card_choices":[{"not_picked":["hexamod:NightmareStrike","hexamod:FastForward"],"picked":"hexamod:SpectralAdrenaline","floor":2},{"not_picked":["hexamod:SkipABeat","hexamod:FastForward"],"picked":"hexamod:AdvancingGuard","floor":4},{"not_picked":["hexamod:NightmareStrike","hexamod:SwordOfDarkness"],"picked":"hexamod:ShieldOfDarkness","floor":5},{"not_picked":["hexamod:NightmareGuise","hexamod:SecondSeal","hexamod:GhostShield"],"picked":"SKIP","floor":6},{"not_picked":["hexamod:NightmareStrike","hexamod:Firestarter"],"picked":"hexamod:BurningTouch","floor":8},{"not_picked":["hexamod:Haunt","hexamod:SkipABeat"],"picked":"hexamod:EmpoweredFlame","floor":9},{"not_picked":["hexamod:BurningTouch","hexamod:NightmareStrike","hexamod:GhostLash"],"picked":"SKIP","floor":11},{"not_picked":["hexamod:SwordOfDarkness","hexamod:GhostOfSpireFuture"],"picked":"hexamod:SkipABeat","floor":12},{"not_picked":["hexamod:HeatMetal","hexamod:NecessarySacrifice"],"picked":"hexamod:FastForward","floor":13},{"not_picked":["hexamod:Rewind","hexamod:BacktrackSmack","hexamod:HexaLevel"],"picked":"SKIP","floor":14},{"not_picked":["hexamod:FastForward","hexamod:BacktrackSmack"],"picked":"hexamod:StepThrough","floor":15}],"player_experience":139325,"relics_obtained":[{"floor":7,"key":"Blood Vial"}],"event_choices":[],"is_beta":false,"boss_relics":[],"items_purged_floors":[],"is_endless":false,"potions_floor_spawned":[6,11,12,13],"killed_by":"IC_STATUS_ARCHETYPE","ascension_level":0}}