{"host":"guv5thfpx4d8ikzb","time":1611071870,"event":{"mods":["2.2 Compatiblity","AchievementEnabler","BaseMod","Block Reminder","Colored Map","Colored Powertips","Downfall","Minty Spire (QoL Compilation)","Permanent Neow","Quick Restart","Relic Stats","StSLib"],"gold_per_floor":[300,318,337,25,25,275,330,358,158,178,197,228,253,120,134,230,230,230,240,30,40,140,150,150,176,188,202,156,172,172,192,203,300,300,600,618,468,485,501,530,530,585,217,233,261,361,376,408,426,426,426,460,54,54,54,54],"floor_reached":57,"language":"ENG","playtime":7275,"items_purged":["bronze:Strike","bronze:Strike","bronze:Strike","bronze:Defend","bronze:Defend"],"score":1608,"play_id":"692deaf3-384d-4714-8ebb-f432f7d67191","local_time":"20210119105750","is_ascension_mode":true,"campfire_choices":[{"floor":1,"key":"RECALL"},{"data":"bronze:MaxOutput","floor":6,"key":"SMITH"},{"data":"bronze:Goto","floor":9,"key":"SMITH"},{"data":"bronze:CloningBeam","floor":18,"key":"SMITH"},{"data":"bronze:ClassDefault","floor":30,"key":"SMITH"},{"data":"bronze:ItsAFeature","floor":35,"key":"SMITH"},{"data":"bronze:AlphaBuild","floor":54,"key":"SMITH"}],"circlet_count":0,"master_deck":["bronze:Defend","bronze:Replicate","bronze:Goto+1","bronze:MaxOutput+1","bronze:FineTuning+1","bronze:BuggyMess+1","Finesse+1","bronze:Invalidate+1","bronze:Break+1","bronze:Shield+1","bronze:Constructor+1","bronze:CloningBeam+1","bronze:Repair+1","bronze:Repulsor+1","bronze:Allocate+1","bronze:GetLatest+1","bronze:ChosenStrike","bronze:SpaghettiCode+1","bronze:GetLatest+1","bronze:ClassDefault+1","bronze:GetLatest+1","bronze:Boost+1","bronze:ItsAFeature+1","bronze:Deprecate+1","bronze:ShipIt","bronze:WhirlingStrike+1","bronze:CutThrough+1","bronze:ChildClass+1","bronze:BurnOut","bronze:ForLoop+1","bronze:Repulsor+1","bronze:Return+1","bronze:ForLoop+1","bronze:Boost+1","Trip+1","bronze:GetLatest+1","bronze:ItsAFeature","bronze:AlphaBuild+1","bronze:BuggyMess+1","bronze:Turbo+1","bronze:GetLatest+1","bronze:FindAndReplace+1","bronze:Overload+1"],"relics":["bronze:BronzeCore","Toxic Egg 2","HandDrill","bronze:ProtectiveGoggles","Oddly Smooth Stone","downfall:HeartBlessingRed","Eternal Feather","downfall:HeartBlessingGreen","downfall:HeartBlessingBlue","Nunchaku","Odd Mushroom","ClockworkSouvenir","Coffee Dripper","Blood Vial","Chemical X","downfall:GremlinWheel","bronze:CableSpool","Anchor","PreservedInsect","Philosopher\u0027s Stone","White Beast Statue","Lantern","TungstenRod","HornCleat","Potion Belt","Vajra","Shuriken","Orrery","Sundial"],"acts_visited":["Exordium","TheCity","TheBeyond","TheEnding"],"potions_floor_usage":[8,13,13,55,56,56,56],"damage_taken":[{"damage":0,"enemies":"Cultist","floor":2,"turns":2},{"damage":7,"enemies":"Small Slimes","floor":3,"turns":3},{"damage":2,"enemies":"downfall:FleeingMerchant","floor":4,"turns":4},{"damage":19,"enemies":"Lagavulin","floor":8,"turns":4},{"damage":0,"enemies":"Jaw Worm","floor":10,"turns":2},{"damage":0,"enemies":"2 Fungi Beasts","floor":11,"turns":3},{"damage":0,"enemies":"Gremlin Nob","floor":12,"turns":2},{"damage":0,"enemies":"The Mushroom Lair","floor":13,"turns":3},{"damage":2,"enemies":"downfall:FleeingMerchant","floor":14,"turns":4},{"damage":3,"enemies":"Lots of Slimes","floor":15,"turns":6},{"damage":22,"enemies":"IC_STATUS_ARCHETYPE","floor":16,"turns":9},{"damage":0,"enemies":"Chosen","floor":19,"turns":2},{"damage":0,"enemies":"downfall:FleeingMerchant","floor":20,"turns":4},{"damage":0,"enemies":"Snake Plant","floor":21,"turns":2},{"damage":0,"enemies":"Snake Plant","floor":22,"turns":1},{"damage":3,"enemies":"Cultist and Chosen","floor":23,"turns":2},{"damage":0,"enemies":"Slavers","floor":25,"turns":2},{"damage":0,"enemies":"3 Cultists","floor":26,"turns":3},{"damage":0,"enemies":"Snecko","floor":27,"turns":3},{"damage":0,"enemies":"Snake Plant","floor":29,"turns":2},{"damage":0,"enemies":"Shelled Parasite and Fungi","floor":31,"turns":3},{"damage":0,"enemies":"Cultist and Chosen","floor":32,"turns":1},{"damage":27,"enemies":"DF_ARCHETYPE_CLAW","floor":33,"turns":5},{"damage":7,"enemies":"3 Darklings","floor":36,"turns":2},{"damage":0,"enemies":"3 Shapes","floor":38,"turns":4},{"damage":0,"enemies":"Jaw Worm Horde","floor":39,"turns":3},{"damage":0,"enemies":"Nemesis","floor":40,"turns":5},{"damage":2,"enemies":"2 Orb Walkers","floor":42,"turns":4},{"damage":0,"enemies":"Sphere and 2 Shapes","floor":44,"turns":3},{"damage":0,"enemies":"Giant Head","floor":45,"turns":3},{"damage":0,"enemies":"downfall:LadyInBlue","floor":46,"turns":3},{"damage":0,"enemies":"3 Darklings","floor":47,"turns":2},{"damage":6,"enemies":"Nemesis","floor":48,"turns":3},{"damage":0,"enemies":"Spire Growth","floor":49,"turns":5},{"damage":24,"enemies":"SI_POISON_ARCHETYPE","floor":50,"turns":8},{"damage":0,"enemies":"downfall:CharBossMerchant","floor":52,"turns":5},{"damage":45,"enemies":"downfall:NeowBoss","floor":55,"turns":10},{"damage":32,"enemies":"downfall:NeowBossFinal","floor":56,"turns":10}],"seed_played":"-3441910338337146519","potions_obtained":[{"floor":2,"key":"SteroidPotion"},{"floor":3,"key":"Regen Potion"},{"floor":5,"key":"Slimebound:ThreeZeroPotion"},{"floor":11,"key":"FearPotion"},{"floor":12,"key":"Fruit Juice"},{"floor":21,"key":"DuplicationPotion"},{"floor":25,"key":"Explosive Potion"},{"floor":26,"key":"Swift Potion"},{"floor":32,"key":"bronze:BurnAndBuffPotion"},{"floor":44,"key":"DuplicationPotion"},{"floor":46,"key":"Guardian:BlockOnCardUsePotion"},{"floor":46,"key":"CultistPotion"},{"floor":46,"key":"PowerPotion"}],"is_trial":false,"path_per_floor":["R","M","M","$","?","R","T","E","R","M","M","E","?","$","M","B",null,"R","M","$","M","?","M","T","E","M","M","$","M","R","M","M","B",null,"R","M","?","M","M","E","T","?","$","M","E","?","M","E","M","B",null,"E","$","R","B","B",null],"character_chosen":"THE_AUTOMATON","items_purchased":["HandDrill","bronze:ProtectiveGoggles","Oddly Smooth Stone","Finesse+1","bronze:Invalidate+1","bronze:GetLatest+1","ClockworkSouvenir","bronze:ClassDefault","Blood Vial","Chemical X","bronze:GetLatest+1","PreservedInsect","bronze:ForLoop+1","bronze:Boost+1","Trip+1","Orrery","Sundial"],"campfire_rested":0,"item_purchase_floors":[4,4,4,4,4,14,14,20,20,20,20,28,43,43,43,53,53],"current_hp_per_floor":[70,70,63,61,61,61,61,42,58,58,58,58,74,83,85,68,85,85,85,85,85,85,82,82,84,85,85,85,85,85,85,85,68,85,85,78,95,95,95,95,95,95,95,95,95,95,95,95,95,75,95,95,95,95,50,68],"gold":54,"neow_bonus":"TRANSFORM_TWO_CARDS","is_daily":false,"chose_seed":false,"campfire_upgraded":6,"win_rate":0.0,"timestamp":1611071870,"path_taken":["R","M","?","$","?","R","T","E","R","M","?","E","?","$","M","BOSS","R","M","$","M","?","?","T","E","M","?","$","M","R","M","M","BOSS","R","M","?","?","?","E","T","?","$","M","E","?","M","E","M","BOSS","E","$","R","BOSS","BOSS"],"items_purchased_type":["Relic","Relic","Relic","Card","Card","Card","Relic","Card","Relic","Relic","Card","Relic","Card","Card","Card","Relic","Relic"],"build_version":"2020-12-22","purchased_purges":5,"victory":true,"max_hp_per_floor":[70,70,70,70,70,70,70,70,80,80,80,80,85,85,85,85,85,85,85,85,85,85,85,85,85,85,85,85,85,85,85,85,85,85,85,85,95,95,95,95,95,95,95,95,95,95,95,95,95,95,95,95,95,95,95,95],"relic_stats":{"Blood Vial":5,"Nunchaku":[25],"counters":[38,142],"Shuriken":[5],"Sundial":[0],"Eternal Feather":6,"PreservedInsect":382,"HandDrill":[64],"Chemical X":[24],"obtain_stats":[{"Lantern":41,"bronze:BronzeCore":0,"Vajra":48,"downfall:HeartBlessingGreen":9,"Old Coin":0,"ClockworkSouvenir":14,"bronze:CableSpool":24,"Blood Vial":20,"Nunchaku":12,"downfall:GremlinWheel":22,"HornCleat":45,"downfall:HeartBlessingBlue":9,"Sundial":53,"Philosopher\u0027s Stone":34,"HandDrill":4,"Chemical X":20,"Toxic Egg 2":0,"Potion Belt":46,"downfall:HeartBlessingRed":6,"Oddly Smooth Stone":4,"Eternal Feather":8,"PreservedInsect":28,"Odd Mushroom":13,"White Beast Statue":40,"Anchor":25,"bronze:ProtectiveGoggles":4,"Shuriken":52,"Orrery":53,"Coffee Dripper":17,"TungstenRod":42},{"Lantern":27,"bronze:BronzeCore":0,"Vajra":33,"downfall:HeartBlessingGreen":4,"Old Coin":0,"ClockworkSouvenir":9,"bronze:CableSpool":16,"Blood Vial":13,"Nunchaku":7,"downfall:GremlinWheel":15,"HornCleat":30,"downfall:HeartBlessingBlue":4,"Sundial":36,"Philosopher\u0027s Stone":23,"HandDrill":3,"Chemical X":13,"Toxic Egg 2":0,"Potion Belt":31,"downfall:HeartBlessingRed":3,"Oddly Smooth Stone":3,"Eternal Feather":4,"PreservedInsect":19,"Odd Mushroom":8,"White Beast Statue":27,"Anchor":17,"bronze:ProtectiveGoggles":3,"Shuriken":36,"Orrery":36,"Coffee Dripper":11,"TungstenRod":28},{"Lantern":86,"bronze:BronzeCore":0,"Vajra":104,"downfall:HeartBlessingGreen":13,"Old Coin":0,"ClockworkSouvenir":27,"bronze:CableSpool":53,"Blood Vial":48,"Nunchaku":20,"downfall:GremlinWheel":51,"HornCleat":96,"downfall:HeartBlessingBlue":13,"Sundial":122,"Philosopher\u0027s Stone":72,"HandDrill":9,"Chemical X":48,"Toxic Egg 2":0,"Potion Belt":99,"downfall:HeartBlessingRed":9,"Oddly Smooth Stone":9,"Eternal Feather":13,"PreservedInsect":61,"Odd Mushroom":23,"White Beast Statue":86,"Anchor":55,"bronze:ProtectiveGoggles":9,"Shuriken":122,"Orrery":122,"Coffee Dripper":42,"TungstenRod":90}],"TungstenRod":19},"card_choices":[{"not_picked":["bronze:FollowUp","bronze:Branch"],"picked":"bronze:FineTuning+1","floor":2},{"not_picked":["bronze:DelayedGuard+1","bronze:FineTuning+1"],"picked":"bronze:BuggyMess+1","floor":3},{"not_picked":["bronze:Optimize","bronze:CloningBeam","bronze:BitShift+1"],"picked":"SKIP","floor":4},{"not_picked":["bronze:BronzeArmor+1","bronze:Optimize"],"picked":"bronze:Shield+1","floor":8},{"not_picked":["bronze:BuggyMess+1","bronze:Frontload+1"],"picked":"bronze:Constructor+1","floor":10},{"not_picked":["bronze:Backtrace","bronze:BuggyMess+1"],"picked":"bronze:CloningBeam","floor":11},{"not_picked":["bronze:DarkDash","bronze:Shield+1"],"picked":"bronze:Repair+1","floor":12},{"not_picked":["bronze:DelayedGuard+1","bronze:CutThrough"],"picked":"bronze:Repulsor","floor":13},{"not_picked":["bronze:Repair+1","bronze:Shell+1"],"picked":"bronze:Allocate+1","floor":14},{"not_picked":["bronze:BuggyMess+1","bronze:WildBeam"],"picked":"bronze:ChosenStrike","floor":15},{"not_picked":["bronze:Break","bronze:AlphaBuild"],"picked":"bronze:SpaghettiCode+1","floor":16},{"not_picked":["bronze:ForceShield+1","bronze:FollowUp"],"picked":"bronze:GetLatest+1","floor":19},{"not_picked":["bronze:DarkDash+1","bronze:DelayedSlice","bronze:Overload+1"],"picked":"SKIP","floor":20},{"not_picked":["bronze:Separator","bronze:Branch"],"picked":"bronze:Boost+1","floor":21},{"not_picked":["bronze:Iterate","bronze:BugBarrage+1"],"picked":"bronze:ItsAFeature","floor":23},{"not_picked":["bronze:Separator","bronze:NullPointer+1"],"picked":"bronze:Deprecate+1","floor":25},{"not_picked":["bronze:Branch","bronze:WildBeam","bronze:Shield+1"],"picked":"SKIP","floor":26},{"not_picked":["bronze:DelayedGuard+1","bronze:BronzeOrb"],"picked":"bronze:ShipIt","floor":27},{"not_picked":["bronze:Repulsor","bronze:OilSpill"],"picked":"bronze:WhirlingStrike+1","floor":29},{"not_picked":["bronze:Constructor+1","bronze:Iterate"],"picked":"bronze:CutThrough+1","floor":31},{"not_picked":["bronze:BitShift+1","bronze:Philosophize+1"],"picked":"bronze:ChildClass+1","floor":32},{"not_picked":["bronze:AlphaBuild","bronze:CleanCode"],"picked":"bronze:BurnOut","floor":33},{"not_picked":["bronze:WhirlingStrike","bronze:Deprecate+1","bronze:Invalidate+1"],"picked":"SKIP","floor":36},{"not_picked":["bronze:Separator","bronze:Branch+1","bronze:FineTuning+1"],"picked":"SKIP","floor":38},{"not_picked":["bronze:Boost+1","bronze:ItsAFeature"],"picked":"bronze:ForLoop+1","floor":39},{"not_picked":["bronze:OilSpill","bronze:Boost+1"],"picked":"bronze:Repulsor+1","floor":40},{"not_picked":["bronze:CutThrough+1","bronze:CloningBeam+1"],"picked":"bronze:Return+1","floor":42},{"not_picked":["bronze:FineTuning+1","bronze:Overload+1"],"picked":"bronze:GetLatest+1","floor":44},{"not_picked":["bronze:CutThrough","bronze:Frontload+1","bronze:Separator+1"],"picked":"SKIP","floor":45},{"not_picked":["bronze:ForceShield+1","bronze:ChosenStrike+1"],"picked":"bronze:ItsAFeature","floor":47},{"not_picked":["bronze:ChildClass+1","bronze:Overheat"],"picked":"bronze:AlphaBuild","floor":48},{"not_picked":["bronze:Iterate","bronze:FineTuning+1"],"picked":"bronze:BuggyMess+1","floor":49},{"not_picked":["bronze:Optimize+1","bronze:Constructor+1","bronze:ChildClass+1"],"picked":"SKIP","floor":52},{"not_picked":["bronze:DelayedGuard+1","bronze:BitShift+1"],"picked":"bronze:Turbo+1","floor":53},{"not_picked":["bronze:DelayedGuard+1","bronze:CloningBeam"],"picked":"bronze:GetLatest+1","floor":53},{"not_picked":["bronze:BuggyMess+1","bronze:CleanCode"],"picked":"bronze:FindAndReplace+1","floor":53},{"not_picked":["bronze:WildBeam","bronze:Shield+1"],"picked":"bronze:Overload+1","floor":53}],"player_experience":1065430,"relics_obtained":[{"floor":8,"key":"Eternal Feather"},{"floor":12,"key":"Nunchaku"},{"floor":13,"key":"Odd Mushroom"},{"floor":22,"key":"downfall:GremlinWheel"},{"floor":24,"key":"bronze:CableSpool"},{"floor":25,"key":"Anchor"},{"floor":40,"key":"White Beast Statue"},{"floor":41,"key":"Lantern"},{"floor":42,"key":"TungstenRod"},{"floor":45,"key":"HornCleat"},{"floor":46,"key":"Potion Belt"},{"floor":48,"key":"Vajra"},{"floor":52,"key":"Shuriken"}],"event_choices":[{"damage_healed":0,"gold_gain":0,"player_choice":"Got Potions","damage_taken":0,"max_hp_gain":0,"max_hp_loss":0,"event_name":"Lab","floor":5,"gold_loss":0},{"damage_healed":0,"gold_gain":0,"player_choice":"Fought Mushrooms","damage_taken":0,"max_hp_gain":0,"max_hp_loss":0,"event_name":"Mushrooms","floor":13,"gold_loss":0},{"damage_healed":0,"gold_gain":300,"player_choice":"Gold","damage_taken":0,"max_hp_gain":0,"max_hp_loss":0,"event_name":"Wheel of Change","floor":35,"gold_loss":0},{"damage_healed":0,"gold_gain":0,"player_choice":"Fight","damage_taken":0,"max_hp_gain":0,"max_hp_loss":0,"event_name":"Mysterious Sphere","floor":42,"gold_loss":0}],"is_beta":false,"boss_relics":[{"not_picked":["Pandora\u0027s Box","bronze:PlatinumCore"],"picked":"Coffee Dripper"},{"not_picked":["Tiny House","Runic Dome"],"picked":"Philosopher\u0027s Stone"}],"items_purged_floors":[4,14,20,28,43],"is_endless":false,"potions_floor_spawned":[2,3,11,12,21,25,26,27,31,32,36,40,42,44,45,46,47,48,49,52],"ascension_level":1}}