{"host":"dftyqn972q7tuon4","time":1611090463,"event":{"mods":["AchievementEnabler","BaseMod","Better Altar","Better Match","Better Note","Better Sensory Stone","Better Skull","Better Third Choice","Colored Powertips","Highlight Path","Minty Spire (QoL Compilation)","Permanent Neow","Quick Restart","StSLib"],"gold_per_floor":[117,117,117,128,53,53,86,104,150,164,134,167,167,177,177,276,276,290,302,58,73,48,48,65,85,85,85,85,121,121,121,121,219,219,238,247,265,81,110,110,135,154,154,154,154],"floor_reached":44,"language":"ENG","playtime":2683,"items_purged":["Burn","Strike_P"],"score":834,"play_id":"ce2f380a-54d9-485a-8ed0-58366c6fc57e","local_time":"20210119220743","is_ascension_mode":true,"campfire_choices":[{"data":"Fasting2","floor":6.0,"key":"SMITH"},{"floor":13.0,"key":"REST"},{"data":"Eruption","floor":15.0,"key":"SMITH"},{"data":"Collect","floor":23.0,"key":"SMITH"},{"data":"ThirdEye","floor":27.0,"key":"SMITH"},{"floor":32.0,"key":"REST"},{"floor":40,"key":"REST"}],"circlet_count":0,"master_deck":["AscendersBane","Strike_P+1","Strike_P","Strike_P+1","Defend_P","Defend_P","Defend_P","Defend_P","Eruption+1","Vigilance+1","Fasting2+1","SandsOfTime+1","FlurryOfBlows","SandsOfTime","EmptyBody+1","ThirdEye+1","FlurryOfBlows","LessonLearned","Collect+1","FlurryOfBlows","Adaptation+1","Consecrate","Worship+1","Perseverance","ClearTheMind","DevaForm","Madness","Madness","ThirdEye","Evaluate","CutThroughFate+1","Study+1"],"relics":["Black Star","GremlinMask","Damaru","Boot","Lantern","Matryoshka","Turnip","Busted Crown","Lee\u0027s Waffle","Bag of Preparation","Letter Opener","betterThird:NestCultRelic","Blood Vial","CeramicFish","Nilry\u0027s Codex","Regal Pillow","Pen Nib","Fusion Hammer","Vajra","Yang"],"acts_visited":["Exordium","TheCity","TheBeyond"],"potions_floor_usage":[],"damage_taken":[{"damage":0.0,"enemies":"Small Slimes","floor":1.0,"turns":3.0},{"damage":2.0,"enemies":"Cultist","floor":4.0,"turns":3.0},{"damage":6.0,"enemies":"Lagavulin","floor":7.0,"turns":6.0},{"damage":0.0,"enemies":"2 Louse","floor":8.0,"turns":3.0},{"damage":10.0,"enemies":"Lots of Slimes","floor":10.0,"turns":5.0},{"damage":20.0,"enemies":"3 Sentries","floor":12.0,"turns":4.0},{"damage":3.0,"enemies":"2 Fungi Beasts","floor":14.0,"turns":4.0},{"damage":0.0,"enemies":"Slime Boss","floor":16.0,"turns":6.0},{"damage":10.0,"enemies":"Shell Parasite","floor":18.0,"turns":5.0},{"damage":16.0,"enemies":"3 Byrds","floor":19.0,"turns":4.0},{"damage":24.0,"enemies":"Centurion and Healer","floor":21.0,"turns":7.0},{"damage":7.0,"enemies":"Cultist and Chosen","floor":24.0,"turns":4.0},{"damage":0.0,"enemies":"Chosen and Byrds","floor":25.0,"turns":4.0},{"damage":0.0,"enemies":"Gremlin Leader","floor":29.0,"turns":6.0},{"damage":18.0,"enemies":"Champ","floor":33.0,"turns":5.0},{"damage":6.0,"enemies":"Orb Walker","floor":35.0,"turns":3.0},{"damage":15,"enemies":"3 Shapes","floor":39,"turns":5},{"damage":20,"enemies":"Sphere and 2 Shapes","floor":41,"turns":10},{"damage":31,"enemies":"Transient","floor":42,"turns":5},{"damage":27,"enemies":"Jaw Worm Horde","floor":44,"turns":2}],"seed_played":"-1565321742945214251","potions_obtained":[{"floor":1.0,"key":"BlessingOfTheForge"},{"floor":7.0,"key":"BlessingOfTheForge"},{"floor":11.0,"key":"BlessingOfTheForge"},{"floor":11.0,"key":"Swift Potion"},{"floor":14.0,"key":"Weak Potion"},{"floor":16.0,"key":"Ambrosia"},{"floor":18.0,"key":"StancePotion"},{"floor":25.0,"key":"BlessingOfTheForge"},{"floor":39,"key":"SteroidPotion"}],"is_trial":false,"path_per_floor":["M","?","?","M","$","R","E","M","T","M","?","E","R","M","R","B",null,"M","M","$","M","$","R","M","M","T","R","?","E","?","T","R","B",null,"M","?","?","$","M","R","M","M","T","M"],"character_chosen":"WATCHER","items_purchased":["Lee\u0027s Waffle","Consecrate","Vajra","ThirdEye"],"campfire_rested":3,"item_purchase_floors":[20,22,38,38],"current_hp_per_floor":[65,65,65,63,63,63,57,57,57,47,47,27,48,45,45,45,65,55,39,79,55,55,55,48,48,48,48,48,48,32,32,70,54,73,69,54,44,44,31,69,51,22,22,0,0],"gold":154,"neow_bonus":"BOSS_RELIC","is_daily":false,"chose_seed":false,"campfire_upgraded":4,"win_rate":0.0,"timestamp":1611090463,"path_taken":["M","?","?","M","$","R","E","?","T","M","?","E","R","M","R","BOSS","M","?","?","M","$","R","M","?","T","R","?","E","?","?","R","BOSS","M","?","?","?","M","R","M","M","T","?"],"items_purchased_type":["Relic","Card","Relic","Card"],"build_version":"2020-12-22","purchased_purges":2,"victory":false,"max_hp_per_floor":[72,72,72,72,72,72,72,72,72,72,72,72,72,72,72,72,72,72,72,79,79,79,79,79,79,79,79,79,79,79,79,79,79,79,79,79,79,79,79,79,79,79,79,79,79],"card_choices":[{"not_picked":["JustLucky","CrushJoints"],"picked":"Fasting2","floor":1.0},{"not_picked":["Protect","Fasting2"],"picked":"SandsOfTime","floor":4.0},{"not_picked":["EmptyMind","WreathOfFlame"],"picked":"FlurryOfBlows","floor":7.0},{"not_picked":["EmptyBody","Perseverance"],"picked":"SandsOfTime","floor":8.0},{"not_picked":["WaveOfTheHand","EmptyMind"],"picked":"EmptyBody","floor":10.0},{"not_picked":["Crescendo","FollowUp"],"picked":"ThirdEye","floor":12.0},{"not_picked":["EmptyBody","Prostrate"],"picked":"FlurryOfBlows","floor":14.0},{"not_picked":["Omniscience","Scrawl"],"picked":"LessonLearned","floor":16.0},{"not_picked":[],"picked":"Collect","floor":18.0},{"not_picked":[],"picked":"FlurryOfBlows","floor":19.0},{"not_picked":[],"picked":"Adaptation+1","floor":21.0},{"not_picked":[],"picked":"Worship+1","floor":24.0},{"not_picked":[],"picked":"Perseverance","floor":25.0},{"not_picked":[],"picked":"ClearTheMind","floor":29.0},{"not_picked":["Swivel"],"picked":"SKIP","floor":35.0},{"not_picked":[],"picked":"Evaluate","floor":39},{"not_picked":[],"picked":"CutThroughFate+1","floor":41},{"not_picked":[],"picked":"Study+1","floor":42}],"player_experience":714674,"relics_obtained":[{"floor":7.0,"key":"Damaru"},{"floor":7.0,"key":"Boot"},{"floor":9.0,"key":"Lantern"},{"floor":12.0,"key":"Matryoshka"},{"floor":12.0,"key":"Turnip"},{"floor":26.0,"key":"Bag of Preparation"},{"floor":26.0,"key":"Letter Opener"},{"floor":29.0,"key":"Blood Vial"},{"floor":29.0,"key":"CeramicFish"},{"floor":30.0,"key":"Nilry\u0027s Codex"},{"floor":31.0,"key":"Regal Pillow"},{"floor":31.0,"key":"Pen Nib"},{"floor":43,"key":"Yang"}],"event_choices":[{"damage_healed":65.0,"max_hp_gain":0.0,"max_hp_loss":72.0,"gold_gain":0.0,"event_name":"betterThird:BetterShining","player_choice":"Embrace Burn","floor":2.0,"gold_loss":0.0,"damage_taken":0.0},{"damage_healed":0.0,"max_hp_gain":0.0,"max_hp_loss":0.0,"gold_gain":0.0,"event_name":"FaceTrader","player_choice":"Trade","floor":3.0,"gold_loss":0.0,"damage_taken":0.0,"relics_obtained":["GremlinMask"]},{"damage_healed":0.0,"max_hp_gain":0.0,"max_hp_loss":0.0,"gold_gain":0.0,"event_name":"The Woman in Blue","player_choice":"Bought 2 Potions","floor":11.0,"gold_loss":0.0,"damage_taken":0.0},{"damage_healed":0.0,"max_hp_gain":0.0,"max_hp_loss":0.0,"gold_gain":0.0,"event_name":"betterThird:BetterNest","player_choice":"Madness","floor":28.0,"gold_loss":0.0,"damage_taken":0.0,"relics_obtained":["betterThird:NestCultRelic"]},{"damage_healed":0.0,"max_hp_gain":0.0,"max_hp_loss":0.0,"gold_gain":0.0,"event_name":"Cursed Tome","player_choice":"Obtained Book","floor":30.0,"gold_loss":0.0,"damage_taken":16.0},{"damage_healed":0.0,"max_hp_gain":0.0,"max_hp_loss":15.0,"gold_gain":3.0,"event_name":"betterStone:BetterStone","player_choice":"2","floor":36.0,"gold_loss":0.0,"damage_taken":0.0},{"damage_healed":0.0,"max_hp_gain":0.0,"max_hp_loss":0.0,"gold_gain":0.0,"event_name":"Winding Halls","player_choice":"Embrace Madness","floor":37.0,"gold_loss":0.0,"damage_taken":10.0,"cards_obtained":["Madness","Madness"]}],"is_beta":false,"boss_relics":[{"not_picked":["Astrolabe","SacredBark"],"picked":"Busted Crown"},{"not_picked":["Philosopher\u0027s Stone","Runic Pyramid"],"picked":"Fusion Hammer"}],"items_purged_floors":[5,20],"is_endless":false,"potions_floor_spawned":[1,7,14,16,18,21,25,39,41],"killed_by":"Jaw Worm Horde","ascension_level":11}}