{"host":"rylkjufw9dlhr07b","time":1611056549,"event":{"mods":["AchievementEnabler","BaseMod","Better Note","BetterRewards","Hubris","Minty Spire (QoL Compilation)","Quick Restart","Replay The Spire","StSLib"],"gold_per_floor":[113,113,127,151,163,191,191,210,210,210,210,229,229,252,252,341,341,366,456,29,29,29,29,44,62,89,145,145,70,104,104,104,104,104],"floor_reached":33,"language":"FRA","playtime":1833,"items_purged":["ReplayTheSpireMod:Doomed"],"score":459,"play_id":"db5172b2-7d94-4be0-a9a4-8830eeb71c49","local_time":"20210119124229","is_ascension_mode":true,"campfire_choices":[{"floor":7,"key":"REST"},{"floor":10,"key":"REST"},{"floor":15,"key":"REST"},{"floor":23,"key":"REST"},{"data":"Chill","floor":28,"key":"SMITH"}],"circlet_count":0,"master_deck":["AscendersBane","Strike_B+1","Strike_B+1","Defend_B","Defend_B","Defend_B","Zap","Dualcast","Self Repair","Melter","Chaos","Barrage","Panic Button+1","Ball Lightning","FTL","FIFO Queue","Coolheaded","Thunder Strike","Core Surge","Injury","Melter","Machine Learning","ReplaySort+1","Streamline+1","hubris:Ukulele+1","Chill+1","Creative AI","Creative AI","Force Field","Finesse","Apotheosis+1","Conserve Battery","Stack","Force Field","ReplaySolidLightProjector+1"],"relics":["Cracked Core","White Beast Statue","hubris:ToyBattleship","Whetstone","Orichalcum","Quantum Egg","Replay:Bottled Flurry","Golden Idol","Astrolabe","Regal Pillow","hubris:DisguiseKit","Juzu Bracelet","MealTicket","Prayer Wheel","Geode","War Paint"],"acts_visited":["Exordium","TheCity"],"potions_floor_usage":[5,6,8,12,14,16,24,25,30,30,33],"damage_taken":[{"damage":2,"enemies":"Jaw Worm","floor":1,"turns":3},{"damage":0,"enemies":"Cultist","floor":3,"turns":2},{"damage":7,"enemies":"Small Slimes","floor":5,"turns":2},{"damage":22,"enemies":"Lagavulin","floor":6,"turns":7},{"damage":4,"enemies":"Exordium Wildlife","floor":8,"turns":2},{"damage":8,"enemies":"3 Louse","floor":12,"turns":2},{"damage":14,"enemies":"Exordium Thugs","floor":14,"turns":4},{"damage":39,"enemies":"Hexaghost","floor":16,"turns":12},{"damage":16,"enemies":"Shell Parasite","floor":18,"turns":5},{"damage":0,"enemies":"Chosen","floor":24,"turns":4},{"damage":17,"enemies":"Centurion and Healer","floor":25,"turns":7},{"damage":20,"enemies":"Replay:Snechameleon","floor":30,"turns":7},{"damage":56,"enemies":"hubris:MusketHawk","floor":33,"turns":6}],"seed_played":"-8082643096628284236","potions_obtained":[{"floor":1,"key":"Ancient Potion"},{"floor":3,"key":"Venom Potion"},{"floor":5,"key":"AttackPotion"},{"floor":6,"key":"Strength Potion"},{"floor":8,"key":"Energy Potion"},{"floor":12,"key":"Reflective Coating"},{"floor":14,"key":"Energy Potion"},{"floor":16,"key":"FocusPotion"},{"floor":18,"key":"Energy Potion"},{"floor":24,"key":"EntropicBrew"},{"floor":25,"key":"Toxic Potion"},{"floor":27,"key":"LifebloodPotion"},{"floor":30,"key":"Strength Potion"},{"floor":31,"key":"Block Potion"}],"is_trial":false,"path_per_floor":["M","?","M","T","M","E","R","M","T","R","?","M","?","M","R","B",null,"M","?","$","?","?","R","M","M","T","?","R","$","E","?","R","B"],"character_chosen":"DEFECT","items_purchased":["White Beast Statue","Self Repair","Melter","hubris:ToyBattleship","Chaos","Whetstone","Barrage","Panic Button","Regal Pillow","Creative AI","Force Field","Finesse"],"campfire_rested":4,"item_purchase_floors":[0,0,0,0,0,0,0,0,20,20,20,20],"current_hp_per_floor":[31,24,31,31,24,9,31,27,27,49,49,48,48,41,63,31,64,55,43,43,43,43,75,75,68,68,50,50,65,45,45,45,0,0],"gold":104,"neow_bonus":"","is_daily":false,"chose_seed":false,"campfire_upgraded":1,"win_rate":0.0,"timestamp":1611056549,"path_taken":["M","?","?","?","M","E","R","M","T","R","?","?","?","M","R","BOSS","M","?","$","?","?","R","M","M","T","?","R","?","E","?","R","BOSS"],"items_purchased_type":["Relic","Card","Card","Relic","Card","Relic","Card","Card","Relic","Card","Card","Card"],"build_version":"2020-12-22","purchased_purges":1,"victory":false,"max_hp_per_floor":[75,75,75,75,75,75,75,75,75,75,75,75,75,75,75,75,75,75,75,75,75,75,75,75,75,75,75,75,75,75,75,75,75,75],"card_choices":[{"not_picked":["Doom and Gloom","Tempest"],"picked":"Ball Lightning","floor":1},{"not_picked":["Auto Shields","Rebound"],"picked":"FTL","floor":3},{"not_picked":["Sweeping Beam","Ball Lightning"],"picked":"Coolheaded","floor":5},{"not_picked":["Auto Shields","Blizzard"],"picked":"FIFO Queue","floor":6},{"not_picked":["Hello World","Turbo"],"picked":"Coolheaded","floor":8},{"not_picked":["Crystallizer","ReplayTheSpireMod:Reroute Power"],"picked":"Core Surge","floor":12},{"not_picked":["Lockon","Compile Driver"],"picked":"Melter","floor":14},{"not_picked":["Thunder Strike","hubris:SpecializedCircuitry"],"picked":"Machine Learning","floor":16},{"not_picked":["BasicCrystalCard","ReplaySolidLightProjector"],"picked":"Chill","floor":18},{"not_picked":["Redo","Auto Shields","ReplayTheSpireMod:Corrosion Curse"],"picked":"Conserve Battery","floor":24},{"not_picked":["ReplayTheSpireMod:System Scan","Steam","Twin Strike"],"picked":"Stack","floor":25},{"not_picked":["Steam","Recycle","Rupture"],"picked":"Force Field","floor":27},{"not_picked":["hubris:PowerSurge+1","Gash","Heavy Blade"],"picked":"ReplayTheSpireMod:Fabricate Wheel","floor":27},{"not_picked":["Heatsinks","Turbo","Rampage"],"picked":"ReplaySolidLightProjector","floor":30}],"player_experience":545231,"relics_obtained":[{"floor":4,"key":"Orichalcum"},{"floor":6,"key":"Quantum Egg"},{"floor":9,"key":"Replay:Bottled Flurry"},{"floor":26,"key":"Juzu Bracelet"},{"floor":27,"key":"MealTicket"},{"floor":30,"key":"Geode"},{"floor":32,"key":"War Paint"}],"event_choices":[{"damage_healed":0,"gold_gain":0,"player_choice":"Damaged","damage_taken":7,"max_hp_gain":0,"max_hp_loss":0,"event_name":"Wheel of Change","floor":2,"gold_loss":0},{"damage_healed":0,"gold_gain":0,"cards_transformed":["Strike_B"],"player_choice":"Transformed","damage_taken":0,"max_hp_gain":0,"max_hp_loss":0,"event_name":"Transmorgrifier","floor":11,"gold_loss":0,"cards_obtained":["Thunder Strike"]},{"damage_healed":0,"gold_gain":0,"player_choice":"Take Wound","damage_taken":0,"relics_obtained":["Golden Idol"],"max_hp_gain":0,"max_hp_loss":0,"event_name":"Golden Idol","floor":13,"gold_loss":0,"cards_obtained":["Injury"]},{"damage_healed":0,"gold_gain":90,"player_choice":"GOLD ","damage_taken":12,"max_hp_gain":0,"max_hp_loss":0,"event_name":"Knowing Skull","floor":19,"potions_obtained":[],"gold_loss":0,"cards_obtained":[]},{"cards_removed":["Self Repair"],"damage_healed":0,"gold_gain":0,"player_choice":"Take \u0026 Give","damage_taken":0,"max_hp_gain":0,"max_hp_loss":0,"event_name":"betterNote:BetterNote","floor":21,"gold_loss":0,"cards_obtained":["Apotheosis"]},{"damage_healed":0,"gold_gain":0,"player_choice":"Got Potions","damage_taken":0,"max_hp_gain":0,"max_hp_loss":0,"event_name":"Lab","floor":31,"gold_loss":0},{"damage_healed":0,"gold_gain":0,"player_choice":"Relic","damage_taken":0,"max_hp_gain":0,"max_hp_loss":0,"event_name":"Wheel of Change","floor":32,"gold_loss":0}],"is_beta":false,"boss_relics":[{"not_picked":["ChewingGum","Pandora\u0027s Box"],"picked":"Astrolabe"}],"items_purged_floors":[29],"is_endless":false,"potions_floor_spawned":[1,3,5,6,8,12,14,16,18,24,25,30],"killed_by":"hubris:MusketHawk","ascension_level":13}}