{"host":"3a1ypf1irl30q4k8","time":1611052243,"event":{"mods":["AchievementEnabler","BaseMod","Bestiary","Colored Map","Minty Spire (QoL Compilation)","Relic Stats"],"gold_per_floor":[109,121,133,144,144,171,171,183,183,197,217,217,237,17,17,116,116,134,84,59,71,71,71,71,105,132,132,132,147,147,159,159,258,308,358,373,373,373,385,419,438,438,438],"floor_reached":42,"language":"ENG","playtime":3845,"items_purged":["Strike_P"],"score":599,"play_id":"9c5e3bc9-cb82-4980-ab61-4c21a30a484a","local_time":"20210119103043","is_ascension_mode":true,"campfire_choices":[{"data":"Vigilance","floor":7.0,"key":"SMITH"},{"data":"TalkToTheHand","floor":15.0,"key":"SMITH"},{"data":"Fasting2","floor":23.0,"key":"SMITH"},{"data":"Halt","floor":27.0,"key":"SMITH"},{"data":"SandsOfTime","floor":30.0,"key":"SMITH"},{"data":"WaveOfTheHand","floor":32.0,"key":"SMITH"}],"circlet_count":0,"master_deck":["Defend_P+1","Defend_P+1","Defend_P+1","Defend_P+1","Eruption+1","Vigilance+1","BowlingBash","EmptyFist+1","LessonLearned","LikeWater+1","ThirdEye","Halt+1","FearNoEvil","Perseverance","SandsOfTime","TalkToTheHand+1","Study","DeusExMachina","Fasting2+1","CutThroughFate+1","Bite","Bite","Bite","Bite","Bite","ClearTheMind","WaveOfTheHand+1","SandsOfTime+1","SpiritShield","Wish+1","Evaluate+1","Wallop+1","TalkToTheHand+1","Meditate+1","EmptyFist+1","TalkToTheHand+1"],"relics":["Coffee Dripper","Calipers","Blue Candle","Snecko Eye","InkBottle","Omamori","Tiny House","Singing Bowl"],"acts_visited":["Exordium","TheCity","TheBeyond"],"potions_floor_usage":[40,41],"damage_taken":[{"damage":3.0,"enemies":"Cultist","floor":1.0,"turns":4.0},{"damage":2.0,"enemies":"Jaw Worm","floor":2.0,"turns":4.0},{"damage":0.0,"enemies":"Small Slimes","floor":3.0,"turns":3.0},{"damage":13.0,"enemies":"Exordium Thugs","floor":4.0,"turns":4.0},{"damage":12.0,"enemies":"3 Sentries","floor":6.0,"turns":10.0},{"damage":6.0,"enemies":"Looter","floor":8.0,"turns":4.0},{"damage":0.0,"enemies":"2 Fungi Beasts","floor":10.0,"turns":3.0},{"damage":8.0,"enemies":"Large Slime","floor":11.0,"turns":4.0},{"damage":0.0,"enemies":"Exordium Thugs","floor":13.0,"turns":4.0},{"damage":8.0,"enemies":"The Guardian","floor":16.0,"turns":14.0},{"damage":0.0,"enemies":"3 Byrds","floor":18.0,"turns":4.0},{"damage":1.0,"enemies":"Chosen","floor":21.0,"turns":3.0},{"damage":0.0,"enemies":"Book of Stabbing","floor":25.0,"turns":3.0},{"damage":33.0,"enemies":"Centurion and Healer","floor":29.0,"turns":8.0},{"damage":0.0,"enemies":"Snecko","floor":31.0,"turns":3.0},{"damage":9.0,"enemies":"Collector","floor":33.0,"turns":10.0},{"damage":4.0,"enemies":"3 Darklings","floor":35.0,"turns":14.0},{"damage":0.0,"enemies":"3 Shapes","floor":36.0,"turns":4.0},{"damage":18.0,"enemies":"Spire Growth","floor":39.0,"turns":7.0},{"damage":2,"enemies":"Nemesis","floor":40,"turns":11},{"damage":50,"enemies":"Writhing Mass","floor":41,"turns":8},{"damage":35,"enemies":"Giant Head","floor":42,"turns":10}],"seed_played":"4574784815939759460","potions_obtained":[{"floor":2.0,"key":"Swift Potion"},{"floor":8.0,"key":"Ancient Potion"},{"floor":10.0,"key":"Weak Potion"},{"floor":16.0,"key":"Strength Potion"},{"floor":18.0,"key":"Strength Potion"},{"floor":21.0,"key":"BlessingOfTheForge"},{"floor":29.0,"key":"SteroidPotion"},{"floor":31.0,"key":"Weak Potion"},{"floor":34.0,"key":"EssenceOfSteel"},{"floor":35.0,"key":"Swift Potion"},{"floor":40,"key":"Dexterity Potion"}],"is_trial":false,"path_per_floor":["M","M","M","M","?","E","R","M","T","M","M","T","M","$","R","B",null,"M","?","$","M","?","R","?","E","T","R","$","M","R","M","R","B",null,"M","M","?","?","M","E","M","E"],"character_chosen":"WATCHER","items_purchased":["TalkToTheHand","Study","CutThroughFate"],"campfire_rested":0,"item_purchase_floors":[14,14,20],"current_hp_per_floor":[69,67,67,54,54,42,42,36,36,36,28,28,28,28,28,20,72,72,72,72,71,50,50,50,50,50,50,50,35,35,39,39,50,55,55,55,52,52,44,52,8,0,0],"gold":438,"neow_bonus":"BOSS_RELIC","is_daily":false,"chose_seed":false,"campfire_upgraded":6,"win_rate":0.0,"timestamp":1611052243,"path_taken":["M","M","M","M","?","E","R","M","T","M","M","?","M","$","R","BOSS","M","?","?","M","?","R","?","E","T","R","?","M","R","?","R","BOSS","M","M","?","?","M","E","M","E"],"items_purchased_type":["Card","Card","Card"],"build_version":"2020-12-22","purchased_purges":1,"victory":false,"max_hp_per_floor":[72,72,72,72,72,72,72,72,72,72,72,72,72,72,72,72,72,72,72,72,72,50,50,50,50,50,50,50,50,50,50,50,50,55,55,55,52,52,52,52,52,52,52],"relic_stats":{"Singing Bowl":0,"counters":[22,139],"Blue Candle":[0],"Snecko Eye":[157,161,159,164],"obtain_stats":[{"Calipers":6,"Tiny House":34,"Singing Bowl":40,"Blue Candle":12,"Snecko Eye":17,"Coffee Dripper":0,"Omamori":26,"PureWater":0,"InkBottle":25},{"Calipers":5,"Tiny House":16,"Singing Bowl":20,"Blue Candle":8,"Snecko Eye":10,"Coffee Dripper":0,"Omamori":13,"PureWater":0,"InkBottle":13},{"Calipers":25,"Tiny House":85,"Singing Bowl":121,"Blue Candle":36,"Snecko Eye":54,"Coffee Dripper":0,"Omamori":64,"PureWater":0,"InkBottle":64}],"InkBottle":[32]},"card_choices":[{"not_picked":["EmptyBody","Swivel"],"picked":"BowlingBash","floor":1.0},{"not_picked":["Evaluate","Prostrate"],"picked":"EmptyFist","floor":2.0},{"not_picked":["FlyingSleeves","CutThroughFate"],"picked":"LessonLearned","floor":3.0},{"not_picked":["Worship","ForeignInfluence"],"picked":"LikeWater","floor":4.0},{"not_picked":["FlyingSleeves","CarveReality"],"picked":"ThirdEye","floor":6.0},{"not_picked":["Consecrate","BattleHymn"],"picked":"Halt","floor":8.0},{"not_picked":["JustLucky","Adaptation"],"picked":"FearNoEvil","floor":10.0},{"not_picked":["ReachHeaven","PathToVictory"],"picked":"Perseverance","floor":11.0},{"not_picked":["Collect","Halt"],"picked":"SandsOfTime","floor":13.0},{"not_picked":["Judgement","ConjureBlade"],"picked":"DeusExMachina","floor":16.0},{"not_picked":["PathToVictory","Consecrate+1"],"picked":"Fasting2","floor":18.0},{"not_picked":["ForeignInfluence","Perseverance+1","JustLucky+1"],"picked":"SKIP","floor":21.0},{"not_picked":["Pray","Wireheading"],"picked":"WaveOfTheHand","floor":25.0},{"not_picked":["EmptyMind+1","SashWhip"],"picked":"SandsOfTime","floor":29.0},{"not_picked":["Protect","JustLucky"],"picked":"SpiritShield","floor":31.0},{"not_picked":["SpiritShield","ConjureBlade"],"picked":"Wish","floor":33.0},{"not_picked":["Sanctity","Halt+1"],"picked":"Evaluate+1","floor":34.0},{"not_picked":["Protect","JustLucky"],"picked":"Wallop+1","floor":35.0},{"not_picked":["PathToVictory+1","CutThroughFate","WreathOfFlame"],"picked":"SKIP","floor":36.0},{"not_picked":["SashWhip+1","Nirvana"],"picked":"Meditate+1","floor":39},{"not_picked":["WreathOfFlame+1","Perseverance"],"picked":"EmptyFist+1","floor":40},{"not_picked":["Collect","Weave+1"],"picked":"TalkToTheHand+1","floor":41}],"player_experience":1116333,"relics_obtained":[{"floor":6.0,"key":"Calipers"},{"floor":12.0,"key":"Blue Candle"},{"floor":25.0,"key":"InkBottle"},{"floor":26.0,"key":"Omamori"},{"floor":40,"key":"Singing Bowl"}],"event_choices":[{"damage_healed":0.0,"max_hp_gain":0.0,"max_hp_loss":0.0,"gold_gain":0.0,"event_name":"Golden Idol","player_choice":"Ignored","floor":5.0,"gold_loss":0.0,"damage_taken":0.0},{"damage_healed":0.0,"max_hp_gain":0.0,"max_hp_loss":0.0,"gold_gain":0.0,"event_name":"The Joust","player_choice":"Bet on Owner","floor":19.0,"gold_loss":50.0,"damage_taken":0.0},{"damage_healed":0.0,"max_hp_gain":0.0,"max_hp_loss":22.0,"gold_gain":0.0,"event_name":"Vampires","player_choice":"Became a vampire","floor":22.0,"gold_loss":0.0,"damage_taken":0.0,"cards_obtained":["Bite","Bite","Bite","Bite","Bite"]},{"damage_healed":0.0,"max_hp_gain":0.0,"max_hp_loss":0.0,"gold_gain":0.0,"event_name":"The Library","player_choice":"Read","floor":24.0,"gold_loss":0.0,"damage_taken":0.0,"cards_obtained":["ClearTheMind"]},{"damage_healed":0.0,"max_hp_gain":0.0,"max_hp_loss":3.0,"gold_gain":0.0,"event_name":"Winding Halls","player_choice":"Max HP","floor":37.0,"gold_loss":0.0,"damage_taken":0.0},{"damage_healed":0.0,"max_hp_gain":0.0,"max_hp_loss":0.0,"gold_gain":0.0,"event_name":"Duplicator","player_choice":"Copied","floor":38.0,"gold_loss":0.0,"damage_taken":0.0,"cards_obtained":["TalkToTheHand"]}],"is_beta":false,"boss_relics":[{"not_picked":["Philosopher\u0027s Stone","Astrolabe"],"picked":"Snecko Eye"},{"not_picked":["Fusion Hammer","SacredBark"],"picked":"Tiny House"}],"items_purged_floors":[14],"is_endless":false,"potions_floor_spawned":[2,8,10,16,18,21,29,31,35,40],"killed_by":"Giant Head","ascension_level":3}}