{"host":"xp5rvh2jwe2ejyfm","time":1611019784,"event":{"mods":["BaseMod","Hermit","Minty Spire (QoL Compilation)","Replay The Spire","StSLib","The Construct","The Cursed","The Disciple","The Hierophant","The Necromancer","The Runesmith"],"gold_per_floor":[112,130,149,4,18,18,18,35,35,46,121,152,152,207,207,311,311,327,28,28,42,60,60,60,60],"floor_reached":24,"language":"ENG","playtime":934,"items_purged":[],"score":198,"play_id":"c7cf6d7e-b0ad-47c1-90ac-0404c27d9a2f","local_time":"20210118202944","is_ascension_mode":false,"campfire_choices":[{"data":"Summon_Undead_Army","floor":6,"key":"SMITH"},{"data":"Slay_Living","floor":13,"key":"SMITH"},{"floor":15,"key":"REST"},{"floor":23,"key":"REST"}],"circlet_count":0,"master_deck":["Strike_W","Strike_W","Strike_W","Strike_W","Defend_W","Defend_W","Defend_W","Defend_W","Negative_Energy_Arrows","Bone_Wall","Bone_Shift","Bone_Armory","Necrotic_Claws","Death_March_Dance","Summon_Undead_Army+1","Acid_Javelin","Spectral_Armor","Negative_Energy_Javelin","Bones_to_Steel","Slay_Living+1","Hellfire","Bone_Spikes","Bone_Armory","Bone_Armory","Looming Evil","Pandemic","Spectral_Armor+1"],"relics":["Vampire_Amulet","ReplayFunnel","Philosopher\u0027s Stone","Runesmith:Nanobots","The Courier"],"acts_visited":["Exordium","TheCity"],"potions_floor_usage":[16,22],"damage_taken":[{"damage":1,"enemies":"Cultist","floor":1,"turns":4},{"damage":10,"enemies":"Jaw Worm","floor":2,"turns":4},{"damage":5,"enemies":"Small Slimes","floor":3,"turns":4},{"damage":12,"enemies":"Exordium Wildlife","floor":5,"turns":3},{"damage":2,"enemies":"Looter","floor":8,"turns":3},{"damage":1,"enemies":"2 Fungi Beasts","floor":10,"turns":3},{"damage":25,"enemies":"Lagavulin","floor":12,"turns":7},{"damage":25,"enemies":"Slime Boss","floor":16,"turns":13},{"damage":9,"enemies":"Shell Parasite","floor":18,"turns":4},{"damage":31,"enemies":"Spheric Guardian","floor":21,"turns":6},{"damage":25,"enemies":"Centurion and Healer","floor":22,"turns":3},{"damage":42,"enemies":"Cultist and Chosen","floor":24,"turns":8}],"seed_played":"-6089905909810701838","potions_obtained":[{"floor":1,"key":"Doom Potion"},{"floor":5,"key":"LifebloodPotion"},{"floor":12,"key":"Ancient Potion"},{"floor":18,"key":"Death Potion"}],"is_trial":false,"path_per_floor":["M","M","M","$","M","R","$","M","T","M","?","E","R","?","R","B",null,"M","$","?","M","M","R","M"],"character_chosen":"NECROMANCER","items_purchased":["Summon_Undead_Army","Acid_Javelin","Runesmith:Nanobots","Bone_Armory"],"campfire_rested":2,"item_purchase_floors":[4,4,19,19],"current_hp_per_floor":[75,67,66,66,58,58,58,58,58,61,50,27,27,27,49,32,75,68,68,68,39,18,40,0,0],"gold":60,"neow_bonus":"THREE_CARDS","is_daily":false,"chose_seed":false,"campfire_upgraded":2,"win_rate":0.0,"timestamp":1611019784,"path_taken":["M","M","M","$","M","R","?","M","T","M","?","E","R","?","R","BOSS","M","$","?","?","M","R","M"],"items_purchased_type":["Card","Card","Relic","Card"],"build_version":"2020-12-22","purchased_purges":0,"victory":false,"max_hp_per_floor":[75,75,75,75,75,75,75,75,75,75,75,75,75,75,75,75,75,75,75,75,75,75,75,75,75],"card_choices":[{"not_picked":["Toxic_Smoke_Screen","Negative_Energy_Sphere"],"picked":"Bone_Shift","floor":0},{"not_picked":["Negative_Energy_Burst","Finger_Of_Death"],"picked":"Bone_Armory","floor":1},{"not_picked":["Negative_Energy_Sphere","Life_Drain"],"picked":"Necrotic_Claws","floor":2},{"not_picked":["Life_Drain","Plague_Bolt"],"picked":"Death_March_Dance","floor":3},{"not_picked":["Epidemic","Bone_Armor"],"picked":"Spectral_Armor","floor":5},{"not_picked":["Deaths_Shadow","Plague_Bolt"],"picked":"Negative_Energy_Javelin","floor":8},{"not_picked":["Bone_Shift","Vampiric_Strike"],"picked":"Bones_to_Steel","floor":10},{"not_picked":["Blood_Whip","Bone_Shift"],"picked":"Slay_Living","floor":12},{"not_picked":["Negative_Energy_Bomb","Reap_The_Weak"],"picked":"Hellfire","floor":16},{"not_picked":["Bone_Shift+1","Blood_Is_Power"],"picked":"Bone_Spikes","floor":18},{"not_picked":["Blood_Curse","Thousand_Bone_Knives"],"picked":"Pandemic","floor":21},{"not_picked":["Bone_Shift","Bone_Armor+1"],"picked":"Spectral_Armor+1","floor":22}],"player_experience":236527,"relics_obtained":[{"floor":12,"key":"ReplayFunnel"}],"event_choices":[{"damage_healed":0,"gold_gain":75,"player_choice":"Gather Gold","damage_taken":11,"max_hp_gain":0,"max_hp_loss":0,"event_name":"World of Goop","floor":11,"gold_loss":0},{"damage_healed":0,"gold_gain":55,"player_choice":"Gained Gold","damage_taken":0,"max_hp_gain":0,"max_hp_loss":0,"event_name":"Golden Wing","floor":14,"gold_loss":0}],"is_beta":false,"boss_relics":[{"not_picked":["Replay:Grab Bag","Replay:Wanted Poster"],"picked":"Philosopher\u0027s Stone"}],"items_purged_floors":[],"is_endless":false,"potions_floor_spawned":[1,5,12,18],"killed_by":"Cultist and Chosen","ascension_level":0}}