{"host":"f5n4tidiz2n5sooh","time":1611059320,"event":{"mods":["BaseMod","Colored Map","Minty Spire (QoL Compilation)","Relic Stats","Slay the Relics Exporter","StSLib"],"gold_per_floor":[115,130,130,130,130,130,130,159,159,172,172,206,206,206,206,206,206],"floor_reached":16,"language":"ENG","playtime":483,"items_purged":[],"score":212,"play_id":"6c113c2e-521c-4144-ae9f-2ec7a7cfef0a","local_time":"20210119062840","is_ascension_mode":true,"campfire_choices":[{"data":"Bash","floor":6,"key":"SMITH"},{"data":"Inflame","floor":11,"key":"SMITH"},{"floor":13,"key":"REST"},{"data":"Feel No Pain","floor":15,"key":"SMITH"}],"circlet_count":0,"master_deck":["AscendersBane","Strike_R","Strike_R+1","Strike_R","Strike_R","Defend_R","Defend_R+1","Defend_R","Defend_R","Bash+1","CurseOfTheBell","Feel No Pain+1","Inflame+1","Reaper","Dark Embrace"],"relics":["Calling Bell","Nunchaku","Pear","Dead Branch","Bird Faced Urn","Pocketwatch","Question Card","Blue Candle"],"acts_visited":["Exordium"],"potions_floor_usage":[12],"damage_taken":[{"damage":1,"enemies":"Cultist","floor":1,"turns":3},{"damage":25,"enemies":"Jaw Worm","floor":2,"turns":6},{"damage":16,"enemies":"3 Sentries","floor":8,"turns":7},{"damage":2,"enemies":"Small Slimes","floor":10,"turns":4},{"damage":29,"enemies":"Gremlin Nob","floor":12,"turns":4},{"damage":36,"enemies":"The Guardian","floor":16,"turns":4}],"seed_played":"4259447853741387604","potions_obtained":[{"floor":8,"key":"DistilledChaos"},{"floor":12,"key":"CultistPotion"}],"is_trial":false,"path_per_floor":["M","M","?","?","?","R","?","E","T","M","R","E","R","T","R","B"],"character_chosen":"IRONCLAD","items_purchased":[],"campfire_rested":1,"item_purchase_floors":[],"current_hp_per_floor":[77,52,52,41,46,46,19,11,11,25,25,4,31,31,31,0,0],"gold":206,"neow_bonus":"BOSS_RELIC","is_daily":false,"chose_seed":false,"campfire_upgraded":3,"win_rate":0.0,"timestamp":1611059320,"path_taken":["M","M","?","?","?","R","?","E","T","?","R","E","R","?","R","BOSS"],"items_purchased_type":[],"build_version":"2020-12-22","purchased_purges":0,"victory":false,"max_hp_per_floor":[85,85,85,85,90,90,90,90,90,90,90,90,90,90,90,90,90],"relic_stats":{"Nunchaku":[3],"counters":[6,28],"Dead Branch":[30],"Bird Faced Urn":[20],"Blue Candle":[0],"Question Card":2,"obtain_stats":[{"Calling Bell":0,"Nunchaku":0,"Pear":0,"Dead Branch":0,"Bird Faced Urn":4,"Blue Candle":12,"Question Card":9,"Burning Blood":0,"Pocketwatch":8},{"Calling Bell":0,"Nunchaku":0,"Pear":0,"Dead Branch":0,"Bird Faced Urn":2,"Blue Candle":5,"Question Card":3,"Burning Blood":0,"Pocketwatch":3},{"Calling Bell":0,"Nunchaku":0,"Pear":0,"Dead Branch":0,"Bird Faced Urn":9,"Blue Candle":24,"Question Card":16,"Burning Blood":0,"Pocketwatch":16}],"Pocketwatch":[24]},"card_choices":[{"not_picked":["Flex","Anger"],"picked":"Feel No Pain","floor":1},{"not_picked":["Pummel","Twin Strike"],"picked":"Inflame","floor":2},{"not_picked":["Armaments","Bludgeon"],"picked":"Reaper","floor":8},{"not_picked":["Cleave","Seeing Red","Dual Wield","Havoc"],"picked":"SKIP","floor":10},{"not_picked":["Searing Blow","Pommel Strike","Warcry"],"picked":"Dark Embrace","floor":12}],"player_experience":2018184,"relics_obtained":[{"floor":0,"key":"Nunchaku"},{"floor":0,"key":"Pear"},{"floor":0,"key":"Dead Branch"},{"floor":8,"key":"Pocketwatch"},{"floor":9,"key":"Question Card"},{"floor":12,"key":"Blue Candle"}],"event_choices":[{"cards_removed":["Strike_R"],"damage_healed":0,"gold_gain":0,"player_choice":"Forget","damage_taken":0,"max_hp_gain":0,"max_hp_loss":0,"event_name":"Living Wall","floor":3,"gold_loss":0},{"damage_healed":0,"gold_gain":0,"player_choice":"Success","damage_taken":11,"relics_obtained":["Bird Faced Urn"],"max_hp_gain":0,"max_hp_loss":0,"event_name":"Scrap Ooze","floor":4,"gold_loss":0},{"damage_healed":0,"gold_gain":0,"player_choice":"Donut","damage_taken":0,"max_hp_gain":5,"max_hp_loss":0,"event_name":"Big Fish","floor":5,"gold_loss":0},{"damage_healed":0,"gold_gain":0,"player_choice":"Entered Light","damage_taken":27,"max_hp_gain":0,"max_hp_loss":0,"event_name":"Shining Light","floor":7,"gold_loss":0,"cards_upgraded":["Strike_R","Defend_R"]}],"is_beta":false,"boss_relics":[],"items_purged_floors":[],"is_endless":false,"potions_floor_spawned":[8,12],"killed_by":"The Guardian","ascension_level":20}}