{"host":"h4qgcirtxz6qax9j","time":1611059940,"event":{"mods":["AchievementEnabler","BaseMod","Colored Powertips","Hermit","Minty Spire (QoL Compilation)","StSLib","SuperFastMode","The Servant 0.9.4"],"gold_per_floor":[109,109,109,130,4,4,18,59,83,96,96,109,149,169,169,293,293,318,318,266,279,58,58,98,98,124,144,157,133,133,133,133,262,262,280,613,613,613],"floor_reached":37,"language":"KOR","playtime":852,"items_purged":[],"score":482,"play_id":"57b6977c-5ea4-41de-b050-fddaf4cbb11d","local_time":"20210119213900","is_ascension_mode":true,"campfire_choices":[{"data":"LightFlow","floor":6,"key":"SMITH"},{"data":"Defy","floor":11,"key":"SMITH"},{"floor":15,"key":"REST"},{"data":"LightFlow","floor":23,"key":"SMITH"},{"floor":25,"key":"REST"},{"floor":32,"key":"REST"}],"circlet_count":0,"master_deck":["Strike_S","Strike_S","Strike_S","Strike_S","Defend_S","Defend_S","Defend_S","Defend_S","KidneyShot","Exchange","Rearm","BottledTime","LightFlow+1","Spin","Defy+1","LightFlow+1","Revamp","GearUp","Potential","Unruled","LightFlow","Starlight","TimeWarp","Dilation","LightFlow","Comet+1","Reset","Defy","KillingDoll"],"relics":["Uniform","Vajra","Orichalcum","Runic Pyramid","Nloth\u0027s Gift","Lee\u0027s Waffle","Sundial","Centennial Puzzle","MutagenicStrength","MysterySword"],"acts_visited":["TheCity","TheBeyond"],"potions_floor_usage":[37],"damage_taken":[{"damage":5,"enemies":"2 Louse","floor":1,"turns":3},{"damage":9,"enemies":"Jaw Worm","floor":4,"turns":4},{"damage":0,"enemies":"Cultist","floor":7,"turns":2},{"damage":27,"enemies":"Lagavulin","floor":8,"turns":5},{"damage":0,"enemies":"2 Fungi Beasts","floor":10,"turns":2},{"damage":4,"enemies":"Blue Slaver","floor":12,"turns":2},{"damage":11,"enemies":"Gremlin Nob","floor":13,"turns":3},{"damage":0,"enemies":"3 Louse","floor":14,"turns":1},{"damage":16,"enemies":"Hexaghost","floor":16,"turns":7},{"damage":15,"enemies":"Chosen","floor":18,"turns":3},{"damage":12,"enemies":"3 Byrds","floor":21,"turns":4},{"damage":34,"enemies":"Slavers","floor":24,"turns":6},{"damage":41,"enemies":"Snake Plant","floor":27,"turns":3},{"damage":3,"enemies":"Snecko","floor":28,"turns":3},{"damage":17,"enemies":"Collector","floor":33,"turns":9},{"damage":20,"enemies":"3 Shapes","floor":35,"turns":3},{"damage":59,"enemies":"3 Darklings","floor":37,"turns":3}],"seed_played":"6795457083201801060","potions_obtained":[{"floor":0,"key":"Ancient Potion"},{"floor":0,"key":"EssenceOfSteel"},{"floor":0,"key":"Swift Potion"},{"floor":24,"key":"CultistPotion"}],"is_trial":false,"path_per_floor":["M","?","?","M","$","R","M","E","T","M","R","M","E","M","R","B",null,"M","?","$","M","$","R","E","R","T","M","M","$","?","$","R","B",null,"M","?","M"],"character_chosen":"THE_SERVANT","items_purchased":["LightFlow","Spin","TimeWarp","Dilation","Lee\u0027s Waffle","Defy"],"campfire_rested":3,"item_purchase_floors":[5,5,20,22,22,29],"current_hp_per_floor":[60,65,65,56,56,56,56,29,29,29,29,25,14,14,33,17,65,50,50,50,38,72,72,38,59,59,18,15,15,15,15,36,19,72,52,52,0,0],"gold":613,"neow_bonus":"THREE_SMALL_POTIONS","is_daily":false,"chose_seed":false,"campfire_upgraded":3,"win_rate":0.0,"timestamp":1611059940,"path_taken":["M","?","?","M","$","R","M","E","T","M","R","M","E","M","R","BOSS","M","?","$","M","$","R","E","R","T","M","M","?","?","$","R","BOSS","M","?","M"],"items_purchased_type":["Card","Card","Card","Card","Relic","Card"],"build_version":"2020-12-22","purchased_purges":0,"victory":false,"max_hp_per_floor":[65,70,65,65,65,65,65,65,65,65,65,65,65,65,65,65,65,65,65,65,65,72,72,72,72,72,72,72,72,72,72,72,72,72,72,72,72,72],"card_choices":[{"not_picked":["Replace","Unruled"],"picked":"Rearm","floor":1},{"not_picked":["DoubleEdge","Replace"],"picked":"BottledTime","floor":4},{"not_picked":["TimeWarp","Potential"],"picked":"Defy","floor":7},{"not_picked":["Misdirection","Potential"],"picked":"LightFlow","floor":8},{"not_picked":["Rearm","SilverBlades"],"picked":"Revamp","floor":10},{"not_picked":["Gouge","TimeTheft"],"picked":"GearUp","floor":12},{"not_picked":["DancingSilver","ShatteredReality"],"picked":"Potential","floor":13},{"not_picked":["Manipulate","Rearm"],"picked":"Unruled","floor":14},{"not_picked":["FlawlessForm","SoulSculpture"],"picked":"LightFlow","floor":16},{"not_picked":["DoubleEdge","Defy"],"picked":"Starlight","floor":18},{"not_picked":["ForgedInTime","Contraction+1","SurpressingFire"],"picked":"SKIP","floor":21},{"not_picked":["Misdirection+1","Gouge+1"],"picked":"LightFlow","floor":24},{"not_picked":["Starlight","Replace+1"],"picked":"Comet+1","floor":27},{"not_picked":["Revamp","Luminosity+1"],"picked":"Reset","floor":28},{"not_picked":["SilverMatrix","Embodiment"],"picked":"KillingDoll","floor":33},{"not_picked":["Snipe+1","SpecialFormula","Rewind"],"picked":"SKIP","floor":35}],"player_experience":71727,"relics_obtained":[{"floor":8,"key":"Vajra"},{"floor":9,"key":"Orichalcum"},{"floor":13,"key":"Bottled Flame"},{"floor":24,"key":"Sundial"},{"floor":26,"key":"Centennial Puzzle"}],"event_choices":[{"damage_healed":0,"gold_gain":0,"player_choice":"Donut","damage_taken":0,"max_hp_gain":5,"max_hp_loss":0,"event_name":"Big Fish","floor":2,"gold_loss":0},{"damage_healed":0,"gold_gain":0,"player_choice":"Lose Max HP","damage_taken":0,"relics_obtained":["Golden Idol"],"max_hp_gain":0,"max_hp_loss":5,"event_name":"Golden Idol","floor":3,"gold_loss":0},{"damage_healed":0,"gold_gain":0,"player_choice":"Traded Relic","damage_taken":0,"relics_obtained":["Nloth\u0027s Gift"],"max_hp_gain":0,"max_hp_loss":0,"event_name":"N\u0027loth","floor":19,"relics_lost":["Bottled Flame"],"gold_loss":0},{"damage_healed":0,"gold_gain":0,"player_choice":"Inject Mutagens","damage_taken":0,"relics_obtained":["MutagenicStrength"],"max_hp_gain":0,"max_hp_loss":0,"event_name":"Drug Dealer","floor":30,"gold_loss":0},{"damage_healed":0,"gold_gain":333,"player_choice":"Gave Idol","damage_taken":0,"max_hp_gain":0,"max_hp_loss":0,"event_name":"The Moai Head","floor":36,"relics_lost":["Golden Idol"],"gold_loss":0}],"is_beta":false,"boss_relics":[{"not_picked":["Tiny House","Snecko Eye"],"picked":"Runic Pyramid"},{"not_picked":["Busted Crown","Sozu"],"picked":"MysterySword"}],"items_purged_floors":[],"is_endless":false,"potions_floor_spawned":[4,13,16,21,24],"killed_by":"3 Darklings","ascension_level":3}}