{"host":"xz7n3qy1zq36rzpg","time":1611046040,"event":{"mods":["BaseMod","Colored Map","Colored Powertips","Highlight Path","Minty Spire (QoL Compilation)","Quick Restart","Shop Mod"],"gold_per_floor":[144,189,189,234,37,37,82,5,30,0,0,0,0],"floor_reached":12,"language":"ENG","playtime":552,"items_purged":["Regret"],"score":68,"play_id":"416123d7-a886-4234-88bd-ad4cd84fe715","local_time":"20210119094720","daily_mods":["Allstar","Time Dilation","Midas"],"is_ascension_mode":false,"campfire_choices":[{"floor":6,"key":"REST"}],"circlet_count":0,"master_deck":["Strike_P","Strike_P","Strike_P","Strike_P","Defend_P","Defend_P","Defend_P","Defend_P","Eruption","Vigilance","Impatience","Transmutation","Mind Blast","Secret Technique","Bandage Up","SandsOfTime","PathToVictory","Evaluate","Wallop","Conclude"],"relics":["PureWater","Boot","Damaru"],"acts_visited":["Exordium"],"potions_floor_usage":[7],"damage_taken":[{"damage":8,"enemies":"Small Slimes","floor":1,"turns":2},{"damage":0,"enemies":"Jaw Worm","floor":2,"turns":3},{"damage":5,"enemies":"2 Louse","floor":4,"turns":3},{"damage":0,"enemies":"2 Fungi Beasts","floor":7,"turns":4},{"damage":7,"enemies":"3 Sentries","floor":12,"turns":3}],"seed_played":"3706737729498028133","potions_obtained":[{"floor":1,"key":"Strength Potion"},{"floor":2,"key":"FearPotion"}],"is_trial":false,"path_per_floor":["M","M","?","M","$","R","M","$","T","?","$","E"],"character_chosen":"WATCHER","items_purchased":["Wallop","AttackPotion","Conclude"],"campfire_rested":1,"item_purchase_floors":[5,5,8],"current_hp_per_floor":[68,72,72,71,71,72,72,72,72,72,72,65,65],"gold":0,"neow_bonus":"","is_daily":true,"chose_seed":false,"campfire_upgraded":0,"win_rate":0.0,"timestamp":1611046040,"path_taken":["M","M","?","M","$","R","M","$","T","?","?","E"],"items_purchased_type":["Card","Potion","Card"],"build_version":"2020-12-22","purchased_purges":1,"victory":false,"max_hp_per_floor":[72,72,72,72,72,72,72,72,72,72,72,72,72],"card_choices":[{"not_picked":["Prostrate","Evaluate"],"picked":"SandsOfTime","floor":1},{"not_picked":["DeusExMachina","Weave"],"picked":"PathToVictory","floor":2},{"not_picked":["ClearTheMind","Wireheading"],"picked":"Evaluate","floor":4},{"not_picked":["FlyingSleeves","ThirdEye","EmptyBody"],"picked":"SKIP","floor":7}],"player_experience":343365,"relics_obtained":[{"floor":9,"key":"Damaru"}],"event_choices":[{"damage_healed":0,"gold_gain":0,"player_choice":"Box","damage_taken":0,"relics_obtained":["Boot"],"max_hp_gain":0,"max_hp_loss":0,"event_name":"Big Fish","floor":3,"gold_loss":0,"cards_obtained":["Regret"]},{"damage_healed":0,"gold_gain":0,"player_choice":"Left Gold","damage_taken":0,"max_hp_gain":0,"max_hp_loss":0,"event_name":"World of Goop","floor":10,"gold_loss":30}],"is_beta":false,"boss_relics":[],"items_purged_floors":[5],"is_endless":false,"potions_floor_spawned":[1,2],"killed_by":"3 Sentries","ascension_level":0}}