{"host":"lp8gi2x5rrw4z3b7","time":1611038011,"event":{"mods":["AchievementEnabler","BaseMod","Colored Map","Downfall","Minty Spire (QoL Compilation)","Quick Restart","Rare Cards Sparkle","StSLib"],"gold_per_floor":[99,114,133,144,16,50,73,98,117,145,160,60,83,118,131,226,226,126,138,48,58,58,58,83,152,152,186,86,105,105,205,219,318,318,318,329,339,354,239,317,342,214,214,244,257,270,319,319,336,336,336,336,336,336],"floor_reached":52,"language":"ENG","playtime":7941,"items_purged":["hexamod:Strike","hexamod:Defend","hexamod:Defend+1"],"score":870,"play_id":"bda86b55-c03b-48c4-8b67-6f900eedb482","local_time":"20210119013331","is_ascension_mode":true,"campfire_choices":[{"floor":1.0,"key":"RECALL"},{"data":"hexamod:EtherealExpedition","floor":12.0,"key":"SMITH"},{"data":"hexamod:ApocalypseNow","floor":18.0,"key":"SMITH"},{"data":"hexamod:GhostOfSpirePresent","floor":28.0,"key":"SMITH"},{"floor":30.0,"key":"REST"},{"floor":35.0,"key":"REST"},{"floor":43.0,"key":"REST"}],"circlet_count":0,"master_deck":["hexamod:Strike+1","hexamod:Strike+1","hexamod:Defend+1","hexamod:Defend+1","hexamod:Sear+1","hexamod:SoulSteal+1","hexamod:NightmareStrike","hexamod:SpectersWail+1","hexamod:SwordOfDarkness+1","hexamod:GhostLash+1","hexamod:EtherealExpedition+1","hexamod:InspiringFlames+1","hexamod:PhantomFireball+1","hexamod:SixthSeal","hexamod:GhostLash+1","hexamod:SoulSteal+1","hexamod:GhostOfSpirePast+1","hexamod:ApocalypseNow+1","hexamod:HeatMetal+1","hexamod:SpectralSpark","hexamod:GhostOfSpirePresent+1","hexamod:RetreatToShadows+1","hexamod:InspiringFlames+1","hexamod:TimeWarp+1","hexamod:SpectralSpark+1","hexamod:SpectralAdrenaline+1","hexamod:PowerFromBeyond","hexamod:VolcanoVisage","hexamod:BurningTouch+1","expansioncontent:Chronoboost+1","hexamod:UnleashSpirits+1","Chrysalis","hexamod:Rewind+1","hexamod:PhantomFireball+1","hexamod:RadiantFlame","downfall:Haunted","hexamod:Again","Parasite"],"relics":["hexamod:SpiritBrand","Anchor","War Paint","Juzu Bracelet","Pear","Tiny Chest","downfall:HeartBlessingGreen","Odd Mushroom","Centennial Puzzle","Black Star","downfall:HeartBlessingRed","Blue Candle","InkBottle","hexamod:InflammatoryLetter","downfall:HeartBlessingBlue","Fusion Hammer","Bottled Tornado","Blood Vial","White Beast Statue","Toy Ornithopter","Bronze Scales"],"acts_visited":["Exordium","TheCity","TheBeyond","TheEnding"],"potions_floor_usage":[50],"damage_taken":[{"damage":0.0,"enemies":"Small Slimes","floor":2.0,"turns":3.0},{"damage":0.0,"enemies":"Jaw Worm","floor":3.0,"turns":3.0},{"damage":0.0,"enemies":"2 Louse","floor":4.0,"turns":2.0},{"damage":0.0,"enemies":"downfall:FleeingMerchant","floor":5.0,"turns":4.0},{"damage":0.0,"enemies":"3 Sentries","floor":6.0,"turns":6.0},{"damage":0.0,"enemies":"Gremlin Nob","floor":8.0,"turns":3.0},{"damage":0.0,"enemies":"Exordium Wildlife","floor":9.0,"turns":3.0},{"damage":8.0,"enemies":"3 Sentries","floor":10.0,"turns":3.0},{"damage":0.0,"enemies":"Exordium Thugs","floor":11.0,"turns":4.0},{"damage":0.0,"enemies":"The Mushroom Lair","floor":13.0,"turns":2.0},{"damage":6.0,"enemies":"Gremlin Nob","floor":14.0,"turns":4.0},{"damage":6.0,"enemies":"Large Slime","floor":15.0,"turns":2.0},{"damage":23.0,"enemies":"WA_ARCHETYPE_RETAIN","floor":16.0,"turns":5.0},{"damage":0.0,"enemies":"Spheric Guardian","floor":19.0,"turns":3.0},{"damage":6.0,"enemies":"downfall:FleeingMerchant","floor":20.0,"turns":4.0},{"damage":0.0,"enemies":"3 Byrds","floor":21.0,"turns":3.0},{"damage":9.0,"enemies":"Gremlin Leader","floor":27.0,"turns":5.0},{"damage":18.0,"enemies":"Centurion and Healer","floor":29.0,"turns":4.0},{"damage":3.0,"enemies":"Shelled Parasite and Fungi","floor":32.0,"turns":3.0},{"damage":25.0,"enemies":"SI_MIRROR_ARCHETYPE","floor":33.0,"turns":7.0},{"damage":0.0,"enemies":"3 Shapes","floor":36.0,"turns":3.0},{"damage":0.0,"enemies":"Orb Walker","floor":37.0,"turns":3.0},{"damage":19.0,"enemies":"3 Darklings","floor":38.0,"turns":3.0},{"damage":6.0,"enemies":"downfall:FleeingMerchant","floor":39.0,"turns":4.0},{"damage":11.0,"enemies":"downfall:FleeingMerchant","floor":42.0,"turns":3.0},{"damage":27.0,"enemies":"Giant Head","floor":44.0,"turns":6.0},{"damage":0.0,"enemies":"Jaw Worm Horde","floor":45.0,"turns":2.0},{"damage":13.0,"enemies":"Transient","floor":46.0,"turns":5.0},{"damage":5.0,"enemies":"Writhing Mass","floor":49.0,"turns":4.0},{"damage":144,"enemies":"IC_BLOCK_ARCHETYPE","floor":50,"turns":9},{"damage":98,"enemies":"downfall:CharBossMerchant","floor":52,"turns":6}],"seed_played":"4945586113279442116","potions_obtained":[{"floor":4.0,"key":"FearPotion"},{"floor":8.0,"key":"LiquidMemories"},{"floor":10.0,"key":"SteroidPotion"},{"floor":11.0,"key":"AttackPotion"},{"floor":13.0,"key":"AttackPotion"},{"floor":16.0,"key":"champ:CounterPotion"},{"floor":21.0,"key":"EssenceOfSteel"},{"floor":23.0,"key":"CultistPotion"},{"floor":27.0,"key":"Weak Potion"},{"floor":29.0,"key":"AttackPotion"},{"floor":33.0,"key":"FairyPotion"},{"floor":37.0,"key":"FairyPotion"}],"is_trial":false,"path_per_floor":["R","M","M","M","$","E","T","E","M","E","M","R","?","E","M","B",null,"R","M","$","M","?","?","T","T","?","E","R","M","R","?","M","B",null,"R","M","M","M","$","T","T","$","R","E","M","M","T","?","M","B",null,"E"],"character_chosen":"THE_SPIRIT","items_purchased":["hexamod:GhostLash","hexamod:EtherealExpedition","expansioncontent:Chronoboost","hexamod:UnleashSpirits","Chrysalis"],"campfire_rested":3,"item_purchase_floors":[5,5,42,42,42],"current_hp_per_floor":[70,70,70,70,70,70,70,80,80,72,72,72,72,66,60,37,80,80,80,74,74,74,74,74,74,74,65,75,57,84,84,81,56,90,90,90,90,71,65,65,65,56,83,58,60,49,49,49,46,19,90,0,0,0],"gold":336,"neow_bonus":"RANDOM_COMMON_RELIC","is_daily":false,"chose_seed":false,"campfire_upgraded":3,"win_rate":0.0,"timestamp":1611038011,"path_taken":["R","M","M","M","$","E","T","E","M","E","M","R","?","E","M","BOSS","R","M","$","M","?","?","T","?","?","E","R","M","R","?","M","BOSS","R","M","M","M","$","?","T","$","R","E","M","M","?","?","M","BOSS","E"],"items_purchased_type":["Card","Card","Card","Card","Card"],"build_version":"2020-12-22","purchased_purges":3,"victory":false,"max_hp_per_floor":[70,70,70,70,70,70,70,80,80,80,80,80,80,80,80,80,80,80,80,80,80,80,80,80,80,80,80,90,90,90,90,90,90,90,90,90,90,90,90,90,90,90,90,90,90,90,90,90,90,90,90,90,90,90],"card_choices":[{"not_picked":["hexamod:BurningTouch","hexamod:EtherealExpedition"],"picked":"hexamod:SoulSteal","floor":2.0},{"not_picked":["hexamod:HauntingEcho","hexamod:AdvancingGuard"],"picked":"hexamod:NightmareStrike","floor":3.0},{"not_picked":["hexamod:GhostflameBarrier","hexamod:HeatMetal"],"picked":"hexamod:SpectersWail","floor":4.0},{"not_picked":["hexamod:ShieldOfDarkness","hexamod:SuperheatedStrike"],"picked":"hexamod:SwordOfDarkness","floor":5.0},{"not_picked":["hexamod:ChargedBarrage","hexamod:HeatMetal"],"picked":"hexamod:InspiringFlames","floor":6.0},{"not_picked":["hexamod:EtherealExpedition","hexamod:Incineration"],"picked":"hexamod:PhantomFireball","floor":8.0},{"not_picked":["hexamod:BurningTouch","hexamod:GhostShield"],"picked":"hexamod:SixthSeal","floor":9.0},{"not_picked":["hexamod:GhostShield","hexamod:PhantomFireball"],"picked":"hexamod:GhostLash","floor":10.0},{"not_picked":["hexamod:GhostShield","hexamod:HeatShield","hexamod:HauntingEcho"],"picked":"SKIP","floor":11.0},{"not_picked":["hexamod:HauntingEcho","hexamod:Incineration"],"picked":"hexamod:SoulSteal","floor":13.0},{"not_picked":["hexamod:HauntingEcho","hexamod:EmpoweredFlame"],"picked":"hexamod:GhostOfSpirePast","floor":14.0},{"not_picked":["hexamod:FastForward","hexamod:SwordOfDarkness","hexamod:HeatMetal"],"picked":"SKIP","floor":15.0},{"not_picked":["hexamod:HexaLevel","hexamod:WildfireWeapon"],"picked":"hexamod:ApocalypseNow","floor":16.0},{"not_picked":["hexamod:PhantomFireball","hexamod:ThermalTransfer"],"picked":"hexamod:HeatMetal+1","floor":19.0},{"not_picked":["hexamod:PhantomFireball","hexamod:CatchUp"],"picked":"hexamod:SpectralSpark","floor":20.0},{"not_picked":["hexamod:EtherealExpedition+1","hexamod:AdvancingGuard"],"picked":"hexamod:GhostOfSpirePresent","floor":21.0},{"not_picked":["hexamod:RainOfEmbers","hexamod:ShieldOfDarkness"],"picked":"hexamod:NecessarySacrifice","floor":27.0},{"not_picked":["hexamod:SpectralSpark","hexamod:SwordOfDarkness+1"],"picked":"hexamod:RetreatToShadows+1","floor":29.0},{"not_picked":["hexamod:BurningTouch","hexamod:RadiantFlame+1"],"picked":"hexamod:InspiringFlames+1","floor":32.0},{"not_picked":["hexamod:FifthSeal","hexamod:TurnItUp"],"picked":"hexamod:TimeWarp","floor":33.0},{"not_picked":["hexamod:PhantomCloak","hexamod:BacktrackSmack+1"],"picked":"hexamod:SpectralSpark+1","floor":36.0},{"not_picked":["hexamod:ChargedBarrage+1","hexamod:SoulSteal+1"],"picked":"hexamod:SpectralAdrenaline+1","floor":37.0},{"not_picked":["hexamod:GhostOfSpirePast+1","hexamod:RadiantFlame+1"],"picked":"hexamod:PowerFromBeyond","floor":38.0},{"not_picked":["hexamod:ChargedBarrage","hexamod:BacktrackSmack+1"],"picked":"hexamod:VolcanoVisage","floor":39.0},{"not_picked":["hexamod:ShieldOfDarkness+1","hexamod:GhostLash"],"picked":"hexamod:BurningTouch+1","floor":42.0},{"not_picked":["hexamod:FastForward+1","hexamod:HeatShield"],"picked":"hexamod:Rewind+1","floor":44.0},{"not_picked":["hexamod:GhostLash+1","hexamod:RainOfEmbers","hexamod:ThirdSeal"],"picked":"SKIP","floor":45.0},{"not_picked":["hexamod:HauntingEcho+1","hexamod:BacktrackSmack+1"],"picked":"hexamod:PhantomFireball+1","floor":46.0},{"not_picked":["hexamod:Again","hexamod:SpectersWail","hexamod:SpectralAdrenaline+1"],"picked":"SKIP","floor":49.0}],"player_experience":912219,"relics_obtained":[{"floor":6.0,"key":"War Paint"},{"floor":7.0,"key":"Juzu Bracelet"},{"floor":8.0,"key":"Pear"},{"floor":10.0,"key":"Tiny Chest"},{"floor":13.0,"key":"Odd Mushroom"},{"floor":14.0,"key":"Centennial Puzzle"},{"floor":25.0,"key":"Blue Candle"},{"floor":27.0,"key":"InkBottle"},{"floor":27.0,"key":"hexamod:InflammatoryLetter"},{"floor":40.0,"key":"Bottled Tornado"},{"floor":41.0,"key":"Blood Vial"},{"floor":44.0,"key":"White Beast Statue"},{"floor":44.0,"key":"Toy Ornithopter"},{"floor":47.0,"key":"Bronze Scales"}],"event_choices":[{"damage_healed":0.0,"max_hp_gain":0.0,"max_hp_loss":0.0,"gold_gain":0.0,"event_name":"Mushrooms","player_choice":"Fought Mushrooms","floor":13.0,"gold_loss":0.0,"damage_taken":0.0}],"is_beta":false,"boss_relics":[{"not_picked":["SacredBark","Tiny House"],"picked":"Black Star"},{"not_picked":["Busted Crown","bronze:MakeshiftBattery"],"picked":"Fusion Hammer"}],"items_purged_floors":[20,39,42],"is_endless":false,"potions_floor_spawned":[4,8,10,11,13,16,21,27,29,33,37,44,45,46,49],"killed_by":"downfall:CharBossMerchant","ascension_level":1}}