{"host":"6iv6hzocosv1haef","time":1611074585,"event":{"mods":["AchievementEnabler","AlwaysNeverKeys","BaseMod","Colored Map","Colored Powertips","Downfall","Friendly Minions","GifTheSpireLib","Highlight Path","Minty Spire (QoL Compilation)","Permanent Neow","Quick Restart","Relic Filter","Relic Sorter","StSLib"],"gold_per_floor":[99,99,99,61,61,89,116,116,116,151,175,175,85,108,128,229,229,229,246,256,89,89,116,116,116,129,29,46,46,46,137,150,252,252,52,72,72,72,0,35,106,106,121,152,13,33,33,33,51,51,51,80,30,30,30,30],"floor_reached":57,"language":"ENG","playtime":4328,"items_purged":["Slimebound:Strike_Slimebound"],"score":1305,"play_id":"800bda3f-a24d-4cd6-9b94-8be4c118a55e","local_time":"20210119164305","is_ascension_mode":false,"campfire_choices":[{"data":"Slimebound:CorrosiveSpit","floor":1,"key":"SMITH"},{"data":"Slimebound:SelfFormingGoo","floor":8,"key":"SMITH"},{"data":"Slimebound:Overexert","floor":18,"key":"SMITH"},{"data":"Slimebound:Repurpose","floor":25,"key":"SMITH"},{"floor":27,"key":"RECALL"},{"data":"Slimebound:SplitLeeching","floor":30,"key":"SMITH"},{"data":"Slimebound:SelfFormingGoo","floor":35,"key":"SMITH"},{"data":"Slimebound:SlimeTap","floor":42,"key":"SMITH"},{"data":"Slimebound:SplitMire","floor":47,"key":"SMITH"},{"data":"Slimebound:LeechEnergy","floor":54,"key":"SMITH"}],"circlet_count":0,"master_deck":["Slimebound:Strike_Slimebound","Slimebound:Tackle","Slimebound:Defend_Slimebound","Slimebound:Defend_Slimebound","Slimebound:Defend_Slimebound","Slimebound:Defend_Slimebound","Slimebound:Split+1","Slimebound:CorrosiveSpit+1","Slimebound:LeechEnergy+1","Slimebound:SelfFormingGoo+1","Slimebound:Repurpose+1","Slimebound:SplitLeeching+1","Slimebound:SlimeTap+1","Slimebound:SplitMire+1","Slimebound:Overexert+1","Slimebound:Repurpose+1","Slimebound:SelfFormingGoo+1","Slimebound:GoopSpray+1","Slimebound:SlimeBarrage+1","Slimebound:SplitAcid","Slimebound:SplitBruiser+1","Slimebound:PressTheAttack+1","Slimebound:LeadByExample+1"],"relics":["Slimebound:AbsorbEndCombat","downfall:HeartsMalice","Bottled Tornado","downfall:ShatteredFragment","InkBottle","Odd Mushroom","PreservedInsect","Philosopher\u0027s Stone","Tiny Chest","Singing Bowl","Eternal Feather","downfall:HeartBlessingGreen","MutagenicStrength","Frozen Egg 2","SacredBark","downfall:HeartBlessingRed","downfall:HeartBlessingBlue","Molten Egg 2","Mummified Hand","Pear","MawBank","Lantern","Ornamental Fan"],"acts_visited":["Exordium","TheCity","TheBeyond","TheEnding"],"potions_floor_usage":[11,16,16,31,31,55,56,56],"damage_taken":[{"damage":0,"enemies":"Jaw Worm","floor":2,"turns":1},{"damage":0,"enemies":"downfall:FleeingMerchant","floor":4,"turns":1},{"damage":0,"enemies":"Cultist","floor":5,"turns":1},{"damage":33,"enemies":"3 Sentries","floor":6,"turns":8},{"damage":11,"enemies":"Gremlin Nob","floor":10,"turns":3},{"damage":8,"enemies":"The Mushroom Lair","floor":11,"turns":4},{"damage":0,"enemies":"downfall:FleeingMerchant","floor":13,"turns":4},{"damage":6,"enemies":"Small Slimes","floor":15,"turns":2},{"damage":9,"enemies":"SI_SHIV_ARCHETYPE","floor":16,"turns":7},{"damage":11,"enemies":"Shell Parasite","floor":19,"turns":4},{"damage":19,"enemies":"Centurion and Healer","floor":20,"turns":5},{"damage":7,"enemies":"downfall:FleeingMerchant","floor":21,"turns":4},{"damage":28,"enemies":"Book of Stabbing","floor":23,"turns":5},{"damage":3,"enemies":"Cultist and Chosen","floor":26,"turns":4},{"damage":0,"enemies":"Snecko","floor":28,"turns":3},{"damage":0,"enemies":"downfall:FleeingMerchant","floor":31,"turns":4},{"damage":0,"enemies":"Sentry and Sphere","floor":32,"turns":3},{"damage":26,"enemies":"IC_MUSHROOM_ARCHETYPE","floor":33,"turns":6},{"damage":15,"enemies":"Orb Walker","floor":36,"turns":3},{"damage":0,"enemies":"Reptomancer","floor":40,"turns":4},{"damage":1,"enemies":"3 Shapes","floor":43,"turns":3},{"damage":0,"enemies":"Nemesis","floor":44,"turns":3},{"damage":20,"enemies":"Jaw Worm Horde","floor":46,"turns":2},{"damage":0,"enemies":"Maw","floor":49,"turns":4},{"damage":13,"enemies":"WA_ARCHETYPE_DIVINITY","floor":50,"turns":6},{"damage":0,"enemies":"downfall:CharBossMerchant","floor":52,"turns":5},{"damage":26,"enemies":"downfall:NeowBoss","floor":55,"turns":11},{"damage":70,"enemies":"downfall:NeowBossFinal","floor":56,"turns":9}],"seed_played":"6061812900695587362","potions_obtained":[{"floor":10,"key":"EntropicBrew"},{"floor":11,"key":"Slimebound:SlimedPotion"},{"floor":16,"key":"SneckoOil"},{"floor":20,"key":"Strength Potion"},{"floor":26,"key":"Dexterity Potion"},{"floor":33,"key":"hexamod:SoulburnPotion"},{"floor":49,"key":"FearPotion"}],"is_trial":false,"path_per_floor":["R","M","?","$","M","E","T","R","?","E","?","?","$","T","M","B",null,"R","M","M","$","?","E","T","R","M","R","M","?","R","$","M","B",null,"R","M","?","T","?","E","T","R","M","E","$","M","R","$","M","B",null,"E","$","R","B","B",null],"character_chosen":"SLIMEBOUND","items_purchased":["Slimebound:Repurpose","Tiny Chest","Frozen Egg 2","Slimebound:SlimeBarrage+1","Lantern","Weak Potion"],"campfire_rested":0,"item_purchase_floors":[4,21,31,39,45,53],"current_hp_per_floor":[65,65,65,65,65,34,34,34,16,9,5,5,13,13,11,10,65,65,60,49,48,48,30,30,39,46,55,63,63,71,71,73,57,75,85,74,76,76,76,84,94,97,97,99,99,83,95,95,101,90,101,101,101,101,83,21],"gold":30,"neow_bonus":"THREE_ENEMY_KILL","is_daily":false,"chose_seed":false,"campfire_upgraded":9,"win_rate":0.0,"timestamp":1611074585,"path_taken":["R","M","?","?","?","E","T","R","?","E","?","?","$","?","M","BOSS","R","M","M","$","?","E","T","R","M","R","M","?","R","$","M","BOSS","R","M","?","?","?","E","T","R","M","E","$","M","R","$","M","BOSS","E","$","R","BOSS","BOSS"],"items_purchased_type":["Card","Relic","Relic","Card","Relic","Potion"],"build_version":"2020-12-22","purchased_purges":1,"victory":true,"max_hp_per_floor":[65,65,65,65,65,65,65,65,65,65,65,65,65,65,65,65,65,65,65,65,65,65,67,67,67,69,69,71,71,71,71,73,75,75,85,85,87,87,87,87,97,97,97,99,99,101,101,101,101,101,101,101,101,101,101,101],"card_choices":[{"not_picked":["Slimebound:Dissolve","Slimebound:SamplingLick"],"picked":"Slimebound:LeechEnergy","floor":2},{"not_picked":["Slimebound:SamplingLick","Slimebound:Schlurp","Slimebound:LeechingTouch"],"picked":"SKIP","floor":4},{"not_picked":["Slimebound:Nibble","Slimebound:Chomp","Slimebound:ComboTackle"],"picked":"SKIP","floor":5},{"not_picked":["Slimebound:AcidTongue","Slimebound:GoopTackle","Slimebound:FormOfPuddle"],"picked":"SKIP","floor":6},{"not_picked":["Slimebound:ComboTackle","Slimebound:LevelUp"],"picked":"Slimebound:SplitLeeching","floor":10},{"not_picked":["Slimebound:ProtectTheBoss","Slimebound:ForwardTackle"],"picked":"Slimebound:SlimeTap","floor":11},{"not_picked":["Slimebound:SlimeTap","Slimebound:SlimeBrawl"],"picked":"Slimebound:SplitMire","floor":13},{"not_picked":["Slimebound:GrowthPunch","Slimebound:TongueLash","Slimebound:Prepare"],"picked":"SKIP","floor":15},{"not_picked":["Slimebound:CheckThePlaybook","Slimebound:LeechLife"],"picked":"Slimebound:Overexert","floor":16},{"not_picked":["Slimebound:LeechEnergy","Slimebound:GoopTackle","Slimebound:ViciousTackle"],"picked":"SKIP","floor":19},{"not_picked":["Slimebound:LivingWall+1","Slimebound:LeechingTouch+1","Slimebound:FinishingTackle"],"picked":"SKIP","floor":20},{"not_picked":["Slimebound:Prepare","Slimebound:SlimeSpikes"],"picked":"Slimebound:Repurpose+1","floor":21},{"not_picked":["Slimebound:DuplicatedForm","Slimebound:SplitMire","Slimebound:GoopTackle+1"],"picked":"Singing Bowl","floor":23},{"not_picked":["Slimebound:SplitLeeching","Slimebound:SamplingLick","Slimebound:BestDefense"],"picked":"Singing Bowl","floor":26},{"not_picked":["Slimebound:HauntingLick","Slimebound:AcidTongue","Slimebound:SlimeBrawl"],"picked":"Singing Bowl","floor":28},{"not_picked":["Slimebound:SplitAcid","Slimebound:SlimeTap"],"picked":"Slimebound:SelfFormingGoo","floor":31},{"not_picked":["Slimebound:SlimeTap","Slimebound:DivideAndConquer","Slimebound:SpikyOuterGoop+1"],"picked":"Singing Bowl","floor":32},{"not_picked":["Slimebound:LeechLife","Slimebound:CheckThePlaybook","Slimebound:FirmFortitude"],"picked":"Singing Bowl","floor":33},{"not_picked":["Slimebound:SplitMire","Slimebound:RollThrough+1"],"picked":"Slimebound:GoopSpray+1","floor":36},{"not_picked":["expansioncontent:LastStand+1","expansioncontent:GuardianWhirl","expansioncontent:PolyBeam"],"picked":"Singing Bowl","floor":37},{"not_picked":["Slimebound:GrowthPunch+1","Slimebound:Nibble+1"],"picked":"Slimebound:SplitAcid","floor":40},{"not_picked":["Slimebound:Equalize+1","Slimebound:Gluttony+1"],"picked":"Slimebound:SplitBruiser+1","floor":43},{"not_picked":["Slimebound:SlimeBarrage+1","Slimebound:Schlurp+1","Slimebound:RainOfGoop+1"],"picked":"Singing Bowl","floor":44},{"not_picked":["Slimebound:ComboTackle+1","Slimebound:DivideAndConquer+1","Slimebound:SlimeSpikes"],"picked":"Singing Bowl","floor":46},{"not_picked":["Slimebound:GrowthPunch+1","Slimebound:Prepare+1"],"picked":"Slimebound:PressTheAttack+1","floor":49},{"not_picked":["Slimebound:AcidTongue+1","Slimebound:GoopSpray"],"picked":"Slimebound:LeadByExample+1","floor":52}],"player_experience":167394,"relics_obtained":[{"floor":6,"key":"Bottled Tornado"},{"floor":10,"key":"InkBottle"},{"floor":11,"key":"Odd Mushroom"},{"floor":14,"key":"PreservedInsect"},{"floor":23,"key":"Singing Bowl"},{"floor":24,"key":"Eternal Feather"},{"floor":38,"key":"Molten Egg 2"},{"floor":40,"key":"Mummified Hand"},{"floor":41,"key":"Pear"},{"floor":44,"key":"MawBank"},{"floor":52,"key":"Ornamental Fan"}],"event_choices":[{"damage_healed":0,"gold_gain":0,"player_choice":"Fought Mushrooms","damage_taken":0,"max_hp_gain":0,"max_hp_loss":0,"event_name":"Mushrooms","floor":11,"gold_loss":0},{"damage_healed":0,"gold_gain":0,"player_choice":"Grow","damage_taken":0,"max_hp_gain":0,"max_hp_loss":0,"event_name":"Living Wall","floor":12,"gold_loss":0,"cards_upgraded":["Slimebound:Split"]},{"damage_healed":0,"gold_gain":0,"player_choice":"Inject Mutagens","damage_taken":0,"relics_obtained":["MutagenicStrength"],"max_hp_gain":0,"max_hp_loss":0,"event_name":"Drug Dealer","floor":29,"gold_loss":0}],"is_beta":false,"boss_relics":[{"not_picked":["Sozu","Velvet Choker"],"picked":"Philosopher\u0027s Stone"},{"not_picked":["Fusion Hammer","Empty Cage"],"picked":"SacredBark"}],"items_purged_floors":[13],"is_endless":false,"potions_floor_spawned":[10,11,16,20,26,33,49],"ascension_level":0}}