{"host":"mbj2cbgnaexp1bjw","time":1611051815,"event":{"mods":["BaseMod","DNKmod","Energized Spire","Friendly Minions","Grow up Mod","Highlight Path","Minty Spire (QoL Compilation)","Remove Card Discount Mod","Replay The Spire","Spicy Shops","StSLib"],"gold_per_floor":[1015,29,48,61,73,73,99,115,194,194,194,206,237,300,300,335,335,432,432,448,467,99,99,156,156,219,279,279,344,344,408,485,560,572,786,798,862,874,886,941,1018,1107,1176,1283,1295,718,749,1088,1116,1164,1164,1200,1200,1200,14,60,94],"floor_reached":58,"language":"ZHS","playtime":3178,"items_purged":["Strike_G","Strike_G","Strike_G","Strike_G","Strike_G","Defend_G","Defend_G","Defend_G","Defend_G","Defend_G","Survivor","Neutralize","Sucker Punch+1","Quick Slash+1","Cloak And Dagger","Cloak And Dagger","Storm of Steel+1","Bullet Time+1","ReplayTheSpireMod:Scrap Shanks+1","Envenom+1","Finisher+1","Cloak And Dagger+1","Cloak And Dagger+1","Cloak And Dagger+1","Infinite Blades+1"],"score":2648,"play_id":"6ca60a92-2520-4616-8b7d-e8829ea490bb","local_time":"20210119182335","is_ascension_mode":true,"campfire_choices":[{"floor":6.0,"key":"RECALL"},{"data":"Infinite Blades","floor":17.0,"key":"SMITH"},{"data":"Backflip","floor":25.0,"key":"SMITH"},{"data":"Prepared","floor":30.0,"key":"SMITH"},{"data":"Hidden Blade","floor":34.0,"key":"SMITH"},{"data":"1","floor":51,"key":"LIFT"},{"data":"2","floor":54,"key":"LIFT"}],"circlet_count":0,"master_deck":["Apotheosis+1","After Image+1","Blur+1","Acrobatics+1","Backflip+1","Backflip+1","Prepared+1","Hidden Blade+1","CurseOfTheBell","Crow Ritual+1","Acrobatics+1","Backflip","Blur+1","Footwork+1","Pot Of Greed+1","Pot Of Greed+1","Prepared+1"],"relics":["PreservedInsect","Golden Egg","Bag of Preparation","Lantern","Orrery","Mirror","Bottled Lightning","Tough Bandages","Chameleon Ring","Sizzling Blood","ReplayTheSpireMod:TigerMarble","Black Star","Membership Card","Replay:Bandana","Kunai","WingedGreaves","Byrd Skull","Replay:Accelerometer","Oddly Smooth Stone","MawBank","Du-Vu Doll","Mercury Hourglass","Thread and Needle","Bronze Scales","Blue Doll","Calling Bell","Art of War","Pantograph","Girya","Omamori","Regal Pillow","Bottled Tornado","Dream Catcher","Mango","Calipers","Frozen Eye","Lizard Tail","Centennial Puzzle","Ninja Scroll","The Courier","Old Coin","Boot","Ginger","Replay:Ringing Soul","Gremlin Horn","Pen Nib","OrangePellets","Whetstone","Nunchaku","Onion Ring","Grinning Jar","ReplayTheSpireMod:Shallot","Paper Crane","Pear","Snack Pack","Replay:Bottled Snecko","Vajra","Replay:Bottled Eggs","Replay:Rubber Ducky","White Beast Statue"],"acts_visited":["Exordium","TheCity","TheBeyond","TheEnding"],"potions_floor_usage":[47,57,57,57],"damage_taken":[{"damage":0.0,"enemies":"2 Louse","floor":1.0,"turns":3.0},{"damage":0.0,"enemies":"Cultist","floor":3.0,"turns":1.0},{"damage":0.0,"enemies":"Small Slimes","floor":4.0,"turns":1.0},{"damage":0.0,"enemies":"2 Fungi Beasts","floor":5.0,"turns":1.0},{"damage":0.0,"enemies":"Lagavulin","floor":7.0,"turns":1.0},{"damage":0.0,"enemies":"Looter","floor":8.0,"turns":1.0},{"damage":0.0,"enemies":"3 Louse","floor":12.0,"turns":1.0},{"damage":0.0,"enemies":"Gremlin Nob","floor":13.0,"turns":1.0},{"damage":0.0,"enemies":"Lagavulin","floor":16.0,"turns":1.0},{"damage":0.0,"enemies":"Hexaghost","floor":18.0,"turns":2.0},{"damage":0.0,"enemies":"Shell Parasite","floor":20.0,"turns":1.0},{"damage":0.0,"enemies":"3 Byrds","floor":21.0,"turns":2.0},{"damage":0.0,"enemies":"Snecko","floor":24.0,"turns":2.0},{"damage":0.0,"enemies":"3 Cultists","floor":26.0,"turns":2.0},{"damage":0.0,"enemies":"Replay:Snechameleon","floor":27.0,"turns":2.0},{"damage":0.0,"enemies":"Book of Stabbing","floor":29.0,"turns":1.0},{"damage":0.0,"enemies":"Slavers","floor":31.0,"turns":1.0},{"damage":0.0,"enemies":"Book of Stabbing","floor":32.0,"turns":1.0},{"damage":0.0,"enemies":"Gremlin Leader","floor":33.0,"turns":2.0},{"damage":0.0,"enemies":"Collector","floor":35.0,"turns":3.0},{"damage":0.0,"enemies":"3 Shapes","floor":37.0,"turns":2.0},{"damage":0.0,"enemies":"Orb Walker","floor":40.0,"turns":2.0},{"damage":0.0,"enemies":"3 Darklings","floor":41.0,"turns":2.0},{"damage":0.0,"enemies":"Giant Head","floor":42.0,"turns":2.0},{"damage":0.0,"enemies":"4 Shapes","floor":43.0,"turns":2.0},{"damage":0.0,"enemies":"R_Hoarder","floor":44.0,"turns":3.0},{"damage":0,"enemies":"Spire Growth","floor":47,"turns":1},{"damage":0,"enemies":"Giant Head","floor":48,"turns":1},{"damage":0,"enemies":"Writhing Mass","floor":49,"turns":1},{"damage":0,"enemies":"Reptomancer","floor":50,"turns":1},{"damage":0,"enemies":"Awakened One","floor":52,"turns":3},{"damage":0,"enemies":"Shield and Spear","floor":56,"turns":1},{"damage":0,"enemies":"The Heart","floor":57,"turns":3}],"seed_played":"5686655744217353044","potions_obtained":[{"floor":5.0,"key":"DistilledChaos"},{"floor":7.0,"key":"Swift Potion"},{"floor":12.0,"key":"Energy Potion"},{"floor":24.0,"key":"BlessingOfTheForge"},{"floor":29.0,"key":"LifebloodPotion"},{"floor":40.0,"key":"Dexterity Potion"},{"floor":47,"key":"Fruit Juice"},{"floor":49,"key":"CunningPotion"}],"is_trial":false,"path_per_floor":["M","$","M","M","M","R","E","M","T","PTL","PTL","M","E","?","?","E","R","B",null,"M","M","$","?","M","R","M","E","T","E","R","E","E","E","R","B",null,"M","?","?","M","M","E","M","E","T","$","M","E","M","E","R","B",null,"R","$","E","B",null],"character_chosen":"THE_SILENT","items_purchased":["Golden Egg","Apotheosis","Bag of Preparation","Lantern","Orrery","Cloak And Dagger","Finisher","Membership Card","Replay:Bandana","Kunai","Calipers","Frozen Eye","Lizard Tail","Centennial Puzzle","Ninja Scroll","Replay:Ringing Soul","Gremlin Horn","Pen Nib","OrangePellets","Footwork","Whetstone","Nunchaku","Onion Ring","Grinning Jar","ReplayTheSpireMod:Shallot","Paper Crane","Pear","Snack Pack","Prepared","Replay:Bottled Snecko","Vajra","Replay:Bottled Eggs"],"campfire_rested":0,"item_purchase_floors":[2,2,2,2,2,2,2,22,22,22,46,46,46,46,46,55,55,55,55,55,55,55,55,55,55,55,55,55,55,55,55,55],"current_hp_per_floor":[120,130,140,150,160,170,180,190,200,210,220,230,240,190,204,218,228,242,291,305,319,329,339,353,363,374,384,394,404,414,424,434,444,454,464,474,484,494,504,514,524,534,544,554,578,588,605,615,625,635,645,655,665,675,698,708,718],"gold":94,"neow_bonus":"RANDOM_COMMON_RELIC","is_daily":false,"chose_seed":false,"campfire_upgraded":4,"win_rate":0.0,"timestamp":1611051815,"path_taken":["M","$","M","M","M","R","E","M","T","PTL","PTL","M","E","?","?","E","R","BOSS","M","M","$","?","M","R","?","E","T","E","R","E","E","E","R","BOSS","M","?","?","M","M","E","M","E","T","$","M","E","M","E","R","BOSS","R","$","E","BOSS"],"items_purchased_type":["Relic","Card","Relic","Relic","Relic","Card","Card","Relic","Relic","Relic","Relic","Relic","Relic","Relic","Relic","Relic","Relic","Relic","Relic","Card","Relic","Relic","Relic","Relic","Relic","Relic","Relic","Relic","Card","Relic","Relic","Relic"],"build_version":"2020-12-22","purchased_purges":25,"victory":true,"max_hp_per_floor":[120,130,140,150,160,170,180,190,200,210,220,230,240,250,264,274,284,294,304,314,324,334,344,354,364,374,384,394,404,414,424,434,444,454,464,474,484,494,504,514,524,534,544,554,578,588,605,615,625,635,645,655,665,675,698,708,718],"card_choices":[{"not_picked":["Outmaneuver","Dodge and Roll","PiercingWail"],"picked":"SKIP","floor":1.0},{"not_picked":["Bouncing Flask","Outmaneuver"],"picked":"Sucker Punch","floor":2.0},{"not_picked":["Bane","Deadly Poison"],"picked":"After Image","floor":2.0},{"not_picked":["Skewer","Prepared"],"picked":"Cloak And Dagger","floor":2.0},{"not_picked":["PiercingWail","Bane"],"picked":"Quick Slash","floor":2.0},{"not_picked":["Sucker Punch","Poison Darts"],"picked":"Blur","floor":2.0},{"not_picked":["ReplayTheSpireMod:Speed Training","Slice"],"picked":"Cloak And Dagger","floor":3.0},{"not_picked":["Outmaneuver","Flechettes"],"picked":"Acrobatics","floor":4.0},{"not_picked":["Deflect","Calculated Gamble"],"picked":"Cloak And Dagger","floor":5.0},{"not_picked":["Expertise","Outmaneuver","Noxious Fumes"],"picked":"SKIP","floor":7.0},{"not_picked":["Deflect","Deadly Poison"],"picked":"Backflip","floor":8.0},{"not_picked":["Flechettes","Backstab","Dagger Throw"],"picked":"SKIP","floor":12.0},{"not_picked":["Fluid Movement","Dash","Flechettes"],"picked":"SKIP","floor":13.0},{"not_picked":["Poison Darts","Fluid Movement"],"picked":"Infinite Blades","floor":16.0},{"not_picked":["Malaise","Wraith Form v2"],"picked":"Envenom","floor":18.0},{"not_picked":["Deadly Poison","Underhanded Strike"],"picked":"Backflip","floor":20.0},{"not_picked":["ReplayTheSpireMod:Exploit Weakness","Draining Mist","Dagger Spray+1"],"picked":"SKIP","floor":21.0},{"not_picked":["Caltrops+1","Cloak And Dagger","Flying Knee"],"picked":"SKIP","floor":24.0},{"not_picked":["Backflip","Dash"],"picked":"Cloak And Dagger+1","floor":26.0},{"not_picked":["Night Terror","Escape Plan","Finisher"],"picked":"SKIP","floor":27.0},{"not_picked":["ReplayTheSpireMod:Speed Training","Acrobatics"],"picked":"Prepared","floor":29.0},{"not_picked":["Backstab","Dagger Throw"],"picked":"Storm of Steel","floor":31.0},{"not_picked":["Prepared","PiercingWail","Caltrops"],"picked":"SKIP","floor":32.0},{"not_picked":["Expertise+1","Reflex"],"picked":"Hidden Blade","floor":33.0},{"not_picked":["Glass Knife","Venomology"],"picked":"Bullet Time","floor":35.0},{"not_picked":["Calculated Gamble+1","ReplayTheSpireMod:Exploit Weakness"],"picked":"ReplayTheSpireMod:Scrap Shanks+1","floor":37.0},{"not_picked":["Discovery","Finesse"],"picked":"Crow Ritual","floor":38.0},{"not_picked":["Dagger Throw","Sucker Punch","PiercingWail"],"picked":"SKIP","floor":40.0},{"not_picked":["Expertise","All Out Attack","ReplayTheSpireMod:Exploit Weakness+1"],"picked":"SKIP","floor":41.0},{"not_picked":["Calculated Gamble+1","ReplayTheSpireMod:Exploit Weakness"],"picked":"Acrobatics+1","floor":42.0},{"not_picked":["Deflect+1","Choke","Underhanded Strike"],"picked":"SKIP","floor":43.0},{"not_picked":["Cloak And Dagger","Slice"],"picked":"Backflip","floor":44.0},{"not_picked":["Blade Dance+1","Quick Slash","Phantasmal Killer"],"picked":"SKIP","floor":47},{"not_picked":["PiercingWail+1","Dagger Spray+1","Masterful Stab"],"picked":"SKIP","floor":48},{"not_picked":["ReplayTheSpireMod:The Works","Outmaneuver"],"picked":"Blur+1","floor":49},{"not_picked":["ReplayTheSpireMod:From All Sides","Cloak And Dagger+1","Slice+1"],"picked":"SKIP","floor":50},{"not_picked":["Prepared","Riddle With Holes","Wraith Form v2"],"picked":"SKIP","floor":56}],"player_experience":70926,"relics_obtained":[{"floor":7.0,"key":"Mirror"},{"floor":9.0,"key":"Bottled Lightning"},{"floor":13.0,"key":"Tough Bandages"},{"floor":14.0,"key":"Chameleon Ring"},{"floor":16.0,"key":"ReplayTheSpireMod:TigerMarble"},{"floor":27.0,"key":"WingedGreaves"},{"floor":27.0,"key":"Byrd Skull"},{"floor":29.0,"key":"Replay:Accelerometer"},{"floor":29.0,"key":"Oddly Smooth Stone"},{"floor":31.0,"key":"MawBank"},{"floor":31.0,"key":"Du-Vu Doll"},{"floor":32.0,"key":"Mercury Hourglass"},{"floor":32.0,"key":"Thread and Needle"},{"floor":33.0,"key":"Bronze Scales"},{"floor":33.0,"key":"Blue Doll"},{"floor":36.0,"key":"Art of War"},{"floor":36.0,"key":"Pantograph"},{"floor":36.0,"key":"Girya"},{"floor":42.0,"key":"Omamori"},{"floor":42.0,"key":"Regal Pillow"},{"floor":44.0,"key":"Bottled Tornado"},{"floor":44.0,"key":"Dream Catcher"},{"floor":45.0,"key":"Mango"},{"floor":48,"key":"The Courier"},{"floor":48,"key":"Old Coin"},{"floor":50,"key":"Boot"},{"floor":50,"key":"Ginger"},{"floor":56,"key":"Replay:Rubber Ducky"},{"floor":56,"key":"White Beast Statue"}],"event_choices":[{"damage_healed":0.0,"max_hp_gain":0.0,"max_hp_loss":0.0,"gold_gain":0.0,"event_name":"Accursed Blacksmith","player_choice":"Forge","floor":23.0,"gold_loss":0.0,"damage_taken":0.0,"cards_upgraded":["Backflip"]},{"damage_healed":0.0,"max_hp_gain":0.0,"max_hp_loss":0.0,"gold_gain":0.0,"event_name":"SensoryStone","player_choice":"Memory 1","floor":38.0,"gold_loss":0.0,"damage_taken":0.0},{"damage_healed":0.0,"max_hp_gain":0.0,"max_hp_loss":0.0,"gold_gain":0.0,"event_name":"Tomb of Lord Red Mask","player_choice":"Ignored","floor":39.0,"gold_loss":0.0,"damage_taken":0.0}],"is_beta":false,"boss_relics":[{"not_picked":["Kintsugi","energizedSpire:MagnifyingGlass"],"picked":"Black Star"},{"not_picked":["ChewingGum","Ring of Chaos"],"picked":"Calling Bell"}],"items_purged_floors":[2,2,2,2,2,2,2,2,2,2,2,2,22,22,22,22,46,46,46,46,46,46,46,46,46],"is_endless":false,"potions_floor_spawned":[5,7,12,16,24,29,32,33,35,40,42,43,47,49,56],"ascension_level":7}}