{"host":"konjmgczbcns2r3g","time":1611100063,"event":{"mods":["AchievementEnabler","BaseMod","Chen","Colored Powertips","Hermit","Infinite Spire","Koishi","Marisa????????","Minty Spire (QoL Compilation)","Replay The Spire","StSLib","The Cursed","The Gatherer","The Necromancer","The Servant 0.9.4"],"gold_per_floor":[114,134,151,151,164,164,164,193,193,226,7,7,7,33,33,130,130,140,156,166,126,139,168,188,3,3,18,18,49,67,67,67,166,166,187,236,55,55,77,113,133,133,186,229,229,257,285,324,324,324,324,324,1,30,30],"floor_reached":56,"language":"ENG","playtime":5393,"items_purged":[],"score":1500,"play_id":"b445c6ae-daf6-490a-82b1-43e1f714cd37","local_time":"20210119184743","is_ascension_mode":true,"campfire_choices":[{"floor":6.0,"key":"REST"},{"floor":12.0,"key":"REST"},{"data":"BestPractice","floor":15.0,"key":"SMITH"},{"floor":28.0,"key":"RECALL"},{"data":"TimeTheft","floor":32.0,"key":"SMITH"},{"data":"Duplication","floor":45,"key":"SMITH"},{"data":"Madness","floor":49,"key":"SMITH"},{"data":"Moondial","floor":52,"key":"SMITH"}],"circlet_count":0,"master_deck":["Strike_S","Strike_S","Strike_S","Strike_S","Defend_S","Defend_S","Defend_S","Defend_S","KidneyShot","Exchange","SoulSculpture+1","Advance","Moondial+1","Potential","Moondial","ShiftingGears","Luminosity","InstantArmor","Foresight","Potential","Moonlight","ShiftingGears","Misdirection","BestPractice+1","Embodiment","Misdirection","WasteNot+1","Moondial+1","TimeWarp","Potential+1","Ricochet+1","SurpressingFire","Spin+1","TimeTheft+1","Duplication+1","Sabotage","Sabotage+1","SilverBlades","Madness+1","Madness","FastForward+1","SilverBlades","DualDimension+1","Trip"],"relics":["SplendidAttire","Replay:Ringing Soul","Quantum Egg","Ginger","Replay:Bottled Snecko","Orrery","Snack Pack","Replay:Grab Bag","infinitespire:Cupcake","Painkiller Herb","SacredBark","infinitespire:Lychee Nut","Happy Flower","Pen Nib","PreservedInsect","infinitespire:EvilPickle","Lee\u0027s Waffle","Replay:PocketPolymizer","Replay:Accelerometer","BranchBurnRelic","Anchor","ReplayTheSpireMod:Ninjato"],"acts_visited":["Exordium","TheCity","TheBeyond","TheEnding"],"potions_floor_usage":[44,50,55,55],"damage_taken":[{"damage":2.0,"enemies":"Cultist","floor":1.0,"turns":3.0},{"damage":2.0,"enemies":"Small Slimes","floor":2.0,"turns":4.0},{"damage":0.0,"enemies":"2 Louse","floor":3.0,"turns":2.0},{"damage":28.0,"enemies":"Lots of Slimes","floor":5.0,"turns":4.0},{"damage":16.0,"enemies":"Replay:BlueRogue","floor":8.0,"turns":5.0},{"damage":0.0,"enemies":"Lagavulin","floor":10.0,"turns":2.0},{"damage":7.0,"enemies":"Replay:BlueRogue","floor":14.0,"turns":3.0},{"damage":0.0,"enemies":"The Guardian","floor":16.0,"turns":7.0},{"damage":4.0,"enemies":"Chosen","floor":18.0,"turns":4.0},{"damage":0.0,"enemies":"Shell Parasite","floor":19.0,"turns":4.0},{"damage":0.0,"enemies":"Centurion and Healer","floor":20.0,"turns":6.0},{"damage":3.0,"enemies":"Chosen and Byrds","floor":22.0,"turns":6.0},{"damage":18.0,"enemies":"Gremlin Leader","floor":23.0,"turns":5.0},{"damage":14.0,"enemies":"Sentry and Sphere","floor":24.0,"turns":6.0},{"damage":1.0,"enemies":"Shelled Parasite and Fungi","floor":27.0,"turns":3.0},{"damage":0.0,"enemies":"Book of Stabbing","floor":29.0,"turns":3.0},{"damage":0.0,"enemies":"Snake Plant","floor":30.0,"turns":2.0},{"damage":0.0,"enemies":"Pondfish","floor":33.0,"turns":8.0},{"damage":4.0,"enemies":"Orb Walker","floor":35.0,"turns":3.0},{"damage":15.0,"enemies":"2 Orb Walkers","floor":36.0,"turns":2.0},{"damage":0,"enemies":"3 Shapes","floor":39,"turns":1},{"damage":27,"enemies":"Nemesis","floor":40,"turns":5},{"damage":18,"enemies":"Sphere and 2 Shapes","floor":41,"turns":4},{"damage":0,"enemies":"Giant Head","floor":44,"turns":8},{"damage":6,"enemies":"Transient","floor":46,"turns":5},{"damage":2,"enemies":"Spire Growth","floor":47,"turns":3},{"damage":0,"enemies":"3 Darklings","floor":48,"turns":4},{"damage":15,"enemies":"Time Eater","floor":50,"turns":12},{"damage":33,"enemies":"Shield and Spear","floor":54,"turns":6},{"damage":104,"enemies":"The Heart","floor":55,"turns":8}],"seed_played":"-274274116439963880","potions_obtained":[{"floor":1.0,"key":"GamblersBrew"},{"floor":2.0,"key":"Death Potion"},{"floor":10.0,"key":"Strength Potion"},{"floor":18.0,"key":"ColorlessPotion"},{"floor":23.0,"key":"LiquidMemories"},{"floor":33.0,"key":"SkillPotion"},{"floor":35.0,"key":"Toxic Potion"},{"floor":39,"key":"Reflective Coating"},{"floor":46,"key":"GamblersBrew"},{"floor":48,"key":"Milkshake"}],"is_trial":false,"path_per_floor":["M","M","M","T","M","R","?","E","T","E","$","R","?","E","R","B",null,"?","?","?","?","?","E","?","T","T","?","T","E","?","?","T","B",null,"?","?","T","?","?","E","?","?","T","E","T","?","?","?","T","B",null,"T","T","E","B",null],"character_chosen":"THE_SERVANT","items_purchased":["InstantArmor","Orrery","Happy Flower","SurpressingFire","Lee\u0027s Waffle","SilverBlades","Anchor","Trip","LiquidBronze"],"campfire_rested":2,"item_purchase_floors":[11,11,25,25,37,37,53,53,53],"current_hp_per_floor":[63,61,61,61,36,56,61,48,48,51,54,78,78,74,74,81,88,87,92,97,97,99,78,67,70,70,79,79,90,90,90,90,93,93,92,85,109,98,101,86,81,81,81,89,89,95,107,120,120,119,121,121,124,106,12],"gold":30,"neow_bonus":"ONE_RANDOM_RARE_CARD","is_daily":false,"chose_seed":false,"campfire_upgraded":5,"win_rate":0.0,"timestamp":1611100063,"path_taken":["M","M","M","?","M","R","?","E","T","E","$","R","?","E","R","BOSS","?","?","?","?","?","E","?","T","T","?","T","E","?","?","T","BOSS","?","?","T","?","?","E","?","?","T","E","T","?","?","?","T","BOSS","T","T","E","BOSS"],"items_purchased_type":["Card","Relic","Relic","Card","Relic","Card","Relic","Card","Potion"],"build_version":"2020-12-22","purchased_purges":0,"victory":true,"max_hp_per_floor":[65,65,65,65,68,68,73,76,76,79,82,82,82,85,85,88,88,91,94,97,97,100,78,81,84,84,87,87,90,90,90,90,93,93,96,99,109,112,112,112,115,115,115,115,115,115,118,121,121,121,121,121,124,124,124],"card_choices":[{"not_picked":["Rewind","Replace"],"picked":"Advance","floor":1.0},{"not_picked":["Rewind","TimeWarp"],"picked":"Moondial","floor":2.0},{"not_picked":["Rearm","Alleviate"],"picked":"Potential","floor":3.0},{"not_picked":["Spin","Dilation"],"picked":"Moondial","floor":5.0},{"not_picked":["Unruled","SpecialFormula"],"picked":"ShiftingGears","floor":8.0},{"not_picked":["DoubleEdge","FastForward"],"picked":"Luminosity","floor":10.0},{"not_picked":["Snipe","Unruled"],"picked":"Foresight","floor":11.0},{"not_picked":["BestPractice","Ricochet"],"picked":"Potential","floor":11.0},{"not_picked":["PendulumOfEternity","Rewind"],"picked":"Moonlight","floor":11.0},{"not_picked":["Alleviate","Spin"],"picked":"ShiftingGears","floor":11.0},{"not_picked":["Rearm","DoubleEdge"],"picked":"Misdirection","floor":11.0},{"not_picked":["Advance","DoubleEdge"],"picked":"BestPractice","floor":14.0},{"not_picked":["Deny","Initiator"],"picked":"Embodiment","floor":16.0},{"not_picked":["Shuttle","Potential"],"picked":"Misdirection","floor":18.0},{"not_picked":["Spin","Unruled"],"picked":"WasteNot+1","floor":19.0},{"not_picked":["FanOfKnives+1","Alleviate"],"picked":"Moondial+1","floor":20.0},{"not_picked":["Starlight","Unruled"],"picked":"TimeWarp","floor":22.0},{"not_picked":["StarChef","DoubleEdge"],"picked":"Potential+1","floor":23.0},{"not_picked":["Luminosity","ShiftingGears+1"],"picked":"Ricochet+1","floor":24.0},{"not_picked":["KillingDoll","Revamp"],"picked":"Spin+1","floor":27.0},{"not_picked":["FastForward","Alleviate"],"picked":"TimeTheft","floor":29.0},{"not_picked":["Rewind","Starlight","Replace"],"picked":"SKIP","floor":30.0},{"not_picked":["ForgedInTime","Deny"],"picked":"Duplication","floor":33.0},{"not_picked":["TimeWarp","Starlight+1"],"picked":"Sabotage","floor":35.0},{"not_picked":["Replace","Moonlight"],"picked":"Sabotage+1","floor":36.0},{"not_picked":["SpecialFormula+1","BottledTime+1","Shuttle"],"picked":"SKIP","floor":39},{"not_picked":["RealityMarble+1","SpecialFormula","Alleviate"],"picked":"SKIP","floor":40},{"not_picked":["Spin","Deadline"],"picked":"FastForward+1","floor":41},{"not_picked":["TimeTheft","WasteNot","Foresight+1"],"picked":"SKIP","floor":44},{"not_picked":["Moondial","MoonPhase+1","Spin+1"],"picked":"SKIP","floor":46},{"not_picked":["KillingDoll","MoonPhase+1"],"picked":"SilverBlades","floor":47},{"not_picked":["Spin+1","Revamp"],"picked":"DualDimension+1","floor":48},{"not_picked":["Replace","Rearm+1","Alleviate"],"picked":"SKIP","floor":54}],"player_experience":345098,"relics_obtained":[{"floor":4.0,"key":"Replay:Ringing Soul"},{"floor":8.0,"key":"Quantum Egg"},{"floor":9.0,"key":"Ginger"},{"floor":10.0,"key":"Replay:Bottled Snecko"},{"floor":14.0,"key":"Snack Pack"},{"floor":23.0,"key":"infinitespire:Lychee Nut"},{"floor":26.0,"key":"Pen Nib"},{"floor":29.0,"key":"PreservedInsect"},{"floor":36.0,"key":"Dead Branch"},{"floor":40,"key":"Replay:PocketPolymizer"},{"floor":44,"key":"Replay:Accelerometer"},{"floor":54,"key":"ReplayTheSpireMod:Ninjato"}],"event_choices":[{"damage_healed":0.0,"max_hp_gain":5.0,"max_hp_loss":0.0,"gold_gain":0.0,"event_name":"Big Fish","player_choice":"Donut","floor":7.0,"gold_loss":0.0,"damage_taken":0.0},{"damage_healed":0.0,"max_hp_gain":0.0,"max_hp_loss":0.0,"gold_gain":0.0,"event_name":"Designer","player_choice":"Upgrade","floor":21.0,"gold_loss":40.0,"damage_taken":0.0,"cards_upgraded":["SoulSculpture"]},{"damage_healed":0.0,"max_hp_gain":0.0,"max_hp_loss":0.0,"gold_gain":0.0,"event_name":"Mysterious Sphere","player_choice":"Fight","floor":36.0,"gold_loss":0.0,"damage_taken":0.0},{"damage_healed":0,"gold_gain":0,"player_choice":"Embrace Madness","damage_taken":14,"max_hp_gain":0,"max_hp_loss":0,"event_name":"Winding Halls","floor":38,"gold_loss":0,"cards_obtained":["Madness","Madness"]}],"is_beta":false,"boss_relics":[{"not_picked":["Velvet Choker","ReplayTheSpireMod:DimensionalGlitch"],"picked":"Replay:Grab Bag"},{"not_picked":["Coffee Dripper","Busted Crown"],"picked":"infinitespire:Cupcake"},{"not_picked":["ReplayTheSpireMod:Onyx Gauntlets","Replay:Bronze Core"],"picked":"Painkiller Herb"},{"not_picked":["Snecko Eye","SlaversCollar"],"picked":"SacredBark"},{"not_picked":["Tiny House","Honey Jar"],"picked":"SplendidAttire"}],"items_purged_floors":[],"is_endless":false,"potions_floor_spawned":[1,2,10,18,23,33,35,39,46,48],"ascension_level":1}}