{"host":"i7jfea87xc8lz16p","time":1611084654,"event":{"mods":["AchievementEnabler","BaseMod","Colored Powertips","Minty Spire (QoL Compilation)","Relic Stats"],"gold_per_floor":[113,129,146,164,184,184,218,247,247,210,210,48,48,77,77,148,148,158,73,89,89,89],"floor_reached":21,"language":"ENG","playtime":2218,"items_purged":["Strike_P"],"score":528,"play_id":"7d20b613-aa88-4014-b7ac-fb336a99f61f","local_time":"20210119203054","is_ascension_mode":true,"campfire_choices":[{"data":"CrushJoints","floor":6,"key":"SMITH"},{"floor":11,"key":"REST"},{"data":"TalkToTheHand","floor":13,"key":"SMITH"},{"data":"Adaptation","floor":15,"key":"SMITH"}],"circlet_count":0,"master_deck":["AscendersBane","Strike_P+1","Strike_P","Strike_P","Defend_P","Defend_P","Defend_P","Defend_P","Eruption","Vigilance","Crescendo","FlyingSleeves+1","CrushJoints+1","FlurryOfBlows","CutThroughFate","TalkToTheHand+1","Adaptation+1","Omniscience","ThirdEye","JustLucky+1"],"relics":["PureWater","FossilizedHelix","Odd Mushroom","Yang","Whetstone","Runic Pyramid","Gambling Chip"],"acts_visited":["Exordium","TheCity"],"potions_floor_usage":[5,7,16,20,20],"damage_taken":[{"damage":9,"enemies":"Cultist","floor":1,"turns":4},{"damage":1,"enemies":"Small Slimes","floor":2,"turns":4},{"damage":2,"enemies":"Jaw Worm","floor":3,"turns":3},{"damage":18,"enemies":"3 Louse","floor":4,"turns":3},{"damage":0,"enemies":"2 Fungi Beasts","floor":5,"turns":2},{"damage":22,"enemies":"Lagavulin","floor":7,"turns":4},{"damage":0,"enemies":"The Mushroom Lair","floor":8,"turns":4},{"damage":0,"enemies":"Gremlin Nob","floor":14,"turns":3},{"damage":0,"enemies":"Hexaghost","floor":16,"turns":6},{"damage":0,"enemies":"Chosen","floor":18,"turns":5},{"damage":22,"enemies":"3 Byrds","floor":20,"turns":6},{"damage":48,"enemies":"Masked Bandits","floor":21,"turns":3}],"seed_played":"6861646343273663989","potions_obtained":[{"floor":1,"key":"BlessingOfTheForge"},{"floor":3,"key":"Fruit Juice"},{"floor":5,"key":"DuplicationPotion"},{"floor":16,"key":"Block Potion"},{"floor":18,"key":"BottledMiracle"}],"is_trial":false,"path_per_floor":["M","M","M","M","M","R","E","?","T","?","R","$","R","E","R","B",null,"M","?","M","?"],"character_chosen":"WATCHER","items_purchased":["TalkToTheHand"],"campfire_rested":1,"item_purchase_floors":[12],"current_hp_per_floor":[58,57,55,37,42,42,20,20,20,20,43,43,43,43,43,43,70,70,70,48,0,0],"gold":89,"neow_bonus":"TEN_PERCENT_HP_BONUS","is_daily":false,"chose_seed":false,"campfire_upgraded":3,"win_rate":0.0,"timestamp":1611084654,"path_taken":["M","M","M","M","?","R","E","?","T","?","R","$","R","E","R","BOSS","M","?","M","?"],"items_purchased_type":["Card"],"build_version":"2020-12-22","purchased_purges":1,"victory":false,"max_hp_per_floor":[74,74,74,74,79,79,79,79,79,79,79,79,79,79,79,79,79,79,79,79,79,79],"relic_stats":{"counters":[12,47],"Gambling Chip":[5],"Yang":[59],"Whetstone":["FlyingSleeves","Strike_P"],"obtain_stats":[{"Gambling Chip":19,"Yang":9,"Whetstone":14,"PureWater":0,"Odd Mushroom":8,"FossilizedHelix":7,"Runic Pyramid":17},{"Gambling Chip":10,"Yang":7,"Whetstone":8,"PureWater":0,"Odd Mushroom":7,"FossilizedHelix":6,"Runic Pyramid":9},{"Gambling Chip":38,"Yang":24,"Whetstone":27,"PureWater":0,"Odd Mushroom":24,"FossilizedHelix":20,"Runic Pyramid":33}]},"card_choices":[{"not_picked":["PathToVictory","Indignation"],"picked":"Crescendo","floor":1},{"not_picked":["Prostrate","Halt","PathToVictory"],"picked":"SKIP","floor":2},{"not_picked":["Protect","Prostrate"],"picked":"FlyingSleeves","floor":3},{"not_picked":["Evaluate","Nirvana"],"picked":"CrushJoints","floor":4},{"not_picked":["FollowUp","Swivel"],"picked":"FlurryOfBlows","floor":5},{"not_picked":["CarveReality","Wireheading"],"picked":"CutThroughFate","floor":7},{"not_picked":["MentalFortress","PathToVictory"],"picked":"Adaptation","floor":14},{"not_picked":["Brilliance","ConjureBlade"],"picked":"Omniscience","floor":16},{"not_picked":["BowlingBash","BattleHymn"],"picked":"ThirdEye","floor":18},{"not_picked":["FlurryOfBlows","Halt"],"picked":"JustLucky+1","floor":20}],"player_experience":1827139,"relics_obtained":[{"floor":7,"key":"FossilizedHelix"},{"floor":8,"key":"Odd Mushroom"},{"floor":9,"key":"Yang"},{"floor":14,"key":"Whetstone"}],"event_choices":[{"damage_healed":0,"gold_gain":0,"player_choice":"Fought Mushrooms","damage_taken":0,"max_hp_gain":0,"max_hp_loss":0,"event_name":"Mushrooms","floor":8,"gold_loss":0},{"damage_healed":0,"gold_gain":0,"player_choice":"Left Gold","damage_taken":0,"max_hp_gain":0,"max_hp_loss":0,"event_name":"World of Goop","floor":10,"gold_loss":37},{"damage_healed":0,"gold_gain":0,"player_choice":"Obtained Relic","damage_taken":0,"relics_obtained":["Gambling Chip"],"max_hp_gain":0,"max_hp_loss":0,"event_name":"Addict","floor":19,"gold_loss":85},{"damage_healed":0,"gold_gain":0,"player_choice":"Fought Bandits","damage_taken":0,"max_hp_gain":0,"max_hp_loss":0,"event_name":"Masked Bandits","floor":21,"gold_loss":0}],"is_beta":false,"boss_relics":[{"not_picked":["HolyWater","Empty Cage"],"picked":"Runic Pyramid"}],"items_purged_floors":[12],"is_endless":false,"potions_floor_spawned":[1,3,5,16,18],"killed_by":"Masked Bandits","ascension_level":20}}