{"host":"grkop1r5lnx8jmko","time":1611027818,"event":{"mods":["Act Like it!","Ascension Reborn","Aspiration","BaseMod","Beaked The Cultist","Better Note","BetterRewards","Block Reminder","Card Filter","Colored Map","Custom Start","Defuse TimeMaze Blight","Elementarium","Emptier Cage","Energized Spire","Friendly Minions","Gensokyo","GifTheSpireLib","Googly Eyes","Gremlin Mod","Hallownest","Hermit","Highlight Path","Hubris","Infinite Spire","Jorbs\u0027s Wanderer Trilogy","Koishi","Marisa????????","Mimic Mod","Minty Spire (QoL Compilation)","Pale of the Ancients","Permanent Neow","Quick Restart","Random Character Button","Rare Cards Sparkle","Relic Filter","Replay The Spire","SacredBarkPlus","Shop Mod","Small Relic Pack","StSLib","The Animator","The Bug Knight","The Construct","The Cursed","The Disciple","The Hierophant","The Runesmith","The Servant 0.9.4","Unceasing Turn Reminder","Waifu the Spire","[IsaacMod]????","egg","everything is the same but u backflip on backflip","slay the spire mod where everything is the same but ironclad has a cowboy hat"],"gold_per_floor":[112,128,128,128,140,140,158,189,227,227,238,252,137,137,137,235,235,252,252,373,390,390,421,421,421,458,487,504,504,504,32,32,137,137,149,149,166,166,214,214,214,352,352,482,582,695,786,786,786,849,849,974],"floor_reached":53,"language":"ENG","playtime":4897,"items_purged":[],"score":910,"play_id":"b73d683b-5c3f-4ba1-9afd-e390430fe4e9","local_time":"20210119144338","is_ascension_mode":true,"campfire_choices":[{"data":"HollowMod:FocusHealStart","floor":6,"key":"SMITH"},{"data":"HollowMod:HornetsHelp","floor":10,"key":"SMITH"},{"data":"HollowMod:PureNailStrike","floor":15,"key":"SMITH"},{"data":"HollowMod:CycloneSlash","floor":25,"key":"SMITH"},{"floor":30,"key":"REST"},{"floor":32,"key":"REST"},{"data":"HollowMod:SlysStrikes","floor":43,"key":"SMITH"}],"circlet_count":0,"master_deck":["HollowMod:NailStrikeStart","HollowMod:NailStrikeStart","HollowMod:NailStrikeStart","HollowMod:QuickDashStart","HollowMod:QuickDashStart","HollowMod:QuickDashStart","HollowMod:QuickDashStart","HollowMod:FocusHealStart+1","HollowMod:PogoStrike+1","HollowMod:PureNailStrike+1","HollowMod:SoulStrike","HollowMod:HornetsHelp+1","HollowMod:FallenFury","HollowMod:SoulEater+1","HollowMod:LifebloodCore","relicPack:ZaWorld","HollowMod:SiblingsSouls+1","HollowMod:CycloneSlash+1","HollowMod:PureVessel","HollowMod:DoubleDash+1","HollowMod:SoulMaster","HollowMod:AwokenDreamNail","HollowMod:SlysStrikes+1","AbeCurse","HollowMod:ChannelNail+1","HollowMod:PerfectDash+1","HollowMod:CloakDash"],"relics":["HollowMod:VesselMask","HushsDoor","MoneyPower","hierophant:PropheticMaskRelic","Blue Doll","Smiling Mask","MerchantsRug","Sozu","infinitespire:EmpoweringShard","HollowMod:MillibellesNoteRelic","infinitespire:Bottled Soul","Mirror","aspiration:FrozenJewel","Abe\u0027s Treasure","Replay:Bandana","energizedSpire:MagnifyingGlass","Bronze Scales","aspiration:ArtOfWarUpgrade"],"acts_visited":["Hallownest:Greenpath","Hallownest:CityofTears","Hallownest:KingdomsEdge"],"potions_floor_usage":[18],"damage_taken":[{"damage":3,"enemies":"Hallownest:monsterHuskGuard","floor":1,"turns":4},{"damage":5,"enemies":"Hallownest:2_Tiktiks_and_1_Crawlid","floor":2,"turns":4},{"damage":0,"enemies":"Hallownest:2_Baldur","floor":5,"turns":4},{"damage":3,"enemies":"Hallownest:monsterFoolEater","floor":7,"turns":4},{"damage":16,"enemies":"Hallownest:eliteMossKnight","floor":8,"turns":8},{"damage":0,"enemies":"Hallownest:monsterMossCharger","floor":9,"turns":6},{"damage":0,"enemies":"Hallownest:monsterMossCharger","floor":11,"turns":4},{"damage":8,"enemies":"Hallownest:1_Baldur_1_Crawlid_1_Warrior","floor":12,"turns":4},{"damage":53,"enemies":"Hallownest:BossFalseKnight","floor":16,"turns":10},{"damage":20,"enemies":"Hallownest:3_Youths","floor":18,"turns":9},{"damage":20,"enemies":"Hallownest:2_Mistakes","floor":21,"turns":8},{"damage":0,"enemies":"Hallownest:Nosk","floor":23,"turns":7},{"damage":6,"enemies":"Hallownest:monsterShrumalOgre","floor":26,"turns":5},{"damage":14,"enemies":"Hallownest:eliteSoulWarrior","floor":27,"turns":6},{"damage":2,"enemies":"Hallownest:monsterShrumalOgre","floor":28,"turns":3},{"damage":29,"enemies":"Hallownest:BossSoulMaster","floor":33,"turns":12},{"damage":9,"enemies":"Hallownest:Shield_Heavy","floor":35,"turns":5},{"damage":27,"enemies":"Hallownest:2_Littles","floor":37,"turns":6},{"damage":13,"enemies":"Hallownest:monsterPrimalAspid","floor":39,"turns":4},{"damage":9,"enemies":"Hallownest:StalkingDevout","floor":42,"turns":8},{"damage":0,"enemies":"Hallownest:eliteCollector","floor":44,"turns":8},{"damage":0,"enemies":"Hallownest:2_Wing_and_1_Kings","floor":45,"turns":7},{"damage":0,"enemies":"Hallownest:2_Wing_and_1_Kings","floor":47,"turns":6},{"damage":12,"enemies":"Hallownest:2_Soldiers_and_1_Guardian","floor":50,"turns":5},{"damage":25,"enemies":"Hallownest:BossGreyPrinceZote","floor":52,"turns":14}],"seed_played":"-6735771254637748480","potions_obtained":[{"floor":5,"key":"Explosive Potion"},{"floor":8,"key":"Reflective Coating"},{"floor":11,"key":"GamblersBrew"}],"is_trial":false,"path_per_floor":["M","M","?","$","M","R","M","E","MIM","R","M","M","$","?","R","B",null,"M","?","$","M","AVR","E","?","R","MIM","E","M","?","R","$","R","B",null,"M","?","M","AVR","M","PTL","PTL","E","R","E","MIM","$","M","R","?","M","R","B",null],"character_chosen":"THE_BUGKNIGHT","items_purchased":["MerchantsRug","HollowMod:AwokenDreamNail","Strawberry","aspiration:FrozenJewel"],"campfire_rested":2,"item_purchase_floors":[13,31,31,31],"current_hp_per_floor":[75,70,70,70,75,75,75,65,71,71,75,73,73,73,73,20,75,55,55,55,35,35,41,41,41,45,31,29,14,36,43,67,38,82,73,81,54,54,47,47,47,48,48,58,64,64,70,70,70,58,58,45],"gold":974,"neow_bonus":"NOSTALGIA","is_daily":false,"chose_seed":false,"campfire_upgraded":5,"win_rate":0.0,"timestamp":1611027818,"path_taken":["M","M","?","$","?","R","M","E","MIM","R","M","?","?","?","R","BOSS","M","?","$","M","AVR","E","?","R","MIM","E","M","?","R","$","R","BOSS","M","?","M","AVR","M","PTL","PTL","E","R","E","MIM","$","M","R","?","M","R","BOSS"],"items_purchased_type":["Relic","Card","Relic","Relic"],"build_version":"2020-12-22","purchased_purges":0,"victory":true,"max_hp_per_floor":[75,75,75,75,75,75,75,75,75,75,75,75,75,75,75,75,75,75,75,75,75,75,75,75,75,75,75,75,75,75,82,82,82,82,82,82,82,82,82,82,82,82,82,82,82,82,82,82,82,82,82,82],"card_choices":[{"not_picked":["HollowMod:TaintedHusks","HollowMod:DungDefenderAura"],"picked":"HollowMod:PureNailStrike","floor":1},{"not_picked":["HollowMod:GreatSlash","HollowMod:CornifersMapStart"],"picked":"HollowMod:SoulStrike","floor":2},{"not_picked":["HollowMod:CornifersMapStart","HollowMod:AbyssShriek"],"picked":"HollowMod:HornetsHelp","floor":5},{"not_picked":["HollowMod:CornifersMapStart","HollowMod:VengefulVoid","HollowMod:LordofShades"],"picked":"SKIP","floor":7},{"not_picked":["HollowMod:ShapeofUnn","HollowMod:MonomonsArchive"],"picked":"HollowMod:FallenFury","floor":8},{"not_picked":["HollowMod:ShadowDash","HollowMod:DashSlash","HollowMod:SiblingsSouls"],"picked":"SKIP","floor":11},{"not_picked":["HollowMod:NewLittleFool","HollowMod:GoodIntentions"],"picked":"HollowMod:SoulEater","floor":12},{"not_picked":["HollowMod:LordofShades","HollowMod:HornetsHelp"],"picked":"HollowMod:LifebloodCore","floor":16},{"not_picked":["HollowMod:TaintedHusks","HollowMod:DescendingDark"],"picked":"HollowMod:SiblingsSouls+1","floor":18},{"not_picked":["HollowMod:GrimmsGift","HollowMod:CrystalDash+1"],"picked":"HollowMod:CycloneSlash","floor":21},{"not_picked":["HollowMod:NewGlowingWomb","HollowMod:TaintedHusks"],"picked":"HollowMod:PureVessel","floor":23},{"not_picked":["HollowMod:InfectedCysts","HollowMod:ChannelNail"],"picked":"HollowMod:DoubleDash+1","floor":27},{"not_picked":["HollowMod:SoulSplash+1","HollowMod:LifebloodCocoon"],"picked":"HollowMod:SoulMaster","floor":28},{"not_picked":["HollowMod:SoulMaster","HollowMod:HerrahsAnger"],"picked":"HollowMod:SlysStrikes","floor":33},{"not_picked":["HollowMod:HeavyBlow","HollowMod:SharpenedNail"],"picked":"HollowMod:ChannelNail+1","floor":35},{"not_picked":["HollowMod:Grubsong","HollowMod:LifebloodCocoon+1"],"picked":"HollowMod:PerfectDash+1","floor":37},{"not_picked":["HollowMod:SoulEater+1","HollowMod:ShadowDash+1"],"picked":"HollowMod:CloakDash","floor":39},{"not_picked":["HollowMod:InfectedCysts","HollowMod:InfectedAttack+1","HollowMod:SiblingsShadow+1"],"picked":"SKIP","floor":42},{"not_picked":["HollowMod:NewJinnsSoul+1","HollowMod:ZotesMagnificence","HollowMod:DungDefenderAura"],"picked":"SKIP","floor":44},{"not_picked":["HollowMod:FallenFury+1","HollowMod:ShadowDash+1","HollowMod:SharpenedNail"],"picked":"SKIP","floor":47},{"not_picked":["HollowMod:SoulStrike+1","HollowMod:TaintedHusks+1","HollowMod:GoodIntentions"],"picked":"SKIP","floor":50}],"player_experience":280789,"relics_obtained":[{"floor":8,"key":"Blue Doll"},{"floor":9,"key":"Smiling Mask"},{"floor":23,"key":"HollowMod:MillibellesNoteRelic"},{"floor":26,"key":"infinitespire:Bottled Soul"},{"floor":27,"key":"Mirror"},{"floor":42,"key":"Bronze Scales"},{"floor":44,"key":"Art of War"},{"floor":45,"key":"Prayer Wheel"}],"event_choices":[],"is_beta":false,"boss_relics":[{"not_picked":["hubris:ScarierMask","aspiration:SecretTechniqueScroll"],"picked":"relicPack:StarArrow"},{"not_picked":[]},{"not_picked":["Cursed Key","Calling Bell"],"picked":"Abe\u0027s Treasure"},{"not_picked":[]}],"items_purged_floors":[],"is_endless":false,"potions_floor_spawned":[5,8,11,23,33,35,37,47,50],"ascension_level":1}}