{"host":"f9ntswufr8mq3t4y","time":1611087908,"event":{"mods":["AchievementEnabler","BaseMod","Best Route Mod","Block Reminder","Colored Map","Colored Powertips","DeckTracker","Highlight Path","Minty Spire (QoL Compilation)","Permanent Neow","Quick Restart"],"gold_per_floor":[361,361,361,3,3,34,34,47,72,72,72,91,126,126,126,225,225,236,236,91,131,131,131],"floor_reached":22,"language":"ENG","playtime":1073,"items_purged":[],"score":253,"play_id":"ca1153cc-372f-4cf5-b239-0a33557d0356","local_time":"20210119232508","is_ascension_mode":true,"campfire_choices":[{"data":"LikeWater","floor":7.0,"key":"SMITH"},{"floor":10.0,"key":"REST"},{"data":"Wireheading","floor":15.0,"key":"SMITH"}],"circlet_count":0,"master_deck":["Eruption","Vigilance","LikeWater+1","LikeWater","SandsOfTime","Wireheading+1","Scrawl","Indignation","Weave","SandsOfTime","Alpha","Weave","Wish","EmptyBody","Perseverance","LikeWater"],"relics":["PureWater","TungstenRod","Mercury Hourglass","Tiny Chest","Regal Pillow","Juzu Bracelet","Pear","Pandora\u0027s Box","Girya","OrangePellets"],"acts_visited":["Exordium","TheCity"],"potions_floor_usage":[22],"damage_taken":[{"damage":8.0,"enemies":"Small Slimes","floor":1.0,"turns":4.0},{"damage":9.0,"enemies":"3 Sentries","floor":6.0,"turns":8.0},{"damage":1.0,"enemies":"Jaw Worm","floor":8.0,"turns":3.0},{"damage":0.0,"enemies":"2 Louse","floor":12.0,"turns":1.0},{"damage":12.0,"enemies":"Gremlin Nob","floor":13.0,"turns":4.0},{"damage":39.0,"enemies":"Hexaghost","floor":16.0,"turns":10.0},{"damage":17.0,"enemies":"3 Byrds","floor":18.0,"turns":4.0},{"damage":10,"enemies":"Chosen","floor":21,"turns":6},{"damage":6,"enemies":"3 Cultists","floor":22,"turns":3}],"seed_played":"-5730211428179643991","potions_obtained":[{"floor":13.0,"key":"ColorlessPotion"},{"floor":16.0,"key":"Strength Potion"},{"floor":18.0,"key":"Explosive Potion"},{"floor":21,"key":"DuplicationPotion"}],"is_trial":false,"path_per_floor":["M","?","?","$","T","E","R","M","T","R","?","M","E","?","R","B",null,"M","T","$","M","M"],"character_chosen":"WATCHER","items_purchased":["TungstenRod","LikeWater","OrangePellets"],"campfire_rested":1,"item_purchase_floors":[4,4,20],"current_hp_per_floor":[64,69,54,54,54,45,45,44,44,77,77,77,65,61,61,22,87,70,70,70,60,54,54],"gold":131,"neow_bonus":"TWO_FIFTY_GOLD","is_daily":false,"chose_seed":false,"campfire_upgraded":2,"win_rate":0.0,"timestamp":1611087908,"path_taken":["M","?","?","$","?","E","R","M","T","R","?","?","E","?","R","BOSS","M","?","$","M","M"],"items_purchased_type":["Relic","Card","Relic"],"build_version":"2020-12-22","purchased_purges":0,"victory":false,"max_hp_per_floor":[72,77,77,77,77,77,77,77,77,77,77,77,77,87,87,87,87,87,87,87,87,87,87],"card_choices":[{"not_picked":["EmptyBody","CarveReality"],"picked":"LikeWater","floor":1.0},{"not_picked":["Halt","ThirdEye"],"picked":"SandsOfTime","floor":6.0},{"not_picked":["ReachHeaven","CarveReality"],"picked":"Wireheading","floor":8.0},{"not_picked":["Study","BowlingBash","InnerPeace"],"picked":"SKIP","floor":12.0},{"not_picked":["FollowUp","Protect","CutThroughFate"],"picked":"SKIP","floor":13.0},{"not_picked":["Omniscience","ConjureBlade"],"picked":"Scrawl","floor":16.0},{"not_picked":["SashWhip","EmptyFist","ClearTheMind"],"picked":"SKIP","floor":18.0},{"not_picked":["SignatureMove","Adaptation"],"picked":"LikeWater","floor":21}],"player_experience":356463,"relics_obtained":[{"floor":5.0,"key":"Mercury Hourglass"},{"floor":6.0,"key":"Tiny Chest"},{"floor":9.0,"key":"Regal Pillow"},{"floor":13.0,"key":"Juzu Bracelet"},{"floor":19.0,"key":"Girya"}],"event_choices":[{"damage_healed":0.0,"max_hp_gain":5.0,"max_hp_loss":0.0,"gold_gain":0.0,"event_name":"Big Fish","player_choice":"Donut","floor":2.0,"gold_loss":0.0,"damage_taken":0.0},{"damage_healed":0.0,"max_hp_gain":0.0,"max_hp_loss":0.0,"gold_gain":0.0,"event_name":"Shining Light","player_choice":"Entered Light","floor":3.0,"gold_loss":0.0,"damage_taken":15.0,"cards_upgraded":["Strike_P","Strike_P"]},{"cards_removed":["Clumsy"],"damage_healed":0.0,"max_hp_gain":0.0,"max_hp_loss":0.0,"gold_gain":0.0,"event_name":"Fountain of Cleansing","player_choice":"Removed Curses","floor":11.0,"gold_loss":0.0,"damage_taken":0.0},{"damage_healed":0.0,"max_hp_gain":0.0,"max_hp_loss":0.0,"gold_gain":0.0,"event_name":"Scrap Ooze","player_choice":"Success","floor":14.0,"gold_loss":0.0,"damage_taken":18.0,"relics_obtained":["Pear"]}],"is_beta":false,"boss_relics":[{"not_picked":["Runic Pyramid","Busted Crown"],"picked":"Pandora\u0027s Box"}],"items_purged_floors":[],"is_endless":false,"potions_floor_spawned":[13,16,18,21],"killed_by":"3 Cultists","ascension_level":4}}