{"host":"v417sqk9t447evpw","time":1611068505,"event":{"mods":["2.2 Compatiblity","AchievementEnabler","BaseMod","DeckTracker","Highlight Path","Keyboard Shortcuts","Minty Spire (QoL Compilation)","Permanent Neow","Quick Restart","Replay The Spire","StSLib"],"gold_per_floor":[118,193,193,38,55,55,72,72,72,72,92,112,126,143,143,218,218,233,1,12,12,12],"floor_reached":21,"language":"KOR","playtime":823,"items_purged":["Strike_B"],"score":346,"play_id":"d87181a7-1e5e-4b1d-874b-530ec817965f","local_time":"20210120000145","is_ascension_mode":true,"campfire_choices":[{"data":"Mirror Shield","floor":6.0,"key":"SMITH"},{"data":"ReplayGash","floor":8.0,"key":"SMITH"},{"data":"Zap","floor":10.0,"key":"SMITH"},{"floor":15,"key":"REST"}],"circlet_count":0,"master_deck":["AscendersBane","Strike_B","Strike_B","Defend_B","Defend_B","Defend_B","Defend_B","Zap+1","Dualcast+1","Sweeping Beam","Mirror Shield+1","ReplayGash+1","Time Bomb","Hologram","Consume","BootSequence","Gash","Machine Learning","Coolheaded"],"relics":["Cracked Core","Quantum Egg","Runic Pyramid","Replay:Frozen Program"],"acts_visited":["Exordium","TheCity"],"potions_floor_usage":[16],"damage_taken":[{"damage":2.0,"enemies":"Jaw Worm","floor":1.0,"turns":4.0},{"damage":0.0,"enemies":"Small Slimes","floor":5.0,"turns":3.0},{"damage":0.0,"enemies":"Cultist","floor":7.0,"turns":2.0},{"damage":26.0,"enemies":"Gremlin Gang","floor":11.0,"turns":4.0},{"damage":16.0,"enemies":"Large Slime","floor":12.0,"turns":5.0},{"damage":7,"enemies":"3 Louse","floor":13,"turns":3},{"damage":0,"enemies":"Exordium Thugs","floor":14,"turns":4},{"damage":27,"enemies":"Fading Forest","floor":16,"turns":13},{"damage":27,"enemies":"Spheric Guardian","floor":18,"turns":6},{"damage":25,"enemies":"2 Thieves","floor":20,"turns":4},{"damage":11,"enemies":"Shelled Parasite and Fungi","floor":21,"turns":1}],"seed_played":"9105677447952409311","potions_obtained":[{"floor":1.0,"key":"FearPotion"},{"floor":11.0,"key":"Flashbang"},{"floor":16,"key":"Cursed Concoction"}],"is_trial":false,"path_per_floor":["M","?","?","$","M","R","M","R","T","R","M","M","M","M","R","B",null,"M","$","M","M"],"character_chosen":"DEFECT","items_purchased":["Mirror Shield","Replay:Frozen Program"],"campfire_rested":1,"item_purchase_floors":[4,19],"current_hp_per_floor":[62,51,51,51,51,51,51,51,51,51,25,9,2,2,23,4,54,27,27,2,0,0],"gold":12,"neow_bonus":"UPGRADE_CARD","is_daily":false,"chose_seed":false,"campfire_upgraded":3,"win_rate":0.0,"timestamp":1611068505,"path_taken":["M","?","?","$","M","R","M","R","T","R","M","?","M","?","R","BOSS","M","$","M","?"],"items_purchased_type":["Card","Relic"],"build_version":"2020-12-22","purchased_purges":1,"victory":false,"max_hp_per_floor":[71,71,71,71,71,71,71,71,71,71,71,71,71,71,71,71,71,71,71,71,71,71],"card_choices":[{"not_picked":["Lockon","Leap"],"picked":"Sweeping Beam","floor":1.0},{"not_picked":["Compile Driver","Leap"],"picked":"ReplayGash","floor":5.0},{"not_picked":["Genetic Algorithm","Rip and Tear"],"picked":"Time Bomb","floor":7.0},{"not_picked":["Stack","ReplaySolidLightProjector"],"picked":"Hologram","floor":11.0},{"not_picked":["Self Repair","ReplaySort"],"picked":"Consume","floor":12.0},{"not_picked":["Static Discharge","Ball Lightning"],"picked":"BootSequence","floor":13},{"not_picked":["Stack","Steam"],"picked":"Gash","floor":14},{"not_picked":["Hyperbeam","Meteor Strike"],"picked":"Machine Learning","floor":16},{"not_picked":["Streamline","Genetic Algorithm","Beam Cell"],"picked":"SKIP","floor":18},{"not_picked":["Hologram+1","Leap"],"picked":"Coolheaded","floor":20}],"player_experience":927020,"relics_obtained":[{"floor":9.0,"key":"Quantum Egg"}],"event_choices":[{"damage_healed":0.0,"max_hp_gain":0.0,"max_hp_loss":0.0,"gold_gain":75.0,"event_name":"World of Goop","player_choice":"Gather Gold","floor":2.0,"gold_loss":0.0,"damage_taken":11.0},{"cards_removed":["Strike_B"],"damage_healed":0.0,"max_hp_gain":0.0,"max_hp_loss":0.0,"gold_gain":0.0,"event_name":"Bonfire Elementals","player_choice":"Offered Basic","floor":3.0,"gold_loss":0.0,"damage_taken":0.0}],"is_beta":false,"boss_relics":[{"not_picked":["Fusion Hammer","Ring of Chaos"],"picked":"Runic Pyramid"}],"items_purged_floors":[19],"is_endless":false,"potions_floor_spawned":[1,11,12,16,18],"killed_by":"Shelled Parasite and Fungi","ascension_level":20}}