{"host":"hszimsrtxxc2k25w","time":1611094802,"event":{"mods":["AchievementEnabler","BaseMod","Colored Map","DeckTracker","Minty Spire (QoL Compilation)","Rare Cards Sparkle","SuperFastMode"],"gold_per_floor":[118,131,131,111,122,122,153,153,153,153,102,131,131,166,166,166,166],"floor_reached":16,"language":"KOR","playtime":275,"items_purged":[],"score":232,"play_id":"4a31c704-232a-4f07-9f36-dc17cbe594b5","local_time":"20210120072002","is_ascension_mode":true,"campfire_choices":[{"data":"Carnage","floor":6,"key":"SMITH"},{"data":"Perfected Strike","floor":8,"key":"SMITH"},{"floor":10,"key":"REST"},{"data":"Master of Strategy","floor":15,"key":"SMITH"}],"circlet_count":0,"master_deck":["AscendersBane","Strike_R","Strike_R","Strike_R","Strike_R","Defend_R","Defend_R","Defend_R","Defend_R","Bash","Master of Strategy+1","Carnage+1","Flame Barrier","Perfected Strike+1","Shrug It Off","Pommel Strike"],"relics":["Burning Blood","Centennial Puzzle","StrikeDummy","PreservedInsect","Golden Idol","Bird Faced Urn"],"acts_visited":["Exordium"],"potions_floor_usage":[],"damage_taken":[{"damage":7,"enemies":"Jaw Worm","floor":1,"turns":5},{"damage":0,"enemies":"Cultist","floor":2,"turns":2},{"damage":13,"enemies":"2 Louse","floor":5,"turns":2},{"damage":8,"enemies":"Gremlin Nob","floor":7,"turns":3},{"damage":19,"enemies":"3 Sentries","floor":12,"turns":8},{"damage":22,"enemies":"Gremlin Nob","floor":14,"turns":4},{"damage":33,"enemies":"Hexaghost","floor":16,"turns":7}],"seed_played":"-3150518960124301132","potions_obtained":[{"floor":4,"key":"AttackPotion"},{"floor":5,"key":"DuplicationPotion"}],"is_trial":false,"path_per_floor":["M","M","?","?","M","R","E","R","T","R","$","E","?","E","R","B"],"character_chosen":"IRONCLAD","items_purchased":["Shrug It Off"],"campfire_rested":1,"item_purchase_floors":[11],"current_hp_per_floor":[49,55,48,48,41,41,39,39,39,61,61,48,48,32,32,0,0],"gold":166,"neow_bonus":"RANDOM_COLORLESS_2","is_daily":false,"chose_seed":false,"campfire_upgraded":3,"win_rate":0.0,"timestamp":1611094802,"path_taken":["M","M","?","?","?","R","E","R","T","R","$","E","?","E","R","BOSS"],"items_purchased_type":["Card"],"build_version":"2020-12-22","purchased_purges":0,"victory":false,"max_hp_per_floor":[75,75,75,75,75,75,75,75,75,75,75,75,68,68,68,68,68],"card_choices":[{"not_picked":["Metamorphosis","Thinking Ahead"],"picked":"Master of Strategy","floor":0},{"not_picked":["Thunderclap","Warcry"],"picked":"Carnage","floor":1},{"not_picked":["Heavy Blade","Thunderclap","Rupture"],"picked":"SKIP","floor":2},{"not_picked":["Intimidate","Warcry"],"picked":"Flame Barrier","floor":5},{"not_picked":["Juggernaut","Whirlwind"],"picked":"Perfected Strike","floor":7},{"not_picked":["Heavy Blade","Iron Wave","Sword Boomerang"],"picked":"SKIP","floor":12},{"not_picked":["Heavy Blade","Iron Wave","Sword Boomerang"],"picked":"SKIP","floor":12},{"not_picked":["Intimidate","Seeing Red"],"picked":"Pommel Strike","floor":14}],"player_experience":628000,"relics_obtained":[{"floor":7,"key":"Centennial Puzzle"},{"floor":9,"key":"StrikeDummy"},{"floor":12,"key":"PreservedInsect"},{"floor":14,"key":"Bird Faced Urn"}],"event_choices":[{"cards_removed":["Strike_R"],"damage_healed":0,"gold_gain":0,"player_choice":"Card Removal","damage_taken":7,"max_hp_gain":0,"max_hp_loss":0,"event_name":"Golden Wing","floor":3,"gold_loss":0},{"damage_healed":0,"gold_gain":0,"player_choice":"Bought 1 Potion","damage_taken":0,"max_hp_gain":0,"max_hp_loss":0,"event_name":"The Woman in Blue","floor":4,"gold_loss":0},{"damage_healed":0,"gold_gain":0,"player_choice":"Lose Max HP","damage_taken":0,"relics_obtained":["Golden Idol"],"max_hp_gain":0,"max_hp_loss":7,"event_name":"Golden Idol","floor":13,"gold_loss":0}],"is_beta":false,"boss_relics":[],"items_purged_floors":[],"is_endless":false,"potions_floor_spawned":[5,7,14],"killed_by":"Hexaghost","ascension_level":20}}