{"host":"8aoim7owc9xd4zca","time":1611025810,"event":{"mods":["AchievementEnabler","BaseMod","Colored Powertips","Highlight Path","Minty Spire (QoL Compilation)","Permanent Neow","Rare Cards Sparkle","Replay The Spire","StSLib"],"gold_per_floor":[110,110,214,214,231,231,263,263,288,288,308,308,352,380,380,511,511,531,456,163,183,11,11,44,44,68,68,0,0,18,59,59,185,185,199,199,199,199,219,240,240,280,280,280,280,316,331,331,331],"floor_reached":48,"language":"ENG","playtime":3399,"items_purged":[],"score":658,"play_id":"744a687c-42fc-462d-b39f-ac9b86ecfd50","local_time":"20210118191010","is_ascension_mode":true,"campfire_choices":[{"data":"Replay:Many Hands","floor":6.0,"key":"SMITH"},{"floor":8.0,"key":"REST"},{"floor":23.0,"key":"REST"},{"data":"Demon Form","floor":25.0,"key":"SMITH"},{"data":"Armaments","floor":27.0,"key":"SMITH"},{"data":"Brutality","floor":29.0,"key":"SMITH"},{"floor":43.0,"key":"REST"}],"circlet_count":0,"master_deck":["Strike_R","Strike_R","Strike_R","Strike_R","Defend_R","Defend_R","Defend_R","Bash+1","Replay:Many Hands+1","Sword Boomerang+1","Heavy Blade+1","ReplayTheSpireMod:Muscle Training","Dropkick","Demonic Infusion","Metallicize","Flex","Warcry","Demon Form+1","Inflame","Warcry","Thunderclap","Thunderclap","Armaments+1","Run Through+1","Brutality+1","Massacre+1","Rupture","Exhume","Replay:Undeath\u0027s Touch+1","Fiend Fire","Iron Wave+1","Anger","Entrench+1","Life Link","Sentinel+1"],"relics":["Burning Blood","Replay:Ringing Soul","ReplayFunnel","Blue Doll","Golden Idol","Art of War","Odd Mushroom","Black Star","Vajra","Ancient Tea Set","Membership Card","CaptainsWheel","Replay:Bottled Steam","Whetstone","Bag of Marbles","ReplayTheSpireMod:Spearhead","SlaversCollar","Replay:Wax Seal","Toy Ornithopter","Dream Catcher","Kunai"],"acts_visited":["Exordium","TheCity","TheBeyond"],"potions_floor_usage":[],"damage_taken":[{"damage":20.0,"enemies":"Jaw Worm","floor":1.0,"turns":4.0},{"damage":8.0,"enemies":"2 Louse","floor":5.0,"turns":4.0},{"damage":36.0,"enemies":"Gremlin Nob","floor":7.0,"turns":3.0},{"damage":2.0,"enemies":"Cultist","floor":11.0,"turns":3.0},{"damage":18.0,"enemies":"Replay:BlueRogue","floor":13.0,"turns":3.0},{"damage":30.0,"enemies":"The Mushroom Lair","floor":14.0,"turns":5.0},{"damage":54.0,"enemies":"Hexaghost","floor":16.0,"turns":9.0},{"damage":60.0,"enemies":"3 Byrds","floor":18.0,"turns":7.0},{"damage":25.0,"enemies":"Chosen","floor":21.0,"turns":5.0},{"damage":13.0,"enemies":"Replay:Snechameleon","floor":24.0,"turns":5.0},{"damage":17.0,"enemies":"Shelled Parasite and Fungi","floor":30.0,"turns":3.0},{"damage":53.0,"enemies":"Book of Stabbing","floor":31.0,"turns":6.0},{"damage":70.0,"enemies":"Automaton","floor":33.0,"turns":8.0},{"damage":14.0,"enemies":"Orb Walker","floor":35.0,"turns":4.0},{"damage":49.0,"enemies":"3 Shapes","floor":39.0,"turns":4.0},{"damage":20.0,"enemies":"Maw","floor":40.0,"turns":5.0},{"damage":27.0,"enemies":"Nemesis","floor":42.0,"turns":5.0},{"damage":29.0,"enemies":"Giant Head","floor":46.0,"turns":6.0},{"damage":55,"enemies":"3 Darklings","floor":47,"turns":5},{"damage":44,"enemies":"Reptomancer","floor":48,"turns":2}],"seed_played":"5039328918444451528","potions_obtained":[{"floor":1.0,"key":"PowerPotion"},{"floor":11.0,"key":"PowerPotion"},{"floor":13.0,"key":"BloodPotion"},{"floor":16.0,"key":"Weak Potion"},{"floor":24.0,"key":"Adrenaline Potion"},{"floor":31.0,"key":"BloodPotion"},{"floor":33.0,"key":"Cursed Concoction"},{"floor":35.0,"key":"Weak Potion"},{"floor":39.0,"key":"SteroidPotion"},{"floor":44.0,"key":"SmokeBomb"},{"floor":44.0,"key":"Reflective Coating"},{"floor":44.0,"key":"Strength Potion"}],"is_trial":false,"path_per_floor":["M","?","?","T","M","R","E","R","T","?","M","?","E","?","R","B",null,"M","?","$","M","$","R","E","R","T","R","$","R","M","E","R","B",null,"M","?","PTL","PTL","M","M","?","E","R","?","T","E","M","E"],"character_chosen":"IRONCLAD","items_purchased":["Vajra","Ancient Tea Set","Membership Card","Thunderclap","Armaments","Brutality"],"campfire_rested":3,"item_purchase_floors":[20,20,22,22,22,28],"current_hp_per_floor":[66,59,59,59,60,60,33,58,58,63,70,48,39,36,64,19,98,47,47,47,31,34,66,62,62,62,62,65,65,57,13,71,10,122,117,120,120,120,80,69,69,51,92,92,92,82,36,0,0],"gold":331,"neow_bonus":"THREE_RARE_CARDS","is_daily":false,"chose_seed":false,"campfire_upgraded":4,"win_rate":0.0,"timestamp":1611025810,"path_taken":["M","?","?","?","M","R","E","R","T","?","?","?","E","?","R","BOSS","M","?","$","M","$","R","E","R","T","R","$","R","M","E","R","BOSS","M","?","PTL","PTL","?","M","?","E","R","?","T","E","?","E"],"items_purchased_type":["Relic","Relic","Relic","Card","Card","Card"],"build_version":"2020-12-22","purchased_purges":0,"victory":false,"max_hp_per_floor":[80,80,80,80,83,83,86,86,86,86,89,89,92,95,95,98,98,101,101,101,104,107,107,110,110,110,110,113,113,116,119,119,122,122,125,128,128,128,131,134,134,137,137,137,137,140,143,143,143],"card_choices":[{"not_picked":["Reaper","Brutality"],"picked":"Replay:Many Hands","floor":0.0},{"not_picked":["Burning Pact","Shrug It Off"],"picked":"Headbutt","floor":1.0},{"not_picked":["Whirlwind","ReplayTheSpireMod:Strike From Hell"],"picked":"Sword Boomerang","floor":3.0},{"not_picked":["Clash","Clothesline"],"picked":"Heavy Blade","floor":3.0},{"not_picked":["True Grit","ReplayTheSpireMod:LeadingStrike"],"picked":"ReplayTheSpireMod:Muscle Training","floor":3.0},{"not_picked":["Run Through","Heavy Blade"],"picked":"Dropkick","floor":5.0},{"not_picked":["ReplayTheSpireMod:Corrosion Curse","Massacre"],"picked":"Demonic Infusion","floor":7.0},{"not_picked":["Clothesline","ReplayReversal"],"picked":"Metallicize","floor":11.0},{"not_picked":["Anger","ReplayTheSpireMod:Strike From Hell"],"picked":"Flex","floor":13.0},{"not_picked":["Iron Wave","Shrug It Off"],"picked":"Warcry","floor":14.0},{"not_picked":["Offering","Corruption"],"picked":"Demon Form","floor":16.0},{"not_picked":["Wild Strike+1","ReplayTheSpireMod:Strike From Hell"],"picked":"Inflame","floor":18.0},{"not_picked":["Clothesline","Havoc"],"picked":"Warcry","floor":21.0},{"not_picked":["True Grit","Clash"],"picked":"Run Through+1","floor":24.0},{"not_picked":["Iron Wave","Sword Boomerang"],"picked":"Massacre","floor":30.0},{"not_picked":["Cleave","Shrug It Off"],"picked":"Rupture","floor":31.0},{"not_picked":["Barricade","Eclipse"],"picked":"Exhume","floor":33.0},{"not_picked":["Sentinel+1","Headbutt+1"],"picked":"Replay:Undeath\u0027s Touch+1","floor":35.0},{"not_picked":["Evolve+1","Defy Death+1"],"picked":"Iron Wave+1","floor":39.0},{"not_picked":["Run Through","Pommel Strike+1"],"picked":"Anger","floor":40.0},{"not_picked":["Power Through","Cleave"],"picked":"Entrench+1","floor":42.0},{"not_picked":["Feed","Run Through"],"picked":"Life Link","floor":46.0},{"not_picked":["Headbutt","Wild Strike+1"],"picked":"Sentinel+1","floor":47}],"player_experience":262428,"relics_obtained":[{"floor":4.0,"key":"Replay:Ringing Soul"},{"floor":7.0,"key":"ReplayFunnel"},{"floor":9.0,"key":"Blue Doll"},{"floor":13.0,"key":"Art of War"},{"floor":14.0,"key":"Odd Mushroom"},{"floor":24.0,"key":"CaptainsWheel"},{"floor":24.0,"key":"Replay:Bottled Steam"},{"floor":26.0,"key":"Whetstone"},{"floor":31.0,"key":"Bag of Marbles"},{"floor":31.0,"key":"ReplayTheSpireMod:Spearhead"},{"floor":42.0,"key":"Replay:Wax Seal"},{"floor":42.0,"key":"Toy Ornithopter"},{"floor":46.0,"key":"Dream Catcher"},{"floor":46.0,"key":"Kunai"}],"event_choices":[{"cards_removed":["Decay"],"damage_healed":0.0,"max_hp_gain":0.0,"max_hp_loss":0.0,"gold_gain":0.0,"event_name":"Golden Wing","player_choice":"Card Removal","floor":2.0,"gold_loss":0.0,"damage_taken":7.0},{"cards_removed":["Headbutt"],"damage_healed":5.0,"max_hp_gain":0.0,"max_hp_loss":0.0,"gold_gain":0.0,"event_name":"Bonfire Elementals","player_choice":"Offered Common","floor":10.0,"gold_loss":0.0,"damage_taken":0.0},{"cards_removed":["Headbutt"],"damage_healed":5.0,"max_hp_gain":0.0,"max_hp_loss":0.0,"gold_gain":0.0,"event_name":"Bonfire Elementals","player_choice":"Offered Special","floor":10.0,"gold_loss":0.0,"damage_taken":0.0},{"damage_healed":0.0,"max_hp_gain":0.0,"max_hp_loss":0.0,"gold_gain":0.0,"event_name":"Golden Idol","player_choice":"Take Damage","floor":12.0,"gold_loss":0.0,"damage_taken":22.0,"relics_obtained":["Golden Idol"]},{"damage_healed":0.0,"max_hp_gain":0.0,"max_hp_loss":0.0,"gold_gain":0.0,"event_name":"Mushrooms","player_choice":"Fought Mushrooms","floor":14.0,"gold_loss":0.0,"damage_taken":0.0},{"cards_removed":["Strike_R"],"damage_healed":0.0,"max_hp_gain":0.0,"max_hp_loss":0.0,"gold_gain":0.0,"event_name":"Beggar","player_choice":"Gave Gold","floor":19.0,"gold_loss":75.0,"damage_taken":0.0},{"damage_healed":0.0,"max_hp_gain":0.0,"max_hp_loss":0.0,"gold_gain":0.0,"cards_transformed":["Defend_R"],"event_name":"Transmorgrifier","player_choice":"Transformed","floor":36.0,"gold_loss":0.0,"damage_taken":0.0,"cards_obtained":["Fiend Fire"]},{"damage_healed":0.0,"max_hp_gain":0.0,"max_hp_loss":0.0,"gold_gain":0.0,"event_name":"Tomb of Lord Red Mask","player_choice":"Ignored","floor":41.0,"gold_loss":0.0,"damage_taken":0.0},{"damage_healed":0.0,"max_hp_gain":0.0,"max_hp_loss":0.0,"gold_gain":0.0,"event_name":"Lab","player_choice":"Got Potions","floor":44.0,"gold_loss":0.0,"damage_taken":0.0}],"is_beta":false,"boss_relics":[{"not_picked":["Ectoplasm","Calling Bell"],"picked":"Black Star"},{"not_picked":["Honey Jar","Empty Cage"],"picked":"SlaversCollar"}],"items_purged_floors":[],"is_endless":false,"potions_floor_spawned":[1,11,13,16,24,31,33,35,39],"killed_by":"Reptomancer","ascension_level":1}}