{"host":"raxmxgtw2nbiczxd","time":1611068866,"event":{"mods":["AchievementEnabler","Aspiration","BaseMod","Beaked The Cultist","BetterRewards","Challenge The Spire","Conspire","Friendly Minions","Halation","Hero for Fun","Hubris","Infinite Spire","Jedi Mod","Mimic Mod","Minty Spire (QoL Compilation)","Quick Restart","Relic Stats","Replay The Spire","Shop Mod","Spikes Relics","StSLib","SuperFastMode","The Animator","The Blackbeard","The Necromancer","The Servant 0.9.4","Yuri Mod","vexMod","????"],"gold_per_floor":[109,109,109,127,57,85,9375,9403,9403,9420,8843,8862,8121,8139,7218,7315,7315,7334,7345,7362,7372,7385,7420,7431,7461,7484,7519,7445,7462,7475,7475,6544,6643,6643,6657,6657,6676,6676,6428,5763,5776,5806,5833,5865,5876,5187,4839,4851,4283,4283],"floor_reached":51,"language":"RUS","playtime":2612,"items_purged":["Strike_W","Strike_W","Finger_Of_Death+1","Defend_W","Defend_W","Defend_W","Negative_Energy_Arrows","Defend_W","Replay:Bootleg Shield Generator+1","Bone_Wall","ReplayTheSpireMod:Brewmster+1"],"score":993,"play_id":"b88de9c5-d303-4c2f-94e9-04a7201bcc69","local_time":"20210119220746","is_ascension_mode":true,"campfire_choices":[],"circlet_count":0,"master_deck":["Summon_Lich+1","Bones_to_Steel+1","Summon_Lich+1","Death_March_Dance+1","Bone_Armory+1","Skeleton_Dragon+1","Summon_Undead_Army+1","ReplayUltimateDefense+1","Summon_Vampire_Lady+1","Bone_Armory+1","Bone_Armor+1","Summon_Lich+1","Summon_Death_Knight+1","Bone_Armory+1","ReplayUltimateDefense+1","Grasp_Heart+1","Bone_Armory+1","Summon_Lich+1","Summon_Lich+1","Summon_Undead_Army+1","Bone_Armor+1","ReplayUltimateDefense+1","Bone_Armory+1","Summon_Undead_Army+1","Summon_Lich+1","Bone_Armory+1"],"relics":["Sizzling Blood","Toxic Egg 2","Frozen Egg 2","Quantum Egg","Molten Egg 2","Mummified Hand","Ice Cream","halation:AfternoonTea","HandDrill","Omamori","Replay:Multitool","vexMod:Dragonfruit","Happy Flower","hubris:TenFootPole","conspire:DeflatedDodgeball","FossilizedHelix","ClockworkSouvenir","Fusion Hammer","beaked:ShinyBauble","SnailShell","Nunchaku","Smiling Mask","jedi:fakemustache","WingedGreaves","Vajra","Sling","Anchor","Mirror","vexMod:Spyglass","halation:PrussianBluePaint","Art of War","vexMod:FocusSash","Lantern","Akabeko"],"acts_visited":["Exordium","TheCity","TheBeyond"],"potions_floor_usage":[18,23,29,30,30],"damage_taken":[{"damage":0,"enemies":"2 Louse","floor":1,"turns":2},{"damage":7,"enemies":"Jaw Worm","floor":4,"turns":4},{"damage":23,"enemies":"3 Sentries","floor":6,"turns":6},{"damage":26,"enemies":"Gremlin Nob","floor":8,"turns":4},{"damage":6,"enemies":"Cultist","floor":10,"turns":4},{"damage":2,"enemies":"2 Fungi Beasts","floor":12,"turns":3},{"damage":0,"enemies":"Exordium Wildlife","floor":14,"turns":3},{"damage":0,"enemies":"Hexaghost","floor":16,"turns":6},{"damage":5,"enemies":"conspire:FuzzyDice","floor":18,"turns":4},{"damage":4,"enemies":"Chosen","floor":19,"turns":3},{"damage":0,"enemies":"Snecko","floor":20,"turns":5},{"damage":0,"enemies":"3 Cultists","floor":21,"turns":3},{"damage":0,"enemies":"Cultist and Chosen","floor":22,"turns":4},{"damage":0,"enemies":"conspire:SneckoGhost","floor":23,"turns":5},{"damage":0,"enemies":"conspire:HollyBat","floor":24,"turns":5},{"damage":20,"enemies":"Slavers","floor":25,"turns":4},{"damage":0,"enemies":"conspire:Head Lice","floor":27,"turns":4},{"damage":0,"enemies":"Snake Plant","floor":29,"turns":4},{"damage":0,"enemies":"Chosen and Byrds","floor":30,"turns":3},{"damage":0,"enemies":"conspire:MysteriousRune","floor":33,"turns":6},{"damage":0,"enemies":"3 Shapes","floor":35,"turns":3},{"damage":0,"enemies":"3 Darklings","floor":37,"turns":3},{"damage":0,"enemies":"Maw","floor":41,"turns":6},{"damage":65,"enemies":"Reptomancer","floor":42,"turns":5},{"damage":1,"enemies":"Nemesis","floor":44,"turns":5},{"damage":0,"enemies":"Spire Growth","floor":45,"turns":5},{"damage":0,"enemies":"3 Darklings","floor":48,"turns":3},{"damage":0,"enemies":"Replay:Hell Engine","floor":50,"turns":8}],"seed_played":"4213277511666632643","potions_obtained":[{"floor":1,"key":"Explosive Potion"},{"floor":4,"key":"jedi:hoardpotion"},{"floor":6,"key":"Reflective Coating"},{"floor":8,"key":"EssenceOfSteel"},{"floor":22,"key":"Fire Potion"},{"floor":23,"key":"jedi:StrikingPotion"},{"floor":29,"key":"Adrenaline Potion"},{"floor":37,"key":"Energy Potion"},{"floor":41,"key":"SteroidPotion"}],"is_trial":false,"path_per_floor":["M","?","?","M","$","E","R","E","T","M","$","M","$","M","R","B",null,"M","M","M","M","M","E","M","E","T","E","?","M","M","?","R","B",null,"M","?","M","AVR","$","R","M","E","T","E","M","R","$","M","R","B",null],"character_chosen":"NECROMANCER","items_purchased":["Summon_Lich+1","HandDrill","Omamori","Death_March_Dance+1","Replay:Multitool","vexMod:Dragonfruit","Happy Flower","Bone_Armory+1","hubris:TenFootPole","conspire:DeflatedDodgeball","Skeleton_Dragon+1","jedi:wingpotion","FossilizedHelix","ClockworkSouvenir","Summon_Undead_Army+1","ReplayUltimateDefense+1","Replay:Bootleg Shield Generator+1","Smiling Mask","jedi:fakemustache","WingedGreaves","Bone_Armory+1","ReplayUltimateDefense+1","Summon_Lich+1","Vajra","Sling","Anchor","Summon_Undead_Army+1","Bone_Armor+1","ReplayUltimateDefense+1","Summon_Lich+1","Mirror","vexMod:Spyglass","halation:PrussianBluePaint","Art of War","vexMod:FocusSash","Bone_Armory+1","Lantern","Akabeko","ReplayTheSpireMod:Brewmster+1"],"campfire_rested":0,"item_purchase_floors":[5,7,7,7,7,11,11,11,13,13,13,13,15,15,15,15,15,32,32,32,32,32,39,39,40,40,40,40,40,46,46,46,46,47,47,49,49,49,49],"current_hp_per_floor":[75,75,75,72,72,53,53,31,31,29,34,36,36,40,40,44,80,80,80,80,80,80,80,80,70,70,80,80,80,80,80,80,80,80,80,80,80,80,80,80,80,25,25,34,44,44,59,66,66,80],"gold":4283,"neow_bonus":"THREE_CARDS","is_daily":false,"chose_seed":false,"campfire_upgraded":0,"win_rate":0.0,"timestamp":1611068866,"path_taken":["M","?","?","M","$","E","R","E","T","M","$","?","$","M","R","BOSS","M","M","M","M","M","E","M","E","T","E","?","?","M","?","R","BOSS","M","?","?","AVR","?","R","?","E","T","E","M","R","$","M","R","BOSS"],"items_purchased_type":["Card","Relic","Relic","Card","Relic","Relic","Relic","Card","Relic","Relic","Card","Potion","Relic","Relic","Card","Card","Card","Relic","Relic","Relic","Card","Card","Card","Relic","Relic","Relic","Card","Card","Card","Card","Relic","Relic","Relic","Relic","Relic","Card","Relic","Relic","Card"],"build_version":"2020-12-22","purchased_purges":11,"victory":true,"max_hp_per_floor":[75,75,75,75,75,75,75,75,75,75,80,80,80,80,80,80,80,80,80,80,80,80,80,80,80,80,80,80,80,80,80,80,80,80,80,80,80,80,80,80,80,80,80,80,80,80,80,80,80,80],"relic_stats":{"Nunchaku":[1],"Happy Flower":[33],"counters":[28,120],"Mummified Hand":[398],"HandDrill":[20],"Art of War":[6],"Smiling Mask":1125,"obtain_stats":[{"Ice Cream":0,"beaked:ShinyBauble":23,"SnailShell":26,"Lantern":49,"Vajra":39,"infinitespire:Cubic Diamond":2,"Sizzling Blood":2,"Replay:Multitool":7,"Smiling Mask":32,"Sling":40,"vexMod:Spyglass":46,"ClockworkSouvenir":15,"Nunchaku":28,"Mummified Hand":0,"halation:PrussianBluePaint":46,"Vampire_Amulet":0,"Fusion Hammer":17,"WingedGreaves":32,"HandDrill":7,"Toxic Egg 2":0,"Happy Flower":11,"Quantum Egg":0,"Omamori":7,"vexMod:FocusSash":47,"Frozen Egg 2":0,"Akabeko":49,"vexMod:Dragonfruit":11,"jedi:fakemustache":32,"Anchor":40,"Molten Egg 2":0,"hubris:TenFootPole":13,"Art of War":47,"halation:AfternoonTea":6,"conspire:DeflatedDodgeball":13,"Mirror":46,"FossilizedHelix":15},{"Ice Cream":0,"beaked:ShinyBauble":14,"SnailShell":16,"Lantern":27,"Vajra":22,"infinitespire:Cubic Diamond":1,"Sizzling Blood":1,"Replay:Multitool":3,"Smiling Mask":19,"Sling":22,"vexMod:Spyglass":26,"ClockworkSouvenir":7,"Nunchaku":17,"Mummified Hand":0,"halation:PrussianBluePaint":26,"Vampire_Amulet":0,"Fusion Hammer":8,"WingedGreaves":19,"HandDrill":3,"Toxic Egg 2":0,"Happy Flower":5,"Quantum Egg":0,"Omamori":3,"vexMod:FocusSash":26,"Frozen Egg 2":0,"Akabeko":27,"vexMod:Dragonfruit":5,"jedi:fakemustache":19,"Anchor":22,"Molten Egg 2":0,"hubris:TenFootPole":6,"Art of War":26,"halation:AfternoonTea":3,"conspire:DeflatedDodgeball":6,"Mirror":26,"FossilizedHelix":7},{"Ice Cream":0,"beaked:ShinyBauble":56,"SnailShell":65,"Lantern":112,"Vajra":88,"infinitespire:Cubic Diamond":2,"Sizzling Blood":2,"Replay:Multitool":12,"Smiling Mask":76,"Sling":88,"vexMod:Spyglass":109,"ClockworkSouvenir":26,"Nunchaku":69,"Mummified Hand":0,"halation:PrussianBluePaint":109,"Vampire_Amulet":0,"Fusion Hammer":32,"WingedGreaves":76,"HandDrill":12,"Toxic Egg 2":0,"Happy Flower":20,"Quantum Egg":0,"Omamori":12,"vexMod:FocusSash":109,"Frozen Egg 2":0,"Akabeko":112,"vexMod:Dragonfruit":20,"jedi:fakemustache":76,"Anchor":88,"Molten Egg 2":0,"hubris:TenFootPole":23,"Art of War":109,"halation:AfternoonTea":12,"conspire:DeflatedDodgeball":23,"Mirror":109,"FossilizedHelix":26}]},"card_choices":[{"not_picked":["Blood_Whip","Spectral_Walk"],"picked":"Finger_Of_Death","floor":0},{"not_picked":["Shackles_Of_Pain+1","Bone_Armor+1"],"picked":"Summon_Lich+1","floor":1},{"not_picked":["Whirlwind_of_Bones+1","Negative_Energy_Shield+1"],"picked":"Bones_to_Steel+1","floor":4},{"not_picked":["Blood_Shield+1","Blood_Magic+1","Bone_Spikes+1"],"picked":"SKIP","floor":6},{"not_picked":["Necrotic_Claws+1","Chill_Blood+1","Bones_to_Steel+1"],"picked":"SKIP","floor":8},{"not_picked":["Negative_Energy_Mist+1","Negative_Energy_Sphere+1","Vampiric_Strike+1"],"picked":"SKIP","floor":10},{"not_picked":["Life_Drain+1","Deaths_Shadow+1","Negative_Energy_Javelin+1"],"picked":"SKIP","floor":12},{"not_picked":["Corrupt+1","Death_March_Dance+1","Detonate_Bones+1"],"picked":"SKIP","floor":14},{"not_picked":["Detonate_Bones+1","Negative_Energy_Bomb+1"],"picked":"Summon_Vampire_Lady+1","floor":16},{"not_picked":["Blood_Shield+1","Bone_Spikes+1","Bone_Shift+1"],"picked":"SKIP","floor":18},{"not_picked":["Bone_Spikes+1","Shackles_Of_Pain+1","Negative_Energy_Sphere+1"],"picked":"SKIP","floor":19},{"not_picked":["Requiem+1","Bone_Shift+1"],"picked":"Bone_Armory+1","floor":20},{"not_picked":["Bone_Shift+1","Blood_Curse+1","Vampiric_Strike+1"],"picked":"SKIP","floor":21},{"not_picked":["Blood_Whip+1","Bone_Bullets+1"],"picked":"Bone_Armor+1","floor":22},{"not_picked":["Death_Coil+1","Shackles_Of_Pain+1"],"picked":"Summon_Lich+1","floor":23},{"not_picked":["Negative_Energy_Javelin+1","Necromantic_Selection+1","Shackles_Of_Pain+1"],"picked":"SKIP","floor":24},{"not_picked":["Bone_Bullets+1","Violent_Necrosis+1"],"picked":"Summon_Death_Knight+1","floor":25},{"not_picked":["Shackles_Of_Pain+1","Spectral_Armor+1","Blood_for_Blood+1"],"picked":"SKIP","floor":27},{"not_picked":["Flesh_Made_Foul+1","Bones_to_Steel+1","Vampiric_Strike+1"],"picked":"SKIP","floor":29},{"not_picked":["Death_Knell+1","Bone_Prison+1","Violent_Necrosis+1"],"picked":"SKIP","floor":30},{"not_picked":["Reap_The_Weak+1","Blood_Wake+1"],"picked":"Grasp_Heart+1","floor":33},{"not_picked":["Flesh_Made_Foul+1","Bone_Prison+1","Chill_Blood+1"],"picked":"SKIP","floor":35},{"not_picked":["Bone_Spikes+1","Bone_Bullets+1"],"picked":"Bone_Armory+1","floor":37},{"not_picked":["Vampiric_Strike+1","Consume_Illness+1"],"picked":"Bone_Armory+1","floor":41},{"not_picked":["Chill_Blood+1","Death_Coil+1","Life_Tap+1"],"picked":"SKIP","floor":42},{"not_picked":["Bone_Shift+1","Shackles_Of_Pain+1","Blood_Curse+1"],"picked":"SKIP","floor":44},{"not_picked":["Bone_Armory+1","Bone_Shift+1"],"picked":"Summon_Undead_Army+1","floor":45},{"not_picked":["Finger_Of_Death+1","Spectral_Walk+1","Thousand_Bone_Knives+1"],"picked":"SKIP","floor":48}],"player_experience":132254,"relics_obtained":[{"floor":6,"key":"halation:AfternoonTea"},{"floor":23,"key":"beaked:ShinyBauble"},{"floor":26,"key":"SnailShell"}],"event_choices":[{"damage_healed":0,"gold_gain":0,"player_choice":"Leave","damage_taken":0,"max_hp_gain":0,"max_hp_loss":0,"event_name":"conspire:Investor","floor":3,"gold_loss":0},{"damage_healed":0,"gold_gain":0,"player_choice":"Paid Gold","damage_taken":0,"relics_obtained":["Nunchaku"],"max_hp_gain":0,"max_hp_loss":0,"event_name":"WeMeetAgain","floor":28,"gold_loss":74}],"is_beta":false,"boss_relics":[{"not_picked":["beaked:SacredDeck","ReplayTheSpireMod:SealedPack"],"picked":"Fusion Hammer"},{"not_picked":["aspiration:PoetsPen_weak","Snecko Eye","Honey Jar"]}],"items_purged_floors":[7,11,13,15,32,38,39,40,46,47,49],"is_endless":false,"potions_floor_spawned":[1,4,6,8,20,22,23,24,29,30,37,41,48],"ascension_level":1}}