{"host":"1a3cjta80tad0aqj","time":1611058971,"event":{"mods":["2.2 Compatiblity","AchievementEnabler","BaseMod","Colored Map","DeckTracker","KOR Keyword Fix","Keyboard Shortcuts","Minty Spire (QoL Compilation)","Permanent Neow","Quick Restart","Random Character Button","StSLib","SuperFastMode","everything is the same but u backflip on backflip"],"gold_per_floor":[119,119,133,133,58,88,88,103,103,103,121,134,3,18,18,95,95,113,113,132,144,144,144,155,80,132,151,64,64,64,64],"floor_reached":30,"language":"KOR","playtime":907,"items_purged":["Strike_P"],"score":514,"play_id":"5e252968-7f7a-4a32-a503-40e012ce9d30","local_time":"20210119212251","is_ascension_mode":true,"campfire_choices":[{"data":"Scrawl","floor":7.0,"key":"SMITH"},{"data":"Wallop","floor":15.0,"key":"SMITH"},{"floor":23,"key":"REST"},{"floor":29,"key":"REST"}],"circlet_count":0,"master_deck":["AscendersBane","Strike_P","Strike_P","Defend_P+1","Defend_P+1","Defend_P","Eruption+1","Vigilance","EmptyFist+1","Scrawl+1","FlurryOfBlows","CutThroughFate","Wallop+1","MentalFortress","LessonLearned","BowlingBash","Adaptation","Meditate"],"relics":["PureWater","NeowsBlessing","InkBottle","Bottled Flame","VioletLotus","Bronze Scales"],"acts_visited":["Exordium","TheCity"],"potions_floor_usage":[21,30],"damage_taken":[{"damage":0.0,"enemies":"2 Louse","floor":1.0,"turns":1.0},{"damage":0.0,"enemies":"Cultist","floor":3.0,"turns":1.0},{"damage":0.0,"enemies":"Gremlin Nob","floor":6.0,"turns":1.0},{"damage":7.0,"enemies":"Jaw Worm","floor":8.0,"turns":2.0},{"damage":2.0,"enemies":"2 Fungi Beasts","floor":11.0,"turns":2.0},{"damage":0.0,"enemies":"Large Slime","floor":12.0,"turns":2.0},{"damage":0.0,"enemies":"Looter","floor":14.0,"turns":1.0},{"damage":42.0,"enemies":"Slime Boss","floor":16.0,"turns":10.0},{"damage":6.0,"enemies":"3 Byrds","floor":18.0,"turns":6.0},{"damage":11,"enemies":"Shell Parasite","floor":20,"turns":3},{"damage":12,"enemies":"Snake Plant","floor":21,"turns":4},{"damage":23,"enemies":"Snecko","floor":24,"turns":4},{"damage":37,"enemies":"Cultist and Chosen","floor":27,"turns":5},{"damage":30,"enemies":"Gremlin Leader","floor":30,"turns":1}],"seed_played":"-1895172187731921396","potions_obtained":[{"floor":3.0,"key":"Strength Potion"},{"floor":14.0,"key":"Block Potion"},{"floor":16.0,"key":"GamblersBrew"},{"floor":18.0,"key":"Block Potion"},{"floor":21,"key":"FairyPotion"}],"is_trial":false,"path_per_floor":["M","?","M","?","?","E","R","M","T","?","M","M","$","M","R","B",null,"M","?","M","M","$","R","M","?","T","M","$","R","E"],"character_chosen":"WATCHER","items_purchased":["Explosive Potion","Meditate"],"campfire_rested":2,"item_purchase_floors":[13,28],"current_hp_per_floor":[61,61,61,61,61,61,61,54,54,54,52,52,52,52,52,10,54,48,48,37,25,25,45,22,22,22,10,10,30,0,0],"gold":64,"neow_bonus":"THREE_ENEMY_KILL","is_daily":false,"chose_seed":false,"campfire_upgraded":2,"win_rate":0.0,"timestamp":1611058971,"path_taken":["M","?","?","?","?","E","R","M","T","?","M","M","?","M","R","BOSS","M","?","M","M","?","R","?","?","T","M","$","R","E"],"items_purchased_type":["Potion","Card"],"build_version":"2020-12-22","purchased_purges":1,"victory":false,"max_hp_per_floor":[68,68,68,68,68,68,68,68,68,68,68,68,68,68,68,68,68,68,68,68,68,68,68,68,68,68,68,68,68,68,68],"card_choices":[{"not_picked":["Evaluate","FlurryOfBlows"],"picked":"EmptyFist","floor":1.0},{"not_picked":["CutThroughFate","WheelKick"],"picked":"Scrawl","floor":3.0},{"not_picked":["FlyingSleeves","SignatureMove","EmptyFist"],"picked":"SKIP","floor":6.0},{"not_picked":["FlyingSleeves","Sanctity"],"picked":"FlurryOfBlows","floor":8.0},{"not_picked":["PathToVictory","CarveReality"],"picked":"CutThroughFate","floor":11.0},{"not_picked":["Prostrate","FollowUp"],"picked":"Wallop","floor":12.0},{"not_picked":["ThirdEye","CrushJoints"],"picked":"MentalFortress","floor":14.0},{"not_picked":["DevaForm","Alpha"],"picked":"LessonLearned","floor":16.0},{"not_picked":["ThirdEye","FlurryOfBlows","EmptyFist"],"picked":"SKIP","floor":18.0},{"not_picked":["Evaluate","ThirdEye"],"picked":"BowlingBash","floor":20},{"not_picked":["EmptyFist+1","CrushJoints+1"],"picked":"Adaptation","floor":21},{"not_picked":["ThirdEye","Collect","Prostrate"],"picked":"SKIP","floor":24},{"not_picked":["ThirdEye","Collect","Prostrate"],"picked":"SKIP","floor":24},{"not_picked":["WindmillStrike","FollowUp","CutThroughFate"],"picked":"SKIP","floor":27}],"player_experience":784865,"relics_obtained":[{"floor":6.0,"key":"InkBottle"},{"floor":9.0,"key":"Bottled Flame"},{"floor":26,"key":"Bronze Scales"}],"event_choices":[{"damage_healed":0.0,"max_hp_gain":0.0,"max_hp_loss":0.0,"gold_gain":0.0,"event_name":"Upgrade Shrine","player_choice":"Upgraded","floor":2.0,"gold_loss":0.0,"damage_taken":0.0,"cards_upgraded":["Eruption"]},{"damage_healed":0.0,"max_hp_gain":0.0,"max_hp_loss":0.0,"gold_gain":0.0,"event_name":"Liars Game","player_choice":"Ignored","floor":4.0,"gold_loss":0.0,"damage_taken":0.0},{"cards_removed":["Defend_P"],"damage_healed":0.0,"max_hp_gain":0.0,"max_hp_loss":0.0,"gold_gain":0.0,"event_name":"The Cleric","player_choice":"Card Removal","floor":5.0,"gold_loss":75.0,"damage_taken":0.0},{"damage_healed":0.0,"max_hp_gain":0.0,"max_hp_loss":0.0,"gold_gain":0.0,"event_name":"Shining Light","player_choice":"Ignored","floor":10.0,"gold_loss":0.0,"damage_taken":0.0},{"damage_healed":0.0,"max_hp_gain":0.0,"max_hp_loss":0.0,"gold_gain":0.0,"event_name":"Upgrade Shrine","player_choice":"Upgraded","floor":19.0,"gold_loss":0.0,"damage_taken":0.0,"cards_upgraded":["EmptyFist"]},{"cards_removed":["Strike_P"],"damage_healed":0,"gold_gain":0,"player_choice":"Gave Gold","damage_taken":0,"max_hp_gain":0,"max_hp_loss":0,"event_name":"Beggar","floor":25,"gold_loss":75}],"is_beta":false,"boss_relics":[{"not_picked":["Cursed Key","Pandora\u0027s Box"],"picked":"VioletLotus"}],"items_purged_floors":[13],"is_endless":false,"potions_floor_spawned":[3,14,16,18,21,24],"killed_by":"Gremlin Leader","ascension_level":20}}