{"host":"545ma68kbj6ggddn","time":1611096698,"event":{"mods":["BaseMod","Colored Powertips","Downfall","Minty Spire (QoL Compilation)","SIMod","StSLib"],"gold_per_floor":[99,274,274,274,274,174,174,188,188,288,313,313,313,313,313],"floor_reached":13,"language":"ENG","playtime":661,"items_purged":[],"score":77,"play_id":"df7a19a0-0294-4f47-8da8-ac9684508478","local_time":"20210119165138","is_ascension_mode":false,"campfire_choices":[{"floor":1.0,"key":"RECALL"},{"data":"bronze:Goto","floor":6.0,"key":"SMITH"},{"data":"bronze:BuggyMess","floor":9.0,"key":"SMITH"},{"floor":12,"key":"REST"}],"circlet_count":0,"master_deck":["bronze:Strike","bronze:Strike","bronze:Strike","bronze:Defend","bronze:Defend","bronze:Defend","bronze:Replicate+1","bronze:Goto+1","bronze:MaxOutput","bronze:ClassDefault","bronze:Terminator","bronze:FollowUp","bronze:ForLoop"],"relics":["bronze:BronzeCore","Happy Flower","Singing Bowl","downfall:HeartBlessingRed","The Courier","Gambling Chip"],"acts_visited":["Exordium"],"potions_floor_usage":[10,10,10,11],"damage_taken":[{"damage":8.0,"enemies":"2 Louse","floor":8.0,"turns":3.0},{"damage":43,"enemies":"downfall:Heads","floor":10,"turns":6},{"damage":8,"enemies":"Gremlin Nob","floor":11,"turns":4},{"damage":22,"enemies":"3 Sentries","floor":13,"turns":2}],"seed_played":"3397989842538022360","potions_obtained":[{"floor":8.0,"key":"EntropicBrew"}],"is_trial":false,"path_per_floor":["R","?","?","?","?","R","T","M","R","?","E","R","E"],"character_chosen":"THE_AUTOMATON","items_purchased":[],"campfire_rested":1,"item_purchase_floors":[],"current_hp_per_floor":[63,63,63,60,60,60,60,52,52,9,1,19,0,0,0],"gold":313,"neow_bonus":"TRANSFORM_TWO_CARDS","is_daily":false,"chose_seed":false,"campfire_upgraded":2,"win_rate":0.0,"timestamp":1611096698,"path_taken":["R","?","?","?","?","R","T","M","R","?","E","R","E"],"items_purchased_type":[],"build_version":"2020-12-22","purchased_purges":0,"victory":false,"max_hp_per_floor":[63,63,63,63,63,63,63,63,63,63,63,63,63,63,63],"card_choices":[{"not_picked":["bronze:Invalidate","bronze:OilSpill"],"picked":"bronze:ClassDefault","floor":8.0},{"not_picked":["bronze:BronzeArmor","bronze:DelayedGuard"],"picked":"bronze:FollowUp","floor":10},{"not_picked":["bronze:MaxOutput","bronze:Terminator"],"picked":"bronze:ForLoop","floor":11}],"player_experience":215959,"relics_obtained":[{"floor":7.0,"key":"The Courier"},{"floor":11,"key":"Gambling Chip"}],"event_choices":[{"damage_healed":0.0,"max_hp_gain":0.0,"max_hp_loss":0.0,"gold_gain":0.0,"event_name":"Big Fish","player_choice":"Box","floor":3.0,"gold_loss":0.0,"damage_taken":0.0,"relics_obtained":["Happy Flower"],"cards_obtained":["Regret"]},{"damage_healed":0.0,"max_hp_gain":0.0,"max_hp_loss":0.0,"gold_gain":0.0,"event_name":"Scrap Ooze","player_choice":"Success","floor":4.0,"gold_loss":0.0,"damage_taken":3.0,"relics_obtained":["Singing Bowl"]},{"cards_removed":["Regret"],"damage_healed":0.0,"max_hp_gain":0.0,"max_hp_loss":0.0,"gold_gain":0.0,"event_name":"The Cleric","player_choice":"Card Removal","floor":5.0,"gold_loss":0.0,"damage_taken":0.0}],"is_beta":false,"boss_relics":[],"items_purged_floors":[],"is_endless":false,"potions_floor_spawned":[8],"killed_by":"3 Sentries","ascension_level":0}}