{"host":"2ica2wc1gg7guzbw","time":1611077772,"event":{"mods":["BaseMod","Colored Map","Minty Spire (QoL Compilation)","Replay The Spire","Shop Mod","StSLib"],"gold_per_floor":[109,184,149,149,168,193,193,34,34,48,79,79,109,109,109,198,198,222,238,238,238],"floor_reached":20,"language":"RUS","playtime":710,"items_purged":["Amnesia"],"score":480,"play_id":"2057e469-a6ed-47bc-99bd-6e7c78f8cf45","local_time":"20210119213612","is_ascension_mode":true,"campfire_choices":[{"floor":7.0,"key":"RECALL"},{"data":"FIFO Queue","floor":12.0,"key":"SMITH"},{"data":"Consume","floor":15.0,"key":"SMITH"}],"circlet_count":0,"master_deck":["AscendersBane","Strike_B","Strike_B+1","Strike_B+1","Strike_B","Defend_B","Defend_B","Defend_B","Defend_B","Zap","Dualcast","Coolheaded","Coolheaded","FIFO Queue+1","Consume+1","Buffer","FTL","Seek","FIFO Queue"],"relics":["Cracked Core","NeowsBlessing","ReplayTheSpireMod:Ring of Collecting","ReplayTheSpireMod:Ring of Exchange","Happy Flower","Ring of Fury","Solar Panel","Whetstone","Golden Idol","Runic Pyramid"],"acts_visited":["Exordium","TheCity"],"potions_floor_usage":[20],"damage_taken":[{"damage":0.0,"enemies":"2 Louse","floor":1.0,"turns":1.0},{"damage":0.0,"enemies":"Small Slimes","floor":5.0,"turns":1.0},{"damage":0.0,"enemies":"3 Sentries","floor":6.0,"turns":2.0},{"damage":4.0,"enemies":"Cultist","floor":10.0,"turns":6.0},{"damage":0.0,"enemies":"Lagavulin","floor":11.0,"turns":7.0},{"damage":23.0,"enemies":"Replay:BlueRogue","floor":13.0,"turns":9.0},{"damage":13.0,"enemies":"Slime Boss","floor":16.0,"turns":13.0},{"damage":0.0,"enemies":"Chosen","floor":18.0,"turns":6.0},{"damage":6.0,"enemies":"Spheric Guardian","floor":19.0,"turns":6.0},{"damage":29,"enemies":"3 Cultists","floor":20,"turns":4}],"seed_played":"3353444213494117869","potions_obtained":[{"floor":5.0,"key":"ColorlessPotion"},{"floor":10.0,"key":"PowerPotion"},{"floor":13.0,"key":"FocusPotion"},{"floor":16.0,"key":"Venom Potion"},{"floor":19.0,"key":"PowerPotion"}],"is_trial":false,"path_per_floor":["M","?","?","?","M","E","R","$","T","M","E","R","E","?","R","B",null,"M","M","M"],"character_chosen":"DEFECT","items_purchased":["FIFO Queue"],"campfire_rested":0,"item_purchase_floors":[8],"current_hp_per_floor":[64,53,70,70,70,70,70,70,70,66,66,66,45,21,21,12,56,60,58,29,29],"gold":238,"neow_bonus":"THREE_ENEMY_KILL","is_daily":false,"chose_seed":false,"campfire_upgraded":2,"win_rate":0.0,"timestamp":1611077772,"path_taken":["M","?","?","?","M","E","R","$","T","M","E","R","E","?","R","BOSS","M","M","M"],"items_purchased_type":["Card"],"build_version":"2020-12-22","purchased_purges":1,"victory":false,"max_hp_per_floor":[71,71,71,71,71,71,71,71,71,71,71,71,71,71,71,71,71,71,71,71,71],"card_choices":[{"not_picked":["BasicCrystalCard","Beam Cell"],"picked":"Coolheaded","floor":1.0},{"not_picked":["Doom and Gloom","Blizzard"],"picked":"Coolheaded","floor":5.0},{"not_picked":["Coolheaded","Rebound","Time Bomb"],"picked":"SKIP","floor":6.0},{"not_picked":["Beam Cell","Time Bomb"],"picked":"Consume","floor":10.0},{"not_picked":["Force Field","Sweeping Beam"],"picked":"Buffer","floor":11.0},{"not_picked":["Panic Button","Reinforced Body"],"picked":"FTL","floor":13.0},{"not_picked":["Multi-Cast","Biased Cognition"],"picked":"Seek","floor":16.0},{"not_picked":["Streamline","Steam","Beam Cell"],"picked":"SKIP","floor":18.0},{"not_picked":["Cold Snap","Turbo+1"],"picked":"FIFO Queue","floor":19.0}],"player_experience":926881,"relics_obtained":[{"floor":4.0,"key":"ReplayTheSpireMod:Ring of Collecting"},{"floor":4.0,"key":"ReplayTheSpireMod:Ring of Exchange"},{"floor":6.0,"key":"Happy Flower"},{"floor":9.0,"key":"Ring of Fury"},{"floor":11.0,"key":"Solar Panel"},{"floor":13.0,"key":"Whetstone"}],"event_choices":[{"damage_healed":0.0,"max_hp_gain":0.0,"max_hp_loss":0.0,"gold_gain":75.0,"event_name":"World of Goop","player_choice":"Gather Gold","floor":2.0,"gold_loss":0.0,"damage_taken":11.0},{"damage_healed":17.0,"max_hp_gain":0.0,"max_hp_loss":0.0,"gold_gain":0.0,"event_name":"The Cleric","player_choice":"Healed","floor":3.0,"gold_loss":35.0,"damage_taken":0.0},{"damage_healed":0.0,"max_hp_gain":0.0,"max_hp_loss":0.0,"gold_gain":0.0,"event_name":"Golden Idol","player_choice":"Take Damage","floor":14.0,"gold_loss":0.0,"damage_taken":24.0,"relics_obtained":["Golden Idol"]}],"is_beta":false,"boss_relics":[{"not_picked":["Astrolabe","Replay:Bronze Core"],"picked":"Runic Pyramid"}],"items_purged_floors":[8],"is_endless":false,"potions_floor_spawned":[5,10,13,16,19],"killed_by":"3 Cultists","ascension_level":20}}