{"host":"sefvftc5g87x47w2","time":1611076385,"event":{"mods":["AchievementEnabler","BaseMod","Colored Map","Colored Powertips","DeckTracker","Minty Spire (QoL Compilation)","Quick Restart","Rare Cards Sparkle","StSLib","everything is the same but u backflip on backflip"],"gold_per_floor":[111,127,127,145,47,62,62,72,72,88,105,122,197,213,213,309,309,329,329,342,342,362,362,11,41,41,53,53,86,97,115,115,216,216,230,230,249,249,249,249,263,263,263,263,289,83,83,94,94,94],"floor_reached":51,"language":"KOR","playtime":5123,"items_purged":["Defend_G","Strike_G","Defend_G"],"score":695,"play_id":"8825a82b-75f2-4e8a-ba8b-bb0775495fa3","local_time":"20210120021305","is_ascension_mode":false,"campfire_choices":[{"data":"Tactician","floor":7.0,"key":"SMITH"},{"data":"Catalyst","floor":15.0,"key":"SMITH"},{"data":"Acrobatics","floor":23,"key":"SMITH"},{"floor":28,"key":"REST"},{"data":"Deadly Poison","floor":32,"key":"SMITH"},{"data":"Deadly Poison","floor":40,"key":"SMITH"},{"floor":42,"key":"REST"},{"floor":47,"key":"REST"},{"floor":49,"key":"REST"}],"circlet_count":0,"master_deck":["Strike_G","Defend_G","Defend_G","Defend_G","Survivor","Neutralize","PiercingWail","Eviscerate","Deadly Poison+1","Tactician+1","Acrobatics+1","Deadly Poison+1","Underhanded Strike","Catalyst+1","Prepared+1","Backflip+1","Night Terror+1","Catalyst+1","Venomology+1","Reflex+1","Prepared+1","Acrobatics+1","Dodge and Roll+1","Expertise+1","Deadly Poison+1","Outmaneuver+1","Reflex+1","Venomology+1","The Bomb+1","Madness+1","Discovery+1","Bane+1","Writhe","Prepared+1","Bandage Up+1","Terror+1"],"relics":["Ring of the Snake","CultistMask","Toxic Egg 2","Pear","SlaversCollar","TheAbacus","Juzu Bracelet","Frozen Egg 2","Red Mask","HoveringKite","Bag of Marbles","InkBottle"],"acts_visited":["Exordium","TheCity","TheBeyond"],"potions_floor_usage":[20,22,22,22,25,29,30,30,31,31,33,33,37,37,39,41,41,45,45,45,45,45,48,48,50,50,50,50,50],"damage_taken":[{"damage":0.0,"enemies":"Cultist","floor":1.0,"turns":5.0},{"damage":0.0,"enemies":"2 Louse","floor":2.0,"turns":3.0},{"damage":11.0,"enemies":"Jaw Worm","floor":4.0,"turns":4.0},{"damage":4.0,"enemies":"Red Slaver","floor":6.0,"turns":4.0},{"damage":0.0,"enemies":"Looter","floor":8.0,"turns":3.0},{"damage":0.0,"enemies":"Blue Slaver","floor":10.0,"turns":2.0},{"damage":4.0,"enemies":"Large Slime","floor":11.0,"turns":7.0},{"damage":0.0,"enemies":"Looter","floor":12.0,"turns":1.0},{"damage":0.0,"enemies":"Exordium Thugs","floor":14.0,"turns":3.0},{"damage":25.0,"enemies":"Slime Boss","floor":16.0,"turns":9.0},{"damage":10,"enemies":"Chosen","floor":18,"turns":2},{"damage":10,"enemies":"Spheric Guardian","floor":20,"turns":3},{"damage":24,"enemies":"Centurion and Healer","floor":22,"turns":5},{"damage":5,"enemies":"Slavers","floor":25,"turns":6},{"damage":15,"enemies":"Chosen and Byrds","floor":27,"turns":7},{"damage":17,"enemies":"Masked Bandits","floor":29,"turns":3},{"damage":5,"enemies":"Shelled Parasite and Fungi","floor":30,"turns":3},{"damage":1,"enemies":"Snake Plant","floor":31,"turns":4},{"damage":18,"enemies":"Collector","floor":33,"turns":4},{"damage":4,"enemies":"Orb Walker","floor":35,"turns":2},{"damage":0,"enemies":"3 Shapes","floor":37,"turns":3},{"damage":0,"enemies":"Jaw Worm Horde","floor":39,"turns":2},{"damage":36,"enemies":"Spire Growth","floor":41,"turns":5},{"damage":60,"enemies":"Reptomancer","floor":45,"turns":4},{"damage":0,"enemies":"Writhing Mass","floor":48,"turns":4},{"damage":50,"enemies":"Awakened One","floor":50,"turns":5}],"seed_played":"-8739097266102359942","potions_obtained":[{"floor":4.0,"key":"SneckoOil"},{"floor":8.0,"key":"CunningPotion"},{"floor":10.0,"key":"FearPotion"},{"floor":14.0,"key":"Dexterity Potion"},{"floor":16.0,"key":"SkillPotion"},{"floor":22,"key":"Swift Potion"},{"floor":27,"key":"LiquidMemories"},{"floor":30,"key":"PowerPotion"},{"floor":33,"key":"LiquidMemories"},{"floor":37,"key":"Fire Potion"},{"floor":45,"key":"EntropicBrew"},{"floor":48,"key":"Weak Potion"}],"is_trial":false,"path_per_floor":["M","M","?","M","$","M","R","M","T","M","M","M","T","M","R","B",null,"M","?","M","?","M","R","$","E","T","M","R","?","M","M","R","B",null,"M","?","M","?","M","R","M","R","T","?","E","$","R","M","R","B",null],"character_chosen":"THE_SILENT","items_purchased":["Deadly Poison","TheAbacus","Dodge and Roll+1","Block Potion","Bandage Up+1"],"campfire_rested":4,"item_purchase_floors":[5,24,24,24,46],"current_hp_per_floor":[49,49,49,38,38,34,34,34,34,34,30,30,40,40,40,15,80,70,70,60,60,50,50,50,45,45,30,54,37,32,31,31,13,80,76,66,66,80,80,80,44,68,68,68,8,8,32,38,62,18],"gold":94,"neow_bonus":"TRANSFORM_TWO_CARDS","is_daily":false,"chose_seed":false,"campfire_upgraded":5,"win_rate":0.0,"timestamp":1611076385,"path_taken":["M","?","?","M","$","?","R","M","T","M","M","M","?","M","R","BOSS","M","?","M","?","M","R","$","E","T","M","R","?","M","M","R","BOSS","M","?","M","?","M","R","M","R","T","?","E","$","R","M","R","BOSS"],"items_purchased_type":["Card","Relic","Card","Potion","Card"],"build_version":"2020-12-22","purchased_purges":3,"victory":true,"max_hp_per_floor":[70,70,70,70,70,70,70,70,70,70,70,70,80,80,80,80,80,80,80,80,80,80,80,80,80,80,80,80,80,80,80,80,80,80,80,80,80,80,80,80,80,80,80,80,80,80,80,80,80,80],"card_choices":[{"not_picked":["Sucker Punch","Tactician"],"picked":"Deadly Poison","floor":1.0},{"not_picked":["Predator","Leg Sweep"],"picked":"Tactician","floor":2.0},{"not_picked":["Quick Slash","Sucker Punch"],"picked":"Acrobatics","floor":4.0},{"not_picked":["Outmaneuver","Blade Dance"],"picked":"Underhanded Strike","floor":6.0},{"not_picked":["Accuracy","Outmaneuver"],"picked":"Catalyst","floor":8.0},{"not_picked":["Blade Dance+1","Well Laid Plans"],"picked":"Prepared+1","floor":10.0},{"not_picked":["Cloak And Dagger+1","Dagger Spray"],"picked":"Backflip+1","floor":11.0},{"not_picked":["Slice","Cloak And Dagger+1"],"picked":"Night Terror+1","floor":12.0},{"not_picked":["Sucker Punch","Prepared+1"],"picked":"Catalyst+1","floor":14.0},{"not_picked":["Doppelganger+1","A Thousand Cuts"],"picked":"Venomology+1","floor":16.0},{"not_picked":["PiercingWail+1","Tactician+1"],"picked":"Reflex+1","floor":18},{"not_picked":["Bane","Underhanded Strike","Outmaneuver+1"],"picked":"SKIP","floor":20},{"not_picked":["Deadly Poison+1","Cloak And Dagger+1"],"picked":"Acrobatics+1","floor":22},{"not_picked":["Dash+1","Poisoned Stab"],"picked":"Expertise+1","floor":25},{"not_picked":["Cloak And Dagger+1","Infinite Blades+1"],"picked":"Deadly Poison+1","floor":27},{"not_picked":["Unload","Blade Dance+1"],"picked":"Outmaneuver+1","floor":29},{"not_picked":["Dagger Throw","Riddle With Holes+1","Backflip+1"],"picked":"SKIP","floor":30},{"not_picked":["Backstab","Infinite Blades+1"],"picked":"Reflex+1","floor":31},{"not_picked":["Bullet Time+1","Glass Knife"],"picked":"Venomology+1","floor":33},{"not_picked":["Caltrops+1","Cloak And Dagger+1","Flying Knee+1"],"picked":"SKIP","floor":35},{"not_picked":["PanicButton+1","HandOfGreed"],"picked":"The Bomb+1","floor":36},{"not_picked":["Jack Of All Trades+1","Mayhem+1"],"picked":"Madness+1","floor":36},{"not_picked":["Enlightenment+1","Flash of Steel"],"picked":"Discovery+1","floor":36},{"not_picked":["Quick Slash","Poisoned Stab+1"],"picked":"Bane+1","floor":37},{"not_picked":["Quick Slash","Expertise+1","Sucker Punch+1"],"picked":"SKIP","floor":41},{"not_picked":["Dagger Spray","Expertise+1"],"picked":"Prepared+1","floor":45},{"not_picked":["Prepared+1","Quick Slash"],"picked":"Terror+1","floor":48}],"player_experience":80846,"relics_obtained":[{"floor":9.0,"key":"Toxic Egg 2"},{"floor":13.0,"key":"Pear"},{"floor":25,"key":"Juzu Bracelet"},{"floor":26,"key":"Frozen Egg 2"},{"floor":29,"key":"Red Mask"},{"floor":43,"key":"Bag of Marbles"},{"floor":45,"key":"InkBottle"}],"event_choices":[{"damage_healed":0.0,"max_hp_gain":0.0,"max_hp_loss":0.0,"gold_gain":0.0,"event_name":"FaceTrader","player_choice":"Trade","floor":3.0,"gold_loss":0.0,"damage_taken":0.0,"relics_obtained":["CultistMask"]},{"damage_healed":0,"gold_gain":0,"player_choice":"Read","damage_taken":0,"max_hp_gain":0,"max_hp_loss":0,"event_name":"The Library","floor":19,"gold_loss":0,"cards_obtained":["Prepared"]},{"damage_healed":0,"gold_gain":0,"player_choice":"Ignored","damage_taken":0,"max_hp_gain":0,"max_hp_loss":0,"event_name":"Ghosts","floor":21,"gold_loss":0},{"damage_healed":0,"gold_gain":0,"player_choice":"Fought Bandits","damage_taken":0,"max_hp_gain":0,"max_hp_loss":0,"event_name":"Masked Bandits","floor":29,"gold_loss":0},{"damage_healed":0,"gold_gain":0,"player_choice":"Memory 3","damage_taken":10,"max_hp_gain":0,"max_hp_loss":0,"event_name":"SensoryStone","floor":36,"gold_loss":0},{"damage_healed":20,"gold_gain":0,"player_choice":"Writhe","damage_taken":0,"max_hp_gain":0,"max_hp_loss":0,"event_name":"Winding Halls","floor":38,"gold_loss":0,"cards_obtained":["Writhe"]},{"cards_removed":["Strike_G"],"damage_healed":0,"gold_gain":0,"player_choice":"Removed Attack","damage_taken":0,"max_hp_gain":0,"max_hp_loss":0,"event_name":"Falling","floor":44,"gold_loss":0}],"is_beta":false,"boss_relics":[{"not_picked":["Runic Pyramid","Cursed Key"],"picked":"SlaversCollar"},{"not_picked":["Tiny House","WristBlade"],"picked":"HoveringKite"}],"items_purged_floors":[5,24,46],"is_endless":false,"potions_floor_spawned":[4,8,10,14,16,22,27,30,33,35,37,45,48],"ascension_level":0}}