{"host":"mai03x2ekbjy4059","time":1611018862,"event":{"mods":["2.2 Compatiblity","BaseMod","DeckTracker","Keyboard Shortcuts","Minty Spire (QoL Compilation)","Permanent Neow","Quick Restart","SuperFastMode","everything is the same but u backflip on backflip"],"gold_per_floor":[114,114,39,56,71,99,111,111,111,111,143,143,156,181,181,279,279,294,194,194,211,226,258,272,272,323,23,52,52,81,98,98,201,201,213,223,223,140,160,195,45,58,109,138,138,138,165,213,213,213,213,213,38,63,63],"floor_reached":56,"language":"KOR","playtime":1506,"items_purged":["Strike_B","Strike_B","Strike_B","Defend_B","Defend_B"],"score":1467,"play_id":"6f072dc4-1e01-4650-9788-31bad941c4e1","local_time":"20210119101422","is_ascension_mode":true,"campfire_choices":[{"floor":8.0,"key":"REST"},{"data":"1","floor":10.0,"key":"LIFT"},{"data":"2","floor":15.0,"key":"LIFT"},{"data":"3","floor":25.0,"key":"LIFT"},{"data":"Seek","floor":29.0,"key":"SMITH"},{"data":"FTL","floor":32.0,"key":"SMITH"},{"floor":49,"key":"RECALL"},{"floor":52,"key":"REST"}],"circlet_count":0,"master_deck":["Defend_B","Defend_B","Zap+1","Seek+1","Gash","FTL+1","Swift Strike","Gash","Seek+1","All For One","Steam","Gash","Gash","Chill+1","Conserve Battery","Beam Cell+1","Core Surge","Machine Learning","Go for the Eyes","Impatience","Finesse","Impatience","Gash+1","Gash+1","Madness","Madness","Conserve Battery+1","Reboot"],"relics":["Cracked Core","Girya","War Paint","Pen Nib","Kunai","Mango","Sozu","Juzu Bracelet","PreservedInsect","Oddly Smooth Stone","Nunchaku","Fusion Hammer","Letter Opener","DataDisk","Cables","Potion Belt","CaptainsWheel","Lantern"],"acts_visited":["Exordium","TheCity","TheBeyond","TheEnding"],"potions_floor_usage":[55,55],"damage_taken":[{"damage":1.0,"enemies":"2 Louse","floor":1.0,"turns":2.0},{"damage":1.0,"enemies":"Cultist","floor":4.0,"turns":3.0},{"damage":0.0,"enemies":"Small Slimes","floor":5.0,"turns":4.0},{"damage":32.0,"enemies":"Gremlin Nob","floor":6.0,"turns":5.0},{"damage":0.0,"enemies":"2 Fungi Beasts","floor":7.0,"turns":4.0},{"damage":16.0,"enemies":"Lagavulin","floor":11.0,"turns":5.0},{"damage":0.0,"enemies":"3 Louse","floor":13.0,"turns":3.0},{"damage":11.0,"enemies":"3 Sentries","floor":14.0,"turns":5.0},{"damage":8.0,"enemies":"The Guardian","floor":16.0,"turns":9.0},{"damage":7.0,"enemies":"Shell Parasite","floor":18.0,"turns":3.0},{"damage":0.0,"enemies":"3 Byrds","floor":21.0,"turns":3.0},{"damage":5.0,"enemies":"Snake Plant","floor":22.0,"turns":3.0},{"damage":10.0,"enemies":"Gremlin Leader","floor":23.0,"turns":4.0},{"damage":1.0,"enemies":"Shelled Parasite and Fungi","floor":24.0,"turns":2.0},{"damage":1.0,"enemies":"Slavers","floor":28.0,"turns":3.0},{"damage":0.0,"enemies":"Book of Stabbing","floor":30.0,"turns":2.0},{"damage":0.0,"enemies":"Cultist and Chosen","floor":31.0,"turns":3.0},{"damage":40.0,"enemies":"Automaton","floor":33.0,"turns":7.0},{"damage":0.0,"enemies":"Orb Walker","floor":35.0,"turns":2.0},{"damage":0.0,"enemies":"3 Shapes","floor":36.0,"turns":4.0},{"damage":4,"enemies":"Spire Growth","floor":39,"turns":3},{"damage":0,"enemies":"Giant Head","floor":40,"turns":3},{"damage":0,"enemies":"4 Shapes","floor":42,"turns":3},{"damage":0,"enemies":"Reptomancer","floor":44,"turns":3},{"damage":18,"enemies":"Nemesis","floor":47,"turns":3},{"damage":0,"enemies":"2 Orb Walkers","floor":48,"turns":2},{"damage":3,"enemies":"Awakened One","floor":50,"turns":7},{"damage":9,"enemies":"Shield and Spear","floor":54,"turns":4},{"damage":68,"enemies":"The Heart","floor":55,"turns":8}],"seed_played":"-6320725039720879149","potions_obtained":[{"floor":4.0,"key":"Dexterity Potion"},{"floor":6.0,"key":"PowerPotion"},{"floor":11.0,"key":"FocusPotion"}],"is_trial":false,"path_per_floor":["M","?","$","M","M","E","M","R","T","R","E","?","M","E","R","B",null,"M","$","?","M","M","E","M","R","T","$","E","R","E","M","R","B",null,"M","M","?","$","M","E","$","M","T","E","?","$","E","?","R","B",null,"R","$","E","B",null],"character_chosen":"DEFECT","items_purchased":["PreservedInsect","Conserve Battery","Impatience"],"campfire_rested":2,"item_purchase_floors":[27,27,38],"current_hp_per_floor":[53,53,53,52,52,20,20,42,42,42,26,26,26,29,29,21,89,82,82,82,82,77,67,66,66,66,66,65,65,65,65,65,25,89,89,89,84,84,80,80,80,80,80,80,69,69,51,51,51,48,89,89,89,80,12],"gold":63,"neow_bonus":"ONE_RARE_RELIC","is_daily":false,"chose_seed":false,"campfire_upgraded":2,"win_rate":0.0,"timestamp":1611018862,"path_taken":["M","?","$","M","?","E","M","R","T","R","E","?","M","E","R","BOSS","M","$","?","M","M","E","M","R","T","$","E","R","E","M","R","BOSS","M","M","?","$","M","E","$","M","T","E","?","$","E","?","R","BOSS","R","$","E","BOSS"],"items_purchased_type":["Relic","Card","Card"],"build_version":"2020-12-22","purchased_purges":5,"victory":true,"max_hp_per_floor":[75,75,75,75,75,75,75,75,75,75,75,75,75,89,89,89,89,89,89,89,89,89,89,89,89,89,89,89,89,89,89,89,89,89,89,89,89,89,89,89,89,89,89,89,89,89,89,89,89,89,89,89,89,89,89],"card_choices":[{"not_picked":["Compile Driver","Hello World","Ball Lightning"],"picked":"SKIP","floor":1.0},{"not_picked":["Storm","Doom and Gloom","Rip and Tear"],"picked":"SKIP","floor":4.0},{"not_picked":["Coolheaded","Barrage","Streamline"],"picked":"SKIP","floor":5.0},{"not_picked":["Leap","Go for the Eyes"],"picked":"Gash","floor":6.0},{"not_picked":["Redo","Reinforced Body","Rebound"],"picked":"SKIP","floor":7.0},{"not_picked":["Loop","Reinforced Body"],"picked":"FTL","floor":11.0},{"not_picked":["Ball Lightning","Redo","Compile Driver"],"picked":"SKIP","floor":13.0},{"not_picked":["Loop","Redo"],"picked":"Seek","floor":14.0},{"not_picked":["Creative AI","Seek"],"picked":"All For One","floor":16.0},{"not_picked":["Scrape","Rebound"],"picked":"Steam","floor":18.0},{"not_picked":["Conserve Battery","Capacitor"],"picked":"Gash","floor":21.0},{"not_picked":["Coolheaded","Streamline+1"],"picked":"Gash","floor":22.0},{"not_picked":["Double Energy","Loop"],"picked":"Chill+1","floor":23.0},{"not_picked":["Rip and Tear","Darkness","Redo"],"picked":"SKIP","floor":24.0},{"not_picked":["Hologram+1","Leap+1","Capacitor"],"picked":"SKIP","floor":28.0},{"not_picked":["Heatsinks","Steam Power"],"picked":"Beam Cell+1","floor":30.0},{"not_picked":["Compile Driver","Auto Shields"],"picked":"Core Surge","floor":31.0},{"not_picked":["Multi-Cast","Meteor Strike"],"picked":"Machine Learning","floor":33.0},{"not_picked":["Compile Driver+1","Rebound"],"picked":"Go for the Eyes","floor":35.0},{"not_picked":["Coolheaded","Sunder","Capacitor+1"],"picked":"SKIP","floor":36.0},{"not_picked":["Mayhem","Bandage Up"],"picked":"Impatience","floor":37},{"not_picked":["Mind Blast","Bandage Up"],"picked":"Finesse","floor":37},{"not_picked":["Doom and Gloom+1","Go for the Eyes+1"],"picked":"Gash+1","floor":39},{"not_picked":["Coolheaded","Hello World","Hologram"],"picked":"SKIP","floor":40},{"not_picked":["Coolheaded","Hello World","Hologram"],"picked":"SKIP","floor":40},{"not_picked":["Ball Lightning","Streamline+1"],"picked":"Gash+1","floor":42},{"not_picked":["Coolheaded","Go for the Eyes+1","BootSequence"],"picked":"SKIP","floor":44},{"not_picked":["Meteor Strike","Fusion+1"],"picked":"Conserve Battery+1","floor":47},{"not_picked":["Sweeping Beam","Hologram+1"],"picked":"Reboot","floor":54}],"player_experience":1095669,"relics_obtained":[{"floor":6.0,"key":"War Paint"},{"floor":9.0,"key":"Pen Nib"},{"floor":11.0,"key":"Kunai"},{"floor":14.0,"key":"Mango"},{"floor":23.0,"key":"Juzu Bracelet"},{"floor":28.0,"key":"Oddly Smooth Stone"},{"floor":30.0,"key":"Nunchaku"},{"floor":40,"key":"Letter Opener"},{"floor":43,"key":"DataDisk"},{"floor":44,"key":"Cables"},{"floor":47,"key":"Potion Belt"},{"floor":48,"key":"CaptainsWheel"},{"floor":54,"key":"Lantern"}],"event_choices":[{"damage_healed":0.0,"max_hp_gain":0.0,"max_hp_loss":0.0,"gold_gain":0.0,"cards_transformed":["Dualcast"],"event_name":"Transmorgrifier","player_choice":"Transformed","floor":2.0,"gold_loss":0.0,"damage_taken":0.0,"cards_obtained":["Seek"]},{"damage_healed":0.0,"max_hp_gain":0.0,"max_hp_loss":0.0,"gold_gain":0.0,"event_name":"Match and Keep!","player_choice":"2 cards matched","floor":12.0,"gold_loss":0.0,"damage_taken":0.0,"cards_obtained":["Swift Strike","Gash"]},{"cards_removed":["Strike_B"],"damage_healed":0.0,"max_hp_gain":0.0,"max_hp_loss":0.0,"gold_gain":0.0,"event_name":"Back to Basics","player_choice":"Elegance","floor":20.0,"gold_loss":0.0,"damage_taken":0.0},{"damage_healed":0,"gold_gain":0,"player_choice":"Memory 2","damage_taken":5,"max_hp_gain":0,"max_hp_loss":0,"event_name":"SensoryStone","floor":37,"gold_loss":0},{"damage_healed":0,"gold_gain":0,"player_choice":"Embrace Madness","damage_taken":11,"max_hp_gain":0,"max_hp_loss":0,"event_name":"Winding Halls","floor":45,"gold_loss":0,"cards_obtained":["Madness","Madness"]},{"damage_healed":0,"gold_gain":0,"player_choice":"Fight","damage_taken":0,"max_hp_gain":0,"max_hp_loss":0,"event_name":"Mysterious Sphere","floor":48,"gold_loss":0}],"is_beta":false,"boss_relics":[{"not_picked":["Coffee Dripper","Snecko Eye"],"picked":"Sozu"},{"not_picked":["Runic Dome","Astrolabe"],"picked":"Fusion Hammer"}],"items_purged_floors":[3,19,27,41,53],"is_endless":false,"potions_floor_spawned":[4,6,11,21,23,24,30,33,36,39,47,54],"ascension_level":1}}