{"host":"pjgcdp3h1plnbocs","time":1611082645,"event":{"mods":["AchievementEnabler","BaseMod","Colored Map","Downfall","Highlight Path","Minty Spire (QoL Compilation)","StSLib"],"gold_per_floor":[99,99,99,99,24,99,99,130,143,171,187,17,43,59,72,173,173,173,183,183,199,199,229,252,252,270,289,303,318,329,354,368,467,467,367,377,396,406,423,457,484,484,119,131,141,141,156,181,197,197],"floor_reached":51,"language":"ENG","playtime":3358,"items_purged":["Slimebound:Strike_Slimebound","Doubt"],"score":825,"play_id":"9f5e9c8e-5208-4712-ba00-3417fcb26352","local_time":"20210119195724","is_ascension_mode":false,"campfire_choices":[{"data":"Slimebound:CorrosiveSpit","floor":1,"key":"SMITH"},{"data":"Slimebound:MassRepurpose","floor":18,"key":"SMITH"},{"data":"Slimebound:GrowthPunch","floor":25,"key":"SMITH"},{"floor":35,"key":"RECALL"}],"circlet_count":0,"master_deck":["Slimebound:Strike_Slimebound+1","Slimebound:Defend_Slimebound+1","Slimebound:Defend_Slimebound+1","Slimebound:Defend_Slimebound+1","Slimebound:Split","Slimebound:CorrosiveSpit+1","Slimebound:GrowthPunch","Slimebound:GrowthPunch+1","Slimebound:RainOfGoop","Slimebound:GoopSpray","Slimebound:SamplingLick","Slimebound:Schlurp","Slimebound:MassFeed+1","Slimebound:DisruptingSlam+1","Slimebound:MassRepurpose+1","Slimebound:SplitAcid","Slimebound:HauntingLick+1","Slimebound:SpikyOuterGoop+1","Slimebound:Schlurp","Slimebound:LevelUp","Slimebound:OozeBath","Slimebound:ItLooksTasty+1","Slimebound:AcidTongue"],"relics":["Slimebound:AbsorbEndCombatUpgraded","downfall:HeartsMalice","Sundial","Mercury Hourglass","Molten Egg 2","Smiling Mask","Juzu Bracelet","PreservedInsect","Slimebound:MaxSlimesRelic","downfall:HeartBlessingGreen","Bronze Scales","Orichalcum","Ice Cream","MealTicket"],"acts_visited":["Exordium","TheCity","TheBeyond"],"potions_floor_usage":[21,23,38,49,50,50,50],"damage_taken":[{"damage":0,"enemies":"Small Slimes","floor":2,"turns":1},{"damage":0,"enemies":"2 Louse","floor":4,"turns":1},{"damage":0,"enemies":"downfall:FleeingMerchant","floor":5,"turns":1},{"damage":14,"enemies":"Lagavulin","floor":8,"turns":10},{"damage":2,"enemies":"Jaw Worm","floor":9,"turns":2},{"damage":5,"enemies":"3 Sentries","floor":10,"turns":5},{"damage":14,"enemies":"Gremlin Gang","floor":11,"turns":4},{"damage":0,"enemies":"downfall:FleeingMerchant","floor":12,"turns":4},{"damage":0,"enemies":"Lagavulin","floor":13,"turns":6},{"damage":7,"enemies":"Large Slime","floor":14,"turns":6},{"damage":0,"enemies":"Exordium Wildlife","floor":15,"turns":6},{"damage":50,"enemies":"SI_SHIV_ARCHETYPE","floor":16,"turns":13},{"damage":0,"enemies":"Shell Parasite","floor":19,"turns":5},{"damage":21,"enemies":"Snecko","floor":21,"turns":5},{"damage":32,"enemies":"Slavers","floor":23,"turns":7},{"damage":1,"enemies":"Centurion and Healer","floor":26,"turns":6},{"damage":21,"enemies":"Chosen and Byrds","floor":27,"turns":6},{"damage":11,"enemies":"Shelled Parasite and Fungi","floor":28,"turns":6},{"damage":4,"enemies":"Snecko","floor":29,"turns":5},{"damage":8,"enemies":"Centurion and Healer","floor":30,"turns":7},{"damage":20,"enemies":"Gremlin Leader","floor":31,"turns":5},{"damage":4,"enemies":"Snake Plant","floor":32,"turns":4},{"damage":11,"enemies":"WA_ARCHETYPE_CALM","floor":33,"turns":11},{"damage":18,"enemies":"3 Darklings","floor":36,"turns":6},{"damage":6,"enemies":"Orb Walker","floor":37,"turns":4},{"damage":21,"enemies":"3 Darklings","floor":38,"turns":6},{"damage":9,"enemies":"4 Shapes","floor":39,"turns":6},{"damage":58,"enemies":"Giant Head","floor":40,"turns":10},{"damage":0,"enemies":"downfall:FleeingMerchant","floor":43,"turns":4},{"damage":5,"enemies":"Writhing Mass","floor":44,"turns":6},{"damage":13,"enemies":"Sphere and 2 Shapes","floor":45,"turns":4},{"damage":0,"enemies":"Maw","floor":47,"turns":8},{"damage":13,"enemies":"Reptomancer","floor":48,"turns":6},{"damage":25,"enemies":"3 Darklings","floor":49,"turns":4},{"damage":44,"enemies":"DF_ARCHETYPE_ORBS","floor":50,"turns":13}],"seed_played":"-1489956917609049017","potions_obtained":[{"floor":9,"key":"Regen Potion"},{"floor":11,"key":"BlessingOfTheForge"},{"floor":14,"key":"FearPotion"},{"floor":23,"key":"sneckomod:MuddlingPotion"},{"floor":28,"key":"SkillPotion"},{"floor":30,"key":"hexamod:SoulburnPotion"},{"floor":38,"key":"champ:CounterPotion"},{"floor":40,"key":"Regen Potion"},{"floor":47,"key":"SkillPotion"},{"floor":49,"key":"Slimebound:SlimedPotion"}],"is_trial":false,"path_per_floor":["R","M","?","M","$","?","T","E","M","E","M","$","E","M","M","B",null,"R","M","?","M","?","E","T","R","M","M","M","M","M","E","M","B",null,"R","M","M","M","M","E","T","?","$","M","M","?","M","E","M","B",null],"character_chosen":"SLIMEBOUND","items_purchased":["Slimebound:MassFeed+1","Ice Cream"],"campfire_rested":0,"item_purchase_floors":[12,43],"current_hp_per_floor":[65,65,65,65,65,65,65,57,57,58,50,58,64,70,77,31,77,77,81,81,66,66,64,64,64,78,67,65,73,84,78,83,84,89,89,77,80,78,88,42,42,42,51,65,61,61,76,78,68,39],"gold":197,"neow_bonus":"THREE_ENEMY_KILL","is_daily":false,"chose_seed":false,"campfire_upgraded":3,"win_rate":0.0,"timestamp":1611082644,"path_taken":["R","M","?","M","$","?","T","E","M","E","M","$","E","M","M","BOSS","R","M","?","M","?","E","T","R","M","M","M","M","M","E","M","BOSS","R","M","M","M","M","E","T","?","$","M","M","?","M","E","M","BOSS"],"items_purchased_type":["Card","Relic"],"build_version":"2020-12-22","purchased_purges":2,"victory":true,"max_hp_per_floor":[65,65,65,65,65,65,65,65,65,65,65,65,65,73,77,77,77,77,81,81,81,81,81,81,81,81,85,85,85,89,89,89,89,89,89,89,89,93,97,97,97,97,97,101,101,101,101,101,101,101],"card_choices":[{"not_picked":["Slimebound:GoopTackle","Slimebound:Gluttony"],"picked":"Slimebound:GrowthPunch","floor":2},{"not_picked":["Slimebound:Dissolve","Slimebound:SlimeBarrage"],"picked":"Slimebound:GrowthPunch","floor":4},{"not_picked":["Slimebound:LivingWall","Slimebound:PressTheAttack","Slimebound:ComboTackle"],"picked":"SKIP","floor":5},{"not_picked":["Slimebound:FormOfPuddle","Slimebound:SlimeBrawl"],"picked":"Slimebound:RainOfGoop","floor":8},{"not_picked":["Slimebound:SplitLeeching","Slimebound:GrowthPunch"],"picked":"Slimebound:GoopSpray","floor":9},{"not_picked":["Slimebound:Overexert","Slimebound:Schlurp"],"picked":"Slimebound:SamplingLick","floor":10},{"not_picked":["Slimebound:ProtectTheBoss","Slimebound:SlimeBarrage+1"],"picked":"Slimebound:Schlurp","floor":11},{"not_picked":["Slimebound:FinishingTackle+1","Slimebound:SplitLeeching","Slimebound:LeadByExample"],"picked":"SKIP","floor":12},{"not_picked":["Slimebound:ComboTackle+1","Slimebound:Schlurp","Slimebound:ServeAndProtect"],"picked":"SKIP","floor":13},{"not_picked":["Slimebound:GoopTackle+1","Slimebound:SamplingLick","Slimebound:SlimeBarrage+1"],"picked":"SKIP","floor":14},{"not_picked":["Slimebound:RollThrough+1","Slimebound:SlimeSpikes"],"picked":"Slimebound:DisruptingSlam+1","floor":15},{"not_picked":["Slimebound:Overexert","Slimebound:LeechLife+1"],"picked":"Slimebound:MassRepurpose","floor":16},{"not_picked":["Slimebound:SamplingLick","Slimebound:GoopSpray"],"picked":"Slimebound:SplitAcid","floor":19},{"not_picked":["Slimebound:SplitMire+1","Slimebound:GoopSpray","Slimebound:Prepare+1"],"picked":"SKIP","floor":21},{"not_picked":["Slimebound:SamplingLick","Slimebound:SplitMire","Slimebound:BestDefense+1"],"picked":"SKIP","floor":23},{"not_picked":["Slimebound:RollThrough+1","Slimebound:LeechEnergy+1"],"picked":"Slimebound:HauntingLick+1","floor":26},{"not_picked":["Slimebound:HauntingLick+1","Slimebound:SelfFormingGoo"],"picked":"Slimebound:SpikyOuterGoop+1","floor":27},{"not_picked":["Slimebound:PressTheAttack+1","Slimebound:LeechEnergy+1","Slimebound:Repurpose+1"],"picked":"SKIP","floor":28},{"not_picked":["Slimebound:SplitLeeching","Slimebound:LeechEnergy+1"],"picked":"Slimebound:Schlurp","floor":29},{"not_picked":["Slimebound:GoopSpray","Slimebound:DivideAndConquer+1","Slimebound:FlameTackle+1"],"picked":"SKIP","floor":30},{"not_picked":["Slimebound:LeechEnergy+1","Slimebound:RainOfGoop"],"picked":"Slimebound:LevelUp","floor":31},{"not_picked":["Slimebound:SplitAcid+1","Slimebound:FinishingTackle+1","Slimebound:RollThrough+1"],"picked":"SKIP","floor":32},{"not_picked":["Slimebound:FirmFortitude","Slimebound:LeechLife+1"],"picked":"Slimebound:OozeBath","floor":33},{"not_picked":["Slimebound:RollThrough+1","Slimebound:SplitMire","Slimebound:GoopTackle+1"],"picked":"SKIP","floor":36},{"not_picked":["Slimebound:SplitLeeching+1","Slimebound:Repurpose+1","Slimebound:Grow"],"picked":"SKIP","floor":37},{"not_picked":["Slimebound:RollThrough+1","Slimebound:Schlurp","Slimebound:FirmFortitude"],"picked":"SKIP","floor":38},{"not_picked":["Slimebound:GoopSpray","Slimebound:Schlurp","Slimebound:Equalize+1"],"picked":"SKIP","floor":39},{"not_picked":["Slimebound:ViciousTackle+1","Slimebound:SplitMire","Slimebound:GoopTackle+1"],"picked":"SKIP","floor":40},{"not_picked":["Slimebound:SlimeSpikes+1","Slimebound:SamplingLick+1","Slimebound:LeechLife+1"],"picked":"SKIP","floor":43},{"not_picked":["Slimebound:GoopTackle+1","Slimebound:Prepare","Slimebound:SlimeBrawl"],"picked":"SKIP","floor":44},{"not_picked":["Slimebound:GoopTackle+1","Slimebound:SplitLeeching+1"],"picked":"Slimebound:ItLooksTasty+1","floor":45},{"not_picked":["Slimebound:GoopSpray","Slimebound:LeechingTouch+1","Slimebound:GoopTackle+1"],"picked":"SKIP","floor":47},{"not_picked":["Slimebound:FinishingTackle+1","Slimebound:RainOfGoop+1"],"picked":"Slimebound:AcidTongue","floor":48},{"not_picked":["Slimebound:GrowthPunch+1","Slimebound:HauntingLick+1","Slimebound:SplitLeeching"],"picked":"SKIP","floor":49}],"player_experience":194147,"relics_obtained":[{"floor":7,"key":"Sundial"},{"floor":8,"key":"Mercury Hourglass"},{"floor":10,"key":"Molten Egg 2"},{"floor":13,"key":"Smiling Mask"},{"floor":23,"key":"Juzu Bracelet"},{"floor":24,"key":"PreservedInsect"},{"floor":31,"key":"Slimebound:MaxSlimesRelic"},{"floor":40,"key":"Bronze Scales"},{"floor":41,"key":"Orichalcum"},{"floor":48,"key":"MealTicket"}],"event_choices":[{"damage_healed":0,"gold_gain":0,"player_choice":"Ignored","damage_taken":0,"max_hp_gain":0,"max_hp_loss":0,"event_name":"Mysterious Sphere","floor":46,"gold_loss":0}],"is_beta":false,"boss_relics":[{"not_picked":["Calling Bell","Velvet Choker"],"picked":"Slimebound:AbsorbEndCombatUpgraded"},{"not_picked":["Runic Dome","Snecko Eye","Astrolabe"]}],"items_purged_floors":[5,43],"is_endless":false,"potions_floor_spawned":[9,11,14,15,23,28,30,31,33,36,38,40,47,49],"ascension_level":0}}