{"host":"jlz4is0nf6zo9oab","time":1611096264,"event":{"mods":["AchievementEnabler","BaseMod","Colored Map","Colored Powertips","Highlight Path","Minty Spire (QoL Compilation)","StSLib"],"gold_per_floor":[116,135,235,253,263,263,276,276,276,24,24,44,79,93,93,198,198,211,211,223,234,246,246,279,279,279,279,311,322,0,0,0,100,100,113,131,131,181,281,281,295,295,295,323,323,335,183,143,143,143],"floor_reached":51,"language":"SPA","playtime":1671,"items_purged":[],"score":1084,"play_id":"237b41eb-614b-4b32-81b6-039913929c19","local_time":"20210119234424","is_ascension_mode":true,"campfire_choices":[{"data":"Inflame","floor":6,"key":"SMITH"},{"data":"Metallicize","floor":8,"key":"SMITH"},{"data":"Bash","floor":11,"key":"SMITH"},{"floor":15,"key":"REST"},{"data":"Inflame","floor":23,"key":"SMITH"},{"floor":25,"key":"REST"},{"floor":27,"key":"REST"},{"floor":32,"key":"REST"},{"data":"Dropkick","floor":40,"key":"SMITH"},{"data":"Immolate","floor":42,"key":"SMITH"},{"data":"Defend_R","floor":45,"key":"SMITH"},{"data":"Defend_R","floor":49,"key":"SMITH"}],"circlet_count":0,"master_deck":["AscendersBane","Strike_R+1","Strike_R","Strike_R","Strike_R","Strike_R","Defend_R","Defend_R+1","Defend_R+1","Bash+1","Inflame+1","Dropkick+1","Metallicize+1","Immolate+1","Inflame+1","Metallicize+1","Reaper+1","Spot Weakness+1"],"relics":["Burning Blood","Incense Burner","Pantograph","Mummified Hand","SacredBark","Turnip","Juzu Bracelet","Bottled Tornado","Busted Crown","Dead Branch","Eternal Feather","Unceasing Top","Happy Flower"],"acts_visited":["Exordium","TheCity","TheBeyond"],"potions_floor_usage":[13,20,21,22,33,44,50],"damage_taken":[{"damage":13,"enemies":"Jaw Worm","floor":1,"turns":4},{"damage":1,"enemies":"Cultist","floor":2,"turns":4},{"damage":2,"enemies":"Small Slimes","floor":4,"turns":4},{"damage":6,"enemies":"Exordium Thugs","floor":5,"turns":4},{"damage":13,"enemies":"2 Fungi Beasts","floor":7,"turns":4},{"damage":17,"enemies":"Looter","floor":12,"turns":3},{"damage":20,"enemies":"3 Sentries","floor":13,"turns":10},{"damage":6,"enemies":"Large Slime","floor":14,"turns":5},{"damage":40,"enemies":"The Guardian","floor":16,"turns":12},{"damage":31,"enemies":"Shell Parasite","floor":18,"turns":6},{"damage":30,"enemies":"2 Thieves","floor":20,"turns":4},{"damage":0,"enemies":"Centurion and Healer","floor":21,"turns":4},{"damage":20,"enemies":"Snake Plant","floor":22,"turns":5},{"damage":50,"enemies":"Book of Stabbing","floor":24,"turns":5},{"damage":54,"enemies":"Slavers","floor":28,"turns":6},{"damage":28,"enemies":"Snecko","floor":29,"turns":4},{"damage":22,"enemies":"Colosseum Slavers","floor":31,"turns":6},{"damage":88,"enemies":"Automaton","floor":33,"turns":12},{"damage":0,"enemies":"3 Shapes","floor":35,"turns":2},{"damage":12,"enemies":"Orb Walker","floor":36,"turns":2},{"damage":35,"enemies":"Mind Bloom Boss Battle","floor":38,"turns":6},{"damage":17,"enemies":"Transient","floor":41,"turns":5},{"damage":22,"enemies":"Reptomancer","floor":44,"turns":5},{"damage":23,"enemies":"3 Darklings","floor":46,"turns":2},{"damage":133,"enemies":"Donu and Deca","floor":50,"turns":8}],"seed_played":"3618218196513651108","potions_obtained":[{"floor":1,"key":"FairyPotion"},{"floor":2,"key":"BlessingOfTheForge"},{"floor":13,"key":"SpeedPotion"},{"floor":14,"key":"BloodPotion"},{"floor":20,"key":"SteroidPotion"},{"floor":21,"key":"Swift Potion"},{"floor":29,"key":"Strength Potion"},{"floor":36,"key":"FairyPotion"},{"floor":38,"key":"SkillPotion"},{"floor":46,"key":"Strength Potion"}],"is_trial":false,"path_per_floor":["M","M","?","M","M","R","M","R","T","$","R","M","E","M","R","B",null,"M","?","M","M","M","R","E","R","T","R","E","M","?","?","R","B",null,"M","M","?","?","?","R","M","R","T","E","R","M","$","?","R","B",null],"character_chosen":"IRONCLAD","items_purchased":["Pantograph","Happy Flower"],"campfire_rested":4,"item_purchase_floors":[10,47],"current_hp_per_floor":[73,78,78,82,82,82,75,75,75,75,75,64,50,50,76,54,80,55,49,60,66,52,52,8,34,34,60,12,58,58,46,72,24,72,88,82,82,76,76,76,75,75,75,72,81,71,71,71,80,60],"gold":143,"neow_bonus":"TEN_PERCENT_HP_BONUS","is_daily":false,"chose_seed":false,"campfire_upgraded":8,"win_rate":0.0,"timestamp":1611096264,"path_taken":["M","M","?","?","M","R","M","R","T","$","R","M","E","M","R","BOSS","M","?","M","M","M","R","E","R","T","R","E","M","?","?","R","BOSS","M","M","?","?","?","R","M","R","T","E","R","M","$","?","R","BOSS"],"items_purchased_type":["Relic","Relic"],"build_version":"2020-12-22","purchased_purges":0,"victory":true,"max_hp_per_floor":[88,88,88,88,88,88,88,88,88,88,88,88,88,88,88,88,88,88,88,88,88,88,88,88,88,88,88,88,88,88,88,88,88,88,88,88,88,88,88,88,88,88,88,88,88,88,88,88,88,88],"card_choices":[{"not_picked":["Bloodletting","Havoc"],"picked":"Inflame","floor":1},{"not_picked":["Heavy Blade","Clash"],"picked":"Dropkick","floor":2},{"not_picked":["Flex","Iron Wave","Power Through"],"picked":"SKIP","floor":4},{"not_picked":["Clothesline","Body Slam","Warcry"],"picked":"SKIP","floor":5},{"not_picked":["Pommel Strike","Sever Soul"],"picked":"Metallicize","floor":7},{"not_picked":["Flame Barrier","Warcry","Seeing Red"],"picked":"SKIP","floor":12},{"not_picked":["Hemokinesis","Corruption","Juggernaut"],"picked":"SKIP","floor":13},{"not_picked":["Armaments","Perfected Strike","Blood for Blood"],"picked":"SKIP","floor":14},{"not_picked":["Impervious","Barricade"],"picked":"Immolate","floor":16},{"not_picked":["Sword Boomerang","Warcry","Iron Wave"],"picked":"SKIP","floor":18},{"not_picked":["Cleave","Flex","Sword Boomerang"],"picked":"SKIP","floor":20},{"not_picked":["Seeing Red+1","Wild Strike"],"picked":"Inflame","floor":21},{"not_picked":["Wild Strike+1","True Grit"],"picked":"Metallicize+1","floor":22},{"not_picked":["Anger","Clash","Armaments+1"],"picked":"SKIP","floor":24},{"not_picked":["Wild Strike","Clothesline+1"],"picked":"Reaper","floor":28},{"not_picked":["Anger","Dual Wield"],"picked":"Spot Weakness+1","floor":29},{"not_picked":["Burning Pact"],"picked":"SKIP","floor":35},{"not_picked":["Infernal Blade"],"picked":"SKIP","floor":36},{"not_picked":["Sword Boomerang"],"picked":"SKIP","floor":41},{"not_picked":["Evolve"],"picked":"SKIP","floor":44},{"not_picked":["Wild Strike"],"picked":"SKIP","floor":46}],"player_experience":951182,"relics_obtained":[{"floor":9,"key":"Incense Burner"},{"floor":13,"key":"Mummified Hand"},{"floor":24,"key":"Turnip"},{"floor":26,"key":"Juzu Bracelet"},{"floor":28,"key":"Bottled Tornado"},{"floor":38,"key":"Dead Branch"},{"floor":43,"key":"Eternal Feather"},{"floor":44,"key":"Unceasing Top"}],"event_choices":[{"damage_healed":0,"gold_gain":100,"player_choice":"Pray","damage_taken":0,"max_hp_gain":0,"max_hp_loss":0,"event_name":"Golden Shrine","floor":3,"gold_loss":0},{"damage_healed":0,"gold_gain":0,"player_choice":"","damage_taken":6,"max_hp_gain":0,"max_hp_loss":0,"event_name":"Knowing Skull","floor":19,"potions_obtained":[],"gold_loss":0,"cards_obtained":[]},{"damage_healed":0,"gold_gain":0,"player_choice":"Paid Fearfully","damage_taken":0,"max_hp_gain":0,"max_hp_loss":0,"event_name":"Masked Bandits","floor":30,"gold_loss":322},{"damage_healed":0,"gold_gain":0,"player_choice":"Fight","damage_taken":0,"max_hp_gain":0,"max_hp_loss":0,"event_name":"Colosseum","floor":31,"gold_loss":0},{"damage_healed":0,"gold_gain":0,"player_choice":"Fled From Nobs","damage_taken":0,"max_hp_gain":0,"max_hp_loss":0,"event_name":"Colosseum","floor":31,"gold_loss":0},{"cards_removed":["Defend_R"],"damage_healed":0,"gold_gain":0,"player_choice":"Removed Skill","damage_taken":0,"max_hp_gain":0,"max_hp_loss":0,"event_name":"Falling","floor":37,"gold_loss":0},{"damage_healed":0,"gold_gain":0,"player_choice":"Fight","damage_taken":0,"max_hp_gain":0,"max_hp_loss":0,"event_name":"MindBloom","floor":38,"gold_loss":0},{"damage_healed":0,"gold_gain":100,"player_choice":"Pray","damage_taken":0,"max_hp_gain":0,"max_hp_loss":0,"event_name":"Golden Shrine","floor":39,"gold_loss":0},{"damage_healed":0,"gold_gain":0,"player_choice":"Upgraded Two","damage_taken":0,"max_hp_gain":0,"max_hp_loss":0,"event_name":"Designer","floor":48,"gold_loss":40,"cards_upgraded":["Reaper","Strike_R"]}],"is_beta":false,"boss_relics":[{"not_picked":["Astrolabe","SlaversCollar"],"picked":"SacredBark"},{"not_picked":["Fusion Hammer","Sozu"],"picked":"Busted Crown"}],"items_purged_floors":[],"is_endless":false,"potions_floor_spawned":[1,2,12,13,14,20,21,29,36,38,41,46],"ascension_level":11}}