{"host":"6749gst1gzuv21qf","time":1611025483,"event":{"mods":["BaseMod","Better Altar","Better Match","Better Note","Better Sensory Stone","Better Skull","Better Third Choice","BetterRewards","Colored Map","Colored Powertips","Downfall","Hermit","Highlight Path","Minty Spire (QoL Compilation)","Permanent Neow","Shop Mod","Spicy Shops","StSLib","The Cursed"],"gold_per_floor":[219,169,189,189,189,205,224,224,278,292,310,331,331,331],"floor_reached":13,"language":"ENG","playtime":1018,"items_purged":[],"score":79,"play_id":"18b5212e-2f44-431c-bfe3-912b8e10967a","local_time":"20210118220443","is_ascension_mode":false,"campfire_choices":[],"circlet_count":0,"master_deck":["hermit:Strike_Hermit","hermit:Strike_Hermit","hermit:Strike_Hermit","hermit:Defend_Hermit","hermit:Defend_Hermit","hermit:Defend_Hermit","hermit:Defend_Hermit","hermit:Snapshot","hermit:Covet","hermit:Grudge","hermit:Virtue","Regret","Blind","hermit:Feint","hermit:GoldenBullet","hermit:Brawl","hermit:Roulette","hermit:Malice"],"relics":["hermit:Momento","Vajra","Golden Idol"],"acts_visited":["Exordium"],"potions_floor_usage":[],"damage_taken":[{"damage":9,"enemies":"2 Louse","floor":1,"turns":3},{"damage":0,"enemies":"Cultist","floor":3,"turns":3},{"damage":0,"enemies":"Small Slimes","floor":6,"turns":2},{"damage":1,"enemies":"2 Fungi Beasts","floor":7,"turns":3},{"damage":29,"enemies":"Exordium Wildlife","floor":10,"turns":6},{"damage":9,"enemies":"Blue Slaver","floor":11,"turns":3},{"damage":2,"enemies":"Large Slime","floor":12,"turns":4},{"damage":11,"enemies":"3 Sentries","floor":13,"turns":2}],"seed_played":"-2053235825680906033","potions_obtained":[{"floor":3,"key":"hermit:Tonic"},{"floor":6,"key":"Ancient Potion"},{"floor":7,"key":"champ:CounterPotion"},{"floor":12,"key":"Dexterity Potion"}],"is_trial":false,"path_per_floor":["M","?","M","?","?","M","M","?","T","M","M","M","E"],"character_chosen":"HERMIT","items_purchased":[],"campfire_rested":0,"item_purchase_floors":[],"current_hp_per_floor":[66,66,66,66,66,66,65,47,47,18,9,7,0,0],"gold":331,"neow_bonus":"HUNDRED_GOLD","is_daily":false,"chose_seed":false,"campfire_upgraded":0,"win_rate":0.0,"timestamp":1611025483,"path_taken":["M","?","M","?","?","?","M","?","T","M","M","M","E"],"items_purchased_type":[],"build_version":"2020-12-22","purchased_purges":0,"victory":false,"max_hp_per_floor":[75,75,75,75,75,75,75,75,75,75,75,75,75,75],"card_choices":[{"not_picked":["hermit:WideOpen","hermit:Snipe"],"picked":"hermit:Grudge","floor":1},{"not_picked":["hermit:NoHoldsBarred","hermit:Shortfuse"],"picked":"hermit:Virtue","floor":3},{"not_picked":["Bandage Up","Purity"],"picked":"Blind","floor":5},{"not_picked":["hermit:NoHoldsBarred","hermit:Glare"],"picked":"hermit:Feint","floor":6},{"not_picked":["hermit:Virtue","hermit:Quickdraw"],"picked":"hermit:GoldenBullet","floor":7},{"not_picked":["hermit:TrackingShot","hermit:Snipe"],"picked":"hermit:Brawl","floor":10},{"not_picked":["hermit:GoldenBullet","hermit:Gambit"],"picked":"hermit:Roulette","floor":11},{"not_picked":["hermit:Dive","hermit:HighCaliber"],"picked":"hermit:Malice","floor":12}],"player_experience":734324,"relics_obtained":[],"event_choices":[{"cards_removed":["hermit:Strike_Hermit"],"damage_healed":0,"gold_gain":0,"player_choice":"Card Removal","damage_taken":0,"max_hp_gain":0,"max_hp_loss":0,"event_name":"The Cleric","floor":2,"gold_loss":50},{"damage_healed":0,"gold_gain":0,"player_choice":"Box","damage_taken":0,"relics_obtained":["Vajra"],"max_hp_gain":0,"max_hp_loss":0,"event_name":"Big Fish","floor":4,"gold_loss":0,"cards_obtained":["Regret"]},{"damage_healed":0,"gold_gain":1,"player_choice":"1","damage_taken":0,"max_hp_gain":0,"max_hp_loss":0,"event_name":"betterStone:BetterStone","floor":5,"gold_loss":0},{"damage_healed":0,"gold_gain":0,"player_choice":"Take Damage","damage_taken":18,"relics_obtained":["Golden Idol"],"max_hp_gain":0,"max_hp_loss":0,"event_name":"Golden Idol","floor":8,"gold_loss":0}],"is_beta":false,"boss_relics":[],"items_purged_floors":[],"is_endless":false,"potions_floor_spawned":[3,6,7,12],"killed_by":"3 Sentries","ascension_level":0}}