{"host":"exhp4inpfmbngj23","time":1611096514,"event":{"mods":["Abigail Mod","BaseMod","Beaked The Cultist","Downfall","Friendly Minions","Gremlin Mod","Kiyohime????","Minty Spire (QoL Compilation)","StSLib","The Alterego"],"gold_per_floor":[99,112,130,130,146,146,146,158,176,190,90,103,120,148,161,257,257,257,268,268,287,287,319,319,367,208,8,33,43,74,84,103,202,202,202,216,266,52,66,66,66,66,82,82,115,115,100,112,128,128,128,128,128],"floor_reached":52,"language":"ENG","playtime":7077,"items_purged":[],"score":773,"play_id":"d435c85b-1b23-4164-956a-dd677b3630bb","local_time":"20210119144834","is_ascension_mode":false,"campfire_choices":[{"data":"beaked:Ceremony","floor":1,"key":"SMITH"},{"data":"beaked:Ceremony","floor":6,"key":"SMITH"},{"data":"beaked:Brace","floor":11,"key":"SMITH"},{"floor":18,"key":"RECALL"},{"data":"beaked:Ceremony","floor":27,"key":"SMITH"},{"data":"beaked:ScreechingChant","floor":35,"key":"SMITH"},{"data":"beaked:BraceForImpact","floor":40,"key":"SMITH"},{"data":"beaked:BraceForImpact","floor":42,"key":"SMITH"},{"data":"beaked:BraceForImpact","floor":46,"key":"SMITH"}],"circlet_count":0,"master_deck":["beaked:Strike_Y","beaked:Strike_Y","beaked:Strike_Y","beaked:Strike_Y","beaked:Strike_Y","beaked:Strike_Y","beaked:Defend_Y","beaked:Defend_Y","beaked:Defend_Y","beaked:Defend_Y","beaked:Ceremony+1","beaked:Ceremony+1","beaked:Ceremony+1","beaked:Insight","beaked:BraceForImpact+1","beaked:BraceForImpact+1","beaked:Evade","beaked:Brace+1","beaked:HuntressSpirit","beaked:Windmill","beaked:AwakenedForm","beaked:BraceForImpact+1","beaked:BraceForImpact","beaked:BraceForImpact+1","beaked:Brace+1","beaked:Resilience+1","beaked:CursingBlood+1","beaked:DigDeep","beaked:BloodRitual","beaked:ScreechingChant+1","beaked:BraceForImpact","beaked:BraceForImpact+1","beaked:MachineEssence","beaked:Tweet","beaked:BraceForImpact+1","beaked:MaddeningMurmurs","beaked:CursingBlood+1","Parasite","beaked:BloodRitual","beaked:BloodRitual+1"],"relics":["beaked:MendingPlumage","downfall:HeartBlessingBlue","MealTicket","SlaversCollar","alterego_mod:FleetingLove","Bird Faced Urn","Mummified Hand","Regal Pillow","DollysMirror","downfall:HeartBlessingRed","downfall:HeartBlessingGreen","Nunchaku","Pear","beaked:SacrificeDoll","StoneCalendar","Oddly Smooth Stone","Strawberry","Pen Nib"],"acts_visited":["Exordium","TheCity","TheBeyond","TheEnding"],"potions_floor_usage":[16,21,23,43,49,50],"damage_taken":[{"damage":14,"enemies":"2 Louse","floor":2,"turns":4},{"damage":3,"enemies":"Cultist","floor":3,"turns":4},{"damage":9,"enemies":"Jaw Worm","floor":5,"turns":6},{"damage":22,"enemies":"Lots of Slimes","floor":8,"turns":8},{"damage":41,"enemies":"Large Slime","floor":9,"turns":11},{"damage":19,"enemies":"Blue Slaver","floor":10,"turns":6},{"damage":33,"enemies":"Exordium Wildlife","floor":12,"turns":9},{"damage":13,"enemies":"Large Slime","floor":13,"turns":8},{"damage":11,"enemies":"Lagavulin","floor":14,"turns":7},{"damage":17,"enemies":"Red Slaver","floor":15,"turns":6},{"damage":46,"enemies":"IC_STATUS_ARCHETYPE","floor":16,"turns":11},{"damage":18,"enemies":"Spheric Guardian","floor":19,"turns":6},{"damage":23,"enemies":"Centurion and Healer","floor":21,"turns":7},{"damage":62,"enemies":"Gremlin Leader","floor":23,"turns":9},{"damage":2,"enemies":"downfall:FleeingMerchant","floor":26,"turns":4},{"damage":57,"enemies":"Slavers","floor":28,"turns":9},{"damage":41,"enemies":"Snecko","floor":29,"turns":8},{"damage":26,"enemies":"Book of Stabbing","floor":30,"turns":7},{"damage":23,"enemies":"Snake Plant","floor":31,"turns":7},{"damage":31,"enemies":"Centurion and Healer","floor":32,"turns":8},{"damage":55,"enemies":"WA_ARCHETYPE_CALM","floor":33,"turns":14},{"damage":75,"enemies":"Orb Walker","floor":36,"turns":7},{"damage":41,"enemies":"Orb Walker","floor":37,"turns":9},{"damage":16,"enemies":"downfall:FleeingMerchant","floor":38,"turns":4},{"damage":21,"enemies":"3 Shapes","floor":39,"turns":7},{"damage":75,"enemies":"Sphere and 2 Shapes","floor":43,"turns":10},{"damage":81,"enemies":"Giant Head","floor":45,"turns":11},{"damage":16,"enemies":"downfall:FleeingMerchant","floor":47,"turns":4},{"damage":52,"enemies":"Writhing Mass","floor":48,"turns":9},{"damage":79,"enemies":"3 Darklings","floor":49,"turns":7},{"damage":96,"enemies":"DF_ARCHETYPE_ORBS","floor":50,"turns":11},{"damage":196,"enemies":"downfall:CharBossMerchant","floor":52,"turns":8}],"seed_played":"-8988483597990101820","potions_obtained":[{"floor":3,"key":"LiquidBronze"},{"floor":5,"key":"Slimebound:ThreeZeroPotion"},{"floor":10,"key":"ColorlessPotion"},{"floor":19,"key":"DistilledChaos"},{"floor":28,"key":"AttackPotion"},{"floor":29,"key":"SteroidPotion"},{"floor":32,"key":"LiquidMemories"},{"floor":43,"key":"SteroidPotion"},{"floor":49,"key":"Dexterity Potion"}],"is_trial":false,"path_per_floor":["R","M","M","?","M","R","T","M","M","M","R","M","M","E","M","B",null,"R","M","?","M","?","E","T","T","$","R","E","M","E","M","M","B",null,"R","M","?","$","M","R","T","R","M","?","E","R","$","M","M","B",null,"E"],"character_chosen":"BEAKED_THE_CULTIST","items_purchased":["DollysMirror","Oddly Smooth Stone","beaked:Tweet"],"campfire_rested":0,"item_purchase_floors":[26,38,38],"current_hp_per_floor":[50,44,50,50,50,50,50,50,44,42,52,50,60,58,59,40,60,60,51,51,62,62,31,31,31,62,62,45,44,67,72,72,72,72,72,37,72,72,60,60,67,67,32,32,64,64,79,79,79,79,79,0,0],"gold":128,"neow_bonus":"THREE_CARDS","is_daily":false,"chose_seed":false,"campfire_upgraded":8,"win_rate":0.0,"timestamp":1611096514,"path_taken":["R","M","M","?","M","R","T","M","M","?","R","?","M","E","M","BOSS","R","M","?","M","?","E","T","?","$","R","E","M","E","?","M","BOSS","R","M","?","$","M","R","T","R","M","?","E","R","?","M","M","BOSS","E"],"items_purchased_type":["Relic","Relic","Card"],"build_version":"2020-12-22","purchased_purges":0,"victory":false,"max_hp_per_floor":[50,50,50,50,50,50,50,50,50,50,60,60,60,60,60,60,60,60,60,60,62,62,62,62,62,62,62,62,62,72,72,72,72,72,72,72,72,72,72,72,79,79,79,79,79,79,79,79,79,79,79,79,79],"card_choices":[{"not_picked":["beaked:SurvivalInstinct","beaked:Daydream"],"picked":"beaked:Insight","floor":0},{"not_picked":["beaked:Poke","beaked:Daydream"],"picked":"beaked:BraceForImpact","floor":2},{"not_picked":["beaked:Recite","beaked:Mantra","beaked:Poke"],"picked":"SKIP","floor":3},{"not_picked":["beaked:BarbedWire","beaked:DigDeep"],"picked":"beaked:BraceForImpact","floor":5},{"not_picked":["beaked:Mantra","beaked:Cower"],"picked":"beaked:Evade","floor":8},{"not_picked":["beaked:SurvivalInstinct","beaked:Windmill","beaked:WarriorSpirit"],"picked":"SKIP","floor":9},{"not_picked":["beaked:Redirect","beaked:Daydream"],"picked":"beaked:Brace","floor":10},{"not_picked":["beaked:HuntressEssence","beaked:DesperateSwing","beaked:Insight"],"picked":"SKIP","floor":12},{"not_picked":["beaked:DarkTribute","beaked:WarriorEssence"],"picked":"beaked:Windmill","floor":13},{"not_picked":["beaked:Foresight","beaked:WindBringer"],"picked":"beaked:HuntressSpirit","floor":14},{"not_picked":["beaked:Pecker","beaked:BounceBack"],"picked":"beaked:Windmill","floor":15},{"not_picked":["beaked:CheekyTricks","beaked:DarkPact"],"picked":"beaked:AwakenedForm","floor":16},{"not_picked":["beaked:TuckingFeathers","beaked:BloodForTheGods+1"],"picked":"beaked:BraceForImpact","floor":19},{"not_picked":["beaked:WindBringer","beaked:Daydream+1"],"picked":"beaked:BraceForImpact+1","floor":21},{"not_picked":["beaked:SacrificialAttack","beaked:Hexing+1","beaked:RuinSticks"],"picked":"SKIP","floor":23},{"not_picked":["beaked:Poke","beaked:DigDeep","beaked:TuckingFeathers+1"],"picked":"SKIP","floor":26},{"not_picked":["beaked:CheekyTricks","beaked:Overexert"],"picked":"beaked:Resilience+1","floor":28},{"not_picked":["beaked:Insight+1","beaked:Brace"],"picked":"beaked:CursingBlood+1","floor":29},{"not_picked":["beaked:MachineSpirit","beaked:Poke"],"picked":"beaked:DigDeep","floor":30},{"not_picked":["beaked:Recite+1","beaked:Redirect"],"picked":"beaked:BloodRitual","floor":31},{"not_picked":["beaked:TuckingFeathers","beaked:DigDeeper+1","beaked:MaddeningMurmurs"],"picked":"SKIP","floor":32},{"not_picked":["beaked:MachineEssence","beaked:DarkPact"],"picked":"beaked:ScreechingChant","floor":33},{"not_picked":["beaked:MaddeningMurmurs+1","beaked:MimicWarrior"],"picked":"beaked:BraceForImpact","floor":36},{"not_picked":["beaked:Redirect+1","beaked:Pecker+1"],"picked":"beaked:BraceForImpact+1","floor":37},{"not_picked":["beaked:HuntressSpirit","beaked:TuckingFeathers"],"picked":"beaked:MachineEssence","floor":38},{"not_picked":["beaked:SurvivalInstinct+1","beaked:Foresight"],"picked":"beaked:BraceForImpact+1","floor":39},{"not_picked":["beaked:VigorBurst+1","beaked:MimicHuntress+1","beaked:TuckingFeathers"],"picked":"SKIP","floor":43},{"not_picked":["beaked:FeelMyPain+1","beaked:BounceBack"],"picked":"beaked:MaddeningMurmurs","floor":45},{"not_picked":["beaked:Replenish","beaked:Insight"],"picked":"beaked:CursingBlood+1","floor":47},{"not_picked":["beaked:Insight+1","beaked:Brace"],"picked":"beaked:BloodRitual","floor":48},{"not_picked":["beaked:CursingBlood+1","beaked:StunningBlow+1"],"picked":"beaked:BloodRitual+1","floor":49}],"player_experience":2015914,"relics_obtained":[{"floor":14,"key":"MealTicket"},{"floor":23,"key":"Bird Faced Urn"},{"floor":24,"key":"Mummified Hand"},{"floor":25,"key":"Regal Pillow"},{"floor":28,"key":"Nunchaku"},{"floor":30,"key":"Pear"},{"floor":37,"key":"StoneCalendar"},{"floor":41,"key":"Strawberry"},{"floor":45,"key":"Pen Nib"}],"event_choices":[{"damage_healed":0,"gold_gain":0,"player_choice":"Ignored","damage_taken":0,"max_hp_gain":0,"max_hp_loss":0,"event_name":"NoteForYourself","floor":4,"gold_loss":0},{"damage_healed":0,"gold_gain":0,"player_choice":"Read","damage_taken":0,"max_hp_gain":0,"max_hp_loss":0,"event_name":"The Library","floor":20,"gold_loss":0,"cards_obtained":["beaked:BraceForImpact"]},{"damage_healed":0,"gold_gain":0,"player_choice":"Choice 1","damage_taken":0,"relics_obtained":["alterego_mod:FleetingLove"],"max_hp_gain":0,"max_hp_loss":0,"event_name":"Secret Garden","floor":22,"gold_loss":0},{"cards_removed":["beaked:Windmill"],"damage_healed":0,"gold_gain":0,"player_choice":"Removed Attack","damage_taken":0,"max_hp_gain":0,"max_hp_loss":0,"event_name":"Falling","floor":44,"gold_loss":0}],"is_beta":false,"boss_relics":[{"not_picked":["Fusion Hammer","Runic Dome"],"picked":"SlaversCollar"},{"not_picked":["Tiny House","bronze:MakeshiftBattery"],"picked":"beaked:SacrificeDoll"}],"items_purged_floors":[],"is_endless":false,"potions_floor_spawned":[3,5,10,14,15,19,28,29,32,37,39,43,48,49],"killed_by":"downfall:CharBossMerchant","ascension_level":0}}