{"host":"xi8yg1ddhptuxb9d","time":1611083643,"event":{"mods":["AchievementEnabler","AlwaysNeverKeys","BaseMod","Block Reminder","Minty Spire (QoL Compilation)","Relic Sorter","StSLib"],"gold_per_floor":[110,123,137,137,154,186,186,221,221,232,242,260,286,286,286,363,363,374,205,220,220,220,245,245,245,245],"floor_reached":25,"language":"ENG","playtime":1035,"items_purged":[],"score":636,"play_id":"99883f87-64aa-4193-86f2-ca2728a9df63","local_time":"20210119141403","is_ascension_mode":true,"campfire_choices":[{"data":"Judgement","floor":7.0,"key":"SMITH"},{"data":"ConjureBlade","floor":15,"key":"SMITH"},{"floor":24,"key":"REST"}],"circlet_count":0,"master_deck":["AscendersBane","Eruption+1","Vigilance","WindmillStrike+1","Adaptation","FollowUp","Judgement+1","Study","PathToVictory","ReachHeaven","FearNoEvil","Crescendo","DeceiveReality","BowlingBash","ConjureBlade+1","EmptyMind","Consecrate","PathToVictory","DevaForm","Fasting2+1","ThirdEye","ClearTheMind"],"relics":["Pandora\u0027s Box","Bag of Preparation","Toy Ornithopter","Whetstone","InkBottle","Snecko Eye","Omamori","MutagenicStrength","Potion Belt","Matryoshka"],"acts_visited":["Exordium","TheCity"],"potions_floor_usage":[13,16,23],"damage_taken":[{"damage":0.0,"enemies":"Cultist","floor":1.0,"turns":3.0},{"damage":2.0,"enemies":"Small Slimes","floor":2.0,"turns":2.0},{"damage":0.0,"enemies":"2 Louse","floor":3.0,"turns":1.0},{"damage":0.0,"enemies":"2 Fungi Beasts","floor":5.0,"turns":3.0},{"damage":10.0,"enemies":"3 Sentries","floor":6.0,"turns":3.0},{"damage":0.0,"enemies":"Lagavulin","floor":8.0,"turns":4.0},{"damage":0.0,"enemies":"Large Slime","floor":10.0,"turns":1.0},{"damage":12,"enemies":"Exordium Wildlife","floor":11,"turns":2},{"damage":8,"enemies":"Lots of Slimes","floor":12,"turns":3},{"damage":10,"enemies":"3 Sentries","floor":13,"turns":3},{"damage":0,"enemies":"Slime Boss","floor":16,"turns":4},{"damage":12,"enemies":"Chosen","floor":18,"turns":3},{"damage":16,"enemies":"3 Byrds","floor":20,"turns":4},{"damage":34,"enemies":"Gremlin Leader","floor":23,"turns":4},{"damage":33,"enemies":"Snake Plant","floor":25,"turns":2}],"seed_played":"-6708514909435489842","potions_obtained":[{"floor":1.0,"key":"EssenceOfSteel"},{"floor":3.0,"key":"AttackPotion"},{"floor":6.0,"key":"Explosive Potion"},{"floor":10.0,"key":"AttackPotion"},{"floor":11,"key":"Fire Potion"},{"floor":14,"key":"GamblersBrew"},{"floor":20,"key":"CultistPotion"},{"floor":23,"key":"Explosive Potion"}],"is_trial":false,"path_per_floor":["M","M","M","?","M","E","R","E","T","M","M","M","E","?","R","B",null,"M","$","M","?","?","E","R","M"],"character_chosen":"WATCHER","items_purchased":["Omamori"],"campfire_rested":1,"item_purchase_floors":[19],"current_hp_per_floor":[61,59,59,59,59,49,49,49,49,54,42,34,29,29,29,34,60,48,48,32,32,32,3,23,0,0],"gold":245,"neow_bonus":"BOSS_RELIC","is_daily":false,"chose_seed":false,"campfire_upgraded":2,"win_rate":0.0,"timestamp":1611083643,"path_taken":["M","M","M","?","M","E","R","E","T","M","M","?","E","?","R","BOSS","M","$","M","?","?","E","R","M"],"items_purchased_type":["Relic"],"build_version":"2020-12-22","purchased_purges":0,"victory":false,"max_hp_per_floor":[68,68,68,68,68,68,68,68,68,68,68,68,68,68,68,68,68,68,68,68,68,68,68,68,68,68],"card_choices":[{"not_picked":["InnerPeace","Consecrate"],"picked":"FearNoEvil","floor":1.0},{"not_picked":["CrushJoints","Prostrate"],"picked":"Crescendo","floor":2.0},{"not_picked":["FollowUp","ForeignInfluence"],"picked":"DeceiveReality","floor":3.0},{"not_picked":["Swivel","FlurryOfBlows"],"picked":"BowlingBash","floor":5.0},{"not_picked":["CrushJoints","Consecrate"],"picked":"ConjureBlade","floor":6.0},{"not_picked":["ThirdEye","ClearTheMind"],"picked":"EmptyMind","floor":8.0},{"not_picked":["Evaluate","Halt","Prostrate"],"picked":"SKIP","floor":10.0},{"not_picked":["MentalFortress","Swivel"],"picked":"Consecrate","floor":11},{"not_picked":["Weave","EmptyBody","Halt"],"picked":"SKIP","floor":12},{"not_picked":["Halt","Swivel"],"picked":"PathToVictory","floor":13},{"not_picked":["Vault","Blasphemy"],"picked":"DevaForm","floor":16},{"not_picked":["ClearTheMind","Study"],"picked":"Fasting2+1","floor":18},{"not_picked":["WindmillStrike+1","Evaluate"],"picked":"ThirdEye","floor":20},{"not_picked":["FearNoEvil","Consecrate"],"picked":"ClearTheMind","floor":23}],"player_experience":647034,"relics_obtained":[{"floor":6.0,"key":"Bag of Preparation"},{"floor":8.0,"key":"Toy Ornithopter"},{"floor":9.0,"key":"Whetstone"},{"floor":13,"key":"InkBottle"},{"floor":23,"key":"Matryoshka"}],"event_choices":[{"cards_removed":["Swivel"],"damage_healed":0.0,"max_hp_gain":0.0,"max_hp_loss":0.0,"gold_gain":0.0,"event_name":"Purifier","player_choice":"Purged","floor":4.0,"gold_loss":0.0,"damage_taken":0.0},{"damage_healed":0,"gold_gain":0,"player_choice":"Got Potions","damage_taken":0,"max_hp_gain":0,"max_hp_loss":0,"event_name":"Lab","floor":14,"gold_loss":0},{"damage_healed":0,"gold_gain":0,"player_choice":"Inject Mutagens","damage_taken":0,"relics_obtained":["MutagenicStrength"],"max_hp_gain":0,"max_hp_loss":0,"event_name":"Drug Dealer","floor":21,"gold_loss":0},{"damage_healed":0,"gold_gain":0,"player_choice":"Stole Relic","damage_taken":0,"relics_obtained":["Potion Belt"],"max_hp_gain":0,"max_hp_loss":0,"event_name":"Addict","floor":22,"gold_loss":0,"cards_obtained":["Shame"]}],"is_beta":false,"boss_relics":[{"not_picked":["Philosopher\u0027s Stone","Runic Dome"],"picked":"Snecko Eye"}],"items_purged_floors":[],"is_endless":false,"potions_floor_spawned":[1,3,6,10,11,20,23],"killed_by":"Snake Plant","ascension_level":20}}