{"host":"l4kdldlios54gl54","time":1611026652,"event":{"mods":["AchievementEnabler","BaseMod","Colored Map","Colored Powertips","Minty Spire (QoL Compilation)","Random Character Button"],"gold_per_floor":[113,263,101,176,195,225,225,225,225,225,239,239,255,283,283,361,361,381,112,130,142,142,176,176,176],"floor_reached":24,"language":"ENG","playtime":609,"items_purged":["Doubt","Strike_R"],"score":498,"play_id":"ccf12ecd-575a-45b0-8d7e-0555d4031069","local_time":"20210119042412","is_ascension_mode":true,"campfire_choices":[{"data":"Immolate","floor":7,"key":"SMITH"},{"data":"Spot Weakness","floor":12,"key":"SMITH"},{"floor":15,"key":"REST"}],"circlet_count":0,"master_deck":["AscendersBane","Strike_R","Strike_R","Strike_R","Strike_R","Defend_R","Defend_R","Defend_R","Defend_R","Bash","Infernal Blade","Flame Barrier","Twin Strike","Immolate+1","Spot Weakness+1","Battle Trance","Impervious","Power Through+1"],"relics":["Burning Blood","NeowsBlessing","Mummified Hand","Peace Pipe","Pen Nib","Bag of Preparation","Philosopher\u0027s Stone","Akabeko","InkBottle"],"acts_visited":["Exordium","TheCity"],"potions_floor_usage":[14,16,21,21,24],"damage_taken":[{"damage":0,"enemies":"Jaw Worm","floor":1,"turns":1},{"damage":0,"enemies":"2 Louse","floor":5,"turns":1},{"damage":0,"enemies":"3 Sentries","floor":6,"turns":1},{"damage":0,"enemies":"Small Slimes","floor":11,"turns":2},{"damage":11,"enemies":"3 Louse","floor":13,"turns":3},{"damage":30,"enemies":"Lagavulin","floor":14,"turns":5},{"damage":40,"enemies":"Slime Boss","floor":16,"turns":5},{"damage":4,"enemies":"Spheric Guardian","floor":18,"turns":4},{"damage":0,"enemies":"2 Thieves","floor":20,"turns":1},{"damage":15,"enemies":"Centurion and Healer","floor":21,"turns":5},{"damage":38,"enemies":"Slavers","floor":23,"turns":3},{"damage":18,"enemies":"Snake Plant","floor":24,"turns":2}],"seed_played":"-3646920017378548552","potions_obtained":[{"floor":5,"key":"Strength Potion"},{"floor":6,"key":"CultistPotion"},{"floor":16,"key":"GamblersBrew"},{"floor":18,"key":"EntropicBrew"},{"floor":21,"key":"Swift Potion"}],"is_trial":false,"path_per_floor":["M","?","$","?","M","E","R","?","T","?","M","R","M","E","R","B",null,"M","$","M","M","?","E","M"],"character_chosen":"IRONCLAD","items_purchased":["Flame Barrier","Akabeko"],"campfire_rested":1,"item_purchase_floors":[3,19],"current_hp_per_floor":[74,74,74,63,69,75,75,80,80,62,68,68,63,39,63,29,67,69,69,75,66,43,11,0,0],"gold":176,"neow_bonus":"THREE_ENEMY_KILL","is_daily":false,"chose_seed":false,"campfire_upgraded":2,"win_rate":0.0,"timestamp":1611026652,"path_taken":["M","?","$","?","M","E","R","?","T","?","M","R","M","E","R","BOSS","M","$","M","M","?","E","M"],"items_purchased_type":["Card","Relic"],"build_version":"2020-12-22","purchased_purges":2,"victory":false,"max_hp_per_floor":[75,75,75,75,75,75,75,80,80,80,80,80,80,80,80,80,80,80,80,80,80,85,85,85,85],"card_choices":[{"not_picked":["Armaments","Havoc"],"picked":"Infernal Blade","floor":1},{"not_picked":["Seeing Red","Warcry"],"picked":"Twin Strike","floor":5},{"not_picked":["Disarm","Shrug It Off"],"picked":"Immolate","floor":6},{"not_picked":["Shrug It Off","Heavy Blade"],"picked":"Spot Weakness","floor":11},{"not_picked":["Metallicize","Combust"],"picked":"Battle Trance","floor":13},{"not_picked":["Thunderclap","Clothesline","Clash"],"picked":"SKIP","floor":14},{"not_picked":["Reaper","Bludgeon"],"picked":"Impervious","floor":16},{"not_picked":["Wild Strike","Clothesline","Anger"],"picked":"SKIP","floor":18},{"not_picked":["Carnage","Rupture","True Grit"],"picked":"SKIP","floor":20},{"not_picked":["Hemokinesis","Body Slam","Shrug It Off"],"picked":"SKIP","floor":21},{"not_picked":["Disarm","Flame Barrier"],"picked":"Power Through+1","floor":23}],"player_experience":878251,"relics_obtained":[{"floor":6,"key":"Mummified Hand"},{"floor":9,"key":"Peace Pipe"},{"floor":14,"key":"Bag of Preparation"},{"floor":23,"key":"InkBottle"}],"event_choices":[{"damage_healed":0,"gold_gain":150,"player_choice":"AGREE","damage_taken":0,"max_hp_gain":0,"max_hp_loss":0,"event_name":"Liars Game","floor":2,"gold_loss":0,"cards_obtained":["Doubt"]},{"damage_healed":0,"gold_gain":75,"player_choice":"Gather Gold","damage_taken":11,"max_hp_gain":0,"max_hp_loss":0,"event_name":"World of Goop","floor":4,"gold_loss":0},{"damage_healed":0,"gold_gain":0,"player_choice":"Donut","damage_taken":0,"max_hp_gain":5,"max_hp_loss":0,"event_name":"Big Fish","floor":8,"gold_loss":0},{"damage_healed":0,"gold_gain":0,"player_choice":"Success","damage_taken":18,"relics_obtained":["Pen Nib"],"max_hp_gain":0,"max_hp_loss":0,"event_name":"Scrap Ooze","floor":10,"gold_loss":0},{"damage_healed":0,"gold_gain":0,"player_choice":"Shed Blood","damage_taken":28,"max_hp_gain":5,"max_hp_loss":0,"event_name":"Forgotten Altar","floor":22,"gold_loss":0}],"is_beta":false,"boss_relics":[{"not_picked":["SlaversCollar","Runic Pyramid"],"picked":"Philosopher\u0027s Stone"}],"items_purged_floors":[3,19],"is_endless":false,"potions_floor_spawned":[5,6,11,16,18,21],"killed_by":"Snake Plant","ascension_level":20}}