{"host":"ln76an1o32p2wxtf","time":1611082765,"event":{"mods":["AchievementEnabler","Act Like it!","BaseMod","BetterRewards","Colored Powertips","Energized Spire","GifTheSpireLib","Infinite Spire","Minty Spire (QoL Compilation)","Shop Mod","StSLib","Yuri Mod"],"gold_per_floor":[120,120,130,80,5,5,36,47,117,145,165,180,45,64,64,163,113,124,141,56,56,75,104,104,115,115,128,28,28,54,69,69,164,164,177,188,188,188],"floor_reached":37,"language":"ENG","playtime":5015,"items_purged":["yuri:yuriDefend","yuri:yuriStrike"],"score":448,"play_id":"bf38d355-06d1-4524-866d-6d9ae3144c63","local_time":"20210120025925","is_ascension_mode":false,"campfire_choices":[{"data":"yuri:Oolong","floor":6,"key":"SMITH"},{"data":"yuri:NoEscape","floor":15,"key":"SMITH"},{"floor":24,"key":"REST"},{"data":"yuri:HoldBack","floor":24,"key":"SMITH"},{"floor":29,"key":"REST"},{"floor":29,"key":"RECALL"},{"data":"yuri:DragonForm","floor":32,"key":"SMITH"}],"circlet_count":0,"master_deck":["yuri:Oolong+1","yuri:yuriStab","yuri:BookBlue","yuri:WickedSlash","yuri:BookRed","yuri:NerfBat","yuri:NoEscape+1","yuri:NerfBat","yuri:DragonForm+1","yuri:RelentlessStrikes","yuri:CalmingAura","yuri:ArmBrace+1","yuri:HoldBack+1","yuri:DejaVu","yuri:DragonForm","yuri:ThornRemove+1","yuri:Torment","yuri:AdaptiveAI","yuri:GhostForm","yuri:BookBlue","yuri:InsanityDefense","yuri:ConsumeGlitch","yuri:BookGreen","yuri:UntestedCode","yuri:SturdyUniform+1"],"relics":["yuri:yuriKnife","PreservedInsect","infinitespire:EmpoweringShard","infinitespire:Magic Flask","energizedSpire:HugeHouse","Lantern","Ornamental Fan","Pantograph","Pandora\u0027s Box"],"acts_visited":["Exordium","TheCity","TheBeyond"],"potions_floor_usage":[7,27],"damage_taken":[{"damage":3,"enemies":"2 Louse","floor":1,"turns":4},{"damage":2,"enemies":"Small Slimes","floor":3,"turns":3},{"damage":38,"enemies":"Lagavulin","floor":7,"turns":5},{"damage":8,"enemies":"Jaw Worm","floor":8,"turns":3},{"damage":9,"enemies":"3 Sentries","floor":10,"turns":4},{"damage":4,"enemies":"Looter","floor":11,"turns":3},{"damage":13,"enemies":"Blue Slaver","floor":12,"turns":3},{"damage":10,"enemies":"Red Slaver","floor":14,"turns":3},{"damage":25,"enemies":"The Guardian","floor":16,"turns":8},{"damage":17,"enemies":"Shell Parasite","floor":18,"turns":5},{"damage":27,"enemies":"2 Thieves","floor":19,"turns":3},{"damage":14,"enemies":"Shelled Parasite and Fungi","floor":22,"turns":5},{"damage":42,"enemies":"Gremlin Leader","floor":23,"turns":6},{"damage":27,"enemies":"Centurion and Healer","floor":25,"turns":5},{"damage":16,"enemies":"Snake Plant","floor":27,"turns":6},{"damage":5,"enemies":"Slavers","floor":30,"turns":4},{"damage":20,"enemies":"Chosen and Byrds","floor":31,"turns":6},{"damage":55,"enemies":"Automaton","floor":33,"turns":11},{"damage":28,"enemies":"3 Darklings","floor":35,"turns":6},{"damage":21,"enemies":"Orb Walker","floor":36,"turns":4},{"damage":65,"enemies":"Transient","floor":37,"turns":4}],"seed_played":"-9036520584290421208","potions_obtained":[{"floor":1,"key":"EntropicBrew"},{"floor":8,"key":"BlessingOfTheForge"},{"floor":23,"key":"EssenceOfSteel"},{"floor":30,"key":"Strength Potion"}],"is_trial":false,"path_per_floor":["M","?","M","?","$","R","E","M","T","E","M","M","$","M","R","B",null,"M","M","?","?","M","E","R","M","T","M","$","R","E","M","R","B",null,"M","M","M"],"character_chosen":"YURI","items_purchased":["yuri:NoEscape"],"campfire_rested":2,"item_purchase_floors":[13],"current_hp_per_floor":[88,81,79,79,79,79,48,49,49,47,50,47,47,46,46,31,83,74,54,54,54,50,18,42,24,24,17,17,41,46,35,35,15,83,65,51,0,0],"gold":188,"neow_bonus":"TEN_PERCENT_HP_BONUS","is_daily":false,"chose_seed":false,"campfire_upgraded":4,"win_rate":0.0,"timestamp":1611082765,"path_taken":["M","?","M","?","$","R","E","M","T","E","M","M","$","M","R","BOSS","M","M","?","?","M","E","R","M","T","M","$","R","E","M","R","BOSS","M","M","M"],"items_purchased_type":["Card"],"build_version":"2020-12-22","purchased_purges":2,"victory":false,"max_hp_per_floor":[88,88,88,88,88,88,88,88,88,88,88,88,88,88,88,88,83,83,83,83,83,83,83,83,83,83,83,83,83,83,83,83,83,83,83,83,83,83],"card_choices":[{"not_picked":["yuri:UntestedCode","yuri:yuriHeavyStrike"],"picked":"yuri:BookBlue","floor":1},{"not_picked":["yuri:Skip","yuri:ThrowingKnives"],"picked":"yuri:WickedSlash","floor":3},{"not_picked":["yuri:JumpScare","yuri:GlitchedStrike"],"picked":"yuri:BookRed","floor":7},{"not_picked":["yuri:yuriHeavyStrike","yuri:InsanityDefense"],"picked":"yuri:HeavierStrike","floor":8},{"not_picked":["yuri:WickedSlash","yuri:Stalk"],"picked":"yuri:NerfBat","floor":10},{"not_picked":["yuri:DebugCard","yuri:TPose","yuri:RecklessStrike"],"picked":"SKIP","floor":11},{"not_picked":["yuri:BookBlue","yuri:ThrowingKnives","yuri:Skip"],"picked":"SKIP","floor":12},{"not_picked":["yuri:yuriHeavyStrike","yuri:Stalk"],"picked":"yuri:NerfBat","floor":14},{"not_picked":["yuri:RelentlessStrikes","yuri:DisableStrike"],"picked":"yuri:DragonForm","floor":16},{"not_picked":["yuri:UntestedCode","yuri:MPose"],"picked":"yuri:CalmingAura","floor":18},{"not_picked":["yuri:GrowingInsanity+1","yuri:InduceGlitch+1"],"picked":"yuri:ArmBrace+1","floor":19},{"not_picked":["yuri:RepairCode+1","yuri:WickedSlash"],"picked":"yuri:DejaVu","floor":22},{"not_picked":["yuri:HeavierStrike+1","yuri:Stare+1"],"picked":"yuri:DragonForm","floor":23},{"not_picked":["yuri:BookPurple+1","yuri:ThrowingKnives+1","yuri:MultiDip"],"picked":"SKIP","floor":25},{"not_picked":["yuri:BookBlue+1","yuri:yuriQuickStrike","yuri:GlitchedStrike+1"],"picked":"SKIP","floor":27},{"not_picked":["yuri:SturdyUniform","yuri:RecklessStrike+1"],"picked":"yuri:ThornRemove+1","floor":30},{"not_picked":["yuri:MultiDip","yuri:BookGreen","yuri:Stare"],"picked":"SKIP","floor":31},{"not_picked":["yuri:GlitchRemove","yuri:MagneticKnives"],"picked":"yuri:Torment","floor":33},{"not_picked":["yuri:AdaptiveAI+1","yuri:Stalk","yuri:InsanityDefense"],"picked":"SKIP","floor":35},{"not_picked":["yuri:Skip","yuri:HeavierStrike"],"picked":"yuri:SturdyUniform+1","floor":36}],"player_experience":745070,"relics_obtained":[{"floor":7,"key":"PreservedInsect"},{"floor":9,"key":"infinitespire:EmpoweringShard"},{"floor":10,"key":"infinitespire:Magic Flask"},{"floor":23,"key":"Ornamental Fan"},{"floor":30,"key":"Pantograph"}],"event_choices":[{"cards_removed":["yuri:yuriStrike"],"damage_healed":0,"gold_gain":0,"player_choice":"Card Removal","damage_taken":7,"max_hp_gain":0,"max_hp_loss":0,"event_name":"Golden Wing","floor":2,"gold_loss":0},{"cards_removed":["yuri:yuriDefend"],"damage_healed":0,"gold_gain":0,"player_choice":"Card Removal","damage_taken":0,"max_hp_gain":0,"max_hp_loss":0,"event_name":"The Cleric","floor":4,"gold_loss":50},{"damage_healed":0,"gold_gain":0,"player_choice":"Obtained Relic","damage_taken":0,"relics_obtained":["Lantern"],"max_hp_gain":0,"max_hp_loss":0,"event_name":"Addict","floor":20,"gold_loss":85},{"damage_healed":0,"gold_gain":0,"player_choice":"Read","damage_taken":0,"max_hp_gain":0,"max_hp_loss":0,"event_name":"The Library","floor":21,"gold_loss":0,"cards_obtained":["yuri:HoldBack"]}],"is_beta":false,"boss_relics":[{"not_picked":["SacredBark","Astrolabe"],"picked":"energizedSpire:HugeHouse"},{"not_picked":["infinitespire:Cupcake","SlaversCollar"],"picked":"Pandora\u0027s Box"}],"items_purged_floors":[5,28],"is_endless":false,"potions_floor_spawned":[1,8,11,23,30],"killed_by":"Transient","ascension_level":0}}