{"host":"5ty8fyb0ngp9gspj","time":1611052117,"event":{"mods":["2.2 Compatiblity","AchievementEnabler","Act Like it!","BaseMod","Colored Map","Downfall","Minty Spire (QoL Compilation)","Rare Cards Sparkle","Relic Stats","StSLib","The Jungle","slay the spire mod where everything is the same but ironclad has a cowboy hat"],"gold_per_floor":[99,116,175,175,188,201,201,213,233,245,257,257,282,80,90,90,90],"floor_reached":16,"language":"ENG","playtime":811,"items_purged":[],"score":117,"play_id":"23861866-1069-4c33-b3a2-0adfb1a7bfe2","local_time":"20210119212837","is_ascension_mode":true,"campfire_choices":[{"data":"bronze:Replicate","floor":1,"key":"SMITH"},{"data":"bronze:Philosophize","floor":12,"key":"SMITH"}],"circlet_count":0,"master_deck":["bronze:Strike","bronze:Strike","bronze:Strike","bronze:Strike","bronze:Defend","bronze:Defend","bronze:Defend","bronze:Defend","bronze:Replicate+1","bronze:Goto","bronze:ItsAFeature","bronze:BuggyMess","bronze:Replicate+1","bronze:Repair","bronze:CutThrough","bronze:Flail","bronze:Philosophize+1","bronze:FindAndReplace","bronze:Deprecate","bronze:OilSpill","bronze:Invalidate","bronze:Refactor","bronze:Iterate"],"relics":["bronze:MakeshiftBattery","Orichalcum","White Beast Statue","bronze:ProtectiveGoggles","Toy Ornithopter"],"acts_visited":["Exordium"],"potions_floor_usage":[9,10,11,13,14,15,16,16],"damage_taken":[{"damage":2,"enemies":"Jaw Worm","floor":2,"turns":3},{"damage":26,"enemies":"3 Sentries","floor":3,"turns":10},{"damage":5,"enemies":"Small Slimes","floor":5,"turns":3},{"damage":0,"enemies":"Cultist","floor":6,"turns":3},{"damage":3,"enemies":"3 Louse","floor":8,"turns":4},{"damage":4,"enemies":"Red Slaver","floor":9,"turns":3},{"damage":0,"enemies":"Gremlin Gang","floor":10,"turns":3},{"damage":0,"enemies":"Blue Slaver","floor":11,"turns":2},{"damage":11,"enemies":"Lagavulin","floor":13,"turns":5},{"damage":0,"enemies":"downfall:FleeingMerchant","floor":14,"turns":4},{"damage":14,"enemies":"Exordium Thugs","floor":15,"turns":4},{"damage":65,"enemies":"SI_SHIV_ARCHETYPE","floor":16,"turns":7}],"seed_played":"8338237545721150962","potions_obtained":[{"floor":2,"key":"LiquidMemories"},{"floor":3,"key":"EntropicBrew"},{"floor":8,"key":"Strength Potion"},{"floor":9,"key":"Fire Potion"},{"floor":10,"key":"Dexterity Potion"},{"floor":11,"key":"EssenceOfSteel"},{"floor":13,"key":"Block Potion"},{"floor":14,"key":"SneckoOil"},{"floor":15,"key":"hexamod:SoulburnPotion"}],"is_trial":false,"path_per_floor":["R","M","?","?","M","M","T","M","M","M","M","R","E","$","M","B"],"character_chosen":"THE_AUTOMATON","items_purchased":["Toy Ornithopter","bronze:Refactor"],"campfire_rested":0,"item_purchase_floors":[14,14],"current_hp_per_floor":[70,68,42,42,37,44,44,48,44,51,51,51,47,54,45,0,0],"gold":90,"neow_bonus":"BOSS_RELIC","is_daily":false,"chose_seed":false,"campfire_upgraded":2,"win_rate":0.0,"timestamp":1611052117,"path_taken":["R","M","?","?","M","M","T","M","M","M","?","R","E","$","M","BOSS"],"items_purchased_type":["Relic","Card"],"build_version":"2020-12-22","purchased_purges":0,"victory":false,"max_hp_per_floor":[70,70,70,70,70,70,70,70,70,70,70,70,70,70,70,70,70],"relic_stats":{"counters":[12,51],"Orichalcum":[60],"obtain_stats":[{"bronze:BronzeCore":0,"bronze:ProtectiveGoggles":13,"Orichalcum":3,"bronze:MakeshiftBattery":0,"White Beast Statue":7,"Toy Ornithopter":14},{"bronze:BronzeCore":0,"bronze:ProtectiveGoggles":9,"Orichalcum":2,"bronze:MakeshiftBattery":0,"White Beast Statue":4,"Toy Ornithopter":10},{"bronze:BronzeCore":0,"bronze:ProtectiveGoggles":36,"Orichalcum":13,"bronze:MakeshiftBattery":0,"White Beast Statue":19,"Toy Ornithopter":40}],"Toy Ornithopter":15},"card_choices":[{"not_picked":["bronze:Branch","bronze:Invalidate"],"picked":"bronze:ItsAFeature","floor":2},{"not_picked":["bronze:ForceShield","bronze:CutThrough"],"picked":"bronze:BuggyMess","floor":3},{"not_picked":["bronze:ForLoop","bronze:Overload"],"picked":"bronze:Repair","floor":5},{"not_picked":["bronze:Branch","bronze:OilSpill"],"picked":"bronze:CutThrough","floor":6},{"not_picked":["bronze:BronzeOrb","bronze:InfiniteBeams"],"picked":"bronze:Flail","floor":8},{"not_picked":["bronze:ForLoop","bronze:WildBeam"],"picked":"bronze:Philosophize","floor":9},{"not_picked":["bronze:BuggyMess","bronze:BronzeOrb"],"picked":"bronze:FindAndReplace","floor":10},{"not_picked":["bronze:DelayedSlice","bronze:DelayedGuard"],"picked":"bronze:Deprecate","floor":11},{"not_picked":["bronze:Philosophize","bronze:DarkDash"],"picked":"bronze:OilSpill","floor":13},{"not_picked":["bronze:CloningBeam","bronze:FineTuning"],"picked":"bronze:Invalidate","floor":14},{"not_picked":["bronze:ItsAFeature","bronze:Constructor"],"picked":"bronze:Iterate","floor":15}],"player_experience":409243,"relics_obtained":[{"floor":3,"key":"Orichalcum"},{"floor":7,"key":"White Beast Statue"},{"floor":13,"key":"bronze:ProtectiveGoggles"}],"event_choices":[],"is_beta":false,"boss_relics":[],"items_purged_floors":[],"is_endless":false,"potions_floor_spawned":[2,3,8,9,10,11,13,14,15],"killed_by":"SI_SHIV_ARCHETYPE","ascension_level":2}}