{"host":"k85tjwrh7mjrrc9a","time":1611074364,"event":{"mods":["AchievementEnabler","BaseMod","Colored Powertips","Highlight Path","Minty Spire (QoL Compilation)","Rare Cards Sparkle","StSLib"],"gold_per_floor":[219,219,394,294,294,294,37,72,72,95,55,55,70,70,70,193,193,212,29,39,39,0,0,13,38,38,38,57,73,113,113,113],"floor_reached":31,"language":"ENG","playtime":1519,"items_purged":["Doubt"],"score":417,"play_id":"45360b43-cfd9-4742-b3d3-088230d112ad","local_time":"20210119113924","is_ascension_mode":true,"campfire_choices":[{"data":"True Grit","floor":6,"key":"SMITH"},{"floor":15,"key":"REST"},{"floor":23,"key":"REST"}],"circlet_count":0,"master_deck":["AscendersBane","Strike_R","Strike_R+1","Strike_R","Strike_R","Strike_R","Defend_R","Defend_R","Defend_R","Defend_R","Bash","Armaments+1","True Grit+1","Injury","Twin Strike+1","Barricade","Evolve","Battle Trance+1","Reaper+1","Ghostly Armor+1","Pommel Strike+1","Writhe","Body Slam+1","Shrug It Off+1"],"relics":["Burning Blood","Nunchaku","Golden Idol","Molten Egg 2","Mango","Toxic Egg 2","Mark of Pain","Membership Card","Singing Bowl","Kunai","Pen Nib"],"acts_visited":["Exordium","TheCity"],"potions_floor_usage":[16,30,30,31],"damage_taken":[{"damage":3,"enemies":"2 Louse","floor":1,"turns":3},{"damage":61,"enemies":"Gremlin Nob","floor":8,"turns":6},{"damage":4,"enemies":"Jaw Worm","floor":10,"turns":4},{"damage":4,"enemies":"Small Slimes","floor":13,"turns":3},{"damage":13,"enemies":"Slime Boss","floor":16,"turns":14},{"damage":49,"enemies":"Spheric Guardian","floor":18,"turns":8},{"damage":30,"enemies":"2 Thieves","floor":20,"turns":5},{"damage":25,"enemies":"Cultist and Chosen","floor":24,"turns":9},{"damage":43,"enemies":"Chosen and Byrds","floor":25,"turns":8},{"damage":26,"enemies":"Snake Plant","floor":28,"turns":7},{"damage":37,"enemies":"Snecko","floor":29,"turns":8},{"damage":49,"enemies":"Book of Stabbing","floor":30,"turns":7},{"damage":11,"enemies":"3 Cultists","floor":31,"turns":4}],"seed_played":"818528982827583333","potions_obtained":[{"floor":8,"key":"Strength Potion"},{"floor":10,"key":"Explosive Potion"},{"floor":20,"key":"CultistPotion"},{"floor":30,"key":"PowerPotion"}],"is_trial":false,"path_per_floor":["M","?","?","$","?","R","$","E","T","M","$","$","M","?","R","B",null,"M","$","M","?","?","R","M","M","T","?","M","M","E","M"],"character_chosen":"IRONCLAD","items_purchased":["True Grit","Molten Egg 2","Evolve","Membership Card","Ghostly Armor+1"],"campfire_rested":2,"item_purchase_floors":[4,7,11,19,19],"current_hp_per_floor":[75,68,68,68,68,68,68,27,27,29,29,29,31,12,40,33,79,36,36,24,24,24,52,45,20,20,98,78,52,11,0,0],"gold":113,"neow_bonus":"HUNDRED_GOLD","is_daily":false,"chose_seed":false,"campfire_upgraded":1,"win_rate":0.0,"timestamp":1611074364,"path_taken":["M","?","?","$","?","R","$","E","T","M","?","$","M","?","R","BOSS","M","$","M","?","?","R","M","M","T","?","M","M","E","M"],"items_purchased_type":["Card","Relic","Card","Relic","Card"],"build_version":"2020-12-22","purchased_purges":1,"victory":false,"max_hp_per_floor":[80,80,80,80,80,80,80,94,94,94,94,94,94,94,94,94,94,94,94,94,94,94,94,96,98,98,98,98,98,100,100,100],"card_choices":[{"not_picked":["Havoc","Flex"],"picked":"Armaments","floor":1},{"not_picked":["Seeing Red","Burning Pact"],"picked":"Twin Strike+1","floor":8},{"not_picked":["Feel No Pain","Perfected Strike+1"],"picked":"Barricade","floor":10},{"not_picked":["Pummel+1","Havoc+1"],"picked":"Battle Trance+1","floor":13},{"not_picked":["Offering+1","Exhume+1"],"picked":"Reaper+1","floor":16},{"not_picked":["Blood for Blood+1","Clothesline+1","Dark Embrace"],"picked":"SKIP","floor":18},{"not_picked":["Searing Blow+1","Dark Embrace+1"],"picked":"Pommel Strike+1","floor":20},{"not_picked":["Cleave+1","Uppercut+1","Reckless Charge+1"],"picked":"Singing Bowl","floor":24},{"not_picked":["Sword Boomerang+1","Hemokinesis+1","Clash+1"],"picked":"Singing Bowl","floor":25},{"not_picked":["Heavy Blade+1","Shrug It Off+1"],"picked":"Body Slam+1","floor":28},{"not_picked":["Demon Form","Havoc+1"],"picked":"Shrug It Off+1","floor":29},{"not_picked":["Iron Wave+1","Cleave+1","Wild Strike+1"],"picked":"Singing Bowl","floor":30}],"player_experience":197484,"relics_obtained":[{"floor":8,"key":"Mango"},{"floor":9,"key":"Toxic Egg 2"},{"floor":26,"key":"Kunai"},{"floor":30,"key":"Pen Nib"}],"event_choices":[{"damage_healed":0,"gold_gain":0,"player_choice":"Success","damage_taken":7,"relics_obtained":["Nunchaku"],"max_hp_gain":0,"max_hp_loss":0,"event_name":"Scrap Ooze","floor":2,"gold_loss":0},{"damage_healed":0,"gold_gain":175,"player_choice":"AGREE","damage_taken":0,"max_hp_gain":0,"max_hp_loss":0,"event_name":"Liars Game","floor":3,"gold_loss":0,"cards_obtained":["Doubt"]},{"damage_healed":0,"gold_gain":0,"player_choice":"Take Wound","damage_taken":0,"relics_obtained":["Golden Idol"],"max_hp_gain":0,"max_hp_loss":0,"event_name":"Golden Idol","floor":5,"gold_loss":0,"cards_obtained":["Injury"]},{"damage_healed":0,"gold_gain":0,"player_choice":"Entered Light","damage_taken":19,"max_hp_gain":0,"max_hp_loss":0,"event_name":"Shining Light","floor":14,"gold_loss":0,"cards_upgraded":["Armaments","Strike_R"]},{"damage_healed":0,"gold_gain":0,"player_choice":"Opened","damage_taken":0,"relics_obtained":["Singing Bowl"],"max_hp_gain":0,"max_hp_loss":0,"event_name":"The Mausoleum","floor":21,"gold_loss":0,"cards_obtained":["Writhe"]},{"damage_healed":0,"gold_gain":0,"player_choice":"Paid Fearfully","damage_taken":0,"max_hp_gain":0,"max_hp_loss":0,"event_name":"Masked Bandits","floor":22,"gold_loss":39},{"damage_healed":78,"gold_gain":0,"player_choice":"Full Heal","damage_taken":0,"max_hp_gain":0,"max_hp_loss":0,"event_name":"Wheel of Change","floor":27,"gold_loss":0}],"is_beta":false,"boss_relics":[{"not_picked":["Pandora\u0027s Box","Velvet Choker"],"picked":"Mark of Pain"}],"items_purged_floors":[4],"is_endless":false,"potions_floor_spawned":[8,10,20,25,28,30],"killed_by":"3 Cultists","ascension_level":11}}