{"host":"6bsan6hkua32tfq7","time":1611034886,"event":{"mods":["BaseMod","Better Third Choice","Colored Map","Highlight Path","Minty Spire (QoL Compilation)","StSLib"],"gold_per_floor":[117,117,117,130,13,41,56,56,56,84,96,12,12,25,25,102,102,121,133,133,133,150,183,183,197,265,265,279,279,122,222,222,297,297,316,53,71,90,102,102,131,131,185,204,231,231,264,284,284,284,284,284,284,0,34,34,34],"floor_reached":56,"language":"ENG","playtime":1481,"items_purged":["Defend_B","Strike_B","Strike_B","Strike_B"],"score":2134,"play_id":"ecbcfa38-9cab-4b9e-a404-edc02e649e6a","local_time":"20210119064126","is_ascension_mode":true,"campfire_choices":[{"data":"Zap","floor":8.0,"key":"SMITH"},{"data":"Rip and Tear","floor":13.0,"key":"SMITH"},{"data":"Hologram","floor":15.0,"key":"SMITH"},{"floor":24,"key":"REST"},{"floor":27,"key":"REST"},{"floor":29,"key":"RECALL"},{"floor":32,"key":"REST"},{"floor":40,"key":"REST"},{"floor":42,"key":"REST"},{"floor":46,"key":"REST"},{"floor":49,"key":"REST"},{"floor":53,"key":"REST"}],"circlet_count":0,"master_deck":["AscendersBane","Strike_B","Defend_B","Zap+1","Dualcast","Steam","Hologram+1","Rip and Tear+1","Cold Snap","Biased Cognition+1","Heatsinks+1","Defragment+1","Ball Lightning","Biased Cognition+1","Loop+1","Necronomicurse","Storm+1","Storm+1","Glacier","Doom and Gloom","Storm+1","Machine Learning+1","BootSequence","Mayhem+1","Buffer+1","Amplify","Coolheaded","Coolheaded","Capacitor+1","Core Surge+1"],"relics":["Cracked Core","Anchor","Frozen Egg 2","MealTicket","Vajra","Fusion Hammer","Necronomicon","Art of War","The Courier","TungstenRod","Molten Egg 2","Velvet Choker","Mango","Ancient Tea Set","Dead Branch","Happy Flower"],"acts_visited":["Exordium","TheCity","TheBeyond","TheEnding"],"potions_floor_usage":[22,28,31,33,37,39,51,56],"damage_taken":[{"damage":0.0,"enemies":"2 Louse","floor":1.0,"turns":2.0},{"damage":0.0,"enemies":"Jaw Worm","floor":4.0,"turns":2.0},{"damage":20.0,"enemies":"Gremlin Nob","floor":6.0,"turns":4.0},{"damage":0.0,"enemies":"Small Slimes","floor":7.0,"turns":2.0},{"damage":0.0,"enemies":"3 Sentries","floor":10.0,"turns":7.0},{"damage":0.0,"enemies":"Exordium Wildlife","floor":11.0,"turns":3.0},{"damage":0.0,"enemies":"3 Louse","floor":14.0,"turns":2.0},{"damage":25.0,"enemies":"Slime Boss","floor":16.0,"turns":4.0},{"damage":0.0,"enemies":"Spheric Guardian","floor":18.0,"turns":2.0},{"damage":0.0,"enemies":"3 Byrds","floor":19.0,"turns":3.0},{"damage":1,"enemies":"3 Cultists","floor":22,"turns":3},{"damage":12,"enemies":"Slavers","floor":23,"turns":3},{"damage":0,"enemies":"Snecko","floor":25,"turns":3},{"damage":11,"enemies":"Shelled Parasite and Fungi","floor":28,"turns":2},{"damage":6,"enemies":"Colosseum Slavers","floor":31,"turns":3},{"damage":12,"enemies":"Colosseum Nobs","floor":31,"turns":3},{"damage":0,"enemies":"Champ","floor":33,"turns":5},{"damage":0,"enemies":"3 Darklings","floor":35,"turns":2},{"damage":11,"enemies":"3 Shapes","floor":37,"turns":3},{"damage":13,"enemies":"3 Darklings","floor":38,"turns":2},{"damage":23,"enemies":"Jaw Worm Horde","floor":39,"turns":3},{"damage":4,"enemies":"Reptomancer","floor":41,"turns":3},{"damage":4,"enemies":"Sphere and 2 Shapes","floor":44,"turns":3},{"damage":0,"enemies":"Nemesis","floor":45,"turns":3},{"damage":0,"enemies":"Reptomancer","floor":47,"turns":4},{"damage":25,"enemies":"Maw","floor":48,"turns":5},{"damage":11,"enemies":"Donu and Deca","floor":50,"turns":5},{"damage":45,"enemies":"Awakened One","floor":51,"turns":8},{"damage":48,"enemies":"Shield and Spear","floor":55,"turns":4},{"damage":68,"enemies":"The Heart","floor":56,"turns":2}],"seed_played":"-6530365990017631341","potions_obtained":[{"floor":1.0,"key":"Block Potion"},{"floor":6.0,"key":"EssenceOfDarkness"},{"floor":11.0,"key":"FearPotion"},{"floor":18.0,"key":"AttackPotion"},{"floor":23,"key":"SneckoOil"},{"floor":33,"key":"ColorlessPotion"},{"floor":35,"key":"AttackPotion"},{"floor":38,"key":"DistilledChaos"},{"floor":44,"key":"Strength Potion"}],"is_trial":false,"path_per_floor":["M","?","?","M","$","E","M","R","T","E","M","$","R","M","R","B",null,"M","M","?","?","M","E","R","M","T","R","M","R","$","?","R","B",null,"M","$","M","M","M","R","E","R","T","M","E","R","E","M","R","B","B",null,"R","$","E","B"],"character_chosen":"DEFECT","items_purchased":["Rip and Tear","Defragment+1","Doom and Gloom","PowerPotion","Mayhem+1","Capacitor+1","Core Surge+1","Fire Potion"],"campfire_rested":8,"item_purchase_floors":[5,12,30,30,36,54,54,54],"current_hp_per_floor":[64,64,57,57,57,37,37,37,37,37,37,52,52,52,52,27,60,60,60,60,39,38,26,47,47,47,68,57,57,71,53,71,71,71,71,71,60,47,24,45,55,80,80,76,76,85,85,60,85,74,29,71,85,85,37,0,0],"gold":34,"neow_bonus":"RANDOM_COMMON_RELIC","is_daily":false,"chose_seed":false,"campfire_upgraded":3,"win_rate":0.0,"timestamp":1611034886,"path_taken":["M","?","?","M","?","E","M","R","T","E","M","$","R","M","R","BOSS","M","M","?","?","M","E","R","M","T","R","M","R","?","?","R","BOSS","M","$","M","M","M","R","E","R","T","M","E","R","E","M","R","BOSS","BOSS","R","$","E","BOSS"],"items_purchased_type":["Card","Card","Card","Potion","Card","Card","Card","Potion"],"build_version":"2020-12-22","purchased_purges":4,"victory":false,"max_hp_per_floor":[71,71,71,71,71,71,71,71,71,71,71,71,71,71,71,71,71,71,71,71,71,71,71,71,71,71,71,71,71,71,71,71,71,71,71,71,71,71,71,71,85,85,85,85,85,85,85,85,85,85,85,85,85,85,85,85,85],"card_choices":[{"not_picked":["Turbo","Capacitor"],"picked":"Steam","floor":1.0},{"not_picked":["Auto Shields","Compile Driver"],"picked":"Hologram","floor":4.0},{"not_picked":["Steam Power","Leap"],"picked":"Cold Snap","floor":6.0},{"not_picked":["Conserve Battery","Coolheaded"],"picked":"Biased Cognition+1","floor":7.0},{"not_picked":["White Noise","Recycle","Stack"],"picked":"SKIP","floor":10.0},{"not_picked":["Streamline","Force Field"],"picked":"Heatsinks+1","floor":11.0},{"not_picked":["Double Energy","Beam Cell"],"picked":"Ball Lightning","floor":14.0},{"not_picked":["Rainbow","Reboot"],"picked":"Biased Cognition+1","floor":16.0},{"not_picked":["Recycle","Leap","Tempest"],"picked":"SKIP","floor":18.0},{"not_picked":["Reprogram","FTL","Chill"],"picked":"SKIP","floor":19.0},{"not_picked":["BootSequence","Double Energy"],"picked":"Storm+1","floor":22},{"not_picked":["Go for the Eyes","Cold Snap+1"],"picked":"Storm+1","floor":23},{"not_picked":["Coolheaded","Steam"],"picked":"Glacier","floor":25},{"not_picked":["Sweeping Beam","Beam Cell","Turbo"],"picked":"SKIP","floor":28},{"not_picked":["Hologram","Streamline+1"],"picked":"Storm+1","floor":31},{"not_picked":["Reboot","Rainbow"],"picked":"Machine Learning+1","floor":33},{"not_picked":["Storm+1","Coolheaded"],"picked":"BootSequence","floor":35},{"not_picked":["Rip and Tear+1","Sweeping Beam+1","Rebound+1"],"picked":"SKIP","floor":37},{"not_picked":["Gash+1","Double Energy+1","Turbo"],"picked":"SKIP","floor":38},{"not_picked":["Storm+1","Beam Cell+1","Hologram"],"picked":"SKIP","floor":39},{"not_picked":["Streamline+1","Hologram+1","Melter+1"],"picked":"SKIP","floor":41},{"not_picked":["Go for the Eyes+1","Rebound+1"],"picked":"Buffer+1","floor":44},{"not_picked":["Turbo","Amplify","Beam Cell+1"],"picked":"SKIP","floor":45},{"not_picked":["Turbo","Beam Cell+1"],"picked":"Amplify","floor":45},{"not_picked":["Leap","Genetic Algorithm"],"picked":"Coolheaded","floor":47},{"not_picked":["Conserve Battery","Rebound+1"],"picked":"Coolheaded","floor":48},{"not_picked":["Biased Cognition+1","Barrage+1","Steam"],"picked":"SKIP","floor":55}],"player_experience":5313669,"relics_obtained":[{"floor":6.0,"key":"Frozen Egg 2"},{"floor":9.0,"key":"MealTicket"},{"floor":10.0,"key":"Vajra"},{"floor":21.0,"key":"Necronomicon"},{"floor":23,"key":"Art of War"},{"floor":26,"key":"The Courier"},{"floor":31,"key":"TungstenRod"},{"floor":31,"key":"Molten Egg 2"},{"floor":41,"key":"Mango"},{"floor":45,"key":"Ancient Tea Set"},{"floor":47,"key":"Dead Branch"},{"floor":55,"key":"Happy Flower"}],"event_choices":[{"cards_removed":["Defend_B"],"damage_healed":0.0,"max_hp_gain":0.0,"max_hp_loss":0.0,"gold_gain":0.0,"event_name":"Living Wall","player_choice":"Forget","floor":2.0,"gold_loss":0.0,"damage_taken":0.0},{"cards_removed":["Defend_B"],"damage_healed":0.0,"max_hp_gain":0.0,"max_hp_loss":0.0,"gold_gain":0.0,"event_name":"Golden Wing","player_choice":"Card Removal","floor":3.0,"gold_loss":0.0,"damage_taken":7.0},{"damage_healed":0.0,"max_hp_gain":0.0,"max_hp_loss":0.0,"gold_gain":0.0,"event_name":"The Library","player_choice":"Read","floor":20.0,"gold_loss":0.0,"damage_taken":0.0,"cards_obtained":["Loop"]},{"damage_healed":0.0,"max_hp_gain":0.0,"max_hp_loss":0.0,"gold_gain":0.0,"event_name":"Cursed Tome","player_choice":"Obtained Book","floor":21.0,"gold_loss":0.0,"damage_taken":21.0},{"damage_healed":0,"gold_gain":0,"player_choice":"Fight","damage_taken":0,"max_hp_gain":0,"max_hp_loss":0,"event_name":"Colosseum","floor":31,"gold_loss":0},{"damage_healed":0,"gold_gain":0,"player_choice":"Fought Nobs","damage_taken":0,"max_hp_gain":0,"max_hp_loss":0,"event_name":"Colosseum","floor":31,"gold_loss":0}],"is_beta":false,"boss_relics":[{"not_picked":["Astrolabe","Pandora\u0027s Box"],"picked":"Fusion Hammer"},{"not_picked":["FrozenCore","Runic Dome"],"picked":"Velvet Choker"}],"items_purged_floors":[5,30,36,54],"is_endless":false,"potions_floor_spawned":[1,6,11,14,18,23,31,33,35,38,44],"killed_by":"The Heart","ascension_level":20}}