{"host":"7tqog9fnhs0gxmti","time":1611100348,"event":{"mods":["AchievementEnabler","Act Like it!","Astrologer","BaseMod","Beaked The Cultist","Colored Map","Colored Powertips","Hermit","Highlight Path","Minty Spire (QoL Compilation)","StSLib","The Construct","The Gatherer","The Hierophant","everything is the same but u backflip on backflip"],"gold_per_floor":[118,118,9,9,24,65,65,65,65,65],"floor_reached":8,"language":"ENG","playtime":271,"items_purged":[],"score":54,"play_id":"8071393b-ab7f-4bbf-a827-a35deb1cbae7","local_time":"20210120075228","is_ascension_mode":false,"metric_token":977,"campfire_choices":[],"circlet_count":0,"master_deck":["Gatherer:Strike_Gatherer","Gatherer:Strike_Gatherer","Gatherer:Strike_Gatherer","Gatherer:Strike_Gatherer","Gatherer:Strike_Gatherer","Gatherer:Defend_Gatherer","Gatherer:Defend_Gatherer","Gatherer:Defend_Gatherer","Gatherer:Defend_Gatherer","Gatherer:Defend_Gatherer","Gatherer:Centralize","Gatherer:FlowerWhip","Gatherer:FinishingStrike","Gatherer:ScherryThrow","Gatherer:FlowerPower","Gatherer:Pollute","Gatherer:FlowerBeam","beaked:MimicMachine"],"relics":["Gatherer:AlchemyBag","Golden Idol","Frozen Egg 2","Pear"],"acts_visited":["Exordium"],"potions_floor_usage":[],"damage_taken":[{"damage":0,"enemies":"Jaw Worm","floor":1,"turns":2},{"damage":1,"enemies":"Small Slimes","floor":5,"turns":2},{"damage":14,"enemies":"3 Sentries","floor":6,"turns":6},{"damage":68,"enemies":"Gremlin Nob","floor":8,"turns":5}],"seed_played":"2427491249758251402","potions_obtained":[{"floor":6,"key":"Block Potion"}],"is_trial":false,"path_per_floor":["M","?","$","?","M","E","T","E"],"character_chosen":"THE_GATHERER","items_purchased":["Gatherer:FlowerPower","Gatherer:Pollute"],"campfire_rested":0,"item_purchase_floors":[3,3],"current_hp_per_floor":[72,72,72,65,64,50,60,0,0,0],"gold":65,"neow_bonus":"ONE_RANDOM_RARE_CARD","is_daily":false,"chose_seed":false,"campfire_upgraded":0,"win_rate":0.0,"timestamp":1611100348,"path_taken":["M","?","$","?","M","E","?","E"],"items_purchased_type":["Card","Card"],"build_version":"2020-12-22","purchased_purges":0,"victory":false,"max_hp_per_floor":[72,72,72,72,72,72,82,82,82,82],"card_choices":[{"not_picked":["Gatherer:DrugPower","Gatherer:CollectorsShot"],"picked":"Gatherer:ScherryThrow","floor":1},{"not_picked":["Gatherer:Convert","Gatherer:BambuSword"],"picked":"Gatherer:FlowerBeam","floor":5},{"not_picked":["Gatherer:TreeGrowth","Gatherer:AromaProtection"],"picked":"Gatherer:GrowBook","floor":6}],"player_experience":811383,"relics_obtained":[{"floor":6,"key":"Frozen Egg 2"},{"floor":7,"key":"Pear"}],"event_choices":[{"damage_healed":0,"gold_gain":0,"player_choice":"Take Wound","damage_taken":0,"relics_obtained":["Golden Idol"],"max_hp_gain":0,"max_hp_loss":0,"event_name":"Golden Idol","floor":2,"gold_loss":0,"cards_obtained":["Injury"]},{"cards_removed":["Injury"],"damage_healed":0,"gold_gain":0,"player_choice":"Card Removal","damage_taken":7,"max_hp_gain":0,"max_hp_loss":0,"event_name":"Golden Wing","floor":4,"gold_loss":0}],"is_beta":false,"boss_relics":[],"items_purged_floors":[],"is_endless":false,"potions_floor_spawned":[6],"killed_by":"Gremlin Nob","ascension_level":0}}