{"host":"d61fcf2p3sjwe6yo","time":1611052896,"event":{"mods":["AchievementEnabler","BaseMod","Colored Map","Downfall","Minty Spire (QoL Compilation)","StSLib","SuperFastMode"],"gold_per_floor":[0,16,34,50,50,67,140,150,169,69,69,98,98,98,117,220,220,120,131,131,142,142,168,193,103,135,154,174,200,213,245,262,362,362,362,372,388,403,413,413,413,313,413,429,498,517,531,551,563,563,563,594,60,60,60,60],"floor_reached":57,"language":"ENG","playtime":3688,"items_purged":["bronze:Strike","bronze:Strike","bronze:Strike"],"score":1676,"play_id":"3f39b857-47b1-4e63-9985-aab41ac63463","local_time":"20210119134136","is_ascension_mode":true,"campfire_choices":[{"floor":1.0,"key":"RECALL"},{"data":"bronze:Branch","floor":10.0,"key":"SMITH"},{"data":"bronze:Shell","floor":13.0,"key":"SMITH"},{"data":"bronze:SpaghettiCode","floor":18.0,"key":"SMITH"},{"data":"bronze:Separator","floor":35.0,"key":"SMITH"},{"floor":40.0,"key":"REST"},{"data":"bronze:Boost","floor":42.0,"key":"SMITH"},{"floor":54,"key":"REST"}],"circlet_count":0,"master_deck":["bronze:Strike+1","bronze:Defend","bronze:Defend+1","bronze:Defend+1","bronze:Defend+1","bronze:Replicate","bronze:Goto","bronze:Branch+1","bronze:WhirlingStrike","bronze:Shell+1","bronze:Separator+1","bronze:ChosenStrike+1","bronze:Iterate","bronze:SpaghettiCode+1","bronze:Boost+1","bronze:Branch","bronze:Fortify","bronze:Constructor+1","bronze:Frontload+1","bronze:FunctionCard","bronze:FunctionCard","bronze:Return+1","bronze:FunctionCard"],"relics":["bronze:BronzeCore","Ice Cream","Letter Opener","downfall:HeartBlessingRed","Omamori","SlaversCollar","downfall:HeartBlessingGreen","sneckomod:BabySnecko","War Paint","Nunchaku","Mercury Hourglass","Guardian:GemstoneGun","CaptainsWheel","Sozu","downfall:HeartBlessingBlue","Potion Belt","bronze:ProtectiveGoggles","hexamod:CandleOfCauterizing","DollysMirror","HornCleat"],"acts_visited":["Exordium","TheCity","TheBeyond","TheEnding"],"potions_floor_usage":[],"damage_taken":[{"damage":6.0,"enemies":"Cultist","floor":2.0,"turns":4.0},{"damage":4.0,"enemies":"Jaw Worm","floor":3.0,"turns":3.0},{"damage":2.0,"enemies":"2 Louse","floor":4.0,"turns":2.0},{"damage":1.0,"enemies":"2 Fungi Beasts","floor":6.0,"turns":3.0},{"damage":0.0,"enemies":"Large Slime","floor":8.0,"turns":1.0},{"damage":10.0,"enemies":"Exordium Wildlife","floor":9.0,"turns":4.0},{"damage":5.0,"enemies":"3 Sentries","floor":12.0,"turns":6.0},{"damage":6.0,"enemies":"Lots of Slimes","floor":15.0,"turns":4.0},{"damage":9.0,"enemies":"WA_ARCHETYPE_RETAIN","floor":16.0,"turns":6.0},{"damage":0.0,"enemies":"3 Byrds","floor":19.0,"turns":3.0},{"damage":0.0,"enemies":"Shell Parasite","floor":21.0,"turns":2.0},{"damage":27.0,"enemies":"Slavers","floor":23.0,"turns":5.0},{"damage":0.0,"enemies":"downfall:FleeingMerchant","floor":25.0,"turns":4.0},{"damage":6.0,"enemies":"Book of Stabbing","floor":26.0,"turns":3.0},{"damage":3.0,"enemies":"Centurion and Healer","floor":27.0,"turns":4.0},{"damage":0.0,"enemies":"Snecko","floor":28.0,"turns":3.0},{"damage":0.0,"enemies":"Gremlin Leader","floor":29.0,"turns":3.0},{"damage":0.0,"enemies":"Chosen and Byrds","floor":30.0,"turns":4.0},{"damage":20.0,"enemies":"Slavers","floor":31.0,"turns":2.0},{"damage":0.0,"enemies":"3 Cultists","floor":32.0,"turns":4.0},{"damage":0.0,"enemies":"DF_ARCHETYPE_CLAW","floor":33.0,"turns":7.0},{"damage":4.0,"enemies":"Orb Walker","floor":36.0,"turns":3.0},{"damage":12.0,"enemies":"3 Shapes","floor":37.0,"turns":5.0},{"damage":20.0,"enemies":"Transient","floor":38.0,"turns":5.0},{"damage":5.0,"enemies":"4 Shapes","floor":39.0,"turns":3.0},{"damage":2.0,"enemies":"downfall:LadyInBlue","floor":43.0,"turns":11.0},{"damage":0.0,"enemies":"3 Darklings","floor":44.0,"turns":3.0},{"damage":0.0,"enemies":"downfall:FleeingMerchant","floor":45.0,"turns":4.0},{"damage":30.0,"enemies":"Writhing Mass","floor":46.0,"turns":3.0},{"damage":0,"enemies":"4 Shapes","floor":47,"turns":2},{"damage":0,"enemies":"Spire Growth","floor":48,"turns":3},{"damage":0,"enemies":"Transient","floor":49,"turns":5},{"damage":13,"enemies":"IC_BLOCK_ARCHETYPE","floor":50,"turns":9},{"damage":0,"enemies":"downfall:CharBossMerchant","floor":52,"turns":8},{"damage":0,"enemies":"downfall:NeowBoss","floor":55,"turns":12},{"damage":11,"enemies":"downfall:NeowBossFinal","floor":56,"turns":10}],"seed_played":"-2221066450298867075","potions_obtained":[{"floor":4.0,"key":"ColorlessPotion"},{"floor":6.0,"key":"AttackPotion"},{"floor":15.0,"key":"champ:CounterPotion"},{"floor":20.0,"key":"CultistPotion"},{"floor":21.0,"key":"LiquidMemories"},{"floor":23.0,"key":"bronze:BurnAndBuffPotion"},{"floor":28.0,"key":"PowerPotion"},{"floor":30.0,"key":"BlessingOfTheForge"},{"floor":31.0,"key":"SteroidPotion"},{"floor":32.0,"key":"ColorlessPotion"},{"floor":33.0,"key":"Fruit Juice"}],"is_trial":false,"path_per_floor":["R","M","M","M","?","M","T","M","M","R","?","E","R","?","M","B",null,"R","M","?","M","?","E","T","$","E","M","M","E","M","E","M","B",null,"R","M","M","M","M","R","T","R","?","M","$","M","M","M","M","B",null,"E","$","R","B","B",null],"character_chosen":"THE_AUTOMATON","items_purchased":["bronze:ProtectiveGoggles","DollysMirror","HornCleat"],"campfire_rested":2,"item_purchase_floors":[45,53,53],"current_hp_per_floor":[63,57,53,51,51,50,50,50,40,40,40,35,35,35,29,20,58,58,58,58,58,58,31,31,31,25,22,22,22,22,2,2,2,58,58,54,42,22,17,39,39,49,47,47,47,17,17,17,17,4,65,65,65,85,85,74],"gold":60,"neow_bonus":"ONE_RARE_RELIC","is_daily":false,"chose_seed":false,"campfire_upgraded":5,"win_rate":0.0,"timestamp":1611052896,"path_taken":["R","M","?","M","?","M","T","M","M","R","?","E","R","?","M","BOSS","R","M","?","M","?","E","T","?","E","M","M","E","M","E","M","BOSS","R","M","M","M","M","R","T","R","?","?","$","M","M","?","M","BOSS","E","$","R","BOSS","BOSS"],"items_purchased_type":["Relic","Relic","Relic"],"build_version":"2020-12-22","purchased_purges":3,"victory":true,"max_hp_per_floor":[70,70,70,70,70,70,70,70,70,70,70,70,70,70,70,70,70,70,70,70,70,70,70,70,70,70,70,70,70,70,70,70,70,75,75,75,75,75,75,75,75,85,85,85,85,85,85,85,85,85,85,85,85,85,85,85],"card_choices":[{"not_picked":["bronze:DelayedGuard","bronze:Boost"],"picked":"bronze:Branch","floor":2.0},{"not_picked":["bronze:Frontload","bronze:WildBeam"],"picked":"bronze:WhirlingStrike","floor":3.0},{"not_picked":["bronze:Fortify","bronze:ForLoop"],"picked":"bronze:Shell","floor":4.0},{"not_picked":["bronze:BitShift","bronze:Frontload"],"picked":"bronze:Separator","floor":6.0},{"not_picked":["bronze:Boost","bronze:CloningBeam"],"picked":"bronze:ChosenStrike","floor":8.0},{"not_picked":["bronze:DelayedGuard","bronze:BitShift","bronze:CloningBeam"],"picked":"SKIP","floor":9.0},{"not_picked":["bronze:Turbo","bronze:Shell","bronze:Repulsor"],"picked":"SKIP","floor":12.0},{"not_picked":["bronze:BuggyMess","bronze:BugBarrage","bronze:Overheat"],"picked":"SKIP","floor":15.0},{"not_picked":["bronze:Break","bronze:Hardcode"],"picked":"bronze:SpaghettiCode","floor":16.0},{"not_picked":["bronze:OilSpill","bronze:BronzeArmor"],"picked":"bronze:Boost","floor":19.0},{"not_picked":["bronze:BitShift","bronze:DelayedSlice"],"picked":"bronze:Branch","floor":21.0},{"not_picked":["bronze:BugBarrage+1","bronze:Safeguard","bronze:Iterate"],"picked":"SKIP","floor":23.0},{"not_picked":["bronze:Iterate","bronze:Philosophize"],"picked":"bronze:Hardcode","floor":25.0},{"not_picked":["bronze:Overheat","bronze:GetLatest"],"picked":"bronze:Fortify","floor":26.0},{"not_picked":["bronze:DelayedGuard","bronze:OilSpill"],"picked":"bronze:Constructor+1","floor":27.0},{"not_picked":["bronze:Iterate","bronze:Deprecate","bronze:Invalidate+1"],"picked":"SKIP","floor":28.0},{"not_picked":["bronze:Return","bronze:Fortify"],"picked":"bronze:Frontload+1","floor":29.0},{"not_picked":["bronze:Optimize+1","bronze:Allocate","bronze:BronzeOrb+1"],"picked":"SKIP","floor":30.0},{"not_picked":["bronze:NullPointer","bronze:Deprecate+1","bronze:Invalidate"],"picked":"SKIP","floor":31.0},{"not_picked":["bronze:Repulsor+1","bronze:CloningBeam","bronze:Philosophize+1"],"picked":"SKIP","floor":32.0},{"not_picked":["bronze:ThunderWave","bronze:ShipIt"],"picked":"bronze:Hardcode","floor":33.0},{"not_picked":["bronze:DarkDash","bronze:BuggyMess+1","bronze:DelayedGuard"],"picked":"SKIP","floor":36.0},{"not_picked":["bronze:ChosenStrike+1","bronze:Safeguard+1","bronze:Constructor"],"picked":"SKIP","floor":37.0},{"not_picked":["bronze:Refactor","bronze:WhirlingStrike","bronze:Safeguard+1"],"picked":"SKIP","floor":38.0},{"not_picked":["bronze:FineTuning","bronze:Shield","bronze:DelayedSlice+1"],"picked":"SKIP","floor":39.0},{"not_picked":["bronze:WildBeam+1","bronze:Flail+1","bronze:Invalidate+1"],"picked":"SKIP","floor":44.0},{"not_picked":["bronze:BuggyMess+1","bronze:Deprecate+1","bronze:InfiniteBeams"],"picked":"SKIP","floor":45.0},{"not_picked":["bronze:GetLatest","bronze:Refactor+1","bronze:Fortify+1"],"picked":"SKIP","floor":46.0},{"not_picked":["bronze:BronzeArmor+1","bronze:Iterate+1"],"picked":"bronze:Return+1","floor":47},{"not_picked":["bronze:Iterate+1","bronze:Safeguard","bronze:Invalidate+1"],"picked":"SKIP","floor":48},{"not_picked":["bronze:ItsAFeature","bronze:Shield","bronze:ForLoop"],"picked":"SKIP","floor":49},{"not_picked":["bronze:Philosophize+1","bronze:FindAndReplace","bronze:MaxOutput"],"picked":"SKIP","floor":52}],"player_experience":595057,"relics_obtained":[{"floor":7.0,"key":"Letter Opener"},{"floor":12.0,"key":"Omamori"},{"floor":23.0,"key":"War Paint"},{"floor":24.0,"key":"Nunchaku"},{"floor":26.0,"key":"Mercury Hourglass"},{"floor":29.0,"key":"Guardian:GemstoneGun"},{"floor":31.0,"key":"CaptainsWheel"},{"floor":43.0,"key":"Potion Belt"},{"floor":52,"key":"hexamod:CandleOfCauterizing"}],"event_choices":[],"is_beta":false,"boss_relics":[{"not_picked":["SacredBark","Snecko Eye"],"picked":"SlaversCollar"},{"not_picked":["sneckomod:SneckoTalon","Cursed Key"],"picked":"Sozu"}],"items_purged_floors":[25,45,53],"is_endless":false,"potions_floor_spawned":[4,6,15,21,23,28,30,31,32,33,37,39,43,46,47,48],"ascension_level":7}}