{"host":"njruw0b0uprlitpx","time":1611084927,"event":{"mods":["2.2 Compatiblity","Astrologer","Bartender","BaseMod","Better Altar","Better Match","Better Note","Better Sensory Stone","Better Skull","Better Third Choice","BetterRewards","Block Reminder","Colored Map","Colored Powertips","Energized Spire","Jedi Mod","Keyboard Shortcuts","Minty Spire (QoL Compilation)","Quick Restart","Rare Cards Sparkle","Relic Stats","Replay The Spire","SacredBarkPlus","Spicy Shops","StSLib","SuperFastMode","The Blackbeard","The Construct","The Dragon Tamer","The Forsaken","The Marked","The Mystic","Wandering Minibosses"],"gold_per_floor":[119,119,119,194,210,210,240,251,275,309,325,37,37,37,37,37,37,37,37,37,37,37,37,37,37,37,37,37,37,37,37,37,37,37,37,37,37,1005,1022,1022,1037,500,500,532,532,21,61,61,61,61],"floor_reached":51,"language":"ENG","playtime":3005,"items_purged":["Regret","Defend_R","Defend_R","Strike_R","Feed+1"],"score":1026,"play_id":"349483a1-6eab-4e37-ab0e-51dc710016ff","local_time":"20210119133527","is_ascension_mode":false,"campfire_choices":[{"data":"Armaments","floor":6,"key":"SMITH"},{"data":"Dark Embrace","floor":15,"key":"SMITH"},{"data":"Double Tap","floor":23,"key":"SMITH"},{"data":"Rupture","floor":25,"key":"SMITH"},{"data":"Rupture+1","floor":32,"key":"PURGE"},{"data":"Demon Form","floor":40,"key":"SMITH"},{"data":"Metamorphosis","floor":49,"key":"SMITH"}],"circlet_count":0,"master_deck":["Strike_R+1","Strike_R+1","Strike_R+1","Thunderclap+1","Armaments+1","Armaments+1","Body Slam+1","jedi:strikingstrike+1","Perfected Strike+1","Fiend Fire+1","Dark Embrace+1","Replay:Undeath\u0027s Touch+1","Carnage+1","HandOfGreed+1","Twin Strike+1","Double Tap+1","ReplayTheSpireMod:Muscle Training+1","Rupture+1","Demon Form+1","Heavy Blade+1","Feel No Pain","Combust","Heavy Blade+1","Uppercut+1","Carnage+1","Infernal Blade+1","Metamorphosis+1","Armaments","jedi:RedIncense","Finesse","Clash+1"],"relics":["Burning Blood","Molten Egg 2","FossilizedHelix","Iron Hammer","jedi:firstaidkit","Magic Flower","Omamori","jedi:Pinwheel","Bag of Preparation","Juzu Bracelet","jedi:crownofsimplicity","jedi:ominousloannote","Ginger","Sozu","Kunai","StrikeDummy","Nilry\u0027s Codex","Snecko Eye","Frozen Eye","Replay:Wax Seal","Incense Burner","ReplayTheSpireMod:Shallot","Self Forming Clay","ReplayTheSpireMod:ShopPack"],"acts_visited":["Exordium","TheCity","TheBeyond"],"potions_floor_usage":[7,16,16,50],"damage_taken":[{"damage":0,"enemies":"2 Louse","floor":1,"turns":3},{"damage":0,"enemies":"Jaw Worm","floor":5,"turns":2},{"damage":0,"enemies":"Gremlin Nob","floor":7,"turns":2},{"damage":0,"enemies":"Small Slimes","floor":8,"turns":1},{"damage":0,"enemies":"Replay:BlueRogue","floor":10,"turns":3},{"damage":0,"enemies":"Exordium Wildlife","floor":11,"turns":2},{"damage":0,"enemies":"3 Louse","floor":14,"turns":2},{"damage":18,"enemies":"Hexaghost","floor":16,"turns":5},{"damage":0,"enemies":"Spheric Guardian","floor":18,"turns":1},{"damage":21,"enemies":"3 Byrds","floor":22,"turns":4},{"damage":23,"enemies":"Slavers","floor":24,"turns":3},{"damage":0,"enemies":"Centurion and Healer","floor":28,"turns":2},{"damage":32,"enemies":"Automaton","floor":33,"turns":6},{"damage":0,"enemies":"Orb Walker","floor":35,"turns":1},{"damage":28,"enemies":"3 Shapes","floor":36,"turns":4},{"damage":8,"enemies":"Sphere and 2 Shapes","floor":39,"turns":3},{"damage":14,"enemies":"Transient","floor":41,"turns":5},{"damage":17,"enemies":"Giant Head","floor":44,"turns":4},{"damage":1,"enemies":"Jaw Worm Horde","floor":47,"turns":3},{"damage":70,"enemies":"Awakened One","floor":50,"turns":6}],"seed_played":"-8160369431699697731","potions_obtained":[{"floor":5,"key":"ColorlessPotion"},{"floor":11,"key":"FearPotion"},{"floor":16,"key":"LiquidMemories"}],"is_trial":false,"path_per_floor":["M","?","T","?","M","R","E","M","T","E","M","$","?","M","R","B",null,"M","?","?","?","M","R","E","R","T","?","M","$","?","?","R_BF","B",null,"M","M","?","?","M","R","M","$","T","E","?","$","M","?","R","B",null],"character_chosen":"IRONCLAD","items_purchased":["Molten Egg 2","Thunderclap+1","Iron Hammer","jedi:firstaidkit","Armaments","Omamori","ColorlessPotion","Carnage+1","jedi:ominousloannote","Ginger","HandOfGreed+1","Frozen Eye","Replay:Wax Seal","Incense Burner","Metamorphosis","ReplayTheSpireMod:ShopPack","Armaments"],"campfire_rested":0,"item_purchase_floors":[0,0,0,0,0,0,0,12,12,12,12,42,42,42,46,46,46],"current_hp_per_floor":[80,80,80,69,78,78,80,80,80,80,80,80,73,80,80,80,80,80,80,80,72,80,80,69,69,69,53,62,62,46,46,46,43,80,80,70,70,70,77,77,77,77,77,69,69,69,77,77,77,50],"gold":61,"neow_bonus":"","is_daily":false,"chose_seed":false,"campfire_upgraded":6,"win_rate":0.0,"timestamp":1611084927,"path_taken":["M","?","?","?","?","R","E","M","T","E","M","$","?","M","R","BOSS","M","?","?","?","M","R","E","R","T","?","M","$","?","?","R_BF","BOSS","M","M","?","?","M","R","M","$","T","E","?","$","M","?","R","BOSS"],"items_purchased_type":["Relic","Card","Relic","Relic","Card","Relic","Potion","Card","Relic","Relic","Card","Relic","Relic","Relic","Card","Relic","Card"],"build_version":"2020-12-22","purchased_purges":5,"victory":true,"max_hp_per_floor":[80,80,80,80,80,80,80,80,80,80,80,80,80,80,80,80,80,80,80,80,80,80,80,80,80,80,80,80,80,80,80,80,80,80,80,84,84,84,88,88,88,88,88,88,88,88,88,88,88,88],"relic_stats":{"Sozu":11,"counters":[91,309],"Self Forming Clay":[33],"Magic Flower":[69],"Snecko Eye":[52,51,48,45],"Bag of Preparation":[34],"Juzu Bracelet":3,"Ginger":[4],"Kunai":[84],"obtain_stats":[{"Golden Egg":0,"Divine Protection":26,"Gremlin Horn":9,"Nilry\u0027s Codex":30,"Ginger":12,"Bottled Tornado":6,"Old Coin":41,"Sozu":34,"jedi:leech":12,"jedi:firstaidkit":0,"Iron Hammer":0,"Kunai":0,"Replay:Wax Seal":0,"Toxic Egg 2":20,"Happy Flower":27,"ReplayTheSpireMod:CursedCoin":36,"ReplayTheSpireMod:Ring of Addiction":25,"Counterbalance":0,"Dead Branch":37,"Blue Candle":23,"Replay:Grab Bag":34,"War Paint":40,"jedi:heavyjacket":23,"Bottled Flame":26,"ReplayTheSpireMod:Spearhead":43,"ReplayTheSpireMod:Shallot":14,"Brimstone":21,"energizedSpire:NeverEndingSparkler":17,"Shuriken":26,"Ooze Armor":34,"Bronze Scales":38,"Bird Faced Urn":48,"Snecko Eye":34,"Simple Rune":9,"Molten Egg 2":0,"Mark of Pain":17,"ReplayTheSpireMod:TigerMarble":9,"Grinning Jar":2,"StrikeDummy":26,"Abe\u0027s Treasure":0,"Meat on the Bone":43,"SacredBark":25,"Black Blood":34,"Magic Flower":0,"Mango":45,"Bag of Preparation":7,"Juzu Bracelet":9,"Incense Burner":42,"jedi:Pinwheel":3,"Power_Wrist":47,"Burning Blood":0,"ClockworkSouvenir":44,"Frozen Eye":42,"Replay:Bandana":41,"Chameleon Ring":25,"Mummified Hand":7,"Gambling Chip":24,"Ring of Panic":41,"Red Skull":47,"Runic Pyramid":34,"Paper Frog":28,"Potion Belt":47,"BargainBundle":2,"ReplayTheSpireMod:Ninjato":47,"Self Forming Clay":44,"Replay:WaspNest":0,"The Courier":13,"Omamori":0,"Ring of Greed":41,"jedi:crownofsimplicity":0,"Orichalcum":8,"energizedSpire:DeadBattery":17,"White Beast Statue":43,"Mercury Hourglass":25,"Strange Spoon":36,"Pondfish Scales":29,"jedi:ominousloannote":25,"Orrery":3,"Another Sword":13,"Turnip":44,"Bag of Marbles":8,"Membership Card":29,"ReplayTheSpireMod:Ring of Challenge":25,"FossilizedHelix":0,"ReplayTheSpireMod:ShopPack":46},{"Golden Egg":22,"Divine Protection":58,"Gremlin Horn":50,"Nilry\u0027s Codex":83,"Ginger":77,"Bottled Tornado":26,"Old Coin":42,"Sozu":61,"jedi:leech":51,"jedi:firstaidkit":71,"Iron Hammer":71,"Kunai":46,"Replay:Wax Seal":22,"Toxic Egg 2":55,"Happy Flower":59,"ReplayTheSpireMod:CursedCoin":16,"ReplayTheSpireMod:Ring of Addiction":11,"Counterbalance":22,"Dead Branch":41,"Blue Candle":57,"Replay:Grab Bag":61,"War Paint":18,"jedi:heavyjacket":34,"Bottled Flame":11,"ReplayTheSpireMod:Spearhead":19,"ReplayTheSpireMod:Shallot":53,"Brimstone":10,"energizedSpire:NeverEndingSparkler":30,"Shuriken":34,"Ooze Armor":61,"Bronze Scales":41,"Bird Faced Urn":45,"Snecko Eye":84,"Simple Rune":27,"Molten Egg 2":71,"Mark of Pain":54,"ReplayTheSpireMod:TigerMarble":6,"Grinning Jar":23,"StrikeDummy":82,"Abe\u0027s Treasure":2,"Meat on the Bone":42,"SacredBark":11,"Black Blood":38,"Magic Flower":71,"Mango":20,"Bag of Preparation":74,"Juzu Bracelet":75,"Incense Burner":88,"jedi:Pinwheel":72,"Power_Wrist":44,"Burning Blood":0,"ClockworkSouvenir":67,"Frozen Eye":88,"Replay:Bandana":42,"Chameleon Ring":11,"Mummified Hand":6,"Gambling Chip":11,"Ring of Panic":42,"Red Skull":44,"Runic Pyramid":15,"Paper Frog":36,"Potion Belt":44,"BargainBundle":23,"ReplayTheSpireMod:Ninjato":44,"Self Forming Clay":89,"Replay:WaspNest":22,"The Courier":28,"Omamori":71,"Ring of Greed":42,"jedi:crownofsimplicity":46,"Orichalcum":6,"energizedSpire:DeadBattery":8,"White Beast Statue":67,"Mercury Hourglass":58,"Strange Spoon":16,"Pondfish Scales":36,"jedi:ominousloannote":34,"Orrery":4,"Another Sword":7,"Turnip":67,"Bag of Marbles":27,"Membership Card":36,"ReplayTheSpireMod:Ring of Challenge":11,"FossilizedHelix":71,"ReplayTheSpireMod:ShopPack":89},{"Golden Egg":73,"Divine Protection":201,"Gremlin Horn":178,"Nilry\u0027s Codex":277,"Ginger":260,"Bottled Tornado":83,"Old Coin":145,"Sozu":212,"jedi:leech":181,"jedi:firstaidkit":247,"Iron Hammer":247,"Kunai":165,"Replay:Wax Seal":73,"Toxic Egg 2":193,"Happy Flower":205,"ReplayTheSpireMod:CursedCoin":51,"ReplayTheSpireMod:Ring of Addiction":39,"Counterbalance":73,"Dead Branch":141,"Blue Candle":199,"Replay:Grab Bag":212,"War Paint":57,"jedi:heavyjacket":115,"Bottled Flame":39,"ReplayTheSpireMod:Spearhead":59,"ReplayTheSpireMod:Shallot":188,"Brimstone":36,"energizedSpire:NeverEndingSparkler":104,"Shuriken":115,"Ooze Armor":212,"Bronze Scales":141,"Bird Faced Urn":159,"Snecko Eye":283,"Simple Rune":89,"Molten Egg 2":247,"Mark of Pain":190,"ReplayTheSpireMod:TigerMarble":21,"Grinning Jar":75,"StrikeDummy":275,"Abe\u0027s Treasure":5,"Meat on the Bone":145,"SacredBark":39,"Black Blood":131,"Magic Flower":247,"Mango":64,"Bag of Preparation":254,"Juzu Bracelet":255,"Incense Burner":296,"jedi:Pinwheel":250,"Power_Wrist":155,"Burning Blood":0,"ClockworkSouvenir":232,"Frozen Eye":296,"Replay:Bandana":145,"Chameleon Ring":39,"Mummified Hand":21,"Gambling Chip":39,"Ring of Panic":145,"Red Skull":155,"Runic Pyramid":50,"Paper Frog":122,"Potion Belt":155,"BargainBundle":75,"ReplayTheSpireMod:Ninjato":155,"Self Forming Clay":300,"Replay:WaspNest":73,"The Courier":94,"Omamori":247,"Ring of Greed":145,"jedi:crownofsimplicity":165,"Orichalcum":21,"energizedSpire:DeadBattery":29,"White Beast Statue":232,"Mercury Hourglass":201,"Strange Spoon":51,"Pondfish Scales":122,"jedi:ominousloannote":115,"Orrery":12,"Another Sword":23,"Turnip":232,"Bag of Marbles":89,"Membership Card":122,"ReplayTheSpireMod:Ring of Challenge":39,"FossilizedHelix":247,"ReplayTheSpireMod:ShopPack":300}],"Burning Blood":485},"card_choices":[{"not_picked":["Run Through+1","Metallicize"],"picked":"Body Slam+1","floor":1},{"not_picked":["Replay:Undeath\u0027s Touch+1","ReplayReversal"],"picked":"Perfected Strike+1","floor":5},{"not_picked":["Wild Strike+1","Heavy Blade+1"],"picked":"Fiend Fire+1","floor":7},{"not_picked":["ReplayTheSpireMod:Strike From Hell+1","Iron Wave+1"],"picked":"Dark Embrace","floor":8},{"not_picked":["Uppercut+1","Cleave+1"],"picked":"jedi:bloodyhammer","floor":10},{"not_picked":["ReplayTheSpireMod:Stacked","ReplayTheSpireMod:Strike From Hell+1"],"picked":"Replay:Undeath\u0027s Touch+1","floor":11},{"not_picked":["Clash+1","jedi:hate+1"],"picked":"Twin Strike+1","floor":14},{"not_picked":["Replay:Many Hands","jedi:bloodyhammer"],"picked":"Double Tap","floor":16},{"not_picked":["Combust","Second Wind+1"],"picked":"ReplayTheSpireMod:Muscle Training","floor":18},{"not_picked":["Burning Pact","Seeing Red"],"picked":"Rupture+1","floor":22},{"not_picked":["Iron Wave+1","Sever Soul+1"],"picked":"Rupture","floor":24},{"not_picked":["Body Slam+1","Replay:Undeath\u0027s Touch+1"],"picked":"Heavy Blade+1","floor":28},{"not_picked":["Barricade","Replay:Many Hands"],"picked":"Feed+1","floor":33},{"not_picked":["Clothesline+1","Rage"],"picked":"Combust","floor":35},{"not_picked":["Infernal Blade","Perfected Strike+1"],"picked":"Heavy Blade+1","floor":36},{"not_picked":["Wild Strike+1","Run Through+1"],"picked":"Uppercut+1","floor":39},{"not_picked":["Burning Pact+1","Demon Form"],"picked":"Carnage+1","floor":41},{"not_picked":["Twin Strike+1","ReplayTheSpireMod:Strike From Hell+1"],"picked":"Infernal Blade+1","floor":44},{"not_picked":["HandOfGreed","Metamorphosis"],"picked":"jedi:RedIncense","floor":46},{"not_picked":["Trip","Violence"],"picked":"Finesse","floor":46},{"not_picked":["jedi:suffering+1","Iron Wave+1"],"picked":"Clash+1","floor":47}],"player_experience":1640152,"relics_obtained":[{"floor":3,"key":"jedi:Pinwheel"},{"floor":7,"key":"Bag of Preparation"},{"floor":9,"key":"Juzu Bracelet"},{"floor":10,"key":"jedi:crownofsimplicity"},{"floor":24,"key":"Kunai"},{"floor":26,"key":"StrikeDummy"},{"floor":30,"key":"Nilry\u0027s Codex"},{"floor":43,"key":"ReplayTheSpireMod:Shallot"},{"floor":44,"key":"Self Forming Clay"}],"event_choices":[{"damage_healed":0,"gold_gain":75,"player_choice":"Gold","damage_taken":11,"max_hp_gain":0,"max_hp_loss":0,"event_name":"betterThird:BetterGoop","floor":4,"gold_loss":0},{"cards_removed":["Defend_R"],"damage_healed":0,"gold_gain":0,"player_choice":"Card Removal","damage_taken":7,"max_hp_gain":0,"max_hp_loss":0,"event_name":"Golden Wing","floor":13,"gold_loss":0},{"damage_healed":0,"gold_gain":0,"player_choice":"Upgraded","damage_taken":0,"max_hp_gain":0,"max_hp_loss":0,"event_name":"Upgrade Shrine","floor":19,"gold_loss":0,"cards_upgraded":["ReplayTheSpireMod:Muscle Training"]},{"damage_healed":0,"gold_gain":0,"player_choice":"Ignored","damage_taken":0,"max_hp_gain":0,"max_hp_loss":0,"event_name":"WeMeetAgain","floor":20,"gold_loss":0},{"damage_healed":0,"gold_gain":75,"player_choice":"Touch","damage_taken":8,"max_hp_gain":0,"max_hp_loss":0,"event_name":"FaceTrader","floor":21,"gold_loss":0},{"damage_healed":0,"gold_gain":2,"player_choice":"2","damage_taken":0,"max_hp_gain":0,"max_hp_loss":16,"event_name":"betterStone:BetterStone","floor":27,"gold_loss":0},{"damage_healed":0,"gold_gain":0,"player_choice":"Obtained Book","damage_taken":16,"max_hp_gain":0,"max_hp_loss":0,"event_name":"Cursed Tome","floor":30,"gold_loss":0},{"damage_healed":0,"gold_gain":0,"cards_transformed":["Defend_R"],"player_choice":"Transformed","damage_taken":0,"max_hp_gain":0,"max_hp_loss":0,"event_name":"Transmorgrifier","floor":31,"gold_loss":0,"cards_obtained":["Feel No Pain"]},{"cards_removed":["Strike_R"],"damage_healed":0,"gold_gain":0,"player_choice":"Offered Basic","damage_taken":0,"max_hp_gain":0,"max_hp_loss":0,"event_name":"Bonfire Elementals","floor":37,"gold_loss":0},{"damage_healed":0,"gold_gain":999,"player_choice":"Gold","damage_taken":0,"max_hp_gain":0,"max_hp_loss":0,"event_name":"MindBloom","floor":38,"gold_loss":0,"cards_obtained":["Normality","Normality"]},{"cards_removed":["jedi:bloodyhammer"],"damage_healed":0,"gold_gain":0,"player_choice":"Purged","damage_taken":0,"max_hp_gain":0,"max_hp_loss":0,"event_name":"Purifier","floor":45,"gold_loss":0}],"is_beta":false,"boss_relics":[{"not_picked":["Replay:Ancient Bell","Busted Crown"],"picked":"Sozu"},{"not_picked":["energizedSpire:EnergizedDie","energizedSpire:HugeHouse"],"picked":"Snecko Eye"}],"items_purged_floors":[0,0,12,42,46],"is_endless":false,"potions_floor_spawned":[5,11,16,28,33,39,44,47],"ascension_level":0}}