{"host":"g5ztulhog0otympt","time":1611079645,"event":{"mods":["AchievementEnabler","BaseMod","Downfall","Hermit","Minty Spire (QoL Compilation)","StSLib","The Cursed"],"gold_per_floor":[12,35,35,35,50,83,83,99,152,152,162,162,177,194,194,299,299,309,309,164,178,178,211,211,243,268,268,268],"floor_reached":27,"language":"ENG","playtime":541,"items_purged":[],"score":289,"play_id":"93525a48-5138-4f61-b661-7e37d38c9262","local_time":"20210119200725","is_ascension_mode":true,"campfire_choices":[{"data":"The Bomb","floor":10,"key":"SMITH"},{"floor":12,"key":"REST"},{"floor":15,"key":"REST"},{"floor":24,"key":"REST"}],"circlet_count":0,"master_deck":["Strike_R+1","Strike_R","Strike_R","Strike_R","Strike_R","Defend_R","Defend_R","Defend_R","Defend_R","Bash","The Bomb+1","Iron Wave","Thunderclap+1","Spot Weakness","Body Slam+1","Immolate","Feed","CurseOfTheBell","Heavy Blade","RitualDagger","Shrug It Off"],"relics":["Burning Blood","Potion Belt","Bronze Scales","Tiny Chest","Calling Bell","Art of War","WingedGreaves","Ornamental Fan","Whetstone","Pear","Orichalcum","Mercury Hourglass","Regal Pillow"],"acts_visited":["Exordium","TheCity"],"potions_floor_usage":[25,25,25],"damage_taken":[{"damage":1,"enemies":"Cultist","floor":1,"turns":3},{"damage":11,"enemies":"Jaw Worm","floor":5,"turns":4},{"damage":40,"enemies":"Lagavulin","floor":6,"turns":6},{"damage":1,"enemies":"2 Louse","floor":8,"turns":2},{"damage":23,"enemies":"Lots of Slimes","floor":11,"turns":3},{"damage":2,"enemies":"Exordium Wildlife","floor":13,"turns":3},{"damage":10,"enemies":"Looter","floor":14,"turns":3},{"damage":51,"enemies":"Slime Boss","floor":16,"turns":10},{"damage":6,"enemies":"Chosen","floor":18,"turns":4},{"damage":33,"enemies":"2 Thieves","floor":21,"turns":3},{"damage":57,"enemies":"Book of Stabbing","floor":23,"turns":5},{"damage":36,"enemies":"Gremlin Leader","floor":25,"turns":6},{"damage":0,"enemies":"Book of Stabbing","floor":27,"turns":2}],"seed_played":"4183460001416437156","potions_obtained":[{"floor":8,"key":"Block Potion"},{"floor":11,"key":"SpeedPotion"},{"floor":14,"key":"bronze:BurnAndBuffPotion"},{"floor":16,"key":"LiquidBronze"},{"floor":23,"key":"PowerPotion"}],"is_trial":false,"path_per_floor":["M","T","?","$","M","E","?","M","T","R","M","R","M","M","R","B",null,"M","?","$","M","T","E","R","E","T","E"],"character_chosen":"IRONCLAD","items_purchased":["Whetstone"],"campfire_rested":3,"item_purchase_floors":[20],"current_hp_per_floor":[80,80,85,85,80,46,46,51,51,51,34,59,63,59,84,39,85,85,79,79,52,62,11,39,9,9,9,9],"gold":268,"neow_bonus":"RANDOM_COLORLESS_2","is_daily":false,"chose_seed":false,"campfire_upgraded":1,"win_rate":0.0,"timestamp":1611079645,"path_taken":["M","?","?","$","M","E","?","M","T","R","M","R","?","M","R","BOSS","M","?","$","M","?","E","R","E","T","E"],"items_purchased_type":["Relic"],"build_version":"2020-12-22","purchased_purges":0,"victory":false,"max_hp_per_floor":[80,80,85,85,85,85,85,85,85,85,85,85,85,85,85,85,85,85,85,85,85,95,95,95,95,95,95,95],"card_choices":[{"not_picked":["Metamorphosis","Secret Technique"],"picked":"The Bomb","floor":0},{"not_picked":["Havoc","Shockwave","Dual Wield"],"picked":"SKIP","floor":1},{"not_picked":["Armaments","Headbutt"],"picked":"Iron Wave","floor":5},{"not_picked":["Metallicize","Rupture"],"picked":"Thunderclap","floor":6},{"not_picked":["Pommel Strike","Dark Embrace"],"picked":"Spot Weakness","floor":8},{"not_picked":["Sword Boomerang","Pommel Strike"],"picked":"Body Slam","floor":11},{"not_picked":["Rupture","Hemokinesis","Havoc"],"picked":"SKIP","floor":13},{"not_picked":["Blood for Blood","Anger"],"picked":"Immolate","floor":14},{"not_picked":["Brutality","Double Tap"],"picked":"Feed","floor":16},{"not_picked":["Sever Soul","Anger"],"picked":"Heavy Blade","floor":18},{"not_picked":["Armaments","Heavy Blade"],"picked":"Shrug It Off","floor":21},{"not_picked":["Disarm","Berserk","Thunderclap"],"picked":"SKIP","floor":23},{"not_picked":["Heavy Blade","Combust","Body Slam+1"],"picked":"SKIP","floor":25}],"player_experience":106349,"relics_obtained":[{"floor":2,"key":"Potion Belt"},{"floor":6,"key":"Bronze Scales"},{"floor":9,"key":"Tiny Chest"},{"floor":17,"key":"Art of War"},{"floor":17,"key":"WingedGreaves"},{"floor":17,"key":"Ornamental Fan"},{"floor":22,"key":"Pear"},{"floor":23,"key":"Orichalcum"},{"floor":25,"key":"Mercury Hourglass"},{"floor":26,"key":"Regal Pillow"}],"event_choices":[{"damage_healed":0,"gold_gain":0,"player_choice":"Donut","damage_taken":0,"max_hp_gain":5,"max_hp_loss":0,"event_name":"Big Fish","floor":3,"gold_loss":0},{"damage_healed":0,"gold_gain":0,"player_choice":"Upgraded","damage_taken":0,"max_hp_gain":0,"max_hp_loss":0,"event_name":"Upgrade Shrine","floor":7,"gold_loss":0,"cards_upgraded":["Thunderclap"]},{"damage_healed":0,"gold_gain":0,"player_choice":"Joined the Cult","damage_taken":6,"max_hp_gain":0,"max_hp_loss":0,"event_name":"Nest","floor":19,"gold_loss":0,"cards_obtained":["RitualDagger"]}],"is_beta":false,"boss_relics":[{"not_picked":["Runic Pyramid","Philosopher\u0027s Stone"],"picked":"Calling Bell"}],"items_purged_floors":[],"is_endless":false,"potions_floor_spawned":[8,11,14,16,23],"killed_by":"Book of Stabbing","ascension_level":1}}