{"host":"ojezjkpqju62j8xy","time":1611038550,"event":{"mods":["ATMod(°¢èªMod)","Act Like it!","Aspiration","BaseMod","Conspire","Minty Spire (QoL Compilation)","Pale of the Ancients","Replay The Spire","Spicy Shops","StSLib","¡¾ÒÅÎï¿¨ÅÆ¡¿REMEMod","²ÐÁôÖ®Îï"],"gold_per_floor":[110,126,166,183,333,366,384,398,398,141,141,141],"floor_reached":11,"language":"ZHS","playtime":375,"items_purged":[],"score":135,"play_id":"078f503b-a20f-4b20-b6a9-3a0338ea90e7","local_time":"20210119144230","is_ascension_mode":true,"campfire_choices":[],"circlet_count":0,"master_deck":["AscendersBane","PlaceholderMod:BaseStrike","PlaceholderMod:BaseStrike","PlaceholderMod:BaseStrike","PlaceholderMod:BaseStrike","PlaceholderMod:BaseStrike","PlaceholderMod:BaseDefend","PlaceholderMod:BaseDefend","PlaceholderMod:BaseDefend","PlaceholderMod:BaseDefend","PlaceholderMod:BaseDefend","PlaceholderMod:Crystal","PlaceholderMod:PoisonWhip","AT_FamilyPortrait","Metamorphosis","Looming Evil","PlaceholderMod:PericyclicReaction","PlaceholderMod:ComplexForm","PlaceholderMod:MultipleOxi","PlaceholderMod:EnergyAbsorb","PlaceholderMod:SeverePoisonStrike","PlaceholderMod:FastReaction","Doubt","PlaceholderMod:Inner","PlaceholderMod:SubstitutionNucleophilic1","PlaceholderMod:UnpureUse","PlaceholderMod:ThreeBenzyolStart"],"relics":["PlaceholderMod:Tancle","AT_ATBox","REME_ComplimentaryCards","AT_ArchangelStaff","aspiration:StickyExplosives_weak","AT_SunfireAegis","Strange Spoon"],"acts_visited":["Exordium"],"potions_floor_usage":[11],"damage_taken":[{"damage":3.0,"enemies":"Small Slimes","floor":1.0,"turns":3.0},{"damage":7.0,"enemies":"2 Louse","floor":2.0,"turns":2.0},{"damage":6.0,"enemies":"Jaw Worm","floor":4.0,"turns":4.0},{"damage":21.0,"enemies":"Gremlin Nob","floor":6.0,"turns":4.0},{"damage":0.0,"enemies":"Exordium Thugs","floor":7.0,"turns":2.0},{"damage":10.0,"enemies":"2 Fungi Beasts","floor":8.0,"turns":5.0},{"damage":23,"enemies":"3 Sentries","floor":11,"turns":4}],"seed_played":"-5683336349061441464","potions_obtained":[{"floor":3.0,"key":"LiquidMemories"},{"floor":4.0,"key":"Weak Potion"}],"is_trial":false,"path_per_floor":["M","M","?","M","?","E","M","M","T","$","E"],"character_chosen":"THE_PLACEHOLDER","items_purchased":["PlaceholderMod:ThreeBenzyolStart","Strange Spoon"],"campfire_rested":0,"item_purchase_floors":[10,10],"current_hp_per_floor":[67,60,60,54,54,33,33,23,23,23,0,0],"gold":141,"neow_bonus":"THREE_RARE_CARDS","is_daily":false,"chose_seed":false,"campfire_upgraded":0,"win_rate":0.0,"timestamp":1611038550,"path_taken":["M","M","?","M","?","E","M","M","T","$","E"],"items_purchased_type":["Card","Relic"],"build_version":"2020-12-22","purchased_purges":0,"victory":false,"max_hp_per_floor":[78,78,78,78,78,78,78,78,78,78,78,78],"card_choices":[{"not_picked":["PlaceholderMod:DiffusionPoison","PlaceholderMod:GrowthForm"],"picked":"PlaceholderMod:PericyclicReaction","floor":0.0},{"not_picked":["PlaceholderMod:PoisonAbsorb","PlaceholderMod:ConsolidateHit"],"picked":"PlaceholderMod:ComplexForm","floor":1.0},{"not_picked":["PlaceholderMod:Polyp","PlaceholderMod:SpinBlade"],"picked":"PlaceholderMod:MultipleOxi","floor":2.0},{"not_picked":["PlaceholderMod:ConsolidateHit","PlaceholderMod:TriggerStrike"],"picked":"PlaceholderMod:EnergyAbsorb","floor":3.0},{"not_picked":["PlaceholderMod:ContinueSpray","PlaceholderMod:Internalization"],"picked":"PlaceholderMod:SeverePoisonStrike","floor":3.0},{"not_picked":["PlaceholderMod:Corrosion","PlaceholderMod:TriggerStrike"],"picked":"PlaceholderMod:FastReaction","floor":4.0},{"not_picked":["PlaceholderMod:ProliferateStrike","PlaceholderMod:PoisonExcitation"],"picked":"PlaceholderMod:Inner","floor":6.0},{"not_picked":["PlaceholderMod:AttackAsDefend","PlaceholderMod:PoisonAbsorb"],"picked":"PlaceholderMod:SubstitutionNucleophilic1","floor":7.0},{"not_picked":["PlaceholderMod:ConsolidateHit","PlaceholderMod:TriggerStrike"],"picked":"PlaceholderMod:UnpureUse","floor":8.0}],"player_experience":1423552,"relics_obtained":[{"floor":3.0,"key":"AT_ArchangelStaff"},{"floor":6.0,"key":"aspiration:StickyExplosives_weak"},{"floor":9.0,"key":"AT_SunfireAegis"}],"event_choices":[{"damage_healed":0.0,"max_hp_gain":0.0,"max_hp_loss":0.0,"gold_gain":150.0,"event_name":"Liars Game","player_choice":"AGREE","floor":5.0,"gold_loss":0.0,"damage_taken":0.0,"cards_obtained":["Doubt"]}],"is_beta":false,"boss_relics":[],"items_purged_floors":[],"is_endless":false,"potions_floor_spawned":[4],"killed_by":"3 Sentries","ascension_level":16}}