{"host":"BinaryLev","time":1611073816,"event":{"mods":["BaseMod","Colored Map","Colored Powertips","Conspire","DeckTracker","Downfall","Highlight Path","Infinite Spire","Minty Spire (QoL Compilation)","Quick Restart","Random Character Button","Relic Sorter","Relic Stats","StSLib","The Blue Laboratory"],"gold_per_floor":[99,119,104,115,115,131,179,279,292,292,392,411,411,247,259,357,357,357,357,370,470,485,485,532,532,543,556,583,7,7,21,37,37,37,37],"floor_reached":33,"language":"ENG","playtime":2478,"items_purged":[],"score":259,"play_id":"002fe501-bf7a-4ba7-a8e7-a55bd1566be1","local_time":"20210119213016","is_ascension_mode":false,"campfire_choices":[{"data":"bronze:Goto","floor":1.0,"key":"SMITH"},{"data":"bronze:ThunderWave","floor":13.0,"key":"SMITH"},{"data":"bronze:RecursiveStrike","floor":18.0,"key":"SMITH"},{"data":"bronze:ChosenStrike","floor":23,"key":"SMITH"},{"floor":25,"key":"REST"},{"floor":30,"key":"REST"}],"circlet_count":0,"master_deck":["bronze:Strike","bronze:Strike","bronze:Strike","bronze:Strike","bronze:Defend","bronze:Defend","bronze:Defend","bronze:Defend","bronze:Replicate","bronze:Goto+1","bronze:DelayedSlice","bronze:WhirlingStrike","bronze:DelayedGuard","bronze:Spike","bronze:DazingPulse","bronze:Explode","bronze:ThunderWave+1","bronze:Frontload","bronze:WhirlingStrike","bronze:RecursiveStrike+1","bronze:ChosenStrike+1","bronze:Repulsor","bronze:ShipIt","bronze:Virus","bronze:CutThrough+1","bronze:Frontload+1"],"relics":["bronze:BronzeCore","bronze:ProtectiveGoggles","Lee\u0027s Waffle","conspire:SpecialSausage","StoneCalendar","infinitespire:FocusingShard","Tiny Chest","Darkstone Periapt","Torii","Lantern"],"acts_visited":["Exordium","TheCity"],"potions_floor_usage":[20,21,21,26,27,31,31,32,33],"damage_taken":[{"damage":0.0,"enemies":"Cultist","floor":2.0,"turns":4.0},{"damage":0.0,"enemies":"downfall:FleeingMerchant","floor":3.0,"turns":4.0},{"damage":1.0,"enemies":"Jaw Worm","floor":4.0,"turns":3.0},{"damage":41.0,"enemies":"Jaw Worm","floor":5.0,"turns":8.0},{"damage":9.0,"enemies":"2 Louse","floor":6.0,"turns":2.0},{"damage":3.0,"enemies":"Exordium Wildlife","floor":9.0,"turns":4.0},{"damage":0.0,"enemies":"Large Slime","floor":12.0,"turns":6.0},{"damage":0.0,"enemies":"downfall:FleeingMerchant","floor":14.0,"turns":4.0},{"damage":0.0,"enemies":"Red Slaver","floor":15.0,"turns":4.0},{"damage":51.0,"enemies":"IC_STATUS_ARCHETYPE","floor":16.0,"turns":10.0},{"damage":0,"enemies":"3 Byrds","floor":20,"turns":1},{"damage":53,"enemies":"WA_ARCHETYPE_RETAIN","floor":21,"turns":7},{"damage":0,"enemies":"Chosen","floor":22,"turns":3},{"damage":21,"enemies":"Shelled Parasite and Fungi","floor":26,"turns":5},{"damage":0,"enemies":"Centurion and Healer","floor":27,"turns":4},{"damage":24,"enemies":"Book of Stabbing","floor":28,"turns":5},{"damage":2,"enemies":"downfall:FleeingMerchant","floor":29,"turns":4},{"damage":1,"enemies":"Snake Plant","floor":31,"turns":2},{"damage":12,"enemies":"Cultist and Chosen","floor":32,"turns":5},{"damage":39,"enemies":"DF_ARCHETYPE_CLAW","floor":33,"turns":5}],"seed_played":"-2082605597013533628","potions_obtained":[{"floor":6.0,"key":"blueLaboratory:BubblePotion"},{"floor":9.0,"key":"PowerPotion"},{"floor":15.0,"key":"Block Potion"},{"floor":19.0,"key":"bronze:BurnAndBuffPotion"},{"floor":19.0,"key":"Fire Potion"},{"floor":19.0,"key":"blueLaboratory:NullPotion"},{"floor":21,"key":"blueLaboratory:LouseDecoction"},{"floor":26,"key":"Energy Potion"},{"floor":31,"key":"Guardian:BlockOnCardUsePotion"},{"floor":32,"key":"Explosive Potion"}],"is_trial":false,"path_per_floor":["R","M","$","M","?","M","T","?","M","?","?","M","R","$","M","B",null,"R","?","M","?","M","R","T","R","M","M","E","$","R","M","M","B"],"character_chosen":"THE_AUTOMATON","items_purchased":["Lee\u0027s Waffle","Torii","Lantern","DuplicationPotion","ColorlessPotion"],"campfire_rested":2,"item_purchase_floors":[14,29,29,29,29],"current_hp_per_floor":[77,77,77,76,35,26,26,26,23,23,23,23,23,84,84,33,84,84,84,84,31,31,31,31,56,35,35,11,9,34,33,21,0,0,0],"gold":37,"neow_bonus":"TEN_PERCENT_HP_BONUS","is_daily":false,"chose_seed":false,"campfire_upgraded":4,"win_rate":0.0,"timestamp":1611073816,"path_taken":["R","M","$","M","?","M","T","?","?","?","?","M","R","?","M","BOSS","R","?","?","?","M","R","T","R","M","M","E","$","R","M","M","BOSS"],"items_purchased_type":["Relic","Relic","Relic","Potion","Potion"],"build_version":"2020-12-18","purchased_purges":0,"victory":false,"max_hp_per_floor":[77,77,77,77,77,77,77,77,77,77,77,77,77,84,84,84,84,84,84,84,84,84,84,84,84,84,84,84,84,84,84,84,84,84,84],"relic_stats":{"Darkstone Periapt":0,"Lee\u0027s Waffle":61,"Torii":8,"counters":[20,90],"StoneCalendar":[0],"Tiny Chest":0,"obtain_stats":[{"Darkstone Periapt":28,"Lee\u0027s Waffle":14,"Lantern":29,"bronze:BronzeCore":0,"bronze:ProtectiveGoggles":7,"Torii":29,"conspire:SpecialSausage":17,"StoneCalendar":21,"Tiny Chest":24,"infinitespire:FocusingShard":21},{"Darkstone Periapt":16,"Lee\u0027s Waffle":8,"Lantern":17,"bronze:BronzeCore":0,"bronze:ProtectiveGoggles":5,"Torii":17,"conspire:SpecialSausage":10,"StoneCalendar":12,"Tiny Chest":13,"infinitespire:FocusingShard":12},{"Darkstone Periapt":74,"Lee\u0027s Waffle":35,"Lantern":78,"bronze:BronzeCore":0,"bronze:ProtectiveGoggles":21,"Torii":78,"conspire:SpecialSausage":49,"StoneCalendar":57,"Tiny Chest":60,"infinitespire:FocusingShard":57}]},"card_choices":[{"not_picked":["bronze:BuggyMess","bronze:GetLatest"],"picked":"bronze:DelayedSlice","floor":2.0},{"not_picked":["bronze:CutThrough","bronze:Turbo"],"picked":"bronze:WhirlingStrike","floor":3.0},{"not_picked":["bronze:FollowUp","bronze:Return"],"picked":"bronze:DelayedGuard","floor":4.0},{"not_picked":[],"picked":"bronze:Spike","floor":5.0},{"not_picked":[],"picked":"bronze:DazingPulse","floor":5.0},{"not_picked":[],"picked":"bronze:Explode","floor":5.0},{"not_picked":["bronze:Deprecate","bronze:Safeguard"],"picked":"bronze:ThunderWave","floor":5.0},{"not_picked":["bronze:BitShift","bronze:BronzeOrb"],"picked":"bronze:Frontload","floor":6.0},{"not_picked":["bronze:WildBeam","bronze:BuggyMess","bronze:OilSpill"],"picked":"SKIP","floor":9.0},{"not_picked":["bronze:Deprecate","bronze:Philosophize","bronze:BronzeOrb"],"picked":"SKIP","floor":12.0},{"not_picked":["bronze:Iterate","bronze:CutThrough"],"picked":"bronze:WhirlingStrike","floor":14.0},{"not_picked":["bronze:Flail","bronze:BitShift","bronze:WildBeam"],"picked":"SKIP","floor":15.0},{"not_picked":["bronze:CleanCode","bronze:ThunderWave"],"picked":"bronze:RecursiveStrike","floor":16.0},{"not_picked":["bronze:Shield","bronze:ClassDefault"],"picked":"bronze:ChosenStrike","floor":20},{"not_picked":["bronze:Branch","bronze:CutThrough","bronze:BugBarrage"],"picked":"SKIP","floor":22},{"not_picked":["bronze:Overheat+1","bronze:Frontload","bronze:CutThrough"],"picked":"SKIP","floor":26},{"not_picked":["bronze:Iterate","bronze:WhirlingStrike"],"picked":"bronze:Repulsor","floor":27},{"not_picked":["bronze:BugBarrage","bronze:BitShift"],"picked":"bronze:ShipIt","floor":28},{"not_picked":["bronze:WildBeam","bronze:BugBarrage"],"picked":"bronze:Virus","floor":29},{"not_picked":["bronze:ItsAFeature","bronze:Allocate"],"picked":"bronze:CutThrough+1","floor":31},{"not_picked":["bronze:ChildClass","bronze:BugBarrage+1"],"picked":"bronze:Frontload+1","floor":32}],"player_experience":1452488,"relics_obtained":[{"floor":7.0,"key":"bronze:ProtectiveGoggles"},{"floor":21,"key":"StoneCalendar"},{"floor":21,"key":"infinitespire:FocusingShard"},{"floor":24,"key":"Tiny Chest"},{"floor":28,"key":"Darkstone Periapt"}],"event_choices":[{"damage_healed":0.0,"max_hp_gain":0.0,"max_hp_loss":0.0,"gold_gain":0.0,"event_name":"Lab","player_choice":"Got Potions","floor":19.0,"gold_loss":0.0,"damage_taken":0.0}],"is_beta":true,"boss_relics":[{"not_picked":["bronze:MakeshiftBattery","Coffee Dripper"],"picked":"conspire:SpecialSausage"}],"items_purged_floors":[],"is_endless":false,"potions_floor_spawned":[6,9,15,21,26,31,32],"killed_by":"DF_ARCHETYPE_CLAW","ascension_level":0}}