{"host":"jvd5k9mqzerszifx","time":1611053113,"event":{"mods":["AchievementEnabler","Act Like it!","BaseMod","Better Note","Better Third Choice","Colored Map","Colored Powertips","Conspire","DeckTracker","Gensokyo","GungeonMod","Hallownest","Hermit","Hubris","Infinite Spire","Jorbs\u0027s Wanderer Trilogy","Koishi","Marisa（F雨　魔理沙）","Minty Spire (QoL Compilation)","MostiFishMod","Relic Stats","Replay The Spire","Reworked Bosses","Spicy Shops","StSLib","The Administrix","The Bug Knight","The Cursed","The Factory","The Hierophant","The Jungle","The Servant 0.9.4","【功能Mod】聪明的最终Boss"],"gold_per_floor":[151,391,439,490,490,577,577,673,742,838,838,838,937,994,994,1309,1309,1342,1342,761,794,794,899,899,980,980,1019,834,924,1005,1005,1005,1302,1302,1338,1338,1398,36,36,132,222,222,297,378,378,0,87,87,87,396,396,396,396],"floor_reached":52,"language":"ZHS","playtime":1736,"items_purged":[],"score":1805,"play_id":"f65d5e93-4738-426b-a5aa-8ba26bbafbdf","local_time":"20210119184513","is_ascension_mode":true,"campfire_choices":[{"data":"hermit:Strike_Hermit","floor":7,"key":"PURGE"},{"data":"hermit:Strike_Hermit","floor":7,"key":"PURGE"},{"data":"hermit:Strike_Hermit","floor":7,"key":"PURGE"},{"data":"hermit:Defend_Hermit","floor":7,"key":"PURGE"},{"data":"hermit:Defend_Hermit","floor":7,"key":"PURGE"},{"data":"hermit:Defend_Hermit+1","floor":7,"key":"PURGE"},{"data":"hermit:Strike_Hermit","floor":7,"key":"SMITH"},{"data":"hermit:Snapshot","floor":7,"key":"SMITH"},{"data":"hermit:Covet","floor":7,"key":"SMITH"},{"data":"hermit:Spite","floor":7,"key":"SMITH"},{"data":"hermit:Determination","floor":7,"key":"SMITH"},{"data":"hermit:Quickdraw","floor":7,"key":"SMITH"},{"data":"hermit:Malice","floor":7,"key":"SMITH"},{"data":"hermit:Quickdraw","floor":7,"key":"SMITH"},{"floor":7,"key":"RECALL"},{"data":"hermit:EyeOfTheStorm","floor":11,"key":"SMITH"},{"data":"hermit:SprayPray","floor":11,"key":"SMITH"},{"floor":11,"key":"REST"},{"data":"hermit:TrackingShot","floor":15,"key":"SMITH"},{"data":"hermit:Glare","floor":15,"key":"SMITH"},{"floor":15,"key":"REST"},{"data":"hermit:Gambit","floor":24,"key":"SMITH"},{"data":"hermit:CursedWeapon","floor":24,"key":"SMITH"},{"data":"hermit:WideOpen","floor":24,"key":"SMITH"},{"data":"hermit:Defend_Hermit+1","floor":24,"key":"PURGE"},{"data":"hermit:Strike_Hermit+1","floor":24,"key":"PURGE"},{"floor":24,"key":"REST"},{"data":"hermit:Glare","floor":32,"key":"SMITH"},{"floor":32,"key":"REST"},{"data":"hermit:Glare+1","floor":42,"key":"PURGE"},{"data":"hermit:CursedWeapon+1","floor":42,"key":"PURGE"},{"data":"hermit:WideOpen+1","floor":42,"key":"PURGE"},{"data":"hermit:Covet+1","floor":42,"key":"PURGE"},{"data":"hermit:WideOpen+1","floor":42,"key":"PURGE"},{"data":"hermit:Quickdraw+1","floor":42,"key":"PURGE"},{"data":"hermit:Quickdraw+1","floor":42,"key":"PURGE"},{"floor":42,"key":"REST"},{"data":"ReplayTheSpireMod:Echoes of Time","floor":49,"key":"SMITH"},{"floor":49,"key":"REST"}],"circlet_count":0,"master_deck":["hermit:Snapshot+1","hermit:Spite+1","hermit:Determination+1","hermit:Quickdraw+1","hermit:Malice+1","hermit:EyeOfTheStorm+1","hermit:SprayPray+1","hermit:TrackingShot+1","hermit:Gambit+1","hermit:WideOpen+1","hermit:Glare+1","hermit:Ricochet+1","hermit:FinalCanter+1","hermit:CursedWeapon+1","ReplayTheSpireMod:Echoes of Time+1","hermit:DeadMansHand+1","hermit:BigShot+1","hermit:Glare+1","hermit:Dissolve+1"],"relics":["Peace Pipe","Ginger","Turnip","Unceasing Top","Omamori","Ice Cream","The Courier","Medical Kit","WingedGreaves","HandDrill","Frozen Eye","Blue Candle","Civilization","DaveBox","hubris:HollowSoul","OrangePellets","SynthV:TestCard","Pet Ghost","War Paint","infinitespire:Satchel","infinitespire:Lychee Nut","hubris:Icosahedron","InkBottle","DemoMod:WaxWing","Ring of Fury","Ring of Hypnosis","hubris:DeckOfHolding","Juzu Bracelet","DemoMod:MonsterBlood","ChiLing","Chi","Ling","Bag of Preparation","DemoMod:SerJunkan","DemoMod:GlassGuonStoneRelic","DemoMod:Junk","infinitespire:WardingShard","theJungle:Creamberry","conspire:TopHat","ChiXiaoBlade","hubris:BottledRain","infinitespire:Bottled Soul","Blue Doll","BrkXgEgg","Pantograph","Ornamental Fan","infinitespire:Lucky Rock","Darkstone Periapt","Anchor","Nunchaku","PreservedInsect","hermit:RedScarf","hermit:PetGhost","SynthV:C4","Mirror","Vajra","ClockworkSouvenir","Calling Bell","Replay:Mystery Machine","Molten Egg 2","Replay:Arrowhead","Sozu"],"acts_visited":["Exordium","Exordium","TheBeyond","Gensokyo:Gensokyo"],"potions_floor_usage":[],"damage_taken":[{"damage":3,"enemies":"2 Louse","floor":1,"turns":2},{"damage":11,"enemies":"Jaw Worm","floor":3,"turns":2},{"damage":0,"enemies":"Cultist","floor":4,"turns":3},{"damage":0,"enemies":"HollowMod:MossKnight","floor":6,"turns":3},{"damage":0,"enemies":"Lagavulin","floor":8,"turns":2},{"damage":8,"enemies":"3 Sentries","floor":10,"turns":2},{"damage":0,"enemies":"HollowMod:MossKnight","floor":13,"turns":2},{"damage":0,"enemies":"Gremlin Gang","floor":14,"turns":1},{"damage":0,"enemies":"Hexaghost","floor":16,"turns":2},{"damage":7,"enemies":"theJungle:Flameango_and_Byrd","floor":18,"turns":2},{"damage":3,"enemies":"theJungle:MUSHROOMGANG","floor":21,"turns":1},{"damage":0,"enemies":"theJungle:Cassacara","floor":23,"turns":1},{"damage":2,"enemies":"theJungle:2_Phrogs","floor":25,"turns":2},{"damage":0,"enemies":"Snake Plant","floor":27,"turns":1},{"damage":2,"enemies":"Nightmare","floor":29,"turns":1},{"damage":3,"enemies":"theJungle:2_Phrogs","floor":30,"turns":1},{"damage":2,"enemies":"theJungle:TotemBoss","floor":33,"turns":1},{"damage":1,"enemies":"Orb Walker","floor":35,"turns":1},{"damage":10,"enemies":"3 Shapes","floor":37,"turns":1},{"damage":3,"enemies":"Giant Head","floor":40,"turns":1},{"damage":2,"enemies":"Reptomancer","floor":41,"turns":1},{"damage":2,"enemies":"R_Hoarder","floor":44,"turns":1},{"damage":2,"enemies":"conspire:MimicChest","floor":47,"turns":1},{"damage":7,"enemies":"bossMod:newAwakened","floor":50,"turns":2},{"damage":0,"enemies":"Gensokyo:Gryphon","floor":52,"turns":1}],"seed_played":"-5361906918578010826","potions_obtained":[{"floor":1,"key":"hermit:Tonic"},{"floor":2,"key":"Weak Potion"},{"floor":2,"key":"PowerPotion"},{"floor":47,"key":"FearPotion"}],"is_trial":false,"path_per_floor":["M","?","M","M","?","E","R","E","T","E","R","?","E","M","R","B",null,"M","?","$","M","AVR","E","R","E","T","M","?","NM","E","?","R","B",null,"M","?","M","$","?","E","E","R","T","E","?","$","?","AVR","R","B",null,"M"],"character_chosen":"HERMIT","items_purchased":["hubris:DeckOfHolding","Juzu Bracelet","DemoMod:MonsterBlood","ChiLing","Bag of Preparation","hubris:BottledRain","infinitespire:Bottled Soul","Blue Doll","BrkXgEgg","Pantograph","Ornamental Fan","infinitespire:Lucky Rock","Darkstone Periapt","hermit:PetGhost","SynthV:C4","Mirror"],"campfire_rested":6,"item_purchase_floors":[20,20,20,20,20,38,38,38,38,38,38,38,38,46,46,46],"current_hp_per_floor":[66,66,56,57,57,58,58,59,59,52,60,60,61,62,62,63,63,57,57,64,62,62,63,73,74,74,75,75,74,72,62,77,76,78,78,81,72,72,72,70,69,85,85,84,84,84,83,83,87,84,87,87,87],"gold":396,"neow_bonus":"BOSS_RELIC","is_daily":false,"chose_seed":false,"campfire_upgraded":17,"win_rate":0.0,"timestamp":1611053113,"path_taken":["M","?","?","?","?","E","R","E","T","E","R","?","E","M","R","BOSS","M","?","$","M","AVR","E","R","E","T","M","?","NM","E","?","R","BOSS","M","?","M","$","?","E","E","R","T","E","?","?","?","AVR","R","BOSS","M"],"items_purchased_type":["Relic","Relic","Relic","Relic","Relic","Relic","Relic","Relic","Relic","Relic","Relic","Relic","Relic","Relic","Relic","Relic"],"build_version":"2020-12-22","purchased_purges":0,"victory":false,"max_hp_per_floor":[76,76,77,78,78,79,79,80,80,60,60,60,61,62,62,63,63,64,64,71,72,72,73,73,74,74,75,75,76,77,77,77,78,78,79,82,83,83,83,84,85,85,85,86,86,86,87,87,87,88,88,88,88],"relic_stats":{"Darkstone Periapt":0,"counters":[25,37],"Blue Candle":[0],"PreservedInsect":0,"Juzu Bracelet":1,"Bag of Preparation":[28],"Ginger":[4],"War Paint":["hermit:Defend_Hermit","hermit:Defend_Hermit"],"Medical Kit":[2],"Peace Pipe":18,"Sozu":0,"OrangePellets":[0],"Nunchaku":[1],"Ornamental Fan":[32],"Pantograph":0,"Turnip":[2],"HandDrill":[12],"obtain_stats":[{"Ice Cream":0,"Chi":20,"Vajra":47,"DemoMod:GlassGuonStoneRelic":1,"theJungle:Creamberry":28,"Ginger":0,"Sozu":51,"DemoMod:MonsterBlood":20,"hubris:DeckOfHolding":20,"HandDrill":0,"hermit:RedScarf":45,"Ring of Hypnosis":19,"Blue Candle":0,"hubris:HollowSoul":0,"War Paint":6,"OrangePellets":0,"Ling":20,"hermit:PetGhost":46,"infinitespire:Lychee Nut":10,"ChiXiaoBlade":34,"Molten Egg 2":48,"DemoMod:SerJunkan":22,"Mirror":46,"hermit:Momento":0,"Unceasing Top":0,"ChiLing":20,"Darkstone Periapt":38,"DaveBox":0,"Blue Doll":38,"Juzu Bracelet":20,"Bag of Preparation":20,"Replay:Mystery Machine":48,"Pet Ghost":2,"conspire:TopHat":29,"SynthV:C4":46,"ClockworkSouvenir":48,"Frozen Eye":0,"Civilization":0,"Nunchaku":43,"hubris:Icosahedron":12,"infinitespire:Bottled Soul":38,"Pantograph":38,"WingedGreaves":0,"InkBottle":13,"DemoMod:Junk":23,"The Courier":0,"BrkXgEgg":38,"PreservedInsect":44,"Omamori":0,"infinitespire:Lucky Rock":38,"Medical Kit":0,"Replay:Arrowhead":48,"Peace Pipe":0,"Calling Bell":48,"Anchor":41,"SynthV:TestCard":1,"infinitespire:WardingShard":26,"Ornamental Fan":38,"infinitespire:Satchel":8,"Ring of Fury":19,"Turnip":0,"DemoMod:WaxWing":17,"hubris:BottledRain":38},{"Ice Cream":0,"Chi":10,"Vajra":23,"DemoMod:GlassGuonStoneRelic":1,"theJungle:Creamberry":14,"Ginger":0,"Sozu":24,"DemoMod:MonsterBlood":10,"hubris:DeckOfHolding":10,"HandDrill":0,"hermit:RedScarf":22,"Ring of Hypnosis":10,"Blue Candle":0,"hubris:HollowSoul":0,"War Paint":4,"OrangePellets":0,"Ling":10,"hermit:PetGhost":22,"infinitespire:Lychee Nut":6,"ChiXiaoBlade":17,"Molten Egg 2":23,"DemoMod:SerJunkan":11,"Mirror":22,"hermit:Momento":0,"Unceasing Top":0,"ChiLing":10,"Darkstone Periapt":19,"DaveBox":0,"Blue Doll":19,"Juzu Bracelet":10,"Bag of Preparation":10,"Replay:Mystery Machine":23,"Pet Ghost":1,"conspire:TopHat":15,"SynthV:C4":22,"ClockworkSouvenir":23,"Frozen Eye":0,"Civilization":0,"Nunchaku":21,"hubris:Icosahedron":6,"infinitespire:Bottled Soul":19,"Pantograph":19,"WingedGreaves":0,"InkBottle":7,"DemoMod:Junk":12,"The Courier":0,"BrkXgEgg":19,"PreservedInsect":22,"Omamori":0,"infinitespire:Lucky Rock":19,"Medical Kit":0,"Replay:Arrowhead":23,"Peace Pipe":0,"Calling Bell":23,"Anchor":21,"SynthV:TestCard":1,"infinitespire:WardingShard":13,"Ornamental Fan":19,"infinitespire:Satchel":5,"Ring of Fury":10,"Turnip":0,"DemoMod:WaxWing":9,"hubris:BottledRain":19},{"Ice Cream":0,"Chi":21,"Vajra":35,"DemoMod:GlassGuonStoneRelic":2,"theJungle:Creamberry":26,"Ginger":0,"Sozu":37,"DemoMod:MonsterBlood":21,"hubris:DeckOfHolding":21,"HandDrill":0,"hermit:RedScarf":34,"Ring of Hypnosis":21,"Blue Candle":0,"hubris:HollowSoul":0,"War Paint":10,"OrangePellets":0,"Ling":21,"hermit:PetGhost":34,"infinitespire:Lychee Nut":14,"ChiXiaoBlade":29,"Molten Egg 2":35,"DemoMod:SerJunkan":22,"Mirror":34,"hermit:Momento":0,"Unceasing Top":0,"ChiLing":21,"Darkstone Periapt":31,"DaveBox":0,"Blue Doll":31,"Juzu Bracelet":21,"Bag of Preparation":21,"Replay:Mystery Machine":35,"Pet Ghost":2,"conspire:TopHat":27,"SynthV:C4":34,"ClockworkSouvenir":35,"Frozen Eye":0,"Civilization":0,"Nunchaku":33,"hubris:Icosahedron":14,"infinitespire:Bottled Soul":31,"Pantograph":31,"WingedGreaves":0,"InkBottle":16,"DemoMod:Junk":23,"The Courier":0,"BrkXgEgg":31,"PreservedInsect":34,"Omamori":0,"infinitespire:Lucky Rock":31,"Medical Kit":0,"Replay:Arrowhead":35,"Peace Pipe":0,"Calling Bell":35,"Anchor":33,"SynthV:TestCard":2,"infinitespire:WardingShard":25,"Ornamental Fan":31,"infinitespire:Satchel":12,"Ring of Fury":21,"Turnip":0,"DemoMod:WaxWing":19,"hubris:BottledRain":31}],"Unceasing Top":[7],"InkBottle":[12]},"card_choices":[{"not_picked":["hermit:BodyArmor","hermit:LoneWolf"],"picked":"hermit:Spite","floor":1},{"not_picked":["hermit:HighCaliber","hermit:Misfire","hermit:TakeAim","hermit:LuckOfTheDraw"],"picked":"hermit:Determination","floor":2},{"not_picked":["hermit:Roulette","hermit:Snipe","hermit:BodyArmor","hermit:BigShot"],"picked":"hermit:Quickdraw","floor":3},{"not_picked":["hermit:LoneWolf","hermit:Manifest","hermit:HoleUp","hermit:GhostlyPresence"],"picked":"hermit:Malice","floor":4},{"not_picked":["hermit:Roughhouse","hermit:Headshot","hermit:CalledShot","hermit:Ricochet"],"picked":"hermit:Quickdraw","floor":6},{"not_picked":["hermit:Misfire","hermit:Malice","hermit:Feint","hermit:OverwhelmingPower"],"picked":"hermit:EyeOfTheStorm","floor":8},{"not_picked":["hermit:TakeCover","hermit:Brawl","hermit:Vantage","hermit:Virtue"],"picked":"hermit:SprayPray","floor":10},{"not_picked":["hermit:EyeOfTheStorm","hermit:ShadowCloak","hermit:LowProfile","hermit:FinalCanter"],"picked":"hermit:TrackingShot","floor":13},{"not_picked":["hermit:Headshot","hermit:HighCaliber","hermit:WideOpen","hermit:Ricochet"],"picked":"hermit:Glare","floor":14},{"not_picked":["hermit:EternalForm","hermit:DeadOrAlive","hermit:Adapt","hermit:FromBeyond"],"picked":"hermit:Gambit","floor":16},{"not_picked":["hermit:Shortfuse","hermit:SprayPray+1","hermit:HighCaliber","hermit:Deadeye"],"picked":"hermit:WideOpen+1","floor":18},{"not_picked":["hermit:ItchyTrigger","hermit:Gestalt","hermit:Shortfuse","hermit:FullyLoaded"],"picked":"hermit:CursedWeapon","floor":21},{"not_picked":["hermit:ShadowCloak","hermit:Grudge","hermit:Desperado","hermit:Misfire"],"picked":"hermit:WideOpen","floor":23},{"not_picked":["hermit:Midnight+1","hermit:Spite","hermit:LowProfile","hermit:PistolWhip"],"picked":"hermit:Glare","floor":25},{"not_picked":["hermit:Desperado","hermit:Roulette","hermit:Shortfuse","hermit:CalledShot"],"picked":"hermit:Ricochet+1","floor":27},{"not_picked":["hermit:Roulette","hermit:PistolWhip+1","hermit:Manifest","hermit:EternalForm+1"],"picked":"hermit:Quickdraw+1","floor":29},{"not_picked":["hermit:Grudge+1","hermit:FlashPowder+1","hermit:Feint","hermit:Roulette+1"],"picked":"hermit:Quickdraw","floor":30},{"not_picked":["hermit:FatalDesire+1","hermit:HighNoon+1","hermit:HeroicBravado+1","hermit:Gambit+1"],"picked":"hermit:FinalCanter+1","floor":33},{"not_picked":["hermit:Vantage+1","hermit:Headshot","hermit:Quickdraw+1","hermit:BodyArmor+1"],"picked":"hermit:WideOpen+1","floor":35},{"not_picked":["hermit:BodyArmor+1","hermit:ItchyTrigger","hermit:Snipe","hermit:Misfire"],"picked":"hermit:CursedWeapon+1","floor":37},{"not_picked":["infinitespire:NeuralNetwork","infinitespire:TheBestDefense"],"picked":"ReplayTheSpireMod:Echoes of Time","floor":39},{"not_picked":["hermit:Headshot+1","hermit:Ricochet+1","hermit:CalledShot+1","hermit:Roulette+1"],"picked":"hermit:DeadMansHand+1","floor":40},{"not_picked":["hermit:Dive","hermit:Snipe","hermit:RoundhouseKick+1","hermit:SprayPray","hermit:Enervate+1"],"picked":"SKIP","floor":41},{"not_picked":["hermit:LowProfile+1","hermit:SprayPray+1","hermit:GhostlyPresence+1","hermit:DeadMansHand+1"],"picked":"hermit:BigShot+1","floor":44},{"not_picked":["hermit:Ricochet","hermit:Desperado+1","hermit:Dive","hermit:HighCaliber+1"],"picked":"hermit:Glare+1","floor":47},{"not_picked":["hermit:FinalCanter+1","hermit:Adapt+1","hermit:Magnum+1","hermit:Roughhouse+1"],"picked":"hermit:Dissolve+1","floor":50}],"player_experience":295649,"relics_obtained":[{"floor":1,"key":"SynthV:TestCard"},{"floor":2,"key":"Pet Ghost"},{"floor":6,"key":"War Paint"},{"floor":8,"key":"infinitespire:Satchel"},{"floor":10,"key":"infinitespire:Lychee Nut"},{"floor":13,"key":"InkBottle"},{"floor":19,"key":"Ring of Fury"},{"floor":19,"key":"Ring of Hypnosis"},{"floor":23,"key":"DemoMod:Junk"},{"floor":25,"key":"DemoMod:Junk"},{"floor":26,"key":"infinitespire:WardingShard"},{"floor":29,"key":"conspire:TopHat"},{"floor":30,"key":"DemoMod:Junk"},{"floor":40,"key":"DemoMod:Junk"},{"floor":41,"key":"Anchor"},{"floor":43,"key":"Nunchaku"},{"floor":44,"key":"PreservedInsect"},{"floor":47,"key":"Vajra"},{"floor":48,"key":"Replay:Mystery Machine"},{"floor":48,"key":"Molten Egg 2"},{"floor":48,"key":"Replay:Arrowhead"}],"event_choices":[{"damage_healed":0,"gold_gain":0,"player_choice":"Leave","damage_taken":0,"max_hp_gain":0,"max_hp_loss":0,"event_name":"conspire:Investor","floor":5,"gold_loss":0},{"damage_healed":0,"gold_gain":0,"player_choice":"Gave Potion","damage_taken":0,"relics_obtained":["hermit:RedScarf"],"max_hp_gain":0,"max_hp_loss":0,"event_name":"WeMeetAgain","floor":45,"gold_loss":0}],"is_beta":false,"boss_relics":[{"not_picked":["SacredBark","hubris:TerracottaHorce"],"picked":"DemoMod:WaxWing"},{"not_picked":["ReplayTheSpireMod:DimensionalGlitch","hermit:BartenderGlass"],"picked":"ChiXiaoBlade"},{"not_picked":["MostiFishMod:Hod","RhineFirstAidKit"],"picked":"Sozu"}],"items_purged_floors":[],"is_endless":true,"potions_floor_spawned":[1,3,4,10,18,23,29,30,35,40,44,47],"killed_by":"Gensokyo:Gryphon","ascension_level":7}}