{"host":"a1u4jo6xlg3w0wsm","time":1611061455,"event":{"mods":["BaseMod","Better Third Choice","DeckTracker","Downfall","Hermit","Hubris","Minty Spire (QoL Compilation)","Rare Cards Sparkle","Replay The Spire","StSLib","The Cursed"],"gold_per_floor":[113,133,133,133,153,153,153,184,207,167,167,167,11,30,30,134,134,148,148,24,40,56,56,56,56],"floor_reached":24,"playtime":997,"items_purged":[],"score":233,"play_id":"62ab9c88-37a8-4469-abd5-1959fe2808d0","local_time":"20210120020415","is_ascension_mode":true,"campfire_choices":[{"data":"hermit:Snapshot","floor":6,"key":"SMITH"},{"floor":11,"key":"REST"},{"data":"hermit:CursedWeapon","floor":15,"key":"SMITH"},{"floor":23,"key":"REST"}],"circlet_count":0,"master_deck":["hermit:Strike_Hermit","hermit:Strike_Hermit","hermit:Strike_Hermit","hermit:Strike_Hermit","hermit:Defend_Hermit","hermit:Defend_Hermit","hermit:Defend_Hermit","hermit:Snapshot+1","hermit:Covet","hermit:Brawl+1","hermit:Glare","Regret","hermit:Deadeye","hermit:HoleUp","hermit:CursedWeapon+1","hermit:DeadOrAlive","Pot Of Greed","Pot Of Greed","Regret","ReplayTheSpireMod:IOU","Delirium","hermit:Snipe","hermit:ShadowCloak","hermit:SprayPray","hermit:SprayPray","Pot Of Greed","hermit:Deadeye","hermit:CursedWeapon+1"],"relics":["hermit:Momento","NeowsBlessing","Ring of Fangs","Dream Catcher","ReplayTheSpireMod:Lightbulb","Boot","Replay:WaspNest","Lee\u0027s Waffle","Replay:Ancient Bell","Grinning Jar","Mummified Hand","hubris:Potato"],"acts_visited":["Exordium","TheCity"],"potions_floor_usage":[8,18,24],"damage_taken":[{"damage":0,"enemies":"Cultist","floor":1,"turns":1},{"damage":0,"enemies":"Small Slimes","floor":2,"turns":1},{"damage":0,"enemies":"Jaw Worm","floor":5,"turns":1},{"damage":41,"enemies":"Lagavulin","floor":8,"turns":6},{"damage":12,"enemies":"Lots of Slimes","floor":14,"turns":5},{"damage":63,"enemies":"The Guardian","floor":16,"turns":9},{"damage":3,"enemies":"Chosen","floor":18,"turns":5},{"damage":9,"enemies":"3 Byrds","floor":21,"turns":2},{"damage":61,"enemies":"Shelled Parasite and Fungi","floor":22,"turns":5},{"damage":21,"enemies":"Book of Stabbing","floor":24,"turns":4}],"seed_played":"-1246488110721952408","potions_obtained":[{"floor":2,"key":"DistilledChaos"},{"floor":8,"key":"sneckomod:MuddlingPotion"},{"floor":16,"key":"SkillPotion"},{"floor":22,"key":"DuplicationPotion"}],"is_trial":false,"path_per_floor":["M","M","?","?","M","R","$","E","T","?","R","?","$","M","R","B",null,"M","?","$","M","M","R","E"],"character_chosen":"HERMIT","items_purchased":["Lee\u0027s Waffle","hermit:ShadowCloak","hermit:SprayPray"],"campfire_rested":2,"item_purchase_floors":[13,20,20],"current_hp_per_floor":[75,75,75,75,75,75,75,34,34,34,56,18,82,70,70,7,82,79,79,79,70,9,33,12,12],"gold":56,"neow_bonus":"THREE_ENEMY_KILL","is_daily":false,"chose_seed":false,"campfire_upgraded":2,"win_rate":0.0,"timestamp":1611061455,"path_taken":["M","M","?","?","M","R","$","E","T","?","R","?","$","M","R","BOSS","M","?","$","?","?","R","E"],"items_purchased_type":["Relic","Card","Card"],"build_version":"2020-12-13","purchased_purges":0,"victory":false,"max_hp_per_floor":[75,75,75,75,75,75,75,75,75,75,75,75,82,82,82,82,82,82,82,82,82,82,82,82,82],"card_choices":[{"not_picked":["hermit:Desperado","hermit:TrackingShot"],"picked":"hermit:Brawl","floor":1},{"not_picked":["hermit:Headshot","hermit:ItchyTrigger"],"picked":"hermit:Glare","floor":2},{"not_picked":["hermit:WideOpen","hermit:GoldenBullet","hermit:Feint"],"picked":"SKIP","floor":5},{"not_picked":["hermit:Ricochet","hermit:LoneWolf"],"picked":"hermit:Deadeye","floor":8},{"not_picked":["hermit:BodyArmor","hermit:GoldenBullet"],"picked":"hermit:HoleUp","floor":11},{"not_picked":["hermit:WideOpen","hermit:Deadeye"],"picked":"hermit:CursedWeapon","floor":14},{"not_picked":["hermit:Purgatory","hermit:OverwhelmingPower"],"picked":"hermit:DeadOrAlive","floor":16},{"not_picked":["Delirium","hubris:Gluttony"],"picked":"Regret","floor":17},{"not_picked":["hubris:Greed","Regret"],"picked":"ReplayTheSpireMod:IOU","floor":17},{"not_picked":["Languid","hubris:Compulsion"],"picked":"Delirium","floor":17},{"not_picked":["hermit:ItchyTrigger","hermit:HoleUp+1"],"picked":"hermit:Snipe","floor":18},{"not_picked":["hermit:Vantage","hermit:Magnum"],"picked":"hermit:SprayPray","floor":21},{"not_picked":["hermit:Misfire","hermit:Vantage"],"picked":"hermit:Deadeye","floor":22},{"not_picked":["hermit:BodyArmor","hermit:EyeOfTheStorm"],"picked":"hermit:CursedWeapon+1","floor":23}],"player_experience":369279,"relics_obtained":[{"floor":4,"key":"Ring of Fangs"},{"floor":8,"key":"Dream Catcher"},{"floor":9,"key":"ReplayTheSpireMod:Lightbulb"}],"event_choices":[{"damage_healed":0,"gold_gain":0,"player_choice":"Grow","damage_taken":0,"max_hp_gain":0,"max_hp_loss":0,"event_name":"Living Wall","floor":3,"gold_loss":0,"cards_upgraded":["hermit:Brawl"]},{"damage_healed":0,"gold_gain":0,"player_choice":"Left","damage_taken":0,"max_hp_gain":0,"max_hp_loss":0,"event_name":"betterThird:BetterGoop","floor":10,"gold_loss":40},{"damage_healed":0,"gold_gain":1,"player_choice":"Relic Relic ","damage_taken":38,"max_hp_gain":0,"max_hp_loss":0,"event_name":"betterThird:BetterScrap","floor":12,"gold_loss":0,"cards_obtained":["After Image"]},{"cards_removed":["hermit:Defend_Hermit"],"damage_healed":0,"gold_gain":0,"player_choice":"Card Removal","damage_taken":0,"max_hp_gain":0,"max_hp_loss":0,"event_name":"Wheel of Change","floor":19,"gold_loss":0}],"is_beta":false,"boss_relics":[{"not_picked":["Runic Dome","hubris:VirtuousBlindfold"],"picked":"Replay:Ancient Bell"},{"not_picked":["Gremlin Food","ReplayTheSpireMod:TigerMarble"],"picked":"Grinning Jar"},{"not_picked":["hubris:DisguiseKit","HornCleat"],"picked":"Mummified Hand"},{"not_picked":["Dead Branch","hubris:BundleOfHerbs"],"picked":"hubris:Potato"}],"items_purged_floors":[],"is_endless":false,"potions_floor_spawned":[2,8,16,22],"killed_by":"Book of Stabbing","ascension_level":4}}