{"host":"bw00wb7p5bw58om7","time":1611087875,"event":{"mods":["100% Spire Juice","Act Like it!","BaseMod","Better Third Choice","CapriCore","Chen","Downfall","Gensokyo","Koishi","KomeijiMod","Marisa????????","Minty Spire (QoL Compilation)","Onozuka Komachi Mod","Permanent Neow","Prisma Mod","Reimu??????","Remilia??????","StSLib","The Administrix","The Immortal","The Senshi","The Servant 0.9.4","Yakumo Yukari mod"],"gold_per_floor":[111,3,3,19,34,34,34],"floor_reached":6,"language":"ENG","playtime":467,"items_purged":[],"score":38,"play_id":"4b121380-6fd6-47dc-a686-d275e7bcd472","local_time":"20210119202435","is_ascension_mode":false,"campfire_choices":[],"circlet_count":0,"master_deck":["Moonworks:Strike","Moonworks:Strike","Moonworks:Strike","Moonworks:Strike","Moonworks:Defend","Moonworks:Defend","Moonworks:Defend","Moonworks:Defend","Moonworks:Ambush","Moonworks:LongDistanceShot","Moonworks:Wanted","Moonworks:IndiscriminateFireSupport","Moonworks:DeployBits","Moonworks:CompletionReward","Moonworks:SweetBattle"],"relics":["Moonworks:BrokenBomb","Moonworks:Homemark","Strawberry"],"acts_visited":["Gensokyo:Gensokyo"],"potions_floor_usage":[],"damage_taken":[{"damage":0,"enemies":"Gensokyo:3_Fairies","floor":1,"turns":5},{"damage":6,"enemies":"Gensokyo:Python","floor":2,"turns":3},{"damage":7,"enemies":"Gensokyo:2_Kodama","floor":4,"turns":4},{"damage":1,"enemies":"Gensokyo:VengefulSpirit","floor":5,"turns":4},{"damage":43,"enemies":"Gensokyo:Aya","floor":6,"turns":5}],"seed_played":"-8410108118775475664","potions_obtained":[{"floor":4,"key":"Block Potion"},{"floor":5,"key":"Fire Potion"}],"is_trial":false,"path_per_floor":["M","M","?","M","M","E"],"character_chosen":"THE_STARBREAKER","items_purchased":[],"campfire_rested":0,"item_purchase_floors":[],"current_hp_per_floor":[60,54,51,44,43,0,0],"gold":34,"neow_bonus":"ONE_RANDOM_RARE_CARD","is_daily":false,"chose_seed":false,"campfire_upgraded":0,"win_rate":0.0,"timestamp":1611087875,"path_taken":["M","M","?","M","M","E"],"items_purchased_type":[],"build_version":"2020-12-22","purchased_purges":0,"victory":false,"max_hp_per_floor":[60,60,67,67,67,67,67],"card_choices":[{"not_picked":["Moonworks:BindingChains","Moonworks:DeployBits"],"picked":"Moonworks:IndiscriminateFireSupport","floor":1},{"not_picked":["Moonworks:Assault","Moonworks:MiracleWalker"],"picked":"Moonworks:DeployBits","floor":2},{"not_picked":["Moonworks:TacticalRetreat","Moonworks:DeployBits"],"picked":"Moonworks:CompletionReward","floor":4},{"not_picked":["Moonworks:ExtendedPhotonRifle","Moonworks:JonathanRush"],"picked":"Moonworks:SweetBattle","floor":5}],"player_experience":264318,"relics_obtained":[],"event_choices":[],"is_beta":false,"boss_relics":[],"items_purged_floors":[],"is_endless":false,"potions_floor_spawned":[4,5],"killed_by":"Gensokyo:Aya","ascension_level":0}}