{"host":"nsxzlb359hv0da5z","time":1611025726,"event":{"mods":["BaseMod","Bestiary","Colored Map","Minty Spire (QoL Compilation)","Permanent Neow","Relic Stats","Slay the Relics Exporter","ojb\u0027s Info Mod"],"gold_per_floor":[113,113,128,128,148,148,168,168,193,209,238,238,251,286,286,360,360,373,35,35,54,54,74,74,100,125,160,160,250,263,281,281,281,281],"floor_reached":33,"language":"ENG","playtime":2815,"items_purged":["Strike_R"],"score":594,"play_id":"e3f6fd9b-666b-468d-a053-b238196a6546","local_time":"20210118190846","is_ascension_mode":true,"campfire_choices":[{"data":"Bash","floor":6,"key":"SMITH"},{"data":"Intimidate","floor":8,"key":"SMITH"},{"data":"Flame Barrier","floor":12,"key":"SMITH"},{"data":"Corruption","floor":15,"key":"SMITH"},{"floor":24,"key":"REST"},{"floor":28,"key":"REST"},{"data":"Barricade","floor":32,"key":"SMITH"}],"circlet_count":0,"master_deck":["AscendersBane","Strike_R","Strike_R","Strike_R","Defend_R","Defend_R","Defend_R","Defend_R","Bash+1","Cleave","Intimidate+1","Flame Barrier+1","Sword Boomerang","Twin Strike","Combust","Corruption+1","Dark Embrace","Barricade+1","Havoc","J.A.X.","Headbutt","Flame Barrier+1","Immolate","Entrench","Disarm","Flame Barrier"],"relics":["Burning Blood","Red Skull","Oddly Smooth Stone","Toy Ornithopter","Orichalcum","Sozu","Pantograph","Bronze Scales","Question Card"],"acts_visited":["Exordium","TheCity"],"potions_floor_usage":[11,23,33],"damage_taken":[{"damage":11,"enemies":"Jaw Worm","floor":1,"turns":6},{"damage":7,"enemies":"Small Slimes","floor":3,"turns":4},{"damage":4,"enemies":"Cultist","floor":5,"turns":4},{"damage":6,"enemies":"Blue Slaver","floor":7,"turns":6},{"damage":5,"enemies":"Lots of Slimes","floor":10,"turns":4},{"damage":26,"enemies":"3 Sentries","floor":11,"turns":8},{"damage":4,"enemies":"Looter","floor":13,"turns":3},{"damage":26,"enemies":"Lagavulin","floor":14,"turns":7},{"damage":22,"enemies":"Hexaghost","floor":16,"turns":9},{"damage":19,"enemies":"Spheric Guardian","floor":18,"turns":5},{"damage":23,"enemies":"3 Byrds","floor":21,"turns":3},{"damage":19,"enemies":"Shelled Parasite and Fungi","floor":23,"turns":3},{"damage":13,"enemies":"Book of Stabbing","floor":25,"turns":4},{"damage":23,"enemies":"Slavers","floor":27,"turns":3},{"damage":21,"enemies":"Snake Plant","floor":30,"turns":3},{"damage":5,"enemies":"Cultist and Chosen","floor":31,"turns":5},{"damage":48,"enemies":"Collector","floor":33,"turns":7}],"seed_played":"-7380789875985310037","potions_obtained":[{"floor":3,"key":"Weak Potion"},{"floor":5,"key":"Fire Potion"},{"floor":13,"key":"AttackPotion"}],"is_trial":false,"path_per_floor":["M","?","M","?","M","R","M","R","T","M","E","R","M","E","R","B",null,"M","$","?","M","?","M","R","E","T","E","R","?","M","M","R","B"],"character_chosen":"IRONCLAD","items_purchased":["Pantograph"],"campfire_rested":2,"item_purchase_floors":[19],"current_hp_per_floor":[63,63,62,75,75,75,75,75,75,75,55,55,57,37,37,21,62,49,49,49,32,32,24,46,39,39,22,44,32,17,18,18,0,0],"gold":281,"neow_bonus":"RANDOM_COMMON_RELIC","is_daily":false,"chose_seed":false,"campfire_upgraded":5,"win_rate":0.0,"timestamp":1611025726,"path_taken":["M","?","M","?","M","R","M","R","T","?","E","R","M","E","R","BOSS","M","$","?","M","?","?","R","E","T","E","R","?","M","M","R","BOSS"],"items_purchased_type":["Relic"],"build_version":"2020-12-22","purchased_purges":1,"victory":false,"max_hp_per_floor":[75,75,75,75,75,75,75,75,75,75,75,75,75,75,75,75,75,75,75,75,75,75,75,75,75,75,75,75,75,75,75,75,75,75],"relic_stats":{"Sozu":4,"counters":[17,84],"Pantograph":25,"Bronze Scales":[58],"Orichalcum":[102],"Question Card":2,"obtain_stats":[{"Sozu":17,"Pantograph":19,"Bronze Scales":25,"Oddly Smooth Stone":9,"Orichalcum":14,"Question Card":27,"Burning Blood":0,"Red Skull":0,"Toy Ornithopter":11},{"Sozu":9,"Pantograph":10,"Bronze Scales":13,"Oddly Smooth Stone":4,"Orichalcum":8,"Question Card":14,"Burning Blood":0,"Red Skull":0,"Toy Ornithopter":6},{"Sozu":51,"Pantograph":56,"Bronze Scales":66,"Oddly Smooth Stone":20,"Orichalcum":42,"Question Card":69,"Burning Blood":0,"Red Skull":0,"Toy Ornithopter":32}],"Burning Blood":93,"Toy Ornithopter":10},"card_choices":[{"not_picked":["Intimidate","Rupture"],"picked":"Cleave","floor":1},{"not_picked":["Armaments","Warcry"],"picked":"Intimidate","floor":3},{"not_picked":["True Grit","Cleave"],"picked":"Flame Barrier","floor":5},{"not_picked":["Thunderclap","Shrug It Off"],"picked":"Sword Boomerang","floor":7},{"not_picked":["Havoc","True Grit"],"picked":"Twin Strike","floor":10},{"not_picked":["Dual Wield","Anger"],"picked":"Combust","floor":11},{"not_picked":["Cleave","Searing Blow"],"picked":"Corruption","floor":13},{"not_picked":["Flex","Power Through"],"picked":"Dark Embrace","floor":14},{"not_picked":["Corruption","Exhume"],"picked":"Barricade","floor":16},{"not_picked":["Pommel Strike","Clash+1"],"picked":"Havoc","floor":18},{"not_picked":["Iron Wave","Twin Strike"],"picked":"Headbutt","floor":21},{"not_picked":["Rage+1","Armaments"],"picked":"Immolate","floor":23},{"not_picked":["Pummel","Bloodletting"],"picked":"Entrench","floor":25},{"not_picked":["Clash","Dark Embrace","Perfected Strike"],"picked":"SKIP","floor":27},{"not_picked":["Headbutt","Shrug It Off","Clash"],"picked":"Disarm","floor":30},{"not_picked":["Headbutt","Armaments","Sword Boomerang"],"picked":"Flame Barrier","floor":31}],"player_experience":1992646,"relics_obtained":[{"floor":9,"key":"Oddly Smooth Stone"},{"floor":11,"key":"Toy Ornithopter"},{"floor":14,"key":"Orichalcum"},{"floor":25,"key":"Bronze Scales"},{"floor":27,"key":"Question Card"}],"event_choices":[{"damage_healed":0,"gold_gain":0,"cards_transformed":["Strike_R"],"player_choice":"Change","damage_taken":0,"max_hp_gain":0,"max_hp_loss":0,"event_name":"Living Wall","floor":2,"gold_loss":0,"cards_obtained":["Sentinel"]},{"cards_removed":["Sentinel"],"damage_healed":13,"gold_gain":0,"player_choice":"Offered Uncommon","damage_taken":0,"max_hp_gain":0,"max_hp_loss":0,"event_name":"Bonfire Elementals","floor":4,"gold_loss":0},{"damage_healed":0,"gold_gain":0,"player_choice":"Obtain J.A.X.","damage_taken":0,"max_hp_gain":0,"max_hp_loss":0,"event_name":"Drug Dealer","floor":20,"gold_loss":0,"cards_obtained":["J.A.X."]},{"damage_healed":0,"gold_gain":0,"player_choice":"Copied","damage_taken":0,"max_hp_gain":0,"max_hp_loss":0,"event_name":"Duplicator","floor":22,"gold_loss":0,"cards_obtained":["Flame Barrier"]},{"damage_healed":0,"gold_gain":90,"player_choice":"GOLD ","damage_taken":12,"max_hp_gain":0,"max_hp_loss":0,"event_name":"Knowing Skull","floor":29,"potions_obtained":[],"gold_loss":0,"cards_obtained":[]}],"is_beta":false,"boss_relics":[{"not_picked":["Velvet Choker","Runic Cube"],"picked":"Sozu"}],"items_purged_floors":[19],"is_endless":false,"potions_floor_spawned":[3,5,13,14,23,25,27,30],"killed_by":"Collector","ascension_level":20}}