{"host":"ao4lxi9bhtts409i","time":1611079717,"event":{"mods":["AchievementEnabler","BaseMod","Colored Map","Colored Powertips","Minty Spire (QoL Compilation)","SuperFastMode"],"gold_per_floor":[117,42,59,59,59,59,97,110,110,151,226,226,250,264,264,383,383,404,419,46,62,75,75,111,111,111,111,134,78,93,93,93,93,93],"floor_reached":33,"language":"ENG","playtime":1226,"items_purged":["Strike_B"],"score":317,"play_id":"2aa17231-f72d-4dad-812f-7754cfc1a610","local_time":"20210119190837","is_ascension_mode":true,"campfire_choices":[{"floor":6,"key":"REST"},{"floor":12,"key":"REST"},{"floor":15,"key":"REST"},{"floor":23,"key":"REST"},{"floor":25,"key":"REST"},{"data":"Streamline","floor":27,"key":"SMITH"},{"floor":32,"key":"REST"}],"circlet_count":0,"master_deck":["Strike_B","Strike_B","Strike_B","Defend_B","Defend_B","Defend_B","Defend_B","Zap","Dualcast","Defragment","Consume","Doom and Gloom","Consume","Conserve Battery","Streamline+1","Leap","Tempest","Multi-Cast","Cold Snap+1","Self Repair","Capacitor","Conserve Battery+1","Turbo+1","Self Repair","Regret","Heatsinks","Self Repair","Coolheaded+1"],"relics":["Cracked Core","NeowsBlessing","Blue Candle","Golden Idol","The Courier","Cables","Mercury Hourglass","Cursed Key","Bottled Flame","Art of War","White Beast Statue"],"acts_visited":["Exordium","TheCity"],"potions_floor_usage":[24,28,33,33],"damage_taken":[{"damage":0,"enemies":"2 Louse","floor":1,"turns":1},{"damage":0,"enemies":"Jaw Worm","floor":3,"turns":1},{"damage":0,"enemies":"Lagavulin","floor":7,"turns":1},{"damage":2,"enemies":"Small Slimes","floor":8,"turns":4},{"damage":24,"enemies":"3 Sentries","floor":10,"turns":5},{"damage":10,"enemies":"Looter","floor":13,"turns":3},{"damage":6,"enemies":"Exordium Thugs","floor":14,"turns":3},{"damage":46,"enemies":"The Guardian","floor":16,"turns":9},{"damage":0,"enemies":"Chosen","floor":18,"turns":4},{"damage":16,"enemies":"2 Thieves","floor":19,"turns":4},{"damage":21,"enemies":"Sentry and Sphere","floor":21,"turns":4},{"damage":18,"enemies":"Centurion and Healer","floor":22,"turns":6},{"damage":44,"enemies":"Gremlin Leader","floor":24,"turns":6},{"damage":17,"enemies":"Cultist and Chosen","floor":28,"turns":6},{"damage":7,"enemies":"Snake Plant","floor":30,"turns":3},{"damage":49,"enemies":"Champ","floor":33,"turns":8}],"seed_played":"-7302820822028860554","potions_obtained":[{"floor":8,"key":"GamblersBrew"},{"floor":13,"key":"Strength Potion"},{"floor":16,"key":"Strength Potion"},{"floor":18,"key":"Ancient Potion"},{"floor":24,"key":"LiquidMemories"},{"floor":28,"key":"PowerPotion"}],"is_trial":false,"path_per_floor":["M","$","M","?","?","R","E","M","T","E","?","R","M","M","R","B",null,"M","M","$","M","M","R","E","R","T","R","M","$","M","?","R","B"],"character_chosen":"DEFECT","items_purchased":["Consume","Self Repair","Bottled Flame","Capacitor","Self Repair"],"campfire_rested":6,"item_purchase_floors":[2,20,20,20,29],"current_hp_per_floor":[75,75,75,57,39,61,61,59,59,35,24,46,36,30,52,6,75,75,59,59,45,34,56,19,41,41,41,31,31,24,18,40,0,0],"gold":93,"neow_bonus":"THREE_ENEMY_KILL","is_daily":false,"chose_seed":false,"campfire_upgraded":1,"win_rate":0.0,"timestamp":1611079717,"path_taken":["M","$","M","?","?","R","E","M","T","E","?","R","M","M","R","BOSS","M","M","$","M","M","R","E","R","T","R","M","$","M","?","R","BOSS"],"items_purchased_type":["Card","Card","Relic","Card","Card"],"build_version":"2020-12-22","purchased_purges":1,"victory":false,"max_hp_per_floor":[75,75,75,75,75,75,75,75,75,75,75,75,75,75,75,75,75,75,75,75,75,75,75,75,75,75,75,75,75,75,75,75,75,75],"card_choices":[{"not_picked":["Cold Snap","Conserve Battery"],"picked":"Defragment","floor":1},{"not_picked":["Steam","Streamline"],"picked":"Doom and Gloom","floor":3},{"not_picked":["Aggregate","Barrage"],"picked":"Consume","floor":7},{"not_picked":["Beam Cell","Sweeping Beam"],"picked":"Conserve Battery","floor":8},{"not_picked":["Meteor Strike","Scrape"],"picked":"Streamline","floor":10},{"not_picked":["Streamline","Steam Power"],"picked":"Leap","floor":13},{"not_picked":["Ball Lightning","Beam Cell"],"picked":"Tempest","floor":14},{"not_picked":["Biased Cognition","Meteor Strike"],"picked":"Multi-Cast","floor":16},{"not_picked":["Barrage","Storm+1"],"picked":"Cold Snap+1","floor":18},{"not_picked":["Sweeping Beam","Barrage","Streamline"],"picked":"SKIP","floor":19},{"not_picked":["Sweeping Beam","Capacitor+1"],"picked":"Conserve Battery+1","floor":21},{"not_picked":["Coolheaded","Go for the Eyes+1"],"picked":"Turbo+1","floor":22},{"not_picked":["Core Surge","Turbo"],"picked":"Self Repair","floor":24},{"not_picked":["Gash+1","Barrage"],"picked":"Heatsinks","floor":28},{"not_picked":["Sweeping Beam","Leap"],"picked":"Coolheaded+1","floor":30}],"player_experience":201797,"relics_obtained":[{"floor":7,"key":"The Courier"},{"floor":9,"key":"Cables"},{"floor":10,"key":"Mercury Hourglass"},{"floor":24,"key":"Art of War"},{"floor":26,"key":"White Beast Statue"}],"event_choices":[{"damage_healed":0,"gold_gain":0,"player_choice":"Success","damage_taken":18,"relics_obtained":["Blue Candle"],"max_hp_gain":0,"max_hp_loss":0,"event_name":"Scrap Ooze","floor":4,"gold_loss":0},{"damage_healed":0,"gold_gain":0,"player_choice":"Take Damage","damage_taken":18,"relics_obtained":["Golden Idol"],"max_hp_gain":0,"max_hp_loss":0,"event_name":"Golden Idol","floor":5,"gold_loss":0},{"damage_healed":0,"gold_gain":75,"player_choice":"Gather Gold","damage_taken":11,"max_hp_gain":0,"max_hp_loss":0,"event_name":"World of Goop","floor":11,"gold_loss":0},{"damage_healed":0,"gold_gain":0,"player_choice":"","damage_taken":6,"max_hp_gain":0,"max_hp_loss":0,"event_name":"Knowing Skull","floor":31,"potions_obtained":[],"gold_loss":0,"cards_obtained":[]}],"is_beta":false,"boss_relics":[{"not_picked":["Black Star","Philosopher\u0027s Stone"],"picked":"Cursed Key"}],"items_purged_floors":[20],"is_endless":false,"potions_floor_spawned":[8,13,16,18,24,28,30],"killed_by":"Champ","ascension_level":1}}