{"host":"l60rmjjsfi0fipmi","time":1611015515,"event":{"mods":["BaseMod","Colored Map","DeckTracker","Highlight Path","Minty Spire (QoL Compilation)","StSLib","The Cursed","The Servant 0.9.4"],"gold_per_floor":[114,134,148,28,47,47,79,79,79,79,91,166,31,42,42,147,147,72,72,83,93,106,139,139,168,168,43,43,43,63,63,63,63,63],"floor_reached":33,"language":"ENG","playtime":3792,"items_purged":["Strike_P","Defend_P","Strike_P"],"score":357,"play_id":"cf23f92d-2780-482d-afe7-a38d2fe325d3","local_time":"20210118191835","is_ascension_mode":true,"campfire_choices":[{"data":"Eruption","floor":6,"key":"SMITH"},{"data":"LikeWater","floor":8,"key":"SMITH"},{"data":"FollowUp","floor":15,"key":"SMITH"},{"floor":24,"key":"REST"},{"floor":29,"key":"REST"},{"floor":32,"key":"REST"}],"circlet_count":0,"master_deck":["Strike_P","Strike_P","Defend_P+1","Defend_P","Eruption+1","Vigilance","Indignation","LikeWater+1","ClearTheMind+1","FollowUp+1","MentalFortress","Tantrum","WaveOfTheHand","Swivel","EmptyFist","DeusExMachina","CurseOfTheBell","FlyingSleeves","Eruption","FlurryOfBlows","Protect","Conclude+1","FearNoEvil+1","FlurryOfBlows+1","Meditate","Adaptation","TalkToTheHand"],"relics":["PureWater","War Paint","Anchor","Calling Bell","PreservedInsect","Gremlin Horn","Prayer Wheel","Mummified Hand","Dream Catcher","Pantograph"],"acts_visited":["Exordium","TheCity"],"potions_floor_usage":[16,16,23,30],"damage_taken":[{"damage":0,"enemies":"Cultist","floor":1,"turns":4},{"damage":11,"enemies":"2 Louse","floor":2,"turns":3},{"damage":0,"enemies":"Small Slimes","floor":3,"turns":4},{"damage":11,"enemies":"Exordium Thugs","floor":5,"turns":5},{"damage":3,"enemies":"Lagavulin","floor":7,"turns":6},{"damage":0,"enemies":"Looter","floor":11,"turns":4},{"damage":1,"enemies":"Lots of Slimes","floor":14,"turns":7},{"damage":17,"enemies":"Slime Boss","floor":16,"turns":9},{"damage":30,"enemies":"2 Thieves","floor":18,"turns":5},{"damage":6,"enemies":"3 Byrds","floor":20,"turns":5},{"damage":14,"enemies":"Centurion and Healer","floor":21,"turns":5},{"damage":3,"enemies":"3 Cultists","floor":22,"turns":5},{"damage":0,"enemies":"Gremlin Leader","floor":23,"turns":4},{"damage":13,"enemies":"Book of Stabbing","floor":25,"turns":3},{"damage":5,"enemies":"Colosseum Slavers","floor":28,"turns":4},{"damage":22,"enemies":"Snake Plant","floor":30,"turns":5},{"damage":68,"enemies":"Champ","floor":33,"turns":8}],"seed_played":"-4131442777100936551","potions_obtained":[{"floor":2,"key":"EssenceOfSteel"},{"floor":5,"key":"BottledMiracle"},{"floor":14,"key":"PowerPotion"},{"floor":16,"key":"LiquidBronze"},{"floor":21,"key":"SkillPotion"}],"is_trial":false,"path_per_floor":["M","M","M","$","M","R","E","R","T","?","M","?","$","M","R","B",null,"M","?","M","M","M","E","R","E","T","$","?","R","M","$","R","B"],"character_chosen":"WATCHER","items_purchased":["FollowUp","Swivel"],"campfire_rested":3,"item_purchase_floors":[4,13],"current_hp_per_floor":[72,61,61,61,50,50,47,47,47,47,47,36,36,35,35,18,72,42,42,36,22,19,19,40,27,27,27,22,43,21,21,42,0,0],"gold":63,"neow_bonus":"REMOVE_CARD","is_daily":false,"chose_seed":false,"campfire_upgraded":3,"win_rate":0.0,"timestamp":1611015515,"path_taken":["M","?","M","$","M","R","E","R","T","?","M","?","$","M","R","BOSS","M","?","?","M","M","E","R","E","T","$","?","R","M","$","R","BOSS"],"items_purchased_type":["Card","Card"],"build_version":"2020-12-22","purchased_purges":3,"victory":false,"max_hp_per_floor":[72,72,72,72,72,72,72,72,72,72,72,72,72,72,72,72,72,72,72,72,72,72,72,72,72,72,72,72,72,72,72,72,72,72],"card_choices":[{"not_picked":["Prostrate","Halt"],"picked":"Indignation","floor":1},{"not_picked":["EmptyBody","Consecrate"],"picked":"LikeWater","floor":2},{"not_picked":["Protect","CrushJoints"],"picked":"ClearTheMind","floor":3},{"not_picked":["Study","Indignation"],"picked":"MentalFortress","floor":5},{"not_picked":["EmptyBody","FlurryOfBlows"],"picked":"Tantrum","floor":7},{"not_picked":["FlurryOfBlows","PathToVictory"],"picked":"WaveOfTheHand","floor":11},{"not_picked":["Fasting2","SashWhip"],"picked":"EmptyFist","floor":14},{"not_picked":["SpiritShield","Judgement"],"picked":"DeusExMachina","floor":16},{"not_picked":["CrushJoints","Halt"],"picked":"FlyingSleeves","floor":18},{"not_picked":["Indignation","Protect","Scrawl"],"picked":"SKIP","floor":18},{"not_picked":["Perseverance","Protect+1"],"picked":"FlurryOfBlows","floor":20},{"not_picked":["Crescendo","Fasting2"],"picked":"Protect","floor":20},{"not_picked":["Sanctity","MentalFortress"],"picked":"Conclude+1","floor":21},{"not_picked":["EmptyBody","Devotion"],"picked":"FearNoEvil+1","floor":21},{"not_picked":["FlyingSleeves","Prostrate"],"picked":"FlurryOfBlows+1","floor":22},{"not_picked":["Tantrum","JustLucky","Pray"],"picked":"SKIP","floor":22},{"not_picked":["CarveReality+1","PathToVictory"],"picked":"Meditate","floor":23},{"not_picked":["Study","SashWhip"],"picked":"Adaptation","floor":25},{"not_picked":["EmptyFist","CutThroughFate+1"],"picked":"TalkToTheHand","floor":29},{"not_picked":["Vengeance+1","Wireheading","LessonLearned"],"picked":"SKIP","floor":30},{"not_picked":["CutThroughFate","CrushJoints","Collect"],"picked":"SKIP","floor":30}],"player_experience":488715,"relics_obtained":[{"floor":7,"key":"War Paint"},{"floor":9,"key":"Anchor"},{"floor":17,"key":"PreservedInsect"},{"floor":17,"key":"Gremlin Horn"},{"floor":17,"key":"Prayer Wheel"},{"floor":23,"key":"Mummified Hand"},{"floor":25,"key":"Dream Catcher"},{"floor":26,"key":"Pantograph"}],"event_choices":[{"damage_healed":0,"gold_gain":0,"player_choice":"Fled","damage_taken":0,"max_hp_gain":0,"max_hp_loss":0,"event_name":"Scrap Ooze","floor":10,"gold_loss":0},{"damage_healed":0,"gold_gain":75,"player_choice":"Gather Gold","damage_taken":11,"max_hp_gain":0,"max_hp_loss":0,"event_name":"World of Goop","floor":12,"gold_loss":0},{"damage_healed":0,"gold_gain":0,"player_choice":"1 cards matched","damage_taken":0,"max_hp_gain":0,"max_hp_loss":0,"event_name":"Match and Keep!","floor":19,"gold_loss":0,"cards_obtained":["Eruption"]},{"damage_healed":0,"gold_gain":0,"player_choice":"Fight","damage_taken":0,"max_hp_gain":0,"max_hp_loss":0,"event_name":"Colosseum","floor":28,"gold_loss":0},{"damage_healed":0,"gold_gain":0,"player_choice":"Fled From Nobs","damage_taken":0,"max_hp_gain":0,"max_hp_loss":0,"event_name":"Colosseum","floor":28,"gold_loss":0}],"is_beta":false,"boss_relics":[{"not_picked":["Fusion Hammer","Velvet Choker"],"picked":"Calling Bell"}],"items_purged_floors":[4,13,27],"is_endless":false,"potions_floor_spawned":[2,5,14,16,21,28],"killed_by":"Champ","ascension_level":3}}