{"host":"w97dq1whmpm6b2tc","time":1611094164,"event":{"mods":["BaseMod","Downfall","Minty Spire (QoL Compilation)","StSLib"],"gold_per_floor":[99,99,99,99,99,126,151,151,39,73,88,88,88,21,37,134,134,34,48,63,1,14,74,99,149,174,224,251,261,362,430,450,549,549,349,366,8,58,219,250,276,276,326,360,360,393,443,472,485,485,485,510,37,37,37,37],"floor_reached":57,"language":"ENG","playtime":4672,"items_purged":["downfall:Malfunctioning","bronze:Strike","bronze:Strike"],"score":1625,"play_id":"7507ebb7-c352-4e5a-88d4-9c43352c4453","local_time":"20210120000924","is_ascension_mode":true,"campfire_choices":[{"floor":1.0,"key":"RECALL"},{"data":"expansioncontent:Chronoboost","floor":12.0,"key":"SMITH"},{"data":"bronze:Format","floor":18.0,"key":"SMITH"},{"data":"bronze:HardenedForm","floor":35.0,"key":"SMITH"},{"data":"bronze:InfiniteBeams","floor":42.0,"key":"SMITH"},{"data":"Trip","floor":45.0,"key":"SMITH"},{"data":"bronze:Iterate","floor":54,"key":"SMITH"}],"circlet_count":0,"master_deck":["bronze:Strike","bronze:Strike","bronze:Defend+1","bronze:Defend","bronze:Defend","bronze:Defend+1","bronze:Replicate+1","bronze:Goto+1","bronze:Repulsor","bronze:InfiniteBeams+1","bronze:Turbo","bronze:WildBeam","expansioncontent:Chronoboost+1","bronze:WhirlingStrike","bronze:BuggyMess","bronze:WhirlingStrike","bronze:Format+1","bronze:Branch+1","bronze:Boost","expansioncontent:Chronoboost+1","bronze:Branch+1","bronze:FollowUp+1","bronze:Iterate","bronze:BronzeOrb","bronze:InfiniteBeams+1","bronze:Turbo","bronze:HardenedForm+1","bronze:MaxOutput+1","bronze:Verify","Trip+1","bronze:Iterate+1","bronze:Repulsor","bronze:InfiniteBeams+1","Parasite","bronze:Frontload+1"],"relics":["bronze:BronzeCore","downfall:HeartsMalice","Anchor","Question Card","SsserpentHead","Coffee Dripper","downfall:HeartBlessingRed","Happy Flower","Kunai","Torii","Smiling Mask","Nunchaku","Cursed Key","downfall:HeartBlessingGreen","downfall:HeartBlessingBlue","bronze:BottledCode","DollysMirror","Bag of Preparation","Toy Ornithopter","Juzu Bracelet","bronze:SilverBullet","hexamod:BolsterEngine","Bottled Tornado","Mango"],"acts_visited":["Exordium","TheCity","TheBeyond","TheEnding"],"potions_floor_usage":[50,50,56,56,56],"damage_taken":[{"damage":0.0,"enemies":"2 Louse","floor":2.0,"turns":1.0},{"damage":0.0,"enemies":"Cultist","floor":3.0,"turns":1.0},{"damage":0.0,"enemies":"downfall:FleeingMerchant","floor":5.0,"turns":1.0},{"damage":32.0,"enemies":"Gremlin Nob","floor":6.0,"turns":4.0},{"damage":0.0,"enemies":"downfall:FleeingMerchant","floor":9.0,"turns":4.0},{"damage":2.0,"enemies":"Lagavulin","floor":10.0,"turns":7.0},{"damage":2.0,"enemies":"Jaw Worm","floor":11.0,"turns":3.0},{"damage":2.0,"enemies":"downfall:FleeingMerchant","floor":14.0,"turns":4.0},{"damage":0.0,"enemies":"2 Fungi Beasts","floor":15.0,"turns":3.0},{"damage":28.0,"enemies":"WA_ARCHETYPE_RETAIN","floor":16.0,"turns":6.0},{"damage":1.0,"enemies":"3 Byrds","floor":19.0,"turns":4.0},{"damage":0.0,"enemies":"Spheric Guardian","floor":20.0,"turns":3.0},{"damage":0.0,"enemies":"downfall:FleeingMerchant","floor":21.0,"turns":4.0},{"damage":0.0,"enemies":"Cultist and Chosen","floor":22.0,"turns":6.0},{"damage":0.0,"enemies":"Centurion and Healer","floor":23.0,"turns":5.0},{"damage":9.0,"enemies":"Slavers","floor":26.0,"turns":5.0},{"damage":12.0,"enemies":"Gremlin Leader","floor":28.0,"turns":4.0},{"damage":0.0,"enemies":"Snake Plant","floor":29.0,"turns":3.0},{"damage":0.0,"enemies":"Cultist and Chosen","floor":31.0,"turns":4.0},{"damage":0.0,"enemies":"Shelled Parasite and Fungi","floor":32.0,"turns":5.0},{"damage":24.0,"enemies":"IC_MUSHROOM_ARCHETYPE","floor":33.0,"turns":7.0},{"damage":2.0,"enemies":"3 Shapes","floor":36.0,"turns":4.0},{"damage":3.0,"enemies":"downfall:FleeingMerchant","floor":37.0,"turns":4.0},{"damage":0.0,"enemies":"downfall:FleeingMerchant","floor":39.0,"turns":1.0},{"damage":0.0,"enemies":"Giant Head","floor":40.0,"turns":5.0},{"damage":7.0,"enemies":"Reptomancer","floor":44.0,"turns":4.0},{"damage":28.0,"enemies":"Nemesis","floor":46.0,"turns":5.0},{"damage":8,"enemies":"Reptomancer","floor":48,"turns":4},{"damage":0,"enemies":"3 Darklings","floor":49,"turns":4},{"damage":29,"enemies":"DF_ARCHETYPE_ORBS","floor":50,"turns":6},{"damage":48,"enemies":"downfall:CharBossMerchant","floor":52,"turns":7},{"damage":0,"enemies":"downfall:NeowBoss","floor":55,"turns":9},{"damage":8,"enemies":"downfall:NeowBossFinal","floor":56,"turns":8}],"seed_played":"4732002003665312090","potions_obtained":[{"floor":10.0,"key":"SteroidPotion"},{"floor":11.0,"key":"CultistPotion"},{"floor":15.0,"key":"SpeedPotion"},{"floor":22.0,"key":"FearPotion"},{"floor":26.0,"key":"hexamod:SoulburnPotion"},{"floor":28.0,"key":"champ:CounterPotion"},{"floor":31.0,"key":"Guardian:BlockOnCardUsePotion"},{"floor":33.0,"key":"Dexterity Potion"},{"floor":40.0,"key":"bronze:FreeFunctionsPotion"},{"floor":46.0,"key":"Energy Potion"},{"floor":49,"key":"Block Potion"}],"is_trial":false,"path_per_floor":["R","M","M","?","$","E","T","?","$","E","M","R","?","$","M","B",null,"R","M","M","$","M","M","T","?","E","?","E","M","T","M","M","B",null,"R","M","$","?","$","E","T","R","?","E","R","E","T","E","M","B",null,"E","$","R","B","B",null],"character_chosen":"THE_AUTOMATON","items_purchased":["expansioncontent:Chronoboost","bronze:BuggyMess","expansioncontent:Chronoboost+1","bronze:Verify","Trip","bronze:Iterate","DollysMirror","Mango","LiquidMemories","SteroidPotion"],"campfire_rested":0,"item_purchase_floors":[9,14,21,37,37,37,39,53,53,53],"current_hp_per_floor":[70,70,70,70,70,38,38,38,38,36,34,34,34,32,32,4,70,70,69,69,69,69,69,69,69,60,60,48,48,48,48,48,24,70,80,78,75,70,70,70,70,70,70,63,63,35,35,27,27,8,70,22,36,36,36,43],"gold":37,"neow_bonus":"THREE_ENEMY_KILL","is_daily":false,"chose_seed":false,"campfire_upgraded":6,"win_rate":0.0,"timestamp":1611094164,"path_taken":["R","M","M","?","?","E","T","?","?","E","M","R","?","$","M","BOSS","R","M","M","?","M","?","T","?","E","?","E","M","?","?","M","BOSS","R","M","$","?","$","E","T","R","?","E","R","E","?","E","M","BOSS","E","$","R","BOSS","BOSS"],"items_purchased_type":["Card","Card","Card","Card","Card","Card","Relic","Relic","Potion","Potion"],"build_version":"2020-12-22","purchased_purges":3,"victory":true,"max_hp_per_floor":[70,70,70,70,70,70,70,70,70,70,70,70,70,70,70,70,70,70,70,70,70,70,70,70,70,70,70,70,70,70,70,70,70,70,80,80,80,70,70,70,70,70,70,70,70,70,70,70,70,70,70,70,84,84,84,84],"card_choices":[{"not_picked":["bronze:OilSpill","bronze:DelayedSlice"],"picked":"bronze:Repulsor","floor":2.0},{"not_picked":["bronze:Constructor","bronze:WhirlingStrike"],"picked":"bronze:InfiniteBeams","floor":3.0},{"not_picked":["bronze:DelayedGuard","bronze:CutThrough"],"picked":"bronze:Turbo","floor":5.0},{"not_picked":["bronze:Shield","bronze:Branch"],"picked":"bronze:WildBeam","floor":6.0},{"not_picked":["bronze:ClassDefault","bronze:Invalidate","bronze:BitShift"],"picked":"SKIP","floor":9.0},{"not_picked":["bronze:DigitalCarnage","bronze:Constructor","bronze:CleanCode"],"picked":"SKIP","floor":10.0},{"not_picked":["bronze:Overheat","bronze:ForLoop","bronze:FineTuning"],"picked":"bronze:WhirlingStrike","floor":11.0},{"not_picked":["bronze:Turbo","bronze:NullPointer","bronze:Overload","bronze:Flail"],"picked":"SKIP","floor":14.0},{"not_picked":["bronze:Invalidate","bronze:Turbo","bronze:OilSpill"],"picked":"bronze:WhirlingStrike","floor":15.0},{"not_picked":["bronze:SpaghettiCode","bronze:FindAndReplace","bronze:Assembly"],"picked":"bronze:Format","floor":16.0},{"not_picked":["bronze:CutThrough","bronze:Invalidate+1","bronze:ItsAFeature"],"picked":"bronze:Branch+1","floor":19.0},{"not_picked":["bronze:DigitalCarnage","bronze:SpaghettiCode","bronze:WhirlingStrike+1"],"picked":"bronze:Boost","floor":20.0},{"not_picked":["bronze:NullPointer","bronze:Invalidate","bronze:Repulsor","bronze:OilSpill"],"picked":"SKIP","floor":21.0},{"not_picked":["bronze:Iterate","bronze:Return","bronze:BronzeArmor"],"picked":"bronze:Branch+1","floor":22.0},{"not_picked":["bronze:Invalidate","bronze:Frontload","bronze:Turbo+1"],"picked":"bronze:FollowUp+1","floor":23.0},{"not_picked":["bronze:Repulsor","bronze:Deprecate","bronze:ChosenStrike"],"picked":"bronze:Iterate","floor":26.0},{"not_picked":["bronze:Constructor","bronze:ItsAFeature","bronze:Overload+1"],"picked":"bronze:BronzeOrb","floor":28.0},{"not_picked":["bronze:Turbo","bronze:SpaghettiCode","bronze:CutThrough","bronze:BugBarrage+1"],"picked":"SKIP","floor":29.0},{"not_picked":["bronze:Fortify","bronze:Deprecate","bronze:Frontload"],"picked":"bronze:InfiniteBeams","floor":31.0},{"not_picked":["bronze:Terminator","bronze:Philosophize","bronze:Optimize"],"picked":"bronze:Turbo","floor":32.0},{"not_picked":["bronze:BurnOut","bronze:SpaghettiCode","bronze:ThunderWave"],"picked":"bronze:HardenedForm","floor":33.0},{"not_picked":["bronze:Constructor+1","bronze:Refactor","bronze:BitShift+1","bronze:Overheat"],"picked":"SKIP","floor":36.0},{"not_picked":["bronze:CutThrough+1","bronze:Deprecate+1","bronze:BitShift+1"],"picked":"bronze:MaxOutput+1","floor":37.0},{"not_picked":["bronze:BronzeArmor+1","bronze:DelayedSlice","bronze:DigitalCarnage"],"picked":"bronze:Repulsor","floor":39.0},{"not_picked":["bronze:FineTuning","bronze:Branch+1","bronze:ChosenStrike","bronze:Refactor+1"],"picked":"SKIP","floor":40.0},{"not_picked":["bronze:Shield","bronze:OilSpill+1","bronze:Turbo","bronze:DarkDash+1"],"picked":"SKIP","floor":44.0},{"not_picked":["bronze:Return","bronze:BronzeArmor+1","bronze:Invalidate+1"],"picked":"bronze:Frontload+1","floor":46.0},{"not_picked":["bronze:Branch+1","bronze:RecursiveStrike","bronze:ChosenStrike","bronze:Iterate+1"],"picked":"SKIP","floor":48},{"not_picked":["bronze:Allocate","bronze:Shield+1","bronze:OilSpill","bronze:BronzeArmor+1"],"picked":"SKIP","floor":49},{"not_picked":["bronze:BitShift","bronze:GetLatest","bronze:OilSpill","bronze:WhirlingStrike"],"picked":"SKIP","floor":52}],"player_experience":3714776,"relics_obtained":[{"floor":6.0,"key":"Anchor"},{"floor":10.0,"key":"Question Card"},{"floor":24.0,"key":"Happy Flower"},{"floor":26.0,"key":"Torii"},{"floor":28.0,"key":"Smiling Mask"},{"floor":30.0,"key":"Nunchaku"},{"floor":40.0,"key":"Bag of Preparation"},{"floor":41.0,"key":"Toy Ornithopter"},{"floor":44.0,"key":"Juzu Bracelet"},{"floor":46.0,"key":"bronze:SilverBullet"},{"floor":48,"key":"hexamod:BolsterEngine"},{"floor":52,"key":"Bottled Tornado"}],"event_choices":[{"damage_healed":0.0,"max_hp_gain":0.0,"max_hp_loss":0.0,"gold_gain":0.0,"event_name":"FaceTrader","player_choice":"Trade","floor":13.0,"gold_loss":0.0,"damage_taken":0.0,"relics_obtained":["SsserpentHead"]}],"is_beta":false,"boss_relics":[{"not_picked":["Calling Bell","Fusion Hammer"],"picked":"Coffee Dripper"},{"not_picked":["Black Star","Pandora\u0027s Box"],"picked":"Cursed Key"}],"items_purged_floors":[37,39,53],"is_endless":false,"potions_floor_spawned":[10,11,15,22,26,28,31,33,40,46,49],"ascension_level":1}}