{"host":"tq99ucv8ezzqzioe","time":1611094804,"event":{"mods":["BaseMod","Colored Map","Downfall","Highlight Path","Minty Spire (QoL Compilation)","StSLib"],"gold_per_floor":[99,114,214,230,249,249,249,49,78,63,25,36,47,78,92,92,92,92],"floor_reached":16,"language":"ENG","playtime":1148,"items_purged":[],"score":137,"play_id":"91714604-30c4-4e83-8101-bd4a0d1d643b","local_time":"20210119172004","is_ascension_mode":false,"campfire_choices":[{"floor":1,"key":"RECALL"},{"data":"bronze:Replicate","floor":8,"key":"SMITH"}],"circlet_count":0,"master_deck":["bronze:Strike","bronze:Strike","bronze:Strike","bronze:Defend","bronze:Defend","bronze:Defend","bronze:Defend","bronze:Replicate+1","bronze:Goto","bronze:ChildClass","bronze:CloningBeam","bronze:CutThrough","bronze:Iterate","bronze:RecursiveStrike","bronze:CutThrough","bronze:Shield","bronze:Frontload","bronze:WildBeam","bronze:ItsAFeature","bronze:CleanCode"],"relics":["bronze:BronzeCore","downfall:HeartBlessingBlue","downfall:HeartBlessingRed","Incense Burner","Art of War"],"acts_visited":["Exordium"],"potions_floor_usage":[10,10],"damage_taken":[{"damage":3,"enemies":"Jaw Worm","floor":2,"turns":4},{"damage":0,"enemies":"2 Louse","floor":4,"turns":2},{"damage":5,"enemies":"Small Slimes","floor":5,"turns":4},{"damage":26,"enemies":"Lagavulin","floor":9,"turns":6},{"damage":0,"enemies":"downfall:FleeingMerchant","floor":10,"turns":4},{"damage":5,"enemies":"downfall:FleeingMerchant","floor":11,"turns":4},{"damage":0,"enemies":"Red Slaver","floor":12,"turns":2},{"damage":0,"enemies":"3 Louse","floor":13,"turns":2},{"damage":17,"enemies":"3 Sentries","floor":14,"turns":4},{"damage":2,"enemies":"2 Fungi Beasts","floor":15,"turns":2},{"damage":29,"enemies":"SI_SHIV_ARCHETYPE","floor":16,"turns":7}],"seed_played":"-1239734377313655040","potions_obtained":[{"floor":5,"key":"Block Potion"},{"floor":9,"key":"bronze:BurnAndBuffPotion"},{"floor":12,"key":"bronze:CleanCodePotion"},{"floor":13,"key":"Dexterity Potion"}],"is_trial":false,"path_per_floor":["R","M","?","M","M","?","T","R","E","$","$","M","M","E","M","B"],"character_chosen":"THE_AUTOMATON","items_purchased":["bronze:Shield"],"campfire_rested":0,"item_purchase_floors":[11],"current_hp_per_floor":[77,74,74,74,69,69,69,79,53,53,48,48,48,31,29,0,0,0],"gold":92,"neow_bonus":"TEN_PERCENT_HP_BONUS","is_daily":false,"chose_seed":false,"campfire_upgraded":1,"win_rate":0.0,"timestamp":1611094804,"path_taken":["R","M","?","M","M","?","T","R","E","?","$","M","M","E","M","BOSS"],"items_purchased_type":["Card"],"build_version":"2020-12-22","purchased_purges":0,"victory":false,"max_hp_per_floor":[77,77,77,77,77,77,77,87,87,87,87,87,87,87,87,87,87,87],"card_choices":[{"not_picked":["bronze:DelayedGuard","bronze:WhirlingStrike"],"picked":"bronze:ChildClass","floor":2},{"not_picked":["bronze:Optimize","bronze:BitShift"],"picked":"bronze:CloningBeam","floor":4},{"not_picked":["bronze:Invalidate","bronze:BugBarrage"],"picked":"bronze:CutThrough","floor":5},{"not_picked":["bronze:GetLatest","bronze:BugBarrage"],"picked":"bronze:RecursiveStrike","floor":9},{"not_picked":["bronze:BuggyMess","bronze:WhirlingStrike","bronze:OilSpill"],"picked":"SKIP","floor":10},{"not_picked":["bronze:DelayedSlice","bronze:NullPointer"],"picked":"bronze:CutThrough","floor":11},{"not_picked":["bronze:Branch","bronze:GetLatest"],"picked":"bronze:Frontload","floor":12},{"not_picked":["bronze:Deprecate","bronze:BugBarrage"],"picked":"bronze:WildBeam","floor":13},{"not_picked":["bronze:NullPointer","bronze:DelayedGuard"],"picked":"bronze:ItsAFeature","floor":14},{"not_picked":["bronze:WhirlingStrike","bronze:BitShift"],"picked":"bronze:CleanCode","floor":15}],"player_experience":712105,"relics_obtained":[{"floor":9,"key":"Incense Burner"},{"floor":14,"key":"Art of War"}],"event_choices":[],"is_beta":false,"boss_relics":[],"items_purged_floors":[],"is_endless":false,"potions_floor_spawned":[5,9,12,13],"killed_by":"SI_SHIV_ARCHETYPE","ascension_level":0}}