{"host":"xt797mi8yhee06c1","time":1611058797,"event":{"mods":["100% Spire Juice","BaseMod","Bestiary","Koishi","Marisa£¨Ùöéë¡¡Øª×âÞÞ£©","Minty Spire (QoL Compilation)","Poor People Problems","Prisma Mod","Relic Filter","Shop Mod","Spicy Shops","StSLib","WarShipGirlsR/??á´Ò³R mod"],"gold_per_floor":[214,164,164,180,191,219,239,274,274,304,58,58,13,26,26,123,123,135,145,145,169,181,224,236,248,328,350,362,405,417,449,461,573,585,610,622,634,657,669,681,725,747,759,797,822,834,864,906,918,930,942,954,50,78,68],"floor_reached":56,"language":"KOR","playtime":5735,"items_purged":["Writhe"],"score":1449,"play_id":"b1c99ba2-7d4f-492f-8b08-01be50d70fff","local_time":"20210119211957","is_ascension_mode":true,"campfire_choices":[{"floor":15,"key":"REST"},{"data":"Koishi:JumpScare","floor":24,"key":"SMITH"},{"floor":28,"key":"RECALL"},{"data":"Koishi:HauntingSlash","floor":32,"key":"SMITH"},{"data":"Koishi:ImGoingToCallYouNow","floor":40,"key":"SMITH"},{"floor":49,"key":"DIG"},{"floor":52,"key":"DIG"}],"circlet_count":0,"master_deck":["Koishi:Provoke","Koishi:HauntingSlash+1","Koishi:UnseenTerror+1","Koishi:ApparitionsStalkTheNight","Koishi:YoukaiPolygraph","Koishi:StrangeCloudFist","Koishi:Untouchable","Koishi:Untouchable","Koishi:FidgetySnatcher","Koishi:StingingMind","Koishi:SubconsciousSweep","Koishi:GhostParty","Koishi:HeartStoppingHorror","Koishi:UnconsciousUprising","Koishi:Bloodlust","Koishi:FreudianInstinct","Koishi:CatchAndRose","Koishi:TerrifyingSpectre","Koishi:SubconsciousSweep","Koishi:Untouchable","Koishi:JumpScare+1","Koishi:ApparitionsStalkTheNight+1","Koishi:MindNumbingTerror","Koishi:TerrifyingSpectre","Koishi:ImGoingToCallYouNow+1","Koishi:DreadfulBlow+1","Koishi:StingingMind+1","Koishi:GrowingPain","Koishi:JumpScare+1","Koishi:JumpScare","Koishi:Catatonia+1","Koishi:FreudianInstinct","Koishi:RollingInRichesHeart"],"relics":["Koishi:ImaginaryFriend","TungstenRod","Smiling Mask","Gremlin Horn","Koishi:BloodstainedWhiteRose","Toolbox","Pandora\u0027s Box","MawBank","Vajra","Orichalcum","Cursed Key","Pocketwatch","Shovel","Girya","Ancient Tea Set","Boot","InkBottle","HornCleat","Koishi:TeethAndClaws","Pen Nib","Koishi:TeethAndClaws","Whetstone"],"acts_visited":["TheCity","TheBeyond","TheEnding"],"potions_floor_usage":[33,33,33,33,33,55,55,55],"damage_taken":[{"damage":2.0,"enemies":"Jaw Worm","floor":1.0,"turns":6.0},{"damage":0.0,"enemies":"Small Slimes","floor":4.0,"turns":4.0},{"damage":0.0,"enemies":"Cultist","floor":5.0,"turns":4.0},{"damage":24.0,"enemies":"Gremlin Nob","floor":6.0,"turns":5.0},{"damage":1.0,"enemies":"Looter","floor":7.0,"turns":2.0},{"damage":7.0,"enemies":"3 Sentries","floor":8.0,"turns":15.0},{"damage":0.0,"enemies":"Gremlin Nob","floor":10.0,"turns":4.0},{"damage":19,"enemies":"Gremlin Gang","floor":14,"turns":3},{"damage":0,"enemies":"The Guardian","floor":16,"turns":12},{"damage":30,"enemies":"3 Byrds","floor":18,"turns":6},{"damage":9,"enemies":"Shell Parasite","floor":19,"turns":8},{"damage":3,"enemies":"Gremlin Leader","floor":23,"turns":9},{"damage":3,"enemies":"Cultist and Chosen","floor":27,"turns":9},{"damage":24,"enemies":"Book of Stabbing","floor":29,"turns":9},{"damage":0,"enemies":"Snake Plant","floor":31,"turns":7},{"damage":30,"enemies":"Collector","floor":33,"turns":11},{"damage":0,"enemies":"3 Darklings","floor":35,"turns":6},{"damage":11,"enemies":"3 Shapes","floor":38,"turns":3},{"damage":0,"enemies":"Nemesis","floor":41,"turns":6},{"damage":10,"enemies":"Spire Growth","floor":42,"turns":5},{"damage":8,"enemies":"Reptomancer","floor":44,"turns":6},{"damage":0,"enemies":"Sphere and 2 Shapes","floor":45,"turns":6},{"damage":4,"enemies":"4 Shapes","floor":47,"turns":5},{"damage":6,"enemies":"Giant Head","floor":48,"turns":7},{"damage":28,"enemies":"Time Eater","floor":50,"turns":16},{"damage":38,"enemies":"Shield and Spear","floor":54,"turns":10},{"damage":17,"enemies":"The Heart","floor":55,"turns":10}],"seed_played":"-3248432636996665880","potions_obtained":[{"floor":1.0,"key":"Dexterity Potion"},{"floor":8.0,"key":"SkillPotion"},{"floor":12,"key":"DuplicationPotion"},{"floor":12,"key":"CultistPotion"},{"floor":12,"key":"SmokeBomb"},{"floor":19,"key":"PowerPotion"},{"floor":23,"key":"EntropicBrew"},{"floor":33,"key":"Weak Potion"},{"floor":35,"key":"DistilledChaos"},{"floor":44,"key":"LiquidMemories"},{"floor":48,"key":"PowerPotion"}],"is_trial":false,"path_per_floor":["M","?","?","M","M","E","M","E","T","E","$","?","$","M","R","B",null,"M","M","?","T","$","E","R","$","T","M","R","E","?","M","R","B",null,"M","?","$","M","?","R","E","M","T","E","M","$","M","E","R","B",null,"R","$","E","B",null],"character_chosen":"KOISHI","items_purchased":["Toolbox","Koishi:StingingMind","Koishi:SubconsciousSweep","Koishi:TeethAndClaws","Pen Nib","Koishi:Catatonia","Koishi:FreudianInstinct","Koishi:TeethAndClaws"],"campfire_rested":1,"item_purchase_floors":[11,11,13,53,53,53,53,53],"current_hp_per_floor":[60,60,60,60,60,42,43,39,39,44,44,44,44,28,46,60,60,50,60,60,60,60,60,60,60,60,60,60,54,45,52,52,43,65,65,65,65,62,62,62,65,65,65,65,65,65,65,65,65,65,65,65,65,53,36],"gold":68,"neow_bonus":"HUNDRED_GOLD","is_daily":false,"chose_seed":false,"campfire_upgraded":3,"win_rate":0.0,"timestamp":1611058797,"path_taken":["M","?","?","M","M","E","?","E","T","E","$","?","$","M","R","BOSS","M","?","?","?","$","E","R","$","T","?","R","E","?","M","R","BOSS","M","?","?","M","?","R","E","M","T","E","M","$","?","E","R","BOSS","R","$","E","BOSS"],"items_purchased_type":["Relic","Card","Card","Relic","Relic","Card","Card","Relic"],"build_version":"2020-12-22","purchased_purges":1,"victory":true,"max_hp_per_floor":[60,60,60,60,60,60,60,60,60,60,60,60,60,60,60,60,60,60,60,60,60,60,60,60,60,60,60,60,60,65,65,65,65,65,65,65,65,65,65,65,65,65,65,65,65,65,65,65,65,65,65,65,65,65,65],"card_choices":[{"not_picked":["Koishi:StrangeCloudFist","Koishi:UnansweredLove"],"picked":"Koishi:UnseenTerror","floor":1.0},{"not_picked":["Koishi:FourthEye","Koishi:DNAsFlaw"],"picked":"Koishi:ApparitionsStalkTheNight","floor":4.0},{"not_picked":["Koishi:LastRemote","Koishi:Jaunt"],"picked":"Koishi:YoukaiPolygraph","floor":5.0},{"not_picked":["Koishi:ParalyzingFear","Koishi:PhantomBarrier"],"picked":"Koishi:StrangeCloudFist","floor":6.0},{"not_picked":["Koishi:ReleaseOfTheId","Koishi:ReflexRadar"],"picked":"Koishi:Untouchable","floor":7.0},{"not_picked":["Koishi:VengefulSpirit","Koishi:UnseenTerror"],"picked":"Koishi:Untouchable","floor":8.0},{"not_picked":["Koishi:Prune","Koishi:SpiritedAway"],"picked":"Koishi:FidgetySnatcher","floor":10.0},{"not_picked":["Koishi:SpiritedAway","Koishi:TraumaticStroke"],"picked":"Koishi:GhostParty","floor":14},{"not_picked":["Koishi:MentalBreakdown","Koishi:RoseHell"],"picked":"Koishi:HeartStoppingHorror","floor":16},{"not_picked":["Koishi:SpiritedAway","Koishi:FleetingPhantom"],"picked":"Koishi:SubconsciousSweep","floor":18},{"not_picked":["Koishi:BloodcurdlingScream","Koishi:Prune+1"],"picked":"Koishi:Untouchable","floor":19},{"not_picked":["Koishi:EmbryosDream","Koishi:Prune+1"],"picked":"Koishi:JumpScare","floor":23},{"not_picked":["Koishi:SpiritedAway","Koishi:Possession"],"picked":"Koishi:ApparitionsStalkTheNight+1","floor":27},{"not_picked":["Koishi:SubterraneanRose","Koishi:StrangeCloudFist"],"picked":"Koishi:MindNumbingTerror","floor":29},{"not_picked":["Koishi:SubterraneanRose","Koishi:EmbryosDream"],"picked":"Koishi:TerrifyingSpectre","floor":31},{"not_picked":["Koishi:GrowingPain","Koishi:ConditionedTeleport"],"picked":"Koishi:ImGoingToCallYouNow","floor":33},{"not_picked":["Koishi:FleetingPhantom","Koishi:FreudianInstinct"],"picked":"Koishi:DreadfulBlow+1","floor":35},{"not_picked":["Koishi:SubconsciousSweep","Koishi:FourthEye+1","Koishi:SubterraneanRose"],"picked":"SKIP","floor":38},{"not_picked":["Koishi:JumpScare","Koishi:ParalyzingFear"],"picked":"Koishi:StingingMind+1","floor":41},{"not_picked":["Koishi:SubterraneanRose+1","Koishi:VengefulSpirit"],"picked":"Koishi:GrowingPain","floor":42},{"not_picked":["Koishi:UnansweredLove+1","Koishi:EmbryosDream+1"],"picked":"Koishi:JumpScare+1","floor":44},{"not_picked":["Koishi:SubterraneanRose+1","Koishi:ReflexRadar"],"picked":"Koishi:JumpScare","floor":45},{"not_picked":["Koishi:DreadfulBlow","Koishi:BloodcurdlingScream+1","Koishi:SubterraneanRose+1"],"picked":"SKIP","floor":47},{"not_picked":["Koishi:ApparitionsStalkTheNight+1","Koishi:ReflexRadar","Koishi:Jaunt+1"],"picked":"SKIP","floor":48},{"not_picked":["Koishi:StingingMind+1","Koishi:FourthEye+1"],"picked":"Koishi:RollingInRichesHeart","floor":54}],"player_experience":377883,"relics_obtained":[{"floor":6.0,"key":"TungstenRod"},{"floor":8.0,"key":"Smiling Mask"},{"floor":9.0,"key":"Gremlin Horn"},{"floor":10.0,"key":"Koishi:BloodstainedWhiteRose"},{"floor":21,"key":"MawBank"},{"floor":23,"key":"Vajra"},{"floor":29,"key":"Orichalcum"},{"floor":41,"key":"Shovel"},{"floor":43,"key":"Girya"},{"floor":44,"key":"Ancient Tea Set"},{"floor":48,"key":"Boot"},{"floor":49,"key":"InkBottle"},{"floor":52,"key":"HornCleat"},{"floor":54,"key":"Whetstone"}],"event_choices":[{"cards_removed":["Koishi:BasicStrike"],"damage_healed":0.0,"max_hp_gain":0.0,"max_hp_loss":0.0,"gold_gain":0.0,"event_name":"The Cleric","player_choice":"Card Removal","floor":2.0,"gold_loss":50.0,"damage_taken":0.0},{"cards_removed":["Koishi:BasicStrike"],"damage_healed":0.0,"max_hp_gain":0.0,"max_hp_loss":0.0,"gold_gain":0.0,"event_name":"Purifier","player_choice":"Purged","floor":3.0,"gold_loss":0.0,"damage_taken":0.0},{"damage_healed":0,"gold_gain":0,"player_choice":"Got Potions","damage_taken":0,"max_hp_gain":0,"max_hp_loss":0,"event_name":"Lab","floor":12,"gold_loss":0},{"damage_healed":0,"gold_gain":0,"player_choice":"Ignored","damage_taken":0,"max_hp_gain":0,"max_hp_loss":0,"event_name":"Vampires","floor":20,"gold_loss":0},{"damage_healed":0,"gold_gain":0,"player_choice":"Shed Blood","damage_taken":15,"max_hp_gain":5,"max_hp_loss":0,"event_name":"Forgotten Altar","floor":30,"gold_loss":0},{"cards_removed":["Koishi:Bloodlust"],"damage_healed":0,"gold_gain":0,"player_choice":"Purged","damage_taken":0,"max_hp_gain":0,"max_hp_loss":0,"event_name":"Purifier","floor":36,"gold_loss":0},{"damage_healed":0,"gold_gain":0,"player_choice":"Gave Potion","damage_taken":0,"relics_obtained":["Pocketwatch"],"max_hp_gain":0,"max_hp_loss":0,"event_name":"WeMeetAgain","floor":39,"gold_loss":0}],"is_beta":false,"boss_relics":[{"not_picked":["Ectoplasm","Fusion Hammer"],"picked":"Pandora\u0027s Box"},{"not_picked":["Empty Cage","Busted Crown"],"picked":"Cursed Key"}],"items_purged_floors":[53],"is_endless":false,"potions_floor_spawned":[1,8,14,16,19,23,33,35,44,48,54],"ascension_level":1}}