{"host":"m1hsm1cztz438mir","time":1611092666,"event":{"mods":["100% Spire Juice","2.2 Compatiblity","AchievementEnabler","Act Like it!","Aspiration","BaseMod","Better Altar","Better Match","Better Sensory Stone","Better Skull","Better Third Choice","Colored Map","Curses Come First","Halation","HololiveMod","Minty Spire (QoL Compilation)","Permanent Neow","Relic Stats","Replay The Spire","Robot Space Explorer","Shop Mod","StSLib","[GremlinLeader]The Maniac"],"gold_per_floor":[266,266,280,155,165,194,194,206,206,206,206,206,238,252,252,356,356,270,281,281,298,298,331,331,38,62,78,97,138,157,190,190,292,292,312,331,360,379,379,411,411,432,458,513,553,569,569,585,585,591,591,591,240,269,337],"floor_reached":56,"language":"ENG","playtime":5105,"items_purged":["maniac:Defend","betterMatch:CurseCard","Parasite"],"score":1506,"play_id":"6633cb1e-6892-4043-ae66-b02f7601b2be","local_time":"20210119214426","is_ascension_mode":false,"campfire_choices":[{"data":"maniac:SorceryHour","floor":7.0,"key":"SMITH"},{"data":"maniac:AbyssShackle","floor":10.0,"key":"SMITH"},{"data":"maniac:Exterminator","floor":12.0,"key":"SMITH"},{"data":"maniac:GlassScratch","floor":15.0,"key":"SMITH"},{"data":"J.A.X.","floor":24.0,"key":"SMITH"},{"data":"maniac:Simulacrum","floor":32,"key":"SMITH"},{"data":"maniac:UndyingDesire","floor":41,"key":"SMITH"},{"floor":49,"key":"RECALL"},{"data":"maniac:SorceryHour","floor":52,"key":"SMITH"}],"circlet_count":0,"master_deck":["maniac:BurnBlood","maniac:AbyssShackle+1","maniac:SpectralKnives","Jack Of All Trades","maniac:Intimidate","maniac:ShelteringEdge","maniac:SorceryHour+1","maniac:Intimidate","maniac:Exterminator+1","maniac:ExpectedMoves","maniac:GlassScratch+1","maniac:Simulacrum+1","maniac:ReachVictory+1","maniac:ShelteringEdge","J.A.X.+1","maniac:WardAndDefend+1","Bite","Bite","Bite","maniac:UndyingDesire+1","Metamorphosis+1","maniac:Quickdraw+1","maniac:StormOfTime+1","maniac:Hasten+1","maniac:HammerDown+1","ReplayTheSpireMod:Splinters","ReplayTheSpireMod:Splinters","maniac:UndyingDesire+1","maniac:Blastwave","maniac:Recollect","maniac:SorceryHour+1","maniac:Blastwave+1","maniac:GlassScratch+1"],"relics":["maniac:DamagedAnvil","maniac:BrokenHorn","Bronze Scales","ReplayTheSpireMod:Ninjato","Eternal Feather","Replay:Ancient Bell","Anchor","Golden Egg","Unceasing Top","halation:IllGainedPizza","Smiling Mask","Hololive_LightStick","aspiration:Lifesprig","Kintsugi","Bag of Preparation","Counterbalance","Regal Pillow","Lizard Tail","TungstenRod"],"acts_visited":["Exordium","TheCity","TheBeyond","TheEnding"],"potions_floor_usage":[33,33,55,55,55,55,55],"damage_taken":[{"damage":1.0,"enemies":"Cultist","floor":1.0,"turns":3.0},{"damage":5.0,"enemies":"Jaw Worm","floor":3.0,"turns":4.0},{"damage":6.0,"enemies":"2 Louse","floor":5.0,"turns":2.0},{"damage":11.0,"enemies":"Gremlin Nob","floor":6.0,"turns":3.0},{"damage":7.0,"enemies":"Blue Slaver","floor":8.0,"turns":3.0},{"damage":0.0,"enemies":"Replay:BlueRogue","floor":13.0,"turns":4.0},{"damage":0.0,"enemies":"2 Fungi Beasts","floor":14.0,"turns":1.0},{"damage":35.0,"enemies":"Fading Forest","floor":16.0,"turns":11.0},{"damage":2.0,"enemies":"Chosen","floor":18.0,"turns":2.0},{"damage":0.0,"enemies":"Shell Parasite","floor":19.0,"turns":1.0},{"damage":3.0,"enemies":"Snecko","floor":21.0,"turns":1.0},{"damage":20.0,"enemies":"Slavers","floor":23.0,"turns":4.0},{"damage":3.0,"enemies":"Snake Plant","floor":27.0,"turns":1.0},{"damage":6.0,"enemies":"Sentry and Sphere","floor":28.0,"turns":1.0},{"damage":35,"enemies":"Replay:Snechameleon","floor":29,"turns":7},{"damage":0,"enemies":"Centurion and Healer","floor":30,"turns":2},{"damage":0,"enemies":"Book of Stabbing","floor":31,"turns":3},{"damage":0,"enemies":"Automaton","floor":33,"turns":4},{"damage":0,"enemies":"3 Shapes","floor":35,"turns":1},{"damage":0,"enemies":"3 Darklings","floor":36,"turns":1},{"damage":7,"enemies":"Sphere and 2 Shapes","floor":37,"turns":1},{"damage":0,"enemies":"Jaw Worm Horde","floor":38,"turns":1},{"damage":0,"enemies":"Giant Head","floor":40,"turns":1},{"damage":0,"enemies":"4 Shapes","floor":42,"turns":1},{"damage":0,"enemies":"Mind Bloom Boss Battle","floor":44,"turns":1},{"damage":0,"enemies":"Nemesis","floor":45,"turns":3},{"damage":0,"enemies":"3 Darklings","floor":46,"turns":1},{"damage":0,"enemies":"Transient","floor":48,"turns":1},{"damage":0,"enemies":"Donu and Deca","floor":50,"turns":2},{"damage":0,"enemies":"Shield and Spear","floor":54,"turns":1},{"damage":34,"enemies":"The Heart","floor":55,"turns":5}],"seed_played":"7191012371567703020","potions_obtained":[{"floor":5.0,"key":"Strength Potion"},{"floor":6.0,"key":"Cursed Concoction"},{"floor":8.0,"key":"Dexterity Potion"},{"floor":21.0,"key":"Adrenaline Potion"},{"floor":23.0,"key":"EssenceOfSteel"},{"floor":27.0,"key":"Reflective Coating"},{"floor":29,"key":"AttackPotion"},{"floor":35,"key":"Swift Potion"},{"floor":36,"key":"Fire Potion"},{"floor":37,"key":"ColorlessPotion"},{"floor":46,"key":"EntropicBrew"}],"is_trial":false,"path_per_floor":["M","?","M","$","M","E","R","M","T","R","?","R","E","M","R","B",null,"M","M","?","M","?","E","R","$","T","M","M","E","M","E","R","B",null,"M","M","M","M","?","E","R","M","T","?","E","M","?","M","R","B",null,"R","$","E","B",null],"character_chosen":"THE_MANIAC","items_purchased":["maniac:ShelteringEdge","maniac:UndyingDesire","Metamorphosis","Lizard Tail"],"campfire_rested":0,"item_purchase_floors":[4,25,25,53],"current_hp_per_floor":[79,79,74,74,68,57,57,50,50,50,50,50,50,50,59,44,80,78,78,78,75,56,44,56,56,56,53,53,30,37,41,56,56,56,56,56,49,51,51,53,56,56,56,56,56,56,56,56,56,56,56,56,53,53,23],"gold":337,"neow_bonus":"TWO_FIFTY_GOLD","is_daily":false,"chose_seed":false,"campfire_upgraded":8,"win_rate":0.0,"timestamp":1611092666,"path_taken":["M","?","M","$","M","E","R","M","T","R","?","R","E","M","R","BOSS","M","M","?","M","?","E","R","?","T","M","M","E","?","E","R","BOSS","M","M","M","M","?","E","R","M","T","?","E","M","?","?","R","BOSS","R","$","E","BOSS"],"items_purchased_type":["Card","Card","Card","Relic"],"build_version":"2020-12-22","purchased_purges":3,"victory":true,"max_hp_per_floor":[80,80,80,80,80,80,80,80,80,80,80,80,80,80,80,80,80,80,80,80,80,56,56,56,56,56,56,56,56,56,56,56,56,56,56,56,56,56,56,56,56,56,56,56,56,56,56,56,56,56,56,56,53,53,53],"relic_stats":{"Regal Pillow":0,"Lizard Tail":0,"counters":[31,77],"Bronze Scales":[172],"Eternal Feather":39,"Bag of Preparation":[16],"Smiling Mask":75,"obtain_stats":[{"maniac:DamagedAnvil":0,"Golden Egg":17,"aspiration:Lifesprig":31,"Regal Pillow":45,"ReplayTheSpireMod:Ninjato":9,"Counterbalance":44,"halation:IllGainedPizza":23,"Eternal Feather":13,"Replay:Ancient Bell":17,"Bag of Preparation":40,"Smiling Mask":26,"maniac:BrokenHorn":0,"Anchor":17,"Hololive_LightStick":29,"Lizard Tail":53,"Bronze Scales":6,"Kintsugi":34,"Unceasing Top":17,"TungstenRod":54},{"maniac:DamagedAnvil":0,"Golden Egg":8,"aspiration:Lifesprig":17,"Regal Pillow":26,"ReplayTheSpireMod:Ninjato":5,"Counterbalance":25,"halation:IllGainedPizza":12,"Eternal Feather":6,"Replay:Ancient Bell":8,"Bag of Preparation":23,"Smiling Mask":12,"maniac:BrokenHorn":0,"Anchor":8,"Hololive_LightStick":15,"Lizard Tail":29,"Bronze Scales":4,"Kintsugi":18,"Unceasing Top":8,"TungstenRod":30},{"maniac:DamagedAnvil":0,"Golden Egg":31,"aspiration:Lifesprig":53,"Regal Pillow":67,"ReplayTheSpireMod:Ninjato":15,"Counterbalance":64,"halation:IllGainedPizza":39,"Eternal Feather":19,"Replay:Ancient Bell":31,"Bag of Preparation":62,"Smiling Mask":39,"maniac:BrokenHorn":0,"Anchor":31,"Hololive_LightStick":48,"Lizard Tail":71,"Bronze Scales":12,"Kintsugi":57,"Unceasing Top":31,"TungstenRod":72}],"Unceasing Top":[8],"TungstenRod":20},"card_choices":[{"not_picked":["maniac:UntravelledPath","maniac:PanickyParry"],"picked":"maniac:SpectralKnives","floor":1.0},{"not_picked":["Magnetism","Good Instincts"],"picked":"Jack Of All Trades","floor":2.0},{"not_picked":["maniac:MeleeStrike","maniac:SpectralKnives"],"picked":"maniac:Intimidate","floor":3.0},{"not_picked":["maniac:GlassScratch","maniac:ShelteringEdge"],"picked":"maniac:SorceryHour","floor":5.0},{"not_picked":["maniac:LootBarrage","maniac:WitnessTrueSorcery"],"picked":"maniac:Intimidate","floor":6.0},{"not_picked":["maniac:FindAShortcut","maniac:BladesInCloak"],"picked":"maniac:Exterminator","floor":8.0},{"not_picked":["maniac:BladesInCloak","maniac:ShiftingShadows"],"picked":"maniac:ExpectedMoves","floor":13.0},{"not_picked":["maniac:ArmToTheTeeth","maniac:HammerStrike"],"picked":"maniac:GlassScratch","floor":14.0},{"not_picked":["maniac:TimeForm","maniac:UniversalPerception"],"picked":"maniac:Simulacrum","floor":16.0},{"not_picked":["Languid","Hololive_RevenueRecovery"],"picked":"betterMatch:CurseCard","floor":17.0},{"not_picked":["Spreading Infection","Hallucinations"],"picked":"Parasite","floor":17.0},{"not_picked":["Sickly","CurseOfTheBell"],"picked":"ReplayTheSpireMod:IOU","floor":17.0},{"not_picked":["maniac:BladesInCloak","maniac:Assassinate"],"picked":"maniac:ReachVictory","floor":18.0},{"not_picked":["maniac:BladeShoot+1","maniac:Reforge+1"],"picked":"maniac:ShelteringEdge","floor":19.0},{"not_picked":["maniac:ListenToNone","maniac:Recollect"],"picked":"maniac:WardAndDefend+1","floor":21.0},{"not_picked":["maniac:BladeShoot","maniac:Assassinate","maniac:Refine"],"picked":"SKIP","floor":23.0},{"not_picked":["maniac:DashForward","maniac:MeleeStrike","maniac:ArmToTheTeeth"],"picked":"SKIP","floor":27.0},{"not_picked":["maniac:Intimidate","maniac:PanickyParry"],"picked":"maniac:Quickdraw+1","floor":28.0},{"not_picked":["maniac:Confront+1","maniac:FindAShortcut"],"picked":"maniac:StormOfTime","floor":29},{"not_picked":["maniac:ShelteringEdge","maniac:Whirlscythe","maniac:MeleeStrike"],"picked":"SKIP","floor":30},{"not_picked":["maniac:WardAndDefend+1","maniac:ShelteringEdge"],"picked":"maniac:Hasten+1","floor":31},{"not_picked":["maniac:Trap","maniac:ExceedEnchantment"],"picked":"maniac:HammerDown","floor":33},{"not_picked":["maniac:Infuriate","maniac:ShatteredShield","maniac:BladeArtist+1"],"picked":"SKIP","floor":35},{"not_picked":["maniac:BladeEnd+1","maniac:ListenToNone"],"picked":"maniac:UndyingDesire","floor":36},{"not_picked":["maniac:DashForward+1","maniac:BladeShoot+1"],"picked":"maniac:Blastwave","floor":37},{"not_picked":["maniac:Infuriate","maniac:Refine+1"],"picked":"maniac:Recollect","floor":38},{"not_picked":["maniac:Confront","maniac:PanickyParry","maniac:Traceback"],"picked":"SKIP","floor":40},{"not_picked":["maniac:Retrospect","maniac:TorturousScreams"],"picked":"maniac:SorceryHour","floor":42},{"not_picked":["maniac:PanickyParry+1","maniac:ShiftingShadows","maniac:BladeArtist+1"],"picked":"SKIP","floor":45},{"not_picked":["maniac:WardAndDefend+1","maniac:ColdHeart"],"picked":"maniac:Blastwave+1","floor":46},{"not_picked":["maniac:SpectralFlash+1","maniac:HammerStrike"],"picked":"maniac:GlassScratch+1","floor":48},{"not_picked":["maniac:Refine+1","maniac:PanickyParry+1","maniac:ListenToNone+1"],"picked":"SKIP","floor":54}],"player_experience":280413,"relics_obtained":[{"floor":6.0,"key":"Bronze Scales"},{"floor":9.0,"key":"ReplayTheSpireMod:Ninjato"},{"floor":13.0,"key":"Eternal Feather"},{"floor":23.0,"key":"halation:IllGainedPizza"},{"floor":26.0,"key":"Smiling Mask"},{"floor":29,"key":"Hololive_LightStick"},{"floor":31,"key":"aspiration:Lifesprig"},{"floor":40,"key":"Bag of Preparation"},{"floor":44,"key":"Counterbalance"},{"floor":45,"key":"Regal Pillow"},{"floor":54,"key":"TungstenRod"}],"event_choices":[{"damage_healed":0.0,"max_hp_gain":0.0,"max_hp_loss":0.0,"gold_gain":1.0,"event_name":"betterStone:BetterStone","player_choice":"1","floor":2.0,"gold_loss":0.0,"damage_taken":0.0},{"damage_healed":0.0,"max_hp_gain":0.0,"max_hp_loss":0.0,"gold_gain":0.0,"event_name":"Drug Dealer","player_choice":"Obtain J.A.X.","floor":20.0,"gold_loss":0.0,"damage_taken":0.0,"cards_obtained":["J.A.X."]},{"damage_healed":0.0,"max_hp_gain":0.0,"max_hp_loss":24.0,"gold_gain":0.0,"event_name":"Vampires","player_choice":"Became a vampire","floor":22.0,"gold_loss":0.0,"damage_taken":0.0,"cards_obtained":["Bite","Bite","Bite","Bite","Bite"]},{"damage_healed":0,"gold_gain":0,"player_choice":"Fight","damage_taken":0,"max_hp_gain":0,"max_hp_loss":0,"event_name":"MindBloom","floor":44,"gold_loss":0},{"damage_healed":0,"gold_gain":0,"player_choice":"Got Potions","damage_taken":0,"max_hp_gain":0,"max_hp_loss":0,"event_name":"Lab","floor":47,"gold_loss":0}],"is_beta":false,"boss_relics":[{"not_picked":["halation:LoveArrow","aspiration:FutureDiary"],"picked":"Replay:Ancient Bell"},{"not_picked":["maniac:SmartDetector","Grinning Jar"],"picked":"Anchor"},{"not_picked":["Replay:Bottled Steam","InkBottle"],"picked":"Golden Egg"},{"not_picked":["WingedGreaves","Ice Cream"],"picked":"Unceasing Top"},{"not_picked":["halation:PlatinumPhoenix","aspiration:SecretTechniqueScroll"],"picked":"Kintsugi"}],"items_purged_floors":[4,25,53],"is_endless":false,"potions_floor_spawned":[5,6,8,21,23,27,29,35,36,37,44,45,46],"ascension_level":0}}