{"host":"8d3fefv2347kqkpz","time":1611029590,"event":{"mods":["100% Spire Juice","AchievementEnabler","Act Like it!","Aspiration","BaseMod","Better Vampires","Colored Map","Colored Powertips","Conspire","GifTheSpireLib","Highlight Path","Mimic Mod","Minty Spire (QoL Compilation)","Quick Restart","Reimu£®≤©¿ˆ¡È√Œ£©","Relic Stats","Remilia£®¿Ÿ√◊¿Ú—«£©","Replay The Spire","Spicy Shops","StSLib","The Gatherer","The Jungle","The Senshi","The Servant 0.9.4","Waifu the Spire","vexMod"],"gold_per_floor":[116,132,132,132,57,57,57,70,70,81,81,137,137,151,151,151,151],"floor_reached":16,"language":"ZHS","playtime":508,"items_purged":["Strike_P"],"score":90,"play_id":"b7f914f4-206e-428e-98c0-e37cb9728d4e","local_time":"20210119121310","is_ascension_mode":false,"campfire_choices":[{"data":"Worship","floor":6,"key":"SMITH"},{"data":"Prostrate","floor":13,"key":"SMITH"},{"floor":15,"key":"REST"}],"circlet_count":0,"master_deck":["Strike_P","Strike_P","Strike_P","Defend_P","Defend_P","Defend_P","Defend_P","Eruption","Vigilance","Worship+1","ThirdEye","Prostrate+1","MasterReality"],"relics":["PureWater","HornCleat"],"acts_visited":["Exordium"],"potions_floor_usage":[],"damage_taken":[{"damage":2,"enemies":"Jaw Worm","floor":1,"turns":5},{"damage":6,"enemies":"Small Slimes","floor":2,"turns":3},{"damage":0,"enemies":"Cultist","floor":8,"turns":4},{"damage":10,"enemies":"2 Fungi Beasts","floor":10,"turns":6},{"damage":0,"enemies":"Looter","floor":14,"turns":4},{"damage":61,"enemies":"Hexaghost","floor":16,"turns":10}],"seed_played":"8958054791323026683","potions_obtained":[{"floor":1,"key":"Weak Potion"},{"floor":8,"key":"Swift Potion"},{"floor":12,"key":"Reflective Coating"}],"is_trial":false,"path_per_floor":["M","M","?","?","$","R","?","M","T","M","$","?","R","M","R","B"],"character_chosen":"WATCHER","items_purchased":[],"campfire_rested":1,"item_purchase_floors":[],"current_hp_per_floor":[77,71,71,71,71,71,71,71,71,61,61,42,42,42,65,4,4],"gold":151,"neow_bonus":"TEN_PERCENT_HP_BONUS","is_daily":false,"chose_seed":false,"campfire_upgraded":2,"win_rate":0.0,"timestamp":1611029590,"path_taken":["M","M","?","?","$","R","?","?","T","M","$","?","R","M","R","BOSS"],"items_purchased_type":[],"build_version":"2020-12-22","purchased_purges":1,"victory":false,"max_hp_per_floor":[79,79,79,79,79,79,79,79,79,79,79,79,79,79,79,79,79],"relic_stats":{"counters":[6,32],"obtain_stats":[{"HornCleat":12,"PureWater":0},{"HornCleat":4,"PureWater":0},{"HornCleat":18,"PureWater":0}]},"card_choices":[{"not_picked":["Evaluate","Halt"],"picked":"Worship","floor":1},{"not_picked":["Halt","PathToVictory"],"picked":"ThirdEye","floor":2},{"not_picked":["FearNoEvil","BowlingBash","Consecrate"],"picked":"SKIP","floor":8},{"not_picked":["BowlingBash","Evaluate","Replay:AtTheReady"],"picked":"SKIP","floor":10},{"not_picked":["Protect","Tantrum"],"picked":"Prostrate","floor":12},{"not_picked":["SashWhip","Replay:BluntJabs"],"picked":"MasterReality","floor":14}],"player_experience":126422,"relics_obtained":[{"floor":12,"key":"HornCleat"}],"event_choices":[{"damage_healed":0,"gold_gain":0,"player_choice":"Ignored","damage_taken":0,"max_hp_gain":0,"max_hp_loss":0,"event_name":"Shining Light","floor":3,"gold_loss":0},{"damage_healed":0,"gold_gain":0,"player_choice":"Disagree","damage_taken":0,"max_hp_gain":0,"max_hp_loss":0,"event_name":"conspire:LoneGhost","floor":4,"gold_loss":0},{"damage_healed":0,"gold_gain":0,"player_choice":"Ignored","damage_taken":0,"max_hp_gain":0,"max_hp_loss":0,"event_name":"NoteForYourself","floor":7,"gold_loss":0}],"is_beta":false,"boss_relics":[],"items_purged_floors":[5],"is_endless":false,"potions_floor_spawned":[1,8,14],"killed_by":"Hexaghost","ascension_level":0}}