{"host":"dx8mnueonnkh60qu","time":1611035767,"event":{"mods":["AchievementEnabler","Act Like it!","Aspiration","BaseMod","Better Silent Start","Better Third Choice","CCEM","Conspire","Defuse TimeMaze Blight","Dota2Spire","Downfall","Evolution","Hubris","Infinite Spire","Marked Mod","Minty Spire (QoL Compilation)","Quarter Circle Forward PUNCH!","Rare Cards Sparkle","Relic Stats","Robot Space Explorer","Spicy Shops","Spikes Relics","StSLib","SuperFastMode","The Blue Laboratory","The Caster"],"gold_per_floor":[99,115,134,134,145,295,321,321,154,201,270,270,18,63,110,243,243,243,253,253,301,67,67,67,67,67,109,109,109,109],"floor_reached":28,"language":"ENG","playtime":5201,"items_purged":["downfall:Icky"],"score":233,"play_id":"b0a8e176-0746-45ac-890d-d2d5794e347d","local_time":"20210119005607","is_ascension_mode":false,"campfire_choices":[{"data":"champ:Taunt","floor":1.0,"key":"SMITH"},{"data":"champ:Execute","floor":8.0,"key":"SMITH"},{"data":"champ:Duel","floor":18.0,"key":"SMITH"},{"data":"champ:BladeFlurry","floor":23,"key":"SMITH"},{"data":"champ:DefensiveStyle","floor":26,"key":"SMITH"}],"circlet_count":0,"master_deck":["champ:Strike","champ:Strike","champ:Strike","champ:Strike","champ:Defend","champ:Defend","champ:Defend","champ:Defend","champ:Execute+1","champ:Taunt+1","champ:EnGarde","champ:EnGarde","champ:Duel+1","champ:BladeFlurry","champ:GutPunch","champ:SkillfulDodge","champ:BringItOn","champ:Backstep","champ:DefensiveStyle","champ:StanceDance","champ:DeathBlow","champ:IgnorePain","champ:BladeFlurry+1","champ:DefensiveStyle+1"],"relics":["EVO:Axolotl","Busted Crown","Dota2Spire:HandOfMidas","Dota2Spire:PowerTreads","conspire:SlowCooker","aspiration:FrozenJewel"],"acts_visited":["Exordium","TheCity"],"potions_floor_usage":[21],"damage_taken":[{"damage":10.0,"enemies":"Jaw Worm","floor":2.0,"turns":3.0},{"damage":10.0,"enemies":"conspire:RoseBush","floor":3.0,"turns":3.0},{"damage":14.0,"enemies":"2 Louse","floor":5.0,"turns":4.0},{"damage":22.0,"enemies":"downfall:FleeingMerchant","floor":9.0,"turns":4.0},{"damage":10.0,"enemies":"Large Slime","floor":10.0,"turns":4.0},{"damage":40.0,"enemies":"conspire:MimicChest","floor":11.0,"turns":7.0},{"damage":37.0,"enemies":"downfall:FleeingMerchant","floor":13.0,"turns":4.0},{"damage":5.0,"enemies":"2 Fungi Beasts","floor":14.0,"turns":3.0},{"damage":32.0,"enemies":"Gremlin Gang","floor":15.0,"turns":7.0},{"damage":56.0,"enemies":"SI_SHIV_ARCHETYPE","floor":16.0,"turns":12.0},{"damage":11.0,"enemies":"Chosen","floor":19.0,"turns":4.0},{"damage":10,"enemies":"Shell Parasite","floor":21,"turns":4},{"damage":12,"enemies":"downfall:FleeingMerchant","floor":22,"turns":4},{"damage":51,"enemies":"Snake Plant","floor":27,"turns":5},{"damage":6,"enemies":"downfall:FleeingMerchant","floor":28,"turns":3}],"seed_played":"-6346836999465156721","potions_obtained":[{"floor":2.0,"key":"ColorlessPotion"},{"floor":5.0,"key":"blueLaboratory:CorrosionFlask"},{"floor":10.0,"key":"SteroidPotion"},{"floor":19.0,"key":"Slimebound:ThreeZeroPotion"}],"is_trial":false,"path_per_floor":["R","M","M","?","M","?","T","R","$","M","?","?","$","M","M","B",null,"R","M","?","M","$","R","T","?","R","M","$"],"character_chosen":"THE_CHAMP","items_purchased":["champ:BladeFlurry","champ:GutPunch","champ:DefensiveStyle","champ:DefensiveStyle"],"campfire_rested":0,"item_purchase_floors":[9,9,13,22],"current_hp_per_floor":[90,90,90,90,86,86,86,86,84,84,74,74,67,67,65,54,90,90,89,89,89,90,90,90,85,85,69,63,63,63],"gold":109,"neow_bonus":"BOSS_RELIC","is_daily":false,"chose_seed":false,"campfire_upgraded":5,"win_rate":0.0,"timestamp":1611035767,"path_taken":["R","M","M","?","M","?","T","R","$","M","?","?","$","M","M","BOSS","R","M","?","M","$","R","T","?","R","M","$"],"items_purchased_type":["Card","Card","Card","Card"],"build_version":"2020-12-22","purchased_purges":1,"victory":false,"max_hp_per_floor":[90,90,90,90,90,90,90,90,90,90,90,90,90,90,90,90,90,90,90,90,90,90,90,90,90,90,90,90,90,90],"relic_stats":{"Busted Crown":34,"counters":[15,71],"obtain_stats":[{"Dota2Spire:HandOfMidas":7,"Dota2Spire:PowerTreads":11,"Busted Crown":0,"champ:ChampionCrown":0,"conspire:SlowCooker":17,"EVO:Axolotl":0,"aspiration:FrozenJewel":24},{"Dota2Spire:HandOfMidas":3,"Dota2Spire:PowerTreads":6,"Busted Crown":0,"champ:ChampionCrown":0,"conspire:SlowCooker":10,"EVO:Axolotl":0,"aspiration:FrozenJewel":13},{"Dota2Spire:HandOfMidas":10,"Dota2Spire:PowerTreads":25,"Busted Crown":0,"champ:ChampionCrown":0,"conspire:SlowCooker":51,"EVO:Axolotl":0,"aspiration:FrozenJewel":63}]},"card_choices":[{"not_picked":[],"picked":"champ:EnGarde","floor":2.0},{"not_picked":[],"picked":"champ:EnGarde","floor":3.0},{"not_picked":["champ:Circumvent"],"picked":"SKIP","floor":5.0},{"not_picked":[],"picked":"champ:Duel","floor":9.0},{"not_picked":[],"picked":"champ:SkillfulDodge","floor":10.0},{"not_picked":[],"picked":"champ:Backstep","floor":13.0},{"not_picked":[],"picked":"champ:StanceDance","floor":14.0},{"not_picked":[],"picked":"champ:DeathBlow","floor":15.0},{"not_picked":[],"picked":"champ:IgnorePain","floor":16.0},{"not_picked":["champ:CrownThrow"],"picked":"SKIP","floor":19.0},{"not_picked":["champ:Endure"],"picked":"SKIP","floor":21},{"not_picked":[],"picked":"champ:BladeFlurry","floor":22},{"not_picked":["champ:Shatter"],"picked":"SKIP","floor":27}],"player_experience":593769,"relics_obtained":[{"floor":7.0,"key":"Dota2Spire:HandOfMidas"},{"floor":11.0,"key":"Dota2Spire:PowerTreads"},{"floor":24,"key":"aspiration:FrozenJewel"}],"event_choices":[{"damage_healed":0.0,"max_hp_gain":0.0,"max_hp_loss":0.0,"gold_gain":0.0,"event_name":"conspire:Investor","player_choice":"Leave","floor":20.0,"gold_loss":0.0,"damage_taken":0.0}],"is_beta":false,"boss_relics":[{"not_picked":["bronze:MakeshiftBattery","hubris:TerracottaHorce"],"picked":"conspire:SlowCooker"}],"items_purged_floors":[9],"is_endless":false,"potions_floor_spawned":[2,5,10,19],"killed_by":"downfall:FleeingMerchant","ascension_level":0}}