{"host":"yn1175etg9ni8l0q","time":1611041766,"event":{"mods":["AchievementEnabler","BaseMod","Colored Map","Colored Powertips","DeckTracker","Minty Spire (QoL Compilation)","Rare Cards Sparkle","Relic Stats","SuperFastMode","everything is the same but u backflip on backflip"],"gold_per_floor":[118,133,145,155,155,155,176,176,176,189,38,38,79,104,104,233,233,257,257,9,25,46,84,84,97,97,115,158,178,192,212,212,337,337,360,360,378,397,54,54,98,98,174,174,193,217,217,31,31,31,31,31,31,70,70],"floor_reached":56,"language":"KOR","playtime":1836,"items_purged":["Strike_B","Defend_B"],"score":1275,"play_id":"57dd1485-2cc6-4a28-9282-d9bff98b0b3b","local_time":"20210119163606","is_ascension_mode":false,"campfire_choices":[{"data":"Electrodynamics","floor":6.0,"key":"SMITH"},{"data":"Core Surge","floor":12.0,"key":"SMITH"},{"floor":15.0,"key":"REST"},{"data":"Biased Cognition","floor":24.0,"key":"SMITH"},{"floor":32.0,"key":"REST"},{"data":"Defragment","floor":40,"key":"SMITH"},{"data":"Coolheaded","floor":42,"key":"SMITH"},{"data":"Glacier","floor":44,"key":"SMITH"},{"floor":49,"key":"RECALL"},{"data":"Blizzard","floor":52,"key":"SMITH"}],"circlet_count":0,"master_deck":["Defend_B+1","Defend_B","Zap+1","Dualcast","Electrodynamics+1","Coolheaded","Turbo","Auto Shields+1","Rainbow","Heatsinks","Core Surge+1","Defragment+1","Glacier+1","Biased Cognition+1","Barrage+1","Steam+1","Melter+1","Ball Lightning+1","Cold Snap","Skim","BootSequence","Double Energy","Coolheaded+1","Blizzard+1","Hologram+1","Machine Learning","Loop","Biased Cognition+1"],"relics":["Cracked Core","Golden Idol","Bag of Marbles","War Paint","Astrolabe","OrangePellets","Kunai","Unceasing Top","Mercury Hourglass","Nuclear Battery","Medical Kit","Girya","Mummified Hand","DollysMirror","Oddly Smooth Stone"],"acts_visited":["Exordium","TheCity","TheBeyond","TheEnding"],"potions_floor_usage":[33,55,55],"damage_taken":[{"damage":1.0,"enemies":"Jaw Worm","floor":1.0,"turns":3.0},{"damage":0.0,"enemies":"2 Louse","floor":2.0,"turns":2.0},{"damage":0.0,"enemies":"Cultist","floor":3.0,"turns":3.0},{"damage":8.0,"enemies":"Large Slime","floor":4.0,"turns":5.0},{"damage":3.0,"enemies":"Gremlin Gang","floor":7.0,"turns":2.0},{"damage":3.0,"enemies":"Red Slaver","floor":10.0,"turns":3.0},{"damage":11.0,"enemies":"Lagavulin","floor":13.0,"turns":6.0},{"damage":13.0,"enemies":"Exordium Thugs","floor":14.0,"turns":4.0},{"damage":35.0,"enemies":"Slime Boss","floor":16.0,"turns":6.0},{"damage":7.0,"enemies":"Shell Parasite","floor":18.0,"turns":4.0},{"damage":0.0,"enemies":"Spheric Guardian","floor":21.0,"turns":1.0},{"damage":1.0,"enemies":"Snake Plant","floor":22.0,"turns":4.0},{"damage":12.0,"enemies":"Slavers","floor":23.0,"turns":2.0},{"damage":20.0,"enemies":"Cultist and Chosen","floor":25.0,"turns":6.0},{"damage":0.0,"enemies":"Snecko","floor":27.0,"turns":3.0},{"damage":16.0,"enemies":"Gremlin Leader","floor":28.0,"turns":5.0},{"damage":0.0,"enemies":"3 Cultists","floor":29.0,"turns":3.0},{"damage":10.0,"enemies":"Centurion and Healer","floor":30.0,"turns":3.0},{"damage":0.0,"enemies":"Sentry and Sphere","floor":31.0,"turns":2.0},{"damage":14,"enemies":"Collector","floor":33,"turns":8},{"damage":27,"enemies":"3 Darklings","floor":35,"turns":3},{"damage":0,"enemies":"3 Shapes","floor":37,"turns":4},{"damage":2,"enemies":"Maw","floor":38,"turns":10},{"damage":18,"enemies":"Nemesis","floor":41,"turns":9},{"damage":0,"enemies":"Sphere and 2 Shapes","floor":45,"turns":3},{"damage":5,"enemies":"3 Darklings","floor":46,"turns":4},{"damage":21,"enemies":"Donu and Deca","floor":50,"turns":8},{"damage":8,"enemies":"Shield and Spear","floor":54,"turns":4},{"damage":0,"enemies":"The Heart","floor":55,"turns":8}],"seed_played":"5345417213589387245","potions_obtained":[{"floor":4.0,"key":"Weak Potion"},{"floor":7.0,"key":"LiquidBronze"},{"floor":8.0,"key":"Fire Potion"},{"floor":13.0,"key":"EntropicBrew"},{"floor":16.0,"key":"Swift Potion"},{"floor":22.0,"key":"Explosive Potion"},{"floor":27.0,"key":"Weak Potion"},{"floor":33,"key":"SkillPotion"},{"floor":41,"key":"Weak Potion"}],"is_trial":false,"path_per_floor":["M","M","M","M","?","R","M","?","T","M","$","R","E","M","R","B",null,"M","?","$","M","M","E","R","M","T","M","E","M","M","M","R","B",null,"M","?","M","M","$","R","E","R","T","R","M","M","T","$","R","B",null,"R","$","E","B",null],"character_chosen":"DEFECT","items_purchased":["Core Surge","Cold Snap","OrangePellets","Medical Kit","FocusPotion","Energy Potion","Loop","DollysMirror"],"campfire_rested":2,"item_purchase_floors":[11,20,20,39,39,39,48,48],"current_hp_per_floor":[74,74,74,66,48,48,45,45,45,42,42,42,31,18,40,5,75,68,68,68,68,67,55,55,35,35,35,19,19,9,9,31,17,75,48,48,48,46,46,46,28,28,28,28,28,23,23,23,23,2,75,75,75,67,67],"gold":70,"neow_bonus":"UPGRADE_CARD","is_daily":false,"chose_seed":false,"campfire_upgraded":7,"win_rate":0.0,"timestamp":1611041766,"path_taken":["M","M","M","M","?","R","M","?","T","M","$","R","E","?","R","BOSS","M","?","$","M","?","E","R","?","T","M","E","M","M","M","R","BOSS","M","?","M","M","$","R","E","R","T","R","M","?","?","$","R","BOSS","R","$","E","BOSS"],"items_purchased_type":["Card","Card","Relic","Relic","Potion","Potion","Card","Relic"],"build_version":"2020-12-22","purchased_purges":2,"victory":true,"max_hp_per_floor":[75,75,75,75,75,75,75,75,75,75,75,75,75,75,75,75,75,75,75,75,75,75,75,75,75,75,75,75,75,75,75,75,75,75,75,75,75,75,75,75,75,75,75,75,75,75,75,75,75,75,75,75,75,75,75],"relic_stats":{"OrangePellets":[19],"counters":[29,128],"Golden Idol":206,"Mummified Hand":[28],"Astrolabe":["Barrage","Steam","Melter"],"Kunai":[7],"War Paint":["Auto Shields","Defend_B"],"Medical Kit":[13],"obtain_stats":[{"Girya":41,"Golden Idol":5,"Astrolabe":17,"Oddly Smooth Stone":54,"War Paint":13,"Medical Kit":39,"Mercury Hourglass":28,"Nuclear Battery":34,"OrangePellets":20,"Mummified Hand":43,"DollysMirror":48,"Bag of Marbles":9,"Kunai":23,"Cracked Core":0,"Unceasing Top":26},{"Girya":24,"Golden Idol":4,"Astrolabe":9,"Oddly Smooth Stone":28,"War Paint":7,"Medical Kit":23,"Mercury Hourglass":16,"Nuclear Battery":20,"OrangePellets":10,"Mummified Hand":24,"DollysMirror":26,"Bag of Marbles":5,"Kunai":13,"Cracked Core":0,"Unceasing Top":14},{"Girya":101,"Golden Idol":13,"Astrolabe":34,"Oddly Smooth Stone":120,"War Paint":24,"Medical Kit":92,"Mercury Hourglass":59,"Nuclear Battery":75,"OrangePellets":38,"Mummified Hand":101,"DollysMirror":108,"Bag of Marbles":15,"Kunai":45,"Cracked Core":0,"Unceasing Top":51}],"Unceasing Top":[21],"Mercury Hourglass":[268]},"card_choices":[{"not_picked":["Conserve Battery","Compile Driver"],"picked":"Coolheaded","floor":1.0},{"not_picked":["Rebound","Beam Cell"],"picked":"Turbo","floor":2.0},{"not_picked":["Double Energy","Force Field"],"picked":"Auto Shields","floor":3.0},{"not_picked":["Storm","Skim"],"picked":"Rainbow","floor":4.0},{"not_picked":["Hologram","Barrage"],"picked":"Heatsinks","floor":7.0},{"not_picked":["Consume","Redo","Turbo"],"picked":"SKIP","floor":10.0},{"not_picked":["Coolheaded","Stack"],"picked":"Defragment","floor":13.0},{"not_picked":["Barrage","Auto Shields"],"picked":"Glacier","floor":14.0},{"not_picked":["Rainbow","Core Surge"],"picked":"Biased Cognition","floor":16.0},{"not_picked":["Streamline","Gash"],"picked":"Ball Lightning+1","floor":18.0},{"not_picked":["Rebound+1","Meteor Strike"],"picked":"Skim","floor":21.0},{"not_picked":["Leap+1","Streamline","Conserve Battery"],"picked":"SKIP","floor":22.0},{"not_picked":["Melter","Barrage+1","Ball Lightning"],"picked":"SKIP","floor":23.0},{"not_picked":["Heatsinks","Rebound+1","Lockon"],"picked":"SKIP","floor":25.0},{"not_picked":["Stack","Heatsinks"],"picked":"BootSequence","floor":27.0},{"not_picked":["Hologram","Amplify"],"picked":"Double Energy","floor":28.0},{"not_picked":["Steam","Compile Driver","Beam Cell"],"picked":"SKIP","floor":29.0},{"not_picked":["FTL","Cold Snap+1"],"picked":"Coolheaded","floor":30.0},{"not_picked":["Rebound","Lockon+1","Leap"],"picked":"SKIP","floor":31.0},{"not_picked":["Compile Driver","Hello World","Gash+1"],"picked":"SKIP","floor":35},{"not_picked":["Undo","Barrage+1","Storm"],"picked":"SKIP","floor":37},{"not_picked":["Gash+1","Barrage"],"picked":"Blizzard","floor":38},{"not_picked":["Leap","Tempest"],"picked":"Hologram+1","floor":41},{"not_picked":["Hologram+1","Leap+1","Beam Cell"],"picked":"SKIP","floor":45},{"not_picked":["Hologram","Beam Cell+1"],"picked":"Machine Learning","floor":46},{"not_picked":["Recycle","Coolheaded","Gash"],"picked":"SKIP","floor":54}],"player_experience":340187,"relics_obtained":[{"floor":9.0,"key":"Bag of Marbles"},{"floor":13.0,"key":"War Paint"},{"floor":23.0,"key":"Kunai"},{"floor":26.0,"key":"Unceasing Top"},{"floor":28.0,"key":"Mercury Hourglass"},{"floor":41,"key":"Girya"},{"floor":43,"key":"Mummified Hand"},{"floor":54,"key":"Oddly Smooth Stone"}],"event_choices":[{"damage_healed":0.0,"max_hp_gain":0.0,"max_hp_loss":0.0,"gold_gain":0.0,"event_name":"Golden Idol","player_choice":"Take Damage","floor":5.0,"gold_loss":0.0,"damage_taken":18.0,"relics_obtained":["Golden Idol"]},{"damage_healed":0.0,"max_hp_gain":0.0,"max_hp_loss":0.0,"gold_gain":0.0,"event_name":"Lab","player_choice":"Got Potions","floor":8.0,"gold_loss":0.0,"damage_taken":0.0},{"cards_removed":["Strike_B"],"damage_healed":0.0,"max_hp_gain":0.0,"max_hp_loss":0.0,"gold_gain":0.0,"event_name":"Bonfire Elementals","player_choice":"Offered Basic","floor":19.0,"gold_loss":0.0,"damage_taken":0.0},{"damage_healed":0,"gold_gain":0,"player_choice":"Ignored","damage_taken":0,"max_hp_gain":0,"max_hp_loss":0,"event_name":"SecretPortal","floor":36,"gold_loss":0}],"is_beta":false,"boss_relics":[{"not_picked":["Philosopher\u0027s Stone","Busted Crown"],"picked":"Astrolabe"},{"not_picked":["SacredBark","SlaversCollar"],"picked":"Nuclear Battery"}],"items_purged_floors":[20,39],"is_endless":false,"potions_floor_spawned":[4,7,13,16,21,22,25,27,33,41,45],"ascension_level":0}}