{"host":"l2dnabsh5e0fsksb","time":1611035896,"event":{"mods":["2.2 Compatiblity","BaseMod","Downfall","Minty Spire (QoL Compilation)","Quick Restart","StSLib"],"gold_per_floor":[99,99,99,99,99,133,133,145,145,160,179,197,97,111,124,220,220,220,238,238,66,66,81,81,93,93,110,20,20,5,32,50,150,150,50,100,19,19,38,38,38,58,58,85,96,107,7,40,51,51,51,86,6,6,6,6,6],"floor_reached":56,"language":"ENG","playtime":3102,"items_purged":["Doubt"],"score":813,"play_id":"1a55af1e-cc1f-48b9-a0c2-fef4f5e549ff","local_time":"20210119162816","is_ascension_mode":true,"campfire_choices":[{"floor":1.0,"key":"RECALL"},{"data":"bronze:Boost","floor":13.0,"key":"SMITH"},{"data":"bronze:Iterate","floor":18.0,"key":"SMITH"},{"data":"bronze:Iterate","floor":26.0,"key":"SMITH"},{"data":"bronze:Replicate","floor":35.0,"key":"SMITH"},{"data":"bronze:Iterate","floor":43.0,"key":"SMITH"},{"floor":47.0,"key":"REST"},{"data":"bronze:HardenedForm","floor":54,"key":"SMITH"}],"circlet_count":0,"master_deck":["bronze:Strike","bronze:Strike","bronze:Strike","bronze:Defend","bronze:Defend","bronze:Defend","bronze:Defend","bronze:Replicate+1","bronze:Goto","bronze:ChosenStrike+1","bronze:Deprecate","bronze:ItsAFeature","bronze:BronzeOrb+1","bronze:Safeguard","bronze:Repair","bronze:FineTuning","bronze:Boost+1","bronze:Iterate+1","bronze:Iterate+1","bronze:Mutator","bronze:FineTuning","bronze:FineTuning","bronze:Frontload","bronze:Optimize+1","bronze:OilSpill+1","bronze:Philosophize+1","bronze:ItsAFeature+1","bronze:HardenedForm+1","bronze:Overload+1","bronze:Shell+1","bronze:Iterate+1","bronze:Shell","Panacea+1","bronze:Constructor+1","bronze:BronzeArmor+1","bronze:ClassDefault+1","bronze:Repulsor+1","bronze:DelayedGuard+1","bronze:Frontload+1","bronze:OilSpill+1","bronze:MaxOutput+1"],"relics":["bronze:BronzeCore","downfall:HeartsMalice","Shuriken","HornCleat","downfall:HeartBlessingRed","Sozu","Omamori","MealTicket","expansioncontent:StudyCardRelic","downfall:HeartBlessingGreen","Ginger","Toxic Egg 2","bronze:BottledCode","Pear","Frozen Egg 2","downfall:HeartBlessingBlue","hexamod:BolsterEngine","Unceasing Top"],"acts_visited":["Exordium","TheCity","TheBeyond","TheEnding"],"potions_floor_usage":[52],"damage_taken":[{"damage":0.0,"enemies":"Cultist","floor":2.0,"turns":1.0},{"damage":0.0,"enemies":"Small Slimes","floor":3.0,"turns":1.0},{"damage":0.0,"enemies":"Jaw Worm","floor":4.0,"turns":1.0},{"damage":29.0,"enemies":"3 Sentries","floor":6.0,"turns":10.0},{"damage":0.0,"enemies":"Exordium Thugs","floor":8.0,"turns":6.0},{"damage":1.0,"enemies":"3 Louse","floor":10.0,"turns":3.0},{"damage":0.0,"enemies":"Gremlin Gang","floor":11.0,"turns":6.0},{"damage":0.0,"enemies":"2 Fungi Beasts","floor":12.0,"turns":3.0},{"damage":0.0,"enemies":"3 Louse","floor":14.0,"turns":4.0},{"damage":0.0,"enemies":"Large Slime","floor":15.0,"turns":4.0},{"damage":6.0,"enemies":"IC_STATUS_ARCHETYPE","floor":16.0,"turns":6.0},{"damage":1.0,"enemies":"Chosen","floor":19.0,"turns":2.0},{"damage":0.0,"enemies":"downfall:FleeingMerchant","floor":21.0,"turns":4.0},{"damage":2.0,"enemies":"Snecko","floor":23.0,"turns":5.0},{"damage":0.0,"enemies":"3 Cultists","floor":25.0,"turns":4.0},{"damage":9.0,"enemies":"Shelled Parasite and Fungi","floor":27.0,"turns":3.0},{"damage":0.0,"enemies":"downfall:FleeingMerchant","floor":28.0,"turns":4.0},{"damage":6.0,"enemies":"downfall:FleeingMerchant","floor":30.0,"turns":4.0},{"damage":9.0,"enemies":"Gremlin Leader","floor":31.0,"turns":4.0},{"damage":0.0,"enemies":"Snake Plant","floor":32.0,"turns":3.0},{"damage":40.0,"enemies":"DF_ARCHETYPE_CLAW","floor":33.0,"turns":9.0},{"damage":0.0,"enemies":"DF_ARCHETYPE_CLAW","floor":36.0,"turns":4.0},{"damage":21.0,"enemies":"downfall:FleeingMerchant","floor":37.0,"turns":4.0},{"damage":27.0,"enemies":"3 Shapes","floor":39.0,"turns":4.0},{"damage":0.0,"enemies":"Orb Walker","floor":42.0,"turns":3.0},{"damage":0.0,"enemies":"Reptomancer","floor":44.0,"turns":4.0},{"damage":3.0,"enemies":"4 Shapes","floor":45.0,"turns":6.0},{"damage":12.0,"enemies":"Writhing Mass","floor":46.0,"turns":7.0},{"damage":8.0,"enemies":"Nemesis","floor":48.0,"turns":3.0},{"damage":0.0,"enemies":"Sphere and 2 Shapes","floor":49.0,"turns":3.0},{"damage":30.0,"enemies":"SI_POISON_ARCHETYPE","floor":50.0,"turns":5.0},{"damage":39,"enemies":"downfall:CharBossMerchant","floor":52,"turns":8},{"damage":70,"enemies":"downfall:NeowBoss","floor":55,"turns":13},{"damage":13,"enemies":"downfall:NeowBossFinal","floor":56,"turns":5}],"seed_played":"2701736902027074387","potions_obtained":[{"floor":6.0,"key":"bronze:CleanCodePotion"},{"floor":8.0,"key":"Regen Potion"},{"floor":12.0,"key":"Guardian:BlockOnCardUsePotion"},{"floor":14.0,"key":"FearPotion"}],"is_trial":false,"path_per_floor":["R","M","M","M","?","E","T","M","?","M","M","M","R","M","M","B",null,"R","M","?","$","?","M","T","M","R","M","$","?","$","E","M","B",null,"R","?","?","?","M","?","T","M","R","E","M","M","R","E","M","B",null,"E","$","R","B","B"],"character_chosen":"THE_AUTOMATON","items_purchased":["Omamori","bronze:Iterate","bronze:Shell","Toxic Egg 2","Panacea+1","bronze:MaxOutput+1"],"campfire_rested":1,"item_purchase_floors":[21,37,37,37,37,53],"current_hp_per_floor":[70,70,70,70,70,41,41,41,41,40,47,63,63,70,70,64,70,70,70,70,70,70,70,70,70,70,70,70,70,70,68,70,41,70,70,70,60,60,33,33,43,43,43,43,50,48,80,72,79,54,80,52,67,67,6,0,0],"gold":6,"neow_bonus":"THREE_ENEMY_KILL","is_daily":false,"chose_seed":false,"campfire_upgraded":6,"win_rate":0.0,"timestamp":1611035896,"path_taken":["R","M","M","?","?","E","T","M","?","M","M","?","R","M","M","BOSS","R","M","?","?","?","?","T","M","R","M","$","?","$","E","M","BOSS","R","?","?","?","M","?","T","M","R","E","M","M","R","E","M","BOSS","E","$","R","BOSS","BOSS"],"items_purchased_type":["Relic","Card","Card","Relic","Card","Card"],"build_version":"2020-12-22","purchased_purges":1,"victory":false,"max_hp_per_floor":[70,70,70,70,70,70,70,70,70,70,70,70,70,70,70,70,70,70,70,70,70,70,70,70,70,70,70,70,70,70,70,70,70,70,70,70,70,60,60,60,70,70,70,70,70,70,80,80,80,80,80,80,80,80,80,80,80],"card_choices":[{"not_picked":["bronze:OilSpill","bronze:Frontload"],"picked":"bronze:ChosenStrike","floor":2.0},{"not_picked":["bronze:Branch","bronze:DarkDash"],"picked":"bronze:Deprecate","floor":3.0},{"not_picked":["bronze:Return","bronze:Flail"],"picked":"bronze:ItsAFeature","floor":4.0},{"not_picked":["bronze:MaxOutput","bronze:ChosenStrike"],"picked":"bronze:BronzeOrb","floor":6.0},{"not_picked":["bronze:DarkDash","bronze:CutThrough"],"picked":"bronze:Safeguard","floor":8.0},{"not_picked":["bronze:Frontload","bronze:Shield"],"picked":"bronze:Repair","floor":10.0},{"not_picked":["bronze:FollowUp","bronze:DigitalCarnage"],"picked":"bronze:FineTuning","floor":11.0},{"not_picked":["bronze:ItsAFeature","bronze:Overload"],"picked":"bronze:Boost","floor":12.0},{"not_picked":["bronze:DigitalCarnage","bronze:HyperBeam"],"picked":"bronze:Iterate","floor":14.0},{"not_picked":["bronze:Shell","bronze:Repulsor"],"picked":"bronze:Iterate","floor":15.0},{"not_picked":["bronze:Virus","bronze:RecursiveStrike"],"picked":"bronze:Mutator","floor":16.0},{"not_picked":["bronze:Frontload","bronze:Boost"],"picked":"bronze:FineTuning","floor":19.0},{"not_picked":["bronze:Separator","bronze:Turbo+1"],"picked":"bronze:FineTuning","floor":21.0},{"not_picked":["bronze:Terminator","bronze:Deprecate"],"picked":"bronze:Frontload","floor":23.0},{"not_picked":["bronze:Safeguard","bronze:ClassDefault"],"picked":"bronze:Optimize+1","floor":25.0},{"not_picked":["bronze:ClassDefault+1","bronze:Deprecate"],"picked":"bronze:OilSpill+1","floor":27.0},{"not_picked":["bronze:NullPointer","bronze:Turbo+1","bronze:Branch+1"],"picked":"SKIP","floor":28.0},{"not_picked":["bronze:Optimize","bronze:Frontload"],"picked":"bronze:Philosophize+1","floor":30.0},{"not_picked":["bronze:Branch","bronze:DarkDash","bronze:Separator"],"picked":"SKIP","floor":31.0},{"not_picked":["bronze:Philosophize","bronze:BuggyMess+1"],"picked":"bronze:ItsAFeature+1","floor":32.0},{"not_picked":["bronze:AlphaBuild","bronze:HyperBeam"],"picked":"bronze:HardenedForm","floor":33.0},{"not_picked":["bronze:Repair","bronze:Boost"],"picked":"bronze:Overload+1","floor":36.0},{"not_picked":["bronze:BronzeArmor","bronze:Return"],"picked":"bronze:Shell+1","floor":37.0},{"not_picked":["bronze:Overheat","bronze:BuggyMess+1"],"picked":"bronze:Constructor+1","floor":39.0},{"not_picked":["bronze:BuggyMess+1","bronze:Constructor+1"],"picked":"bronze:BronzeArmor+1","floor":42.0},{"not_picked":["bronze:WildBeam+1","bronze:ChildClass+1"],"picked":"bronze:ClassDefault+1","floor":44.0},{"not_picked":["bronze:Philosophize+1","bronze:OilSpill"],"picked":"bronze:Repulsor+1","floor":45.0},{"not_picked":["bronze:NullPointer","bronze:Overheat","bronze:DigitalCarnage+1"],"picked":"SKIP","floor":46.0},{"not_picked":["bronze:Format+1","bronze:Overheat+1"],"picked":"bronze:DelayedGuard+1","floor":48.0},{"not_picked":["bronze:Separator","bronze:ForceShield+1"],"picked":"bronze:Frontload+1","floor":49.0},{"not_picked":["bronze:Boost+1","bronze:WildBeam+1"],"picked":"bronze:OilSpill+1","floor":52}],"player_experience":1803133,"relics_obtained":[{"floor":6.0,"key":"Shuriken"},{"floor":7.0,"key":"HornCleat"},{"floor":31.0,"key":"MealTicket"},{"floor":36.0,"key":"Ginger"},{"floor":41.0,"key":"Pear"},{"floor":44.0,"key":"Frozen Egg 2"},{"floor":48.0,"key":"hexamod:BolsterEngine"},{"floor":52,"key":"Unceasing Top"}],"event_choices":[{"damage_healed":0.0,"max_hp_gain":0.0,"max_hp_loss":0.0,"gold_gain":0.0,"event_name":"Vampires","player_choice":"Ignored","floor":29.0,"gold_loss":0.0,"damage_taken":0.0}],"is_beta":false,"boss_relics":[{"not_picked":["bronze:MakeshiftBattery","Philosopher\u0027s Stone"],"picked":"Sozu"},{"not_picked":["Black Star","Runic Dome"],"picked":"expansioncontent:StudyCardRelic"}],"items_purged_floors":[28],"is_endless":false,"potions_floor_spawned":[6,8,12,14,15,16,27,31,33,36,42,45,48],"killed_by":"downfall:NeowBossFinal","ascension_level":1}}