{"host":"xp5rvh2jwe2ejyfm","time":1611069622,"event":{"mods":["BaseMod","Hermit","Minty Spire (QoL Compilation)","Replay The Spire","StSLib","The Construct","The Cursed","The Disciple","The Hierophant","The Necromancer","The Runesmith"],"gold_per_floor":[117,117,129,12,29,57,57,73,99,115,115,142,142,159,159,263,263,280,280,293,305,322,322,15,15,15,47,63,78,111,123,123,123,123],"floor_reached":33,"language":"ENG","playtime":1407,"items_purged":[],"score":301,"play_id":"e3c2ce8b-a1c5-40a5-bdcf-7ad0acda494f","local_time":"20210119102022","is_ascension_mode":false,"campfire_choices":[{"data":"TheCursedMod:HellfireBreathing","floor":7,"key":"SMITH"},{"floor":23,"key":"REST"},{"floor":25,"key":"REST"},{"floor":32,"key":"REST"}],"circlet_count":0,"master_deck":["TheCursedMod:Strike_TheCursed","TheCursedMod:Strike_TheCursed","TheCursedMod:Strike_TheCursed","TheCursedMod:Strike_TheCursed","TheCursedMod:Defend_TheCursed","TheCursedMod:Defend_TheCursed","TheCursedMod:Defend_TheCursed","TheCursedMod:CursedWand","TheCursedMod:CleanUpWorkshop","TheCursedMod:Dregs","TheCursedMod:Stigma","TheCursedMod:CursedSpellbook","TheCursedMod:HellfireBreathing+1","TheCursedMod:ReleasedStrength","TheCursedMod:FleshFromBone","TheCursedMod:WearCloak","TheCursedMod:SpitefulStrike","TheCursedMod:ShockAndAwe","TheCursedMod:FleshFromBone","TheCursedMod:ReleasedStrength+1","TheCursedMod:CursedRelics","TheCursedMod:CursedBlade","TheCursedMod:HellfireBreathing+1","TheCursedMod:CursedBlade","TheCursedMod:SpitefulStrike+1","TheCursedMod:HellfireBreathing","TheCursedMod:CursedShiv","TheCursedMod:LuckyCharm+1","TheCursedMod:CircleOfBlood","TheCursedMod:DemonSword","TheCursedMod:CircleOfCorruption+1","TheCursedMod:WearCloak+1"],"relics":["TheCursedMod:BlackMagic101","Replay:Wax Seal","Akabeko","Ring of Panic","Replay:Mystery Machine","Sozu","Matryoshka","Regal Pillow","Bottled Lightning","Tiny Chest","Pen Nib"],"acts_visited":["Exordium","TheCity"],"potions_floor_usage":[6,21,21,30],"damage_taken":[{"damage":2,"enemies":"Small Slimes","floor":1,"turns":3},{"damage":1,"enemies":"Cultist","floor":3,"turns":3},{"damage":3,"enemies":"Jaw Worm","floor":5,"turns":3},{"damage":23,"enemies":"Gremlin Nob","floor":6,"turns":5},{"damage":4,"enemies":"2 Fungi Beasts","floor":8,"turns":3},{"damage":3,"enemies":"Large Slime","floor":10,"turns":5},{"damage":13,"enemies":"3 Sentries","floor":12,"turns":4},{"damage":8,"enemies":"Gremlin Gang","floor":14,"turns":3},{"damage":29,"enemies":"Fading Forest","floor":16,"turns":11},{"damage":0,"enemies":"Spheric Guardian","floor":18,"turns":1},{"damage":12,"enemies":"Shell Parasite","floor":20,"turns":4},{"damage":22,"enemies":"Snecko","floor":21,"turns":5},{"damage":18,"enemies":"Snake Plant","floor":22,"turns":2},{"damage":6,"enemies":"Gremlin Leader","floor":27,"turns":5},{"damage":29,"enemies":"Centurion and Healer","floor":28,"turns":4},{"damage":10,"enemies":"Cultist and Chosen","floor":29,"turns":4},{"damage":13,"enemies":"Replay:Snechameleon","floor":30,"turns":4},{"damage":3,"enemies":"Chosen and Byrds","floor":31,"turns":4},{"damage":57,"enemies":"Automaton","floor":33,"turns":6}],"seed_played":"-8903409889949577260","potions_obtained":[{"floor":3,"key":"BlessingOfTheForge"},{"floor":6,"key":"GamblersBrew"},{"floor":10,"key":"Ancient Potion"},{"floor":16,"key":"Block Potion"}],"is_trial":false,"path_per_floor":["M","?","M","$","M","E","R","M","T","M","?","E","?","M","R","B",null,"M","?","M","M","M","R","$","R","T","E","M","M","E","M","R","B"],"character_chosen":"THE_CURSED","items_purchased":["TheCursedMod:HellfireBreathing","TheCursedMod:ReleasedStrength","Matryoshka","TheCursedMod:CursedShiv"],"campfire_rested":3,"item_purchase_floors":[4,4,24,24],"current_hp_per_floor":[73,73,72,72,69,46,46,42,42,39,39,26,26,18,40,11,75,75,75,63,41,23,45,45,67,67,61,32,26,17,14,51,0,0],"gold":123,"neow_bonus":"REMOVE_CARD","is_daily":false,"chose_seed":false,"campfire_upgraded":1,"win_rate":0.0,"timestamp":1611069622,"path_taken":["M","?","?","$","M","E","R","M","T","M","?","E","?","M","R","BOSS","M","?","M","M","M","R","$","R","T","E","M","M","E","?","R","BOSS"],"items_purchased_type":["Card","Card","Relic","Card"],"build_version":"2020-12-22","purchased_purges":0,"victory":false,"max_hp_per_floor":[75,75,75,75,75,75,75,75,75,75,75,75,75,75,75,75,75,75,75,75,75,75,75,75,75,75,75,75,75,75,75,75,75,75],"card_choices":[{"not_picked":["TheCursedMod:RapidMovement","TheCursedMod:Wield"],"picked":"TheCursedMod:Stigma","floor":1},{"not_picked":["TheCursedMod:SurpriseAttack","TheCursedMod:CircleOfCorruption"],"picked":"TheCursedMod:CursedSpellbook","floor":3},{"not_picked":["TheCursedMod:ReleasedKnowledge","TheCursedMod:Evocation"],"picked":"TheCursedMod:FleshFromBone","floor":5},{"not_picked":["TheCursedMod:CircleOfCorruption","TheCursedMod:CursedBoomerang"],"picked":"TheCursedMod:WearCloak","floor":6},{"not_picked":["TheCursedMod:Obscuration","TheCursedMod:VitalStrike"],"picked":"TheCursedMod:SpitefulStrike","floor":8},{"not_picked":["TheCursedMod:SurpriseAttack","TheCursedMod:VitalStrike"],"picked":"TheCursedMod:ShockAndAwe","floor":10},{"not_picked":["TheCursedMod:SurpriseAttack","TheCursedMod:SoulCrush"],"picked":"TheCursedMod:FleshFromBone","floor":12},{"not_picked":["TheCursedMod:FuryStrike","TheCursedMod:TacticalStrike"],"picked":"TheCursedMod:ReleasedStrength","floor":14},{"not_picked":["TheCursedMod:UltimatePain","TheCursedMod:CircleOfAbyss"],"picked":"TheCursedMod:CursedRelics","floor":16},{"not_picked":["TheCursedMod:CursedBoomerang","TheCursedMod:ManaBullet+1"],"picked":"TheCursedMod:CursedBlade","floor":18},{"not_picked":["TheCursedMod:CircleOfCorruption+1","TheCursedMod:Mangle"],"picked":"TheCursedMod:CursedBlade","floor":20},{"not_picked":["TheCursedMod:RavingStaff+1","TheCursedMod:Evocation"],"picked":"TheCursedMod:SpitefulStrike+1","floor":21},{"not_picked":["TheCursedMod:SpreadPlague","TheCursedMod:EmpowerCircles"],"picked":"TheCursedMod:HellfireBreathing","floor":22},{"not_picked":["TheCursedMod:RavingStaff+1","TheCursedMod:HellsGateOpen+1"],"picked":"TheCursedMod:LuckyCharm+1","floor":27},{"not_picked":["TheCursedMod:Obscuration","TheCursedMod:CircleOfCorruption"],"picked":"TheCursedMod:CircleOfBlood","floor":28},{"not_picked":["TheCursedMod:CursedArmor+1","TheCursedMod:WearCloak"],"picked":"TheCursedMod:DemonSword","floor":29},{"not_picked":["TheCursedMod:HellsGateOpen","TheCursedMod:CursedMace"],"picked":"TheCursedMod:CircleOfCorruption+1","floor":30},{"not_picked":["TheCursedMod:CursedBoomerang+1","TheCursedMod:Obscuration"],"picked":"TheCursedMod:WearCloak+1","floor":31}],"player_experience":250525,"relics_obtained":[{"floor":6,"key":"Replay:Wax Seal"},{"floor":9,"key":"Akabeko"},{"floor":11,"key":"Ring of Panic"},{"floor":12,"key":"Replay:Mystery Machine"},{"floor":26,"key":"Regal Pillow"},{"floor":26,"key":"Bottled Lightning"},{"floor":27,"key":"Tiny Chest"},{"floor":30,"key":"Pen Nib"}],"event_choices":[{"damage_healed":0,"gold_gain":0,"player_choice":"Ignored","damage_taken":0,"max_hp_gain":0,"max_hp_loss":0,"event_name":"Fountain of Cleansing","floor":2,"gold_loss":0},{"damage_healed":0,"gold_gain":0,"player_choice":"Searched \u00270\u0027 times","damage_taken":0,"max_hp_gain":0,"max_hp_loss":0,"event_name":"Dead Adventurer","floor":13,"gold_loss":0},{"damage_healed":0,"gold_gain":0,"player_choice":"Copied","damage_taken":0,"max_hp_gain":0,"max_hp_loss":0,"event_name":"Duplicator","floor":19,"gold_loss":0,"cards_obtained":["TheCursedMod:HellfireBreathing"]}],"is_beta":false,"boss_relics":[{"not_picked":["ChewingGum","Replay:Bronze Core"],"picked":"Sozu"}],"items_purged_floors":[],"is_endless":false,"potions_floor_spawned":[3,6,10,16,27,28,29,31],"killed_by":"Automaton","ascension_level":0}}