{"host":"irrizrmw64do51k7","time":1611089475,"event":{"mods":["AchievementEnabler","BaseMod","BetterRewards","Card Forge","Colored Map","Colored Powertips","Curses Come First","Good Game Mod","Minty Spire (QoL Compilation)","Shop Mod","StSLib"],"gold_per_floor":[114,134,134,147,161,189,202,240,240,11,0,38,57,101,101,210,210,236,236,254,204,204,248,248,248,248,276,310,326,365,392,392,500,500,520,520,520,544,1543,1543,1571,1176,1200,1240,1260,1260,1287,1307,1307,1307,1307,1307,888,932,932],"floor_reached":56,"language":"ENG","playtime":3834,"items_purged":["Strike_B"],"score":2447,"play_id":"1f35a688-405e-4392-b227-7e509c0bac3c","local_time":"20210119125115","is_ascension_mode":true,"campfire_choices":[{"floor":15,"key":"REST"},{"floor":25,"key":"REST"},{"data":"Buffer","floor":32,"key":"SMITH"},{"floor":40,"key":"RECALL"},{"data":"Seek","floor":46,"key":"SMITH"},{"data":"Defragment","floor":49,"key":"SMITH"},{"data":"Creative AI","floor":52,"key":"SMITH"}],"circlet_count":0,"master_deck":["AscendersBane","Strike_B","Strike_B","Defend_B+1","Defend_B","Defend_B","Zap","Dualcast+1","Self Repair","Self Repair","Coolheaded","Capacitor","Echo Form","Immolate","Coolheaded","Defragment+1","Glacier","Sweeping Beam+1","Lockon+1","Barrage","Melter","Echo Form","Static Discharge","Electrodynamics","Streamline","Capacitor","Buffer+1","Conserve Battery","Rip and Tear","Redo","Conserve Battery","Loop","Heatsinks","Coolheaded","Static Discharge","Creative AI+1","Capacitor","Streamline+1","Electrodynamics","Echo Form","Buffer","Seek+1","Coolheaded+1","Storm","Seek","Seek"],"relics":["Cracked Core","Hammer of Thor","Seething Fire","Anvil of the Gods","REME:ComplimentaryCards","Bronze Scales","Dead Branch","StoneCalendar","Membership Card","War Paint","Calipers","Ginger","Gambling Chip","Regal Pillow","Girya","Lee\u0027s Waffle","Ice Cream","CeramicFish","Question Card","Pantograph","Juzu Bracelet","PreservedInsect","SlaversCollar","Omamori","Nloth\u0027s Gift","Mummified Hand","Eternal Feather","Nuclear Battery","Centennial Puzzle","Whetstone","Emotion Chip","DollysMirror","Orichalcum","Bag of Preparation","Boot","Strange Spoon","Strawberry","MerchantsRug","DataDisk"],"acts_visited":["Exordium","TheCity","TheBeyond","TheEnding"],"potions_floor_usage":[6,6,14,28,33,55],"damage_taken":[{"damage":7,"enemies":"2 Louse","floor":1,"turns":2},{"damage":1,"enemies":"Cultist","floor":2,"turns":5},{"damage":12,"enemies":"Jaw Worm","floor":4,"turns":3},{"damage":4,"enemies":"2 Fungi Beasts","floor":5,"turns":2},{"damage":24,"enemies":"Gremlin Nob","floor":6,"turns":5},{"damage":0,"enemies":"Large Slime","floor":7,"turns":4},{"damage":18,"enemies":"3 Sentries","floor":8,"turns":5},{"damage":32,"enemies":"Gremlin Nob","floor":12,"turns":4},{"damage":11,"enemies":"Exordium Thugs","floor":13,"turns":5},{"damage":51,"enemies":"3 Sentries","floor":14,"turns":5},{"damage":27,"enemies":"The Guardian","floor":16,"turns":8},{"damage":14,"enemies":"Chosen","floor":18,"turns":7},{"damage":50,"enemies":"Book of Stabbing","floor":23,"turns":6},{"damage":33,"enemies":"Spheric Guardian","floor":27,"turns":5},{"damage":22,"enemies":"Gremlin Leader","floor":28,"turns":7},{"damage":2,"enemies":"3 Cultists","floor":29,"turns":3},{"damage":21,"enemies":"Book of Stabbing","floor":30,"turns":4},{"damage":29,"enemies":"Sentry and Sphere","floor":31,"turns":6},{"damage":0,"enemies":"Collector","floor":33,"turns":9},{"damage":0,"enemies":"3 Shapes","floor":35,"turns":5},{"damage":16,"enemies":"Orb Walker","floor":38,"turns":4},{"damage":21,"enemies":"Reptomancer","floor":41,"turns":5},{"damage":7,"enemies":"Giant Head","floor":44,"turns":3},{"damage":0,"enemies":"4 Shapes","floor":45,"turns":4},{"damage":12,"enemies":"3 Darklings","floor":47,"turns":2},{"damage":0,"enemies":"Maw","floor":48,"turns":5},{"damage":31,"enemies":"Donu and Deca","floor":50,"turns":5},{"damage":10,"enemies":"Shield and Spear","floor":54,"turns":3},{"damage":59,"enemies":"The Heart","floor":55,"turns":5}],"seed_played":"3255913125694431410","potions_obtained":[{"floor":1,"key":"ColorlessPotion"},{"floor":4,"key":"Weak Potion"},{"floor":7,"key":"LiquidBronze"},{"floor":13,"key":"AttackPotion"},{"floor":18,"key":"BlessingOfTheForge"},{"floor":23,"key":"BlessingOfTheForge"},{"floor":29,"key":"GamblersBrew"},{"floor":31,"key":"BlessingOfTheForge"},{"floor":38,"key":"LiquidMemories"},{"floor":44,"key":"EssenceOfDarkness"}],"is_trial":false,"path_per_floor":["M","M","?","M","M","E","M","E","T","$","?","E","M","E","R","B",null,"M","?","?","?","?","E","?","R","T","M","E","M","E","M","R","B",null,"M","$","?","M","?","R","E","$","T","E","M","R","M","M","R","B",null,"R","$","E","B",null],"character_chosen":"DEFECT","items_purchased":["Self Repair","Bronze Scales","Self Repair","Coolheaded","Membership Card","Capacitor","War Paint","Calipers","Echo Form","Regal Pillow","Lee\u0027s Waffle","Static Discharge","Pantograph","Juzu Bracelet","Electrodynamics","Whetstone","Emotion Chip","DollysMirror","Boot","Strange Spoon","Strawberry","MerchantsRug","Storm","Seek","DuplicationPotion"],"campfire_rested":2,"item_purchase_floors":[0,0,0,0,0,0,0,0,0,0,0,10,10,10,42,42,42,42,53,53,53,53,53,53,53],"current_hp_per_floor":[82,82,82,77,80,76,76,72,72,72,72,54,71,27,66,62,77,82,82,82,82,82,53,53,82,82,63,62,60,53,38,59,82,82,82,82,82,82,82,82,75,75,75,82,82,82,70,82,82,65,78,82,89,86,44],"gold":932,"neow_bonus":"","is_daily":false,"chose_seed":false,"campfire_upgraded":4,"win_rate":0.0,"timestamp":1611089475,"path_taken":["M","M","?","M","?","E","M","E","T","$","?","E","M","E","R","BOSS","M","?","?","?","?","E","?","R","T","M","E","M","E","M","R","BOSS","M","$","?","M","?","R","E","$","T","E","M","R","M","M","R","BOSS","R","$","E","BOSS"],"items_purchased_type":["Card","Relic","Card","Card","Relic","Card","Relic","Relic","Card","Relic","Relic","Card","Relic","Relic","Card","Relic","Relic","Relic","Relic","Relic","Relic","Relic","Card","Card","Potion"],"build_version":"2020-12-22","purchased_purges":1,"victory":true,"max_hp_per_floor":[82,82,82,82,82,82,82,82,82,82,82,82,82,82,82,82,82,82,82,82,82,82,82,82,82,82,82,82,82,82,82,82,82,82,82,82,82,82,82,82,82,82,82,82,82,82,82,82,82,82,82,82,89,89,89],"card_choices":[{"not_picked":["Conserve Battery","Turbo"],"picked":"Coolheaded","floor":1},{"not_picked":["White Noise","Steam"],"picked":"Defragment","floor":2},{"not_picked":["Rebound","Leap"],"picked":"Sweeping Beam","floor":4},{"not_picked":["Turbo","Fusion"],"picked":"Lockon","floor":5},{"not_picked":["Doom and Gloom","Recycle"],"picked":"Barrage","floor":6},{"not_picked":["Melter","Steam","Skim"],"picked":"SKIP","floor":7},{"not_picked":["Steam","Skim"],"picked":"Melter","floor":7},{"not_picked":["Storm","Steam Power"],"picked":"Echo Form","floor":8},{"not_picked":["Chill","Steam Power","Darkness"],"picked":"Electrodynamics","floor":12},{"not_picked":["Ball Lightning","Double Energy","Scrape"],"picked":"Streamline","floor":13},{"not_picked":["Double Energy","Fusion","Barrage"],"picked":"Capacitor","floor":14},{"not_picked":["Echo Form","Reboot","Multi-Cast"],"picked":"Buffer","floor":16},{"not_picked":["Melter","Barrage+1","Compile Driver"],"picked":"Conserve Battery","floor":18},{"not_picked":["Skim+1","Leap","FTL"],"picked":"Conserve Battery","floor":23},{"not_picked":["Sweeping Beam","Turbo","Leap"],"picked":"Loop","floor":27},{"not_picked":["Stack","Gash","FTL"],"picked":"Heatsinks","floor":28},{"not_picked":["Steam+1","Compile Driver","Scrape","FTL"],"picked":"SKIP","floor":29},{"not_picked":["Rainbow","Turbo+1","Self Repair"],"picked":"Coolheaded","floor":30},{"not_picked":["Scrape","Blizzard+1","Beam Cell"],"picked":"Static Discharge","floor":31},{"not_picked":["Thunder Strike","Seek","Amplify"],"picked":"Creative AI","floor":33},{"not_picked":["Barrage+1","Compile Driver+1","Conserve Battery+1"],"picked":"Capacitor","floor":35},{"not_picked":["Rebound","Barrage+1","Gash"],"picked":"Streamline+1","floor":38},{"not_picked":["All For One","Rip and Tear","Rebound","Go for the Eyes+1"],"picked":"SKIP","floor":41},{"not_picked":["Scrape","Capacitor","Go for the Eyes"],"picked":"Buffer","floor":44},{"not_picked":["Compile Driver+1","Static Discharge","Undo+1"],"picked":"Seek","floor":45},{"not_picked":["Streamline","Redo","Gash"],"picked":"Coolheaded+1","floor":47},{"not_picked":["Skim+1","Cold Snap","Ball Lightning","Steam"],"picked":"SKIP","floor":48},{"not_picked":["Redo","Fusion+1","Hyperbeam"],"picked":"Seek","floor":54}],"player_experience":455669,"relics_obtained":[{"floor":6,"key":"Ice Cream"},{"floor":8,"key":"CeramicFish"},{"floor":9,"key":"Question Card"},{"floor":12,"key":"Shuriken"},{"floor":14,"key":"PreservedInsect"},{"floor":23,"key":"Omamori"},{"floor":28,"key":"Mummified Hand"},{"floor":30,"key":"Eternal Feather"},{"floor":41,"key":"Centennial Puzzle"},{"floor":43,"key":"Orichalcum"},{"floor":44,"key":"Bag of Preparation"},{"floor":54,"key":"DataDisk"}],"event_choices":[{"damage_healed":0,"gold_gain":0,"player_choice":"1 cards matched","damage_taken":0,"max_hp_gain":0,"max_hp_loss":0,"event_name":"Match and Keep!","floor":3,"gold_loss":0,"cards_obtained":["Glacier"]},{"damage_healed":0,"gold_gain":0,"player_choice":"Left Gold","damage_taken":0,"max_hp_gain":0,"max_hp_loss":0,"event_name":"World of Goop","floor":11,"gold_loss":11},{"damage_healed":0,"gold_gain":0,"player_choice":"Ignored","damage_taken":0,"max_hp_gain":0,"max_hp_loss":0,"event_name":"Ghosts","floor":19,"gold_loss":0},{"damage_healed":0,"gold_gain":0,"cards_transformed":["Strike_B","Defend_B"],"player_choice":"Became Test Subject","damage_taken":0,"max_hp_gain":0,"max_hp_loss":0,"event_name":"Drug Dealer","floor":20,"gold_loss":0,"cards_obtained":["Rip and Tear","Redo"]},{"damage_healed":0,"gold_gain":0,"player_choice":"Bet on Murderer","damage_taken":0,"max_hp_gain":0,"max_hp_loss":0,"event_name":"The Joust","floor":21,"gold_loss":50},{"damage_healed":0,"gold_gain":0,"player_choice":"Ignored","damage_taken":0,"max_hp_gain":0,"max_hp_loss":0,"event_name":"The Mausoleum","floor":22,"gold_loss":0},{"damage_healed":0,"gold_gain":0,"player_choice":"Traded Relic","damage_taken":0,"relics_obtained":["Nloth\u0027s Gift"],"max_hp_gain":0,"max_hp_loss":0,"event_name":"N\u0027loth","floor":24,"relics_lost":["Shuriken"],"gold_loss":0},{"damage_healed":0,"gold_gain":0,"player_choice":"Ignored","damage_taken":0,"max_hp_gain":0,"max_hp_loss":0,"event_name":"SecretPortal","floor":37,"gold_loss":0},{"damage_healed":0,"gold_gain":999,"player_choice":"Gold","damage_taken":0,"max_hp_gain":0,"max_hp_loss":0,"event_name":"MindBloom","floor":39,"gold_loss":0,"cards_obtained":["Normality","Normality"]}],"is_beta":false,"boss_relics":[{"not_picked":["Empty Cage","Runic Pyramid"],"picked":"SlaversCollar"},{"not_picked":["Runic Dome","Black Star"],"picked":"Nuclear Battery"}],"items_purged_floors":[42],"is_endless":false,"potions_floor_spawned":[1,4,7,13,18,23,29,30,31,38,44,48],"ascension_level":12}}