{"host":"tm3ghj8mno6gwywm","time":1611067367,"event":{"mods":["2.2 Compatiblity","AchievementEnabler","Bard","BaseMod","Beaked The Cultist","Better Third Choice","Colored Map","Colored Powertips","Conspire","Downfall","Glutton Mod","GungeonMod","Halation","Hermit","Hubris","Infinite Spire","Jorbs\u0027s Wanderer Trilogy","Mad Scientist","Marisa????????","Marked Mod","Mimic Mod","Minty Spire (QoL Compilation)","Potionbrewer","Quick Restart","Shade Mod","Shop Mod","Somnambulant","Spicy Shops","StSLib","SuperFastMode","The Bug Knight","The Construct","The Cursed","The Disciple","The Factory","The Hierophant","The IronCluck","The Judge","The Jungle","The Necromancer","The Runesmith","The Servant 0.9.4","egg"],"gold_per_floor":[99,13,13,27,27,44,78,26,26,52,68,68,68,81,93,196,196,96,106,206,48,48,63,111,125,25,25,25,44,38,67,87,198,207,107,134,156,180,389,431,473,501,529,563,584,584,612,621,644,644,644,686,389,389,393,405,405],"floor_reached":56,"language":"ENG","playtime":2663,"items_purged":["Parasite","Doubt"],"score":863,"play_id":"0bc8ae2d-0c96-4556-928f-6444e5376ce2","local_time":"20210119094247","is_ascension_mode":false,"campfire_choices":[{"floor":1,"key":"RECALL"},{"floor":9,"key":"REST"},{"floor":12,"key":"REST"},{"floor":18,"key":"REST"},{"floor":26,"key":"REST"},{"floor":35,"key":"REST"},{"floor":46,"key":"REST"},{"floor":54,"key":"REST"}],"circlet_count":0,"master_deck":["bronze:Strike","bronze:Strike","bronze:Strike","bronze:Strike","bronze:Defend","bronze:Defend","bronze:Defend","bronze:Defend","bronze:Replicate","bronze:Goto+1","bronze:BronzeOrb+1","bronze:AlphaBuild+1","bronze:BronzeOrb+1","bronze:InfiniteBeams+1","bronze:DelayedGuard+1","bronze:Boost+1","bronze:Separator+1","bronze:DelayedSlice+1","bronze:Fortify+1","bronze:Constructor+1","bronze:ThunderWave+1","bronze:ItsAFeature+1","bronze:ChosenStrike+1","bronze:Overheat+1","bronze:ClassDefault+1","bronze:WhirlingStrike+1","bronze:RecursiveStrike+1","bronze:GetLatest+1","bronze:BronzeOrb+1","bronze:ShipIt+1","bronze:Repair+1","bronze:CutThrough+1","bronze:ForceShield+1","bronze:Turbo+1","bronze:MaxOutput+1","bronze:BronzeArmor+1","bronze:Shell+1","bronze:Frontload+1","bronze:BuggyMess+1","bronze:WildBeam+1","bronze:Turbo+1","bronze:HardenedForm+1","bronze:Verify+1","bronze:CloningBeam+1","bronze:Iterate+1","bronze:BugBarrage+1","Decay"],"relics":["bronze:BronzeCore","WingedGreaves","Lizard Tail","Mummified Hand","Black Star","Molten Egg 2","Toxic Egg 2","Frozen Egg 2","Membership Card","DemoMod:Metronome","Thread and Needle","halation:PenCase","bronze:BottledCode","Fusion Hammer","downfall:HeartBlessingBlue","hubris:Zylophone","DemoMod:DecoyRelic","bronze:SilverBullet","bronze:ProtectiveGoggles","MutagenicStrength","infinitespire:Midas Blood","CeramicFish","downfall:HeartBlessingGreen","beaked:SacredDeck","downfall:HeartBlessingRed","White Beast Statue","Orrery","Shuriken","HollowMod:LifeEnderRelic","DemoMod:ResourcefulSack","Du-Vu Doll","infinitespire:Satchel","conspire:TopHat","potionbrewer:SlideRule","Gremlin Horn","DemoMod:PinkGuonStone","potionbrewer:Keyblade","ClockworkSouvenir"],"acts_visited":["Exordium","TheCity","TheBeyond","TheEnding"],"potions_floor_usage":[16,16,33,33,50,50,50,52,55,55,56],"damage_taken":[{"damage":0,"enemies":"downfall:FleeingMerchant","floor":2,"turns":4},{"damage":0,"enemies":"2 Louse","floor":4,"turns":3},{"damage":5,"enemies":"Jaw Worm","floor":6,"turns":5},{"damage":0,"enemies":"Cultist","floor":7,"turns":8},{"damage":5,"enemies":"downfall:FleeingMerchant","floor":8,"turns":4},{"damage":21,"enemies":"Lagavulin","floor":10,"turns":5},{"damage":0,"enemies":"Cultist","floor":11,"turns":3},{"damage":0,"enemies":"3 Louse","floor":14,"turns":2},{"damage":0,"enemies":"Blue Slaver","floor":15,"turns":3},{"damage":43,"enemies":"DF_ARCHETYPE_STREAMLINE","floor":16,"turns":13},{"damage":0,"enemies":"Chosen","floor":19,"turns":5},{"damage":0,"enemies":"IC_STATUS_ARCHETYPE","floor":20,"turns":7},{"damage":0,"enemies":"downfall:FleeingMerchant","floor":21,"turns":4},{"damage":0,"enemies":"3 Cultists","floor":23,"turns":3},{"damage":10,"enemies":"conspire:HollyBat","floor":24,"turns":6},{"damage":4,"enemies":"conspire:HollyBat","floor":25,"turns":6},{"damage":0,"enemies":"Snake Plant","floor":29,"turns":2},{"damage":0,"enemies":"downfall:FleeingMerchant","floor":30,"turns":4},{"damage":0,"enemies":"3 Cultists","floor":31,"turns":2},{"damage":0,"enemies":"conspire:HollyBat","floor":32,"turns":8},{"damage":29,"enemies":"WA_ARCHETYPE_CALM","floor":33,"turns":7},{"damage":0,"enemies":"Orb Walker","floor":36,"turns":2},{"damage":0,"enemies":"3 Darklings","floor":37,"turns":2},{"damage":9,"enemies":"Maw","floor":38,"turns":8},{"damage":0,"enemies":"downfall:FleeingMerchant","floor":39,"turns":1},{"damage":15,"enemies":"Nemesis","floor":40,"turns":5},{"damage":0,"enemies":"Sphere and 2 Shapes","floor":41,"turns":6},{"damage":0,"enemies":"Sphere and 2 Shapes","floor":42,"turns":3},{"damage":0,"enemies":"3 Darklings","floor":43,"turns":2},{"damage":0,"enemies":"HollowMod:StalkingDevout","floor":44,"turns":3},{"damage":18,"enemies":"Maw","floor":45,"turns":6},{"damage":42,"enemies":"Transient","floor":47,"turns":5},{"damage":5,"enemies":"Spire Growth","floor":49,"turns":3},{"damage":0,"enemies":"IC_BLOCK_ARCHETYPE","floor":50,"turns":7},{"damage":101,"enemies":"downfall:CharBossMerchant","floor":52,"turns":8},{"damage":10,"enemies":"downfall:NeowBoss","floor":55,"turns":12},{"damage":68,"enemies":"downfall:NeowBossFinal","floor":56,"turns":5}],"seed_played":"-6912855459820888167","potions_obtained":[{"floor":4,"key":"potionbrewer:BarricadePotion"},{"floor":11,"key":"Explosive Potion"},{"floor":14,"key":"Regen Potion"},{"floor":16,"key":"Swift Potion"},{"floor":25,"key":"potionbrewer:AcidPotion"},{"floor":36,"key":"bronze:CleanCodePotion"},{"floor":40,"key":"potionbrewer:NoxiousPotion"},{"floor":43,"key":"potionbrewer:SplittingPotion"},{"floor":52,"key":"potionbrewer:FreezingPotion"}],"is_trial":false,"path_per_floor":["R","$","?","M","?","M","MIM","$","R","E","M","R","?","M","M","B",null,"R","M","?","$","?","M","MIM","M","R","?","?","M","$","M","M","B",null,"R","M","M","M","$","E","MIM","M","M","E","M","R","M","?","M","B",null,"E","$","R","B","B"],"character_chosen":"THE_AUTOMATON","items_purchased":["bronze:AlphaBuild+1","bronze:BronzeOrb+1","bronze:Fortify+1","bronze:SilverBullet","bronze:ProtectiveGoggles","White Beast Statue","Orrery","DemoMod:PinkGuonStone","potionbrewer:Keyblade","ClockworkSouvenir","ColorlessPotion"],"campfire_rested":7,"item_purchase_floors":[2,2,8,21,21,39,39,53,53,53,53],"current_hp_per_floor":[77,77,77,77,77,72,72,67,77,56,56,77,67,67,67,39,67,77,77,77,74,74,74,64,60,74,74,74,74,74,74,74,45,74,74,74,74,68,68,59,59,59,59,59,51,73,32,74,74,74,74,25,32,56,56,0,0],"gold":405,"neow_bonus":"TEN_PERCENT_HP_BONUS","is_daily":false,"chose_seed":false,"campfire_upgraded":0,"win_rate":0.0,"timestamp":1611067367,"path_taken":["R","$","?","M","?","M","MIM","$","R","E","M","R","?","M","M","BOSS","R","M","?","$","?","M","MIM","M","R","?","?","M","$","M","M","BOSS","R","M","M","M","$","E","MIM","M","?","E","M","R","M","?","M","BOSS","E","$","R","BOSS","BOSS"],"items_purchased_type":["Card","Card","Card","Relic","Relic","Relic","Relic","Relic","Relic","Relic","Potion"],"build_version":"2020-12-22","purchased_purges":2,"victory":false,"max_hp_per_floor":[77,77,77,77,77,77,77,77,77,77,77,77,67,67,67,67,67,77,77,77,74,74,74,74,74,74,74,74,74,74,74,74,74,74,74,74,74,74,74,74,74,74,74,74,74,74,74,74,74,74,74,74,81,81,81,81,81],"card_choices":[{"not_picked":["bronze:Constructor+1","bronze:Repulsor+1"],"picked":"bronze:BronzeOrb+1","floor":2},{"not_picked":["bronze:OilSpill+1","bronze:Iterate+1"],"picked":"bronze:DelayedGuard+1","floor":4},{"not_picked":["bronze:WhirlingStrike+1","bronze:ChildClass+1"],"picked":"bronze:Boost+1","floor":6},{"not_picked":["bronze:Optimize+1","bronze:WildBeam+1"],"picked":"bronze:Separator+1","floor":7},{"not_picked":["bronze:Constructor+1","bronze:Shell+1"],"picked":"bronze:DelayedSlice+1","floor":8},{"not_picked":["bronze:FollowUp+1","bronze:MaxOutput+1","bronze:Safeguard+1"],"picked":"SKIP","floor":10},{"not_picked":["bronze:Overheat+1","bronze:Branch+1","bronze:Separator+1"],"picked":"SKIP","floor":11},{"not_picked":["bronze:BitShift+1","bronze:ThunderWave+1"],"picked":"bronze:Constructor+1","floor":14},{"not_picked":["bronze:Constructor+1","bronze:Overheat+1","bronze:Invalidate+1"],"picked":"SKIP","floor":15},{"not_picked":["bronze:CleanCode+1","bronze:SpaghettiCode+1"],"picked":"bronze:ThunderWave+1","floor":16},{"not_picked":["bronze:Deprecate+1","bronze:BuggyMess+1"],"picked":"bronze:ItsAFeature+1","floor":19},{"not_picked":["bronze:BitShift+1","bronze:WildBeam+1"],"picked":"bronze:ChosenStrike+1","floor":20},{"not_picked":["bronze:Branch+1","bronze:Fortify+1"],"picked":"bronze:Overheat+1","floor":21},{"not_picked":["bronze:ThunderWave+1","bronze:Fortify+1"],"picked":"bronze:ClassDefault+1","floor":23},{"not_picked":["bronze:Deprecate+1","bronze:Shield+1"],"picked":"bronze:WhirlingStrike+1","floor":24},{"not_picked":["bronze:Invalidate+1","bronze:Safeguard+1","bronze:MaxOutput+1"],"picked":"SKIP","floor":25},{"not_picked":["bronze:Philosophize+1","bronze:OilSpill+1"],"picked":"bronze:RecursiveStrike+1","floor":29},{"not_picked":["bronze:BitShift+1","bronze:WhirlingStrike+1"],"picked":"bronze:GetLatest+1","floor":30},{"not_picked":["bronze:Invalidate+1","bronze:Backtrace+1"],"picked":"bronze:BronzeOrb+1","floor":31},{"not_picked":["bronze:Separator+1","bronze:Overheat+1","bronze:BronzeOrb+1"],"picked":"SKIP","floor":32},{"not_picked":["bronze:RecursiveStrike+1","bronze:AlphaBuild+1"],"picked":"bronze:ShipIt+1","floor":33},{"not_picked":["bronze:DelayedGuard+1","bronze:BuggyMess+1"],"picked":"bronze:CutThrough+1","floor":36},{"not_picked":["bronze:BronzeOrb+1","bronze:FindAndReplace+1"],"picked":"bronze:ForceShield+1","floor":37},{"not_picked":["bronze:CutThrough+1","bronze:InfiniteBeams+1","bronze:FollowUp+1"],"picked":"SKIP","floor":38},{"not_picked":["bronze:Deprecate+1","bronze:WhirlingStrike+1"],"picked":"bronze:Turbo+1","floor":39},{"not_picked":["bronze:Turbo+1","bronze:BitShift+1"],"picked":"bronze:MaxOutput+1","floor":39},{"not_picked":["bronze:WhirlingStrike+1","bronze:OilSpill+1"],"picked":"bronze:BronzeArmor+1","floor":39},{"not_picked":["bronze:Flail+1","bronze:Break+1"],"picked":"bronze:Shell+1","floor":39},{"not_picked":["bronze:Safeguard+1","bronze:Boost+1"],"picked":"bronze:Frontload+1","floor":39},{"not_picked":["bronze:InfiniteBeams+1","bronze:OilSpill+1"],"picked":"bronze:BuggyMess+1","floor":40},{"not_picked":["bronze:ChosenStrike+1","bronze:Overheat+1"],"picked":"bronze:WildBeam+1","floor":41},{"not_picked":["bronze:GetLatest+1","bronze:WhirlingStrike+1"],"picked":"bronze:Turbo+1","floor":42},{"not_picked":["bronze:ChosenStrike+1","bronze:BugBarrage+1"],"picked":"bronze:HardenedForm+1","floor":43},{"not_picked":["bronze:Optimize+1","bronze:Separator+1"],"picked":"bronze:Verify+1","floor":44},{"not_picked":["bronze:BugBarrage+1","bronze:Separator+1","bronze:Refactor+1"],"picked":"SKIP","floor":45},{"not_picked":["bronze:ChildClass+1","bronze:Turbo+1"],"picked":"bronze:CloningBeam+1","floor":47},{"not_picked":["bronze:CutThrough+1","bronze:DelayedGuard+1"],"picked":"bronze:Iterate+1","floor":49},{"not_picked":["bronze:NullPointer+1","bronze:AlphaBuild+1"],"picked":"bronze:BugBarrage+1","floor":52}],"player_experience":817563,"relics_obtained":[{"floor":7,"key":"DemoMod:Metronome"},{"floor":10,"key":"Thread and Needle"},{"floor":10,"key":"halation:PenCase"},{"floor":20,"key":"hubris:Zylophone"},{"floor":20,"key":"DemoMod:DecoyRelic"},{"floor":24,"key":"infinitespire:Midas Blood"},{"floor":24,"key":"CeramicFish"},{"floor":40,"key":"Shuriken"},{"floor":40,"key":"HollowMod:LifeEnderRelic"},{"floor":41,"key":"DemoMod:ResourcefulSack"},{"floor":41,"key":"Du-Vu Doll"},{"floor":44,"key":"infinitespire:Satchel"},{"floor":44,"key":"conspire:TopHat"},{"floor":52,"key":"potionbrewer:SlideRule"},{"floor":52,"key":"Gremlin Horn"}],"event_choices":[{"damage_healed":0,"gold_gain":0,"player_choice":"Ignored","damage_taken":0,"max_hp_gain":0,"max_hp_loss":0,"event_name":"NoteForYourself","floor":5,"gold_loss":0},{"damage_healed":0,"gold_gain":0,"player_choice":"Inject Mutagens","damage_taken":0,"relics_obtained":["MutagenicStrength"],"max_hp_gain":0,"max_hp_loss":0,"event_name":"Drug Dealer","floor":22,"gold_loss":0}],"is_beta":false,"boss_relics":[{"not_picked":["Pandora\u0027s Box","beaked:MawFillet"],"picked":"Fusion Hammer"},{"not_picked":["construct:ClawGrip","halation:ForbiddenBikini"],"picked":"beaked:SacredDeck"}],"items_purged_floors":[21,53],"is_endless":false,"potions_floor_spawned":[4,11,14,15,16,25,29,31,32,36,40,41,42,43,44,45,47,49,52],"killed_by":"downfall:NeowBossFinal","ascension_level":0}}