{"host":"u4pncpybdtxxvw4r","time":1611070279,"event":{"mods":["AchievementEnabler","BaseMod","Block Reminder","Colored Powertips","Downfall","Marisa£®ÏF”Í°°ƒß¿Ì…≥£©","Minty Spire (QoL Compilation)","Permanent Neow","Potion Indicator Mod","Rare Cards Sparkle","StSLib","SuperFastMode"],"gold_per_floor":[99,110,123,48,63,13,38,38,38,38,70,20,53,73,92,193,193,43,54,454,474,474,474,474,474,484,334,353,384,134,161,181,284,284,234,245,0,0,0,0,81,96,46,93,112,212,212,228,245,245,245,245,245,245],"floor_reached":52,"language":"ZHS","playtime":3147,"items_purged":["Slimebound:Strike_Slimebound"],"score":700,"play_id":"20d7a9a6-02f5-4b4c-87fa-1a6af8b46e71","local_time":"20210119233119","is_ascension_mode":false,"campfire_choices":[{"floor":1,"key":"RECALL"},{"data":"Slimebound:Split","floor":6,"key":"SMITH"},{"floor":8,"key":"REST"},{"floor":12,"key":"REST"},{"floor":18,"key":"DIG"},{"floor":30,"key":"REST"},{"floor":35,"key":"DIG"},{"floor":40,"key":"DIG"},{"floor":43,"key":"DIG"}],"circlet_count":0,"master_deck":["Slimebound:Strike_Slimebound","Slimebound:Strike_Slimebound","Slimebound:Tackle","Slimebound:Defend_Slimebound","Slimebound:Defend_Slimebound","Slimebound:Defend_Slimebound","Slimebound:Defend_Slimebound","Slimebound:Split+1","Slimebound:CorrosiveSpit","Slimebound:Prepare","Slimebound:SplitAcid","Slimebound:SplitBruiser","Slimebound:RollThrough","Slimebound:PressTheAttack","Slimebound:Nibble","Slimebound:Chomp","Slimebound:MegaLick","Slimebound:DisruptingSlam","Slimebound:SlimeBarrage","Slimebound:SplitLeeching","Pride","RitualDagger+1","Slimebound:LeadByExample","Slimebound:MinionMaster","Slimebound:GoopSpray+1","Slimebound:SlimeTap+1","Slimebound:FormOfPuddle","Slimebound:RainOfGoop","Slimebound:SelfFormingGoo","Wraith","Slimebound:ViciousTackle+1","Slimebound:SlimeBarrage+1","Slimebound:Darklings"],"relics":["Slimebound:AbsorbEndCombat","Slimebound:GreedOozeRelic","Regal Pillow","Shovel","Dream Catcher","Velvet Choker","downfall:HeartBlessingRed","InkBottle","Old Coin","Kunai","Art of War","Lizard Tail","Ornamental Fan","downfall:HeartBlessingGreen","downfall:HeartBlessingBlue","Juzu Bracelet","Sozu","StoneCalendar","Anchor","Pocketwatch","Shuriken","Orichalcum","Unceasing Top"],"acts_visited":["Exordium","TheCity","TheBeyond","TheEnding"],"potions_floor_usage":[16,16,16,16,16,33,33,33,33,33,42],"damage_taken":[{"damage":0,"enemies":"Cultist","floor":2,"turns":5},{"damage":9,"enemies":"Jaw Worm","floor":3,"turns":4},{"damage":3,"enemies":"2 Louse","floor":5,"turns":2},{"damage":36,"enemies":"3 Sentries","floor":11,"turns":6},{"damage":19,"enemies":"Lagavulin","floor":13,"turns":5},{"damage":0,"enemies":"Large Slime","floor":14,"turns":4},{"damage":12,"enemies":"Blue Slaver","floor":15,"turns":2},{"damage":23,"enemies":"IC_STATUS_ARCHETYPE","floor":16,"turns":4},{"damage":13,"enemies":"Spheric Guardian","floor":19,"turns":4},{"damage":17,"enemies":"WA_ARCHETYPE_RETAIN","floor":20,"turns":5},{"damage":0,"enemies":"Chosen and Byrds","floor":21,"turns":2},{"damage":24,"enemies":"Shelled Parasite and Fungi","floor":26,"turns":4},{"damage":24,"enemies":"Sentry and Sphere","floor":28,"turns":4},{"damage":11,"enemies":"Gremlin Leader","floor":29,"turns":5},{"damage":31,"enemies":"Book of Stabbing","floor":31,"turns":5},{"damage":14,"enemies":"Centurion and Healer","floor":32,"turns":6},{"damage":19,"enemies":"DF_ARCHETYPE_CLAW","floor":33,"turns":8},{"damage":6,"enemies":"3 Shapes","floor":36,"turns":4},{"damage":0,"enemies":"downfall:FleeingMerchant","floor":37,"turns":4},{"damage":0,"enemies":"downfall:FleeingMerchant","floor":38,"turns":4},{"damage":8,"enemies":"3 Darklings","floor":42,"turns":5},{"damage":36,"enemies":"2 Orb Walkers","floor":44,"turns":4},{"damage":0,"enemies":"Maw","floor":45,"turns":7},{"damage":11,"enemies":"Spire Growth","floor":48,"turns":5},{"damage":0,"enemies":"Sphere and 2 Shapes","floor":49,"turns":3},{"damage":43,"enemies":"SI_POISON_ARCHETYPE","floor":50,"turns":8},{"damage":167,"enemies":"downfall:CharBossMerchant","floor":52,"turns":9}],"seed_played":"8554831885262135271","potions_obtained":[{"floor":5,"key":"Fire Potion"},{"floor":11,"key":"EntropicBrew"},{"floor":16,"key":"EntropicBrew"},{"floor":19,"key":"DuplicationPotion"},{"floor":23,"key":"CultistPotion"},{"floor":29,"key":"Fire Potion"}],"is_trial":false,"path_per_floor":["R","M","M","?","M","R","T","R","?","?","E","R","E","M","M","B",null,"R","M","?","M","?","?","T","?","M","?","M","E","R","E","M","B",null,"R","M","$","$","?","R","T","M","R","?","M","?","?","M","M","B",null,"E"],"character_chosen":"SLIMEBOUND","items_purchased":["Anchor"],"campfire_rested":3,"item_purchase_floors":[37],"current_hp_per_floor":[65,65,58,58,55,55,55,65,53,53,17,51,40,42,34,15,65,65,54,41,43,43,43,43,43,23,75,51,48,85,56,48,37,85,85,85,85,85,85,85,85,85,85,53,61,61,61,56,60,23,85,0,0,0],"gold":245,"neow_bonus":"THREE_CARDS","is_daily":false,"chose_seed":false,"campfire_upgraded":1,"win_rate":0.0,"timestamp":1611070279,"path_taken":["R","M","M","?","M","R","T","R","?","?","E","R","E","M","M","BOSS","R","M","?","M","?","?","T","?","M","?","M","E","R","E","M","BOSS","R","M","?","$","?","R","T","M","R","?","M","?","?","M","M","BOSS","E"],"items_purchased_type":["Relic"],"build_version":"2020-12-22","purchased_purges":1,"victory":false,"max_hp_per_floor":[65,65,65,65,65,65,65,65,65,65,65,65,65,65,65,65,65,65,65,65,65,65,65,65,65,65,75,75,75,85,85,85,85,85,85,85,85,85,85,85,85,85,85,85,85,85,85,85,85,85,85,85,85,85],"card_choices":[{"not_picked":["Slimebound:LeechEnergy","Slimebound:Dissolve"],"picked":"Slimebound:Prepare","floor":0},{"not_picked":["Slimebound:MegaLick","Slimebound:ForwardTackle"],"picked":"Slimebound:SplitAcid","floor":2},{"not_picked":["Slimebound:Dissolve","Slimebound:SplitAcid"],"picked":"Slimebound:SplitBruiser","floor":3},{"not_picked":["Slimebound:SlimeSpikes","Slimebound:GoopTackle"],"picked":"Slimebound:RollThrough","floor":5},{"not_picked":["Slimebound:SamplingLick","Slimebound:HauntingLick"],"picked":"Slimebound:PressTheAttack","floor":11},{"not_picked":["Slimebound:SpikyOuterGoop","Slimebound:MassFeed"],"picked":"Slimebound:Nibble","floor":13},{"not_picked":["Slimebound:SamplingLick","Slimebound:Equalize"],"picked":"Slimebound:Chomp","floor":14},{"not_picked":["Slimebound:SplitAcid","Slimebound:FinishingTackle"],"picked":"Slimebound:MegaLick","floor":15},{"not_picked":["Slimebound:DuplicatedForm","Slimebound:OozeBath"],"picked":"Slimebound:OneTwoCombo","floor":16},{"not_picked":["Slimebound:MegaLick","Slimebound:LeechingTouch"],"picked":"Slimebound:DisruptingSlam","floor":19},{"not_picked":["Slimebound:Prepare+1","Slimebound:PressTheAttack+1"],"picked":"Slimebound:SlimeBarrage","floor":20},{"not_picked":["Slimebound:RainOfGoop","Slimebound:GoopSpray"],"picked":"Slimebound:SplitLeeching","floor":21},{"not_picked":["Slimebound:GrowthPunch","Slimebound:ViciousTackle"],"picked":"Slimebound:MinionMaster","floor":26},{"not_picked":["Slimebound:FlameTackle","Slimebound:LivingWall"],"picked":"Slimebound:GoopSpray+1","floor":28},{"not_picked":["Slimebound:SpikyOuterGoop+1","Slimebound:Grow+1","Slimebound:LeechEnergy"],"picked":"SKIP","floor":29},{"not_picked":["Slimebound:GoopTackle","Slimebound:RollThrough"],"picked":"Slimebound:SlimeTap+1","floor":30},{"not_picked":["Slimebound:SplitLeeching+1","Slimebound:Gluttony"],"picked":"Slimebound:FormOfPuddle","floor":31},{"not_picked":["Slimebound:RejuvenatingLick","Slimebound:BestDefense"],"picked":"Slimebound:RainOfGoop","floor":32},{"not_picked":["Slimebound:MassFeed","Slimebound:OozeBath"],"picked":"Slimebound:SelfFormingGoo","floor":33},{"not_picked":["Slimebound:SplitBruiser","Slimebound:ViciousTackle","Slimebound:SamplingLick+1"],"picked":"SKIP","floor":36},{"not_picked":["Slimebound:SamplingLick+1","Slimebound:Prepare+1","Slimebound:SplitAcid+1"],"picked":"SKIP","floor":37},{"not_picked":["Slimebound:MegaLick+1","Slimebound:FlameTackle","Slimebound:ComboTackle"],"picked":"SKIP","floor":38},{"not_picked":["Slimebound:ItLooksTasty+1","Slimebound:RollThrough+1"],"picked":"Slimebound:ViciousTackle+1","floor":42},{"not_picked":["Slimebound:SlimeSpikes","Slimebound:Prepare+1"],"picked":"Slimebound:SlimeBarrage+1","floor":44},{"not_picked":["Slimebound:ComboTackle","Slimebound:LivingWall","Slimebound:GrowthPunch"],"picked":"SKIP","floor":45},{"not_picked":["Slimebound:SplitBruiser+1","Slimebound:OneTwoCombo","Slimebound:GoopSpray+1"],"picked":"SKIP","floor":48},{"not_picked":["Slimebound:ItLooksTasty+1","Slimebound:SlimeTap+1","Slimebound:LeechEnergy"],"picked":"SKIP","floor":49}],"player_experience":53860,"relics_obtained":[{"floor":11,"key":"Shovel"},{"floor":13,"key":"Dream Catcher"},{"floor":18,"key":"InkBottle"},{"floor":20,"key":"Old Coin"},{"floor":20,"key":"Kunai"},{"floor":24,"key":"Lizard Tail"},{"floor":29,"key":"Ornamental Fan"},{"floor":31,"key":"Juzu Bracelet"},{"floor":35,"key":"StoneCalendar"},{"floor":40,"key":"Pocketwatch"},{"floor":41,"key":"Shuriken"},{"floor":43,"key":"Orichalcum"},{"floor":44,"key":"Unceasing Top"}],"event_choices":[{"damage_healed":0,"gold_gain":0,"player_choice":"Success","damage_taken":12,"relics_obtained":["Regal Pillow"],"max_hp_gain":0,"max_hp_loss":0,"event_name":"Scrap Ooze","floor":9,"gold_loss":0},{"damage_healed":0,"gold_gain":0,"player_choice":"Stole Relic","damage_taken":0,"relics_obtained":["Art of War"],"max_hp_gain":0,"max_hp_loss":0,"event_name":"Addict","floor":22,"gold_loss":0,"cards_obtained":["Pride"]},{"damage_healed":0,"gold_gain":0,"player_choice":"Read","damage_taken":0,"max_hp_gain":0,"max_hp_loss":0,"event_name":"The Library","floor":25,"gold_loss":0,"cards_obtained":["Slimebound:LeadByExample"]},{"damage_healed":0,"gold_gain":0,"player_choice":"Ignored","damage_taken":0,"max_hp_gain":0,"max_hp_loss":0,"event_name":"OrinTheCat","floor":39,"gold_loss":0},{"damage_healed":0,"gold_gain":0,"player_choice":"Fight","damage_taken":0,"max_hp_gain":0,"max_hp_loss":0,"event_name":"Mysterious Sphere","floor":44,"gold_loss":0}],"is_beta":false,"boss_relics":[{"not_picked":["Philosopher\u0027s Stone","Slimebound:TarBlob"],"picked":"Velvet Choker"},{"not_picked":["Coffee Dripper","Astrolabe"],"picked":"Sozu"}],"items_purged_floors":[37],"is_endless":false,"potions_floor_spawned":[5,11,16,19,28,29,32,42,44,45,49],"killed_by":"downfall:CharBossMerchant","ascension_level":0}}