{"host":"oehe2dxjvdgux73m","time":1611066659,"event":{"mods":["AchievementEnabler","BaseMod","Colored Map","Colored Powertips","DeckTracker","Keyboard Shortcuts","Minty Spire (QoL Compilation)","Permanent Neow","Quick Restart","StSLib","SuperFastMode"],"gold_per_floor":[19,39,55,67,80,80,92,92,116,116,126,136,136,156,156,156,156],"floor_reached":16,"language":"KOR","playtime":551,"items_purged":[],"score":196,"play_id":"e3225ccc-19d6-494d-b670-02f1ee771daf","local_time":"20210119233059","is_ascension_mode":true,"campfire_choices":[{"data":"Cloak And Dagger","floor":6,"key":"SMITH"},{"data":"Neutralize","floor":8,"key":"SMITH"},{"data":"Tactician","floor":10,"key":"SMITH"},{"data":"Blade Dance","floor":15,"key":"SMITH"}],"circlet_count":0,"master_deck":["AscendersBane","Strike_G","Strike_G","Strike_G","Defend_G","Defend_G","Defend_G","Defend_G","Defend_G","Survivor","Neutralize+1","Cloak And Dagger+1","Poisoned Stab","Blade Dance+1","Tactician+1","Adrenaline","Bane","Backflip","Leg Sweep"],"relics":["Ring of the Snake","Bag of Preparation"],"acts_visited":["Exordium"],"potions_floor_usage":[7,11,16],"damage_taken":[{"damage":15,"enemies":"Cultist","floor":1,"turns":5},{"damage":4,"enemies":"Jaw Worm","floor":2,"turns":6},{"damage":0,"enemies":"Small Slimes","floor":3,"turns":4},{"damage":0,"enemies":"Looter","floor":4,"turns":4},{"damage":3,"enemies":"Blue Slaver","floor":5,"turns":5},{"damage":0,"enemies":"Exordium Wildlife","floor":7,"turns":5},{"damage":12,"enemies":"Exordium Thugs","floor":11,"turns":5},{"damage":2,"enemies":"3 Louse","floor":12,"turns":3},{"damage":1,"enemies":"Looter","floor":14,"turns":3},{"damage":27,"enemies":"The Guardian","floor":16,"turns":9}],"seed_played":"-567668602586290526","potions_obtained":[{"floor":1,"key":"DistilledChaos"},{"floor":3,"key":"PowerPotion"},{"floor":7,"key":"Fruit Juice"},{"floor":12,"key":"GamblersBrew"}],"is_trial":false,"path_per_floor":["M","M","M","M","M","R","M","R","T","R","M","M","?","M","R","B"],"character_chosen":"THE_SILENT","items_purchased":[],"campfire_rested":0,"item_purchase_floors":[],"current_hp_per_floor":[44,40,40,40,37,37,42,42,42,42,30,28,28,27,27,0,0],"gold":156,"neow_bonus":"REMOVE_TWO","is_daily":false,"chose_seed":false,"campfire_upgraded":4,"win_rate":0.0,"timestamp":1611066659,"path_taken":["M","?","M","M","?","R","M","R","T","R","M","M","?","M","R","BOSS"],"items_purchased_type":[],"build_version":"2020-12-22","purchased_purges":0,"victory":false,"max_hp_per_floor":[66,66,66,66,66,66,71,71,71,71,71,71,71,71,71,71,71],"card_choices":[{"not_picked":["Predator","Sucker Punch"],"picked":"Cloak And Dagger","floor":1},{"not_picked":["Backflip","Riddle With Holes"],"picked":"Poisoned Stab","floor":2},{"not_picked":["Caltrops","Backstab"],"picked":"Blade Dance","floor":3},{"not_picked":["Bouncing Flask","Reflex"],"picked":"Tactician","floor":4},{"not_picked":["Blade Dance","Reflex"],"picked":"Adrenaline","floor":5},{"not_picked":["Poisoned Stab","Underhanded Strike"],"picked":"Bane","floor":7},{"not_picked":["Caltrops","Setup","All Out Attack"],"picked":"SKIP","floor":11},{"not_picked":["Predator","Deadly Poison"],"picked":"Backflip","floor":12},{"not_picked":["Deflect","Dash"],"picked":"Leg Sweep","floor":14}],"player_experience":288184,"relics_obtained":[{"floor":9,"key":"Bag of Preparation"}],"event_choices":[{"damage_healed":0,"gold_gain":0,"player_choice":"Ignored","damage_taken":0,"max_hp_gain":0,"max_hp_loss":0,"event_name":"Golden Idol","floor":13,"gold_loss":0}],"is_beta":false,"boss_relics":[],"items_purged_floors":[],"is_endless":false,"potions_floor_spawned":[1,3,5,7,12],"killed_by":"The Guardian","ascension_level":20}}