{"host":"sav7uxregyirlf69","time":1611061275,"event":{"mods":["AchievementEnabler","BaseMod","Colored Map","DeckTracker","Keyboard Shortcuts","Minty Spire (QoL Compilation)","READ ME - Guardian Mod","StSLib","SuperFastMode"],"gold_per_floor":[19,19,34,34,34,34,48,64,91,103,113,130,130,161,161,239,239,258,16,35,51,68,68,68],"floor_reached":23,"language":"KOR","playtime":406,"items_purged":["Strike_R"],"score":394,"play_id":"0b5646c0-c583-4cd7-8ec9-9f14563c6d97","local_time":"20210119220115","is_ascension_mode":true,"campfire_choices":[{"data":"Inflame","floor":6,"key":"SMITH"},{"data":"Sword Boomerang","floor":13,"key":"SMITH"},{"data":"Demon Form","floor":15,"key":"SMITH"}],"circlet_count":0,"master_deck":["AscendersBane","Strike_R","Defend_R","Defend_R","Defend_R","Bash","Inflame+1","Metallicize","Cleave","Feel No Pain","Burning Pact","Flex","Dropkick","Sword Boomerang+1","Demon Form+1","Feed","Barricade","Fire Breathing","Body Slam","Evolve"],"relics":["Burning Blood","Orichalcum","Bronze Scales","Charon\u0027s Ashes","Coffee Dripper"],"acts_visited":["Exordium","TheCity"],"potions_floor_usage":[12,20,20,20],"damage_taken":[{"damage":23,"enemies":"Jaw Worm","floor":1,"turns":9},{"damage":9,"enemies":"2 Louse","floor":3,"turns":4},{"damage":0,"enemies":"Cultist","floor":7,"turns":3},{"damage":8,"enemies":"Blue Slaver","floor":8,"turns":4},{"damage":1,"enemies":"2 Fungi Beasts","floor":10,"turns":4},{"damage":8,"enemies":"3 Louse","floor":11,"turns":3},{"damage":0,"enemies":"Gremlin Gang","floor":12,"turns":1},{"damage":12,"enemies":"3 Sentries","floor":14,"turns":5},{"damage":29,"enemies":"Hexaghost","floor":16,"turns":6},{"damage":17,"enemies":"Spheric Guardian","floor":18,"turns":5},{"damage":15,"enemies":"2 Thieves","floor":20,"turns":3},{"damage":15,"enemies":"Snake Plant","floor":21,"turns":3},{"damage":14,"enemies":"Chosen and Byrds","floor":22,"turns":6},{"damage":62,"enemies":"Slavers","floor":23,"turns":3}],"seed_played":"878939347123890708","potions_obtained":[{"floor":7,"key":"GamblersBrew"},{"floor":8,"key":"SmokeBomb"},{"floor":10,"key":"LiquidMemories"},{"floor":14,"key":"EntropicBrew"},{"floor":16,"key":"ColorlessPotion"},{"floor":22,"key":"CultistPotion"}],"is_trial":false,"path_per_floor":["M","?","M","T","?","R","M","M","T","M","M","M","R","E","R","B",null,"M","$","M","M","M","E"],"character_chosen":"IRONCLAD","items_purchased":["Barricade"],"campfire_rested":0,"item_purchase_floors":[19],"current_hp_per_floor":[51,51,48,48,41,41,47,45,45,50,48,54,54,48,48,25,63,52,52,43,34,29,0,0],"gold":68,"neow_bonus":"REMOVE_TWO","is_daily":false,"chose_seed":false,"campfire_upgraded":3,"win_rate":0.0,"timestamp":1611061275,"path_taken":["M","?","M","?","?","R","M","M","T","?","M","M","R","E","R","BOSS","M","$","M","M","M","E"],"items_purchased_type":["Card"],"build_version":"2020-12-22","purchased_purges":1,"victory":false,"max_hp_per_floor":[75,75,75,75,75,75,75,75,75,75,75,75,75,75,75,75,75,75,75,75,75,78,78,78],"card_choices":[{"not_picked":["Warcry","Havoc"],"picked":"Inflame","floor":1},{"not_picked":["Havoc","Power Through"],"picked":"Cleave","floor":3},{"not_picked":["Whirlwind","Combust"],"picked":"Feel No Pain","floor":7},{"not_picked":["Havoc","Armaments"],"picked":"Burning Pact","floor":8},{"not_picked":["Berserk","Cleave"],"picked":"Flex","floor":10},{"not_picked":["Metallicize","Hemokinesis"],"picked":"Dropkick","floor":11},{"not_picked":["Flex","Shrug It Off"],"picked":"Sword Boomerang","floor":12},{"not_picked":["Wild Strike","Iron Wave"],"picked":"Demon Form","floor":14},{"not_picked":["Exhume","Berserk"],"picked":"Feed","floor":16},{"not_picked":["Sword Boomerang","Headbutt","Iron Wave+1"],"picked":"SKIP","floor":18},{"not_picked":["Heavy Blade","Spot Weakness"],"picked":"Fire Breathing","floor":20},{"not_picked":["Shockwave","Warcry"],"picked":"Body Slam","floor":21},{"not_picked":["Clash","Spot Weakness"],"picked":"Evolve","floor":22}],"player_experience":1319465,"relics_obtained":[{"floor":4,"key":"Orichalcum"},{"floor":9,"key":"Bronze Scales"},{"floor":14,"key":"Charon\u0027s Ashes"}],"event_choices":[{"damage_healed":0,"gold_gain":0,"cards_transformed":["Strike_R"],"player_choice":"Change","damage_taken":0,"max_hp_gain":0,"max_hp_loss":0,"event_name":"Living Wall","floor":2,"gold_loss":0,"cards_obtained":["Metallicize"]},{"cards_removed":["Defend_R"],"damage_healed":0,"gold_gain":0,"player_choice":"Card Removal","damage_taken":7,"max_hp_gain":0,"max_hp_loss":0,"event_name":"Golden Wing","floor":5,"gold_loss":0}],"is_beta":false,"boss_relics":[{"not_picked":["Runic Cube","Runic Dome"],"picked":"Coffee Dripper"}],"items_purged_floors":[19],"is_endless":false,"potions_floor_spawned":[7,8,10,14,16,22],"killed_by":"Slavers","ascension_level":20}}