{"host":"ELF","time":1611040238,"event":{"mods":["BaseMod","Bestiary","Minty Spire (QoL Compilation)","Relic Stats","Slay the Relics Exporter"],"gold_per_floor":[115,132,149,74,91,91,91,91,114,143,68,68,87,29,29,29,29],"floor_reached":16,"language":"ENG","playtime":1120,"items_purged":[],"score":195,"play_id":"5f574654-985a-4aee-aa16-d0f3ebabd770","local_time":"20210119011038","is_ascension_mode":true,"campfire_choices":[{"data":"Sever Soul","floor":6,"key":"SMITH"},{"data":"Feel No Pain","floor":8,"key":"SMITH"},{"data":"Pummel","floor":15,"key":"SMITH"}],"circlet_count":0,"master_deck":["AscendersBane","Strike_R","Strike_R","Strike_R","Defend_R","Defend_R","Defend_R","Defend_R","Bash","Feel No Pain+1","Cleave","Impervious+1","Sever Soul+1","Clash","Warcry","Pummel+1"],"relics":["Burning Blood","NeowsBlessing","Omamori","Ancient Tea Set","Art of War"],"acts_visited":["Exordium"],"potions_floor_usage":[10,16,16],"damage_taken":[{"damage":0,"enemies":"Cultist","floor":1,"turns":1},{"damage":0,"enemies":"2 Louse","floor":2,"turns":1},{"damage":0,"enemies":"Small Slimes","floor":3,"turns":1},{"damage":8,"enemies":"Red Slaver","floor":5,"turns":6},{"damage":28,"enemies":"3 Sentries","floor":10,"turns":5},{"damage":3,"enemies":"3 Louse","floor":13,"turns":4},{"damage":48,"enemies":"The Guardian","floor":16,"turns":14}],"seed_played":"8837550687923079221","potions_obtained":[{"floor":1,"key":"PowerPotion"},{"floor":3,"key":"AttackPotion"},{"floor":10,"key":"Weak Potion"}],"is_trial":false,"path_per_floor":["M","M","M","$","M","R","?","R","T","E","?","?","M","?","R","B"],"character_chosen":"IRONCLAD","items_purchased":["Sever Soul"],"campfire_rested":0,"item_purchase_floors":[4],"current_hp_per_floor":[74,75,75,75,73,73,73,73,73,51,51,44,47,47,47,0,0],"gold":29,"neow_bonus":"THREE_ENEMY_KILL","is_daily":false,"chose_seed":false,"campfire_upgraded":3,"win_rate":0.0,"timestamp":1611040238,"path_taken":["M","?","M","$","M","R","?","R","T","E","?","?","M","?","R","BOSS"],"items_purchased_type":["Card"],"build_version":"2020-12-18","purchased_purges":0,"victory":false,"max_hp_per_floor":[75,75,75,75,75,75,75,75,75,75,75,75,75,75,75,75,75],"relic_stats":{"counters":[7,32],"Art of War":[6],"obtain_stats":[{"NeowsBlessing":0,"Omamori":9,"Art of War":14,"Ancient Tea Set":10,"Burning Blood":0},{"NeowsBlessing":0,"Omamori":4,"Art of War":6,"Ancient Tea Set":5,"Burning Blood":0},{"NeowsBlessing":0,"Omamori":9,"Art of War":18,"Ancient Tea Set":14,"Burning Blood":0}],"Burning Blood":25},"card_choices":[{"not_picked":["Rupture","Heavy Blade"],"picked":"Feel No Pain","floor":1},{"not_picked":["Headbutt","Body Slam"],"picked":"Cleave","floor":2},{"not_picked":["Anger","Clothesline"],"picked":"Impervious","floor":3},{"not_picked":["Havoc","Sword Boomerang"],"picked":"Clash","floor":5},{"not_picked":["Brutality","Havoc"],"picked":"Warcry","floor":10},{"not_picked":["Warcry","Anger"],"picked":"Pummel","floor":13}],"player_experience":3224954,"relics_obtained":[{"floor":9,"key":"Omamori"},{"floor":10,"key":"Ancient Tea Set"}],"event_choices":[{"damage_healed":0,"gold_gain":0,"player_choice":"Grow","damage_taken":0,"max_hp_gain":0,"max_hp_loss":0,"event_name":"Living Wall","floor":7,"gold_loss":0,"cards_upgraded":["Impervious"]},{"cards_removed":["Strike_R"],"damage_healed":0,"gold_gain":0,"player_choice":"Card Removal","damage_taken":0,"max_hp_gain":0,"max_hp_loss":0,"event_name":"The Cleric","floor":11,"gold_loss":75},{"cards_removed":["Strike_R"],"damage_healed":0,"gold_gain":0,"player_choice":"Card Removal","damage_taken":7,"max_hp_gain":0,"max_hp_loss":0,"event_name":"Golden Wing","floor":12,"gold_loss":0},{"damage_healed":0,"gold_gain":0,"player_choice":"Paid Gold","damage_taken":0,"relics_obtained":["Art of War"],"max_hp_gain":0,"max_hp_loss":0,"event_name":"WeMeetAgain","floor":14,"gold_loss":58}],"is_beta":true,"boss_relics":[],"items_purged_floors":[],"is_endless":false,"potions_floor_spawned":[1,3,10],"killed_by":"The Guardian","ascension_level":19}}