{"host":"cv77zuuuekizn3ic","time":1611051444,"event":{"mods":["AchievementEnabler","BaseMod","Downfall","Marisa£®ÏF”Í°°ƒß¿Ì…≥£©","Minty Spire (QoL Compilation)","StSLib"],"gold_per_floor":[99,99,274,274,10,43,43,43,43,61,9,25,25,10,26,126,126,126,145,145,145,1,10,62,96,116,116,116],"floor_reached":27,"language":"ZHS","playtime":1244,"items_purged":["Doubt","sneckomod:Strike","downfall:Bewildered"],"score":230,"play_id":"42b95a9e-9b9f-4df0-85d1-93d6d86798d8","local_time":"20210119181724","is_ascension_mode":false,"campfire_choices":[{"data":"sneckomod:TailWhip","floor":1.0,"key":"SMITH"},{"floor":9.0,"key":"RECALL"},{"data":"sneckomod:SoulExchange","floor":13.0,"key":"SMITH"},{"data":"sneckomod:SoulDraw","floor":18.0,"key":"SMITH"}],"circlet_count":0,"master_deck":["sneckomod:Strike","sneckomod:Strike","sneckomod:Defend","sneckomod:Defend","sneckomod:Defend","sneckomod:TailWhip+1","sneckomod:SnekBite","sneckomod:Unknown","sneckomod:Unknown","sneckomod:UnknownClassMARISA_DERIVATIONS","sneckomod:SnakeSap","sneckomod:UnknownBlock","sneckomod:SoulExchange+1","sneckomod:ImprovisedGuard","sneckomod:CheapStock","sneckomod:Nope","sneckomod:SoulDraw+1","sneckomod:QuickBite","sneckomod:UnknownBoss","RitualDagger+1","sneckomod:UnknownExhaust+1","sneckomod:Unknown1Cost+1","sneckomod:UnendingSupply"],"relics":["sneckomod:SneckoSoul","downfall:HeartsMalice","Art of War","Membership Card","PreservedInsect","Tiny Chest","Sundial","Coffee Dripper","FossilizedHelix","CeramicFish","sneckomod:BabySnecko","Bird Faced Urn","Nunchaku","Peace Pipe"],"acts_visited":["Exordium","TheCity"],"potions_floor_usage":[25],"damage_taken":[{"damage":0.0,"enemies":"Small Slimes","floor":2.0,"turns":1.0},{"damage":0.0,"enemies":"downfall:FleeingMerchant","floor":5.0,"turns":1.0},{"damage":0.0,"enemies":"Lagavulin","floor":6.0,"turns":1.0},{"damage":11.0,"enemies":"Jaw Worm","floor":10.0,"turns":3.0},{"damage":0.0,"enemies":"downfall:FleeingMerchant","floor":11.0,"turns":4.0},{"damage":0.0,"enemies":"Cultist","floor":12.0,"turns":3.0},{"damage":3.0,"enemies":"downfall:FleeingMerchant","floor":14.0,"turns":4.0},{"damage":1.0,"enemies":"Red Slaver","floor":15.0,"turns":4.0},{"damage":31.0,"enemies":"WA_ARCHETYPE_RETAIN","floor":16.0,"turns":7.0},{"damage":0.0,"enemies":"Chosen","floor":19.0,"turns":4.0},{"damage":16.0,"enemies":"downfall:FleeingMerchant","floor":22.0,"turns":4.0},{"damage":15,"enemies":"downfall:FleeingMerchant","floor":25,"turns":4},{"damage":28,"enemies":"Snake Plant","floor":26,"turns":4}],"seed_played":"2162118419073380277","potions_obtained":[{"floor":10.0,"key":"LiquidBronze"},{"floor":15.0,"key":"SmokeBomb"},{"floor":16.0,"key":"CultistPotion"},{"floor":21.0,"key":"CultistPotion"},{"floor":26,"key":"FairyPotion"}],"is_trial":false,"path_per_floor":["R","M","?","?","$","E","T","?","R","M","$","M","R","$","M","B",null,"R","M","T","?","$","?","T","$","M","T"],"character_chosen":"THE_SNECKO","items_purchased":["Membership Card","PreservedInsect","sneckomod:CheapStock","CeramicFish","Bird Faced Urn","sneckomod:UnendingSupply","Nunchaku"],"campfire_rested":0,"item_purchase_floors":[5,5,11,22,25,25,25],"current_hp_per_floor":[90,90,90,83,83,83,83,83,83,72,72,72,72,69,68,37,90,90,90,90,90,74,74,74,59,35,35,35],"gold":116,"neow_bonus":"THREE_ENEMY_KILL","is_daily":false,"chose_seed":false,"campfire_upgraded":3,"win_rate":0.0,"timestamp":1611051444,"path_taken":["R","M","?","?","?","E","T","?","R","M","$","?","R","?","M","BOSS","R","M","?","?","$","?","T","?","M","?"],"items_purchased_type":["Relic","Relic","Card","Relic","Relic","Card","Relic"],"build_version":"2020-12-22","purchased_purges":3,"victory":false,"max_hp_per_floor":[90,90,90,90,90,90,90,90,90,90,90,90,90,90,90,90,90,90,90,90,90,90,90,90,90,90,90,90],"card_choices":[{"not_picked":["sneckomod:UnknownBlock","sneckomod:UnknownClassSLIMEBOUND"],"picked":"sneckomod:UnknownClassMARISA_DERIVATIONS","floor":2.0},{"not_picked":["sneckomod:UnknownVulnerable","sneckomod:UnknownExhaust"],"picked":"sneckomod:SnakeSap","floor":5.0},{"not_picked":["sneckomod:TrashToTreasure","sneckomod:Nope"],"picked":"sneckomod:UnknownBlock","floor":6.0},{"not_picked":["sneckomod:Nope","sneckomod:DiceCrush"],"picked":"sneckomod:SoulExchange","floor":10.0},{"not_picked":["sneckomod:UnknownDraw","sneckomod:SlitherStrike"],"picked":"sneckomod:ImprovisedGuard","floor":11.0},{"not_picked":["sneckomod:UnknownClassSLIMEBOUND","sneckomod:ImprovisedGuard"],"picked":"sneckomod:Nope","floor":12.0},{"not_picked":["sneckomod:DefensiveFlair","sneckomod:Unknown1Cost"],"picked":"sneckomod:SoulDraw","floor":14.0},{"not_picked":["sneckomod:DiceBlock","sneckomod:TrashToTreasure"],"picked":"sneckomod:QuickBite","floor":15.0},{"not_picked":["sneckomod:Unknown3Cost","sneckomod:MorePower"],"picked":"sneckomod:UnknownBoss","floor":16.0},{"not_picked":["sneckomod:IronFang","sneckomod:Unknown2Cost+1","sneckomod:WideSting+1"],"picked":"SKIP","floor":19.0},{"not_picked":["sneckomod:SerpentIdol","sneckomod:UnknownCommonSkill+1"],"picked":"sneckomod:UnknownExhaust+1","floor":22.0},{"not_picked":["sneckomod:DiceCrush+1","sneckomod:Mudshield"],"picked":"sneckomod:Unknown1Cost+1","floor":25},{"not_picked":["sneckomod:UnknownUncommonPower","sneckomod:UnknownVulnerable","sneckomod:UnknownExhaust"],"picked":"SKIP","floor":26}],"player_experience":1017860,"relics_obtained":[{"floor":6.0,"key":"Tiny Chest"},{"floor":7.0,"key":"Sundial"},{"floor":20.0,"key":"FossilizedHelix"},{"floor":27,"key":"Peace Pipe"}],"event_choices":[{"damage_healed":0.0,"max_hp_gain":0.0,"max_hp_loss":0.0,"gold_gain":0.0,"event_name":"Scrap Ooze","player_choice":"Success","floor":4.0,"gold_loss":0.0,"damage_taken":7.0,"relics_obtained":["Art of War"]}],"is_beta":false,"boss_relics":[{"not_picked":["Cursed Key","Sozu"],"picked":"Coffee Dripper"}],"items_purged_floors":[5,22,25],"is_endless":false,"potions_floor_spawned":[10,15,16,26],"ascension_level":0}}