{"host":"xh3brefae6wm9kl8","time":1611074409,"event":{"mods":["AchievementEnabler","BaseMod","GifTheSpireLib","Keyboard Shortcuts","Minty Spire (QoL Compilation)","Permanent Neow","Relic Stats","StSLib","SuperFastMode"],"gold_per_floor":[127,151,174,186,198,210,222,234,246,258,295,307,307],"floor_reached":12,"language":"KOR","playtime":258,"items_purged":[],"score":136,"play_id":"c5ddabc8-2b12-4bfd-a2ca-ffa6a4a18e2f","local_time":"20210120014009","is_ascension_mode":true,"campfire_choices":[{"floor":6.0,"key":"REST"},{"data":"Neutralize","floor":8.0,"key":"SMITH"},{"data":"Dagger Spray","floor":10.0,"key":"SMITH"}],"circlet_count":0,"master_deck":["AscendersBane","Strike_G","Strike_G","Strike_G","Strike_G","Strike_G","Defend_G","Defend_G","Defend_G","Defend_G","Defend_G","Survivor","Neutralize+1","Dagger Spray+1","Flying Knee","Poisoned Stab"],"relics":["Ring of the Snake","MawBank","Golden Idol","Paper Crane","Omamori"],"acts_visited":["Exordium"],"potions_floor_usage":[12],"damage_taken":[{"damage":5.0,"enemies":"2 Louse","floor":1.0,"turns":4.0},{"damage":7.0,"enemies":"Small Slimes","floor":2.0,"turns":4.0},{"damage":0.0,"enemies":"Cultist","floor":3.0,"turns":4.0},{"damage":19.0,"enemies":"Gremlin Gang","floor":11.0,"turns":4.0},{"damage":32,"enemies":"Lagavulin","floor":12,"turns":6}],"seed_played":"6049564487083371707","potions_obtained":[{"floor":1.0,"key":"Poison Potion"},{"floor":11.0,"key":"Poison Potion"}],"is_trial":false,"path_per_floor":["M","M","M","?","?","R","?","R","T","R","M","E"],"character_chosen":"THE_SILENT","items_purchased":[],"campfire_rested":1,"item_purchase_floors":[],"current_hp_per_floor":[54,47,47,24,19,38,43,43,43,43,24,0,0],"gold":307,"neow_bonus":"RANDOM_COMMON_RELIC","is_daily":false,"chose_seed":false,"campfire_upgraded":2,"win_rate":0.0,"timestamp":1611074409,"path_taken":["M","M","M","?","?","R","?","R","T","R","M","E"],"items_purchased_type":[],"build_version":"2020-12-22","purchased_purges":0,"victory":false,"max_hp_per_floor":[66,66,66,66,66,66,71,71,71,71,71,71,71],"relic_stats":{"counters":[5,22],"Golden Idol":5,"MawBank":144,"obtain_stats":[{"Golden Idol":4,"Omamori":9,"Paper Crane":5,"MawBank":0,"Ring of the Snake":0},{"Golden Idol":3,"Omamori":3,"Paper Crane":3,"MawBank":0,"Ring of the Snake":0},{"Golden Idol":12,"Omamori":12,"Paper Crane":12,"MawBank":0,"Ring of the Snake":0}],"Ring of the Snake":[10]},"card_choices":[{"not_picked":["Blade Dance","Acrobatics"],"picked":"Dagger Spray","floor":1.0},{"not_picked":["Deflect","Envenom","Bane"],"picked":"SKIP","floor":2.0},{"not_picked":["Endless Agony","Outmaneuver"],"picked":"Flying Knee","floor":3.0},{"not_picked":["Dodge and Roll","Bane"],"picked":"Poisoned Stab","floor":11.0}],"player_experience":424550,"relics_obtained":[{"floor":9.0,"key":"Omamori"}],"event_choices":[{"damage_healed":0.0,"max_hp_gain":0.0,"max_hp_loss":0.0,"gold_gain":0.0,"event_name":"Golden Idol","player_choice":"Take Damage","floor":4.0,"gold_loss":0.0,"damage_taken":23.0,"relics_obtained":["Golden Idol"]},{"damage_healed":0.0,"max_hp_gain":0.0,"max_hp_loss":0.0,"gold_gain":0.0,"event_name":"Scrap Ooze","player_choice":"Success","floor":5.0,"gold_loss":0.0,"damage_taken":5.0,"relics_obtained":["Paper Crane"]},{"damage_healed":0.0,"max_hp_gain":5.0,"max_hp_loss":0.0,"gold_gain":0.0,"event_name":"Big Fish","player_choice":"Donut","floor":7.0,"gold_loss":0.0,"damage_taken":0.0}],"is_beta":false,"boss_relics":[],"items_purged_floors":[],"is_endless":false,"potions_floor_spawned":[1,11],"killed_by":"Lagavulin","ascension_level":20}}