{"host":"r53pw7z744tg3fxg","time":1611097090,"event":{"mods":["AchievementEnabler","BaseMod","Colored Map","Colored Powertips","Highlight Path","Minty Spire (QoL Compilation)","Quick Restart","Transform Curses"],"gold_per_floor":[19,29,39,55,74,74,105,105,152,164,164,89,109,137,137,215,265,276,294,294,294,310,310,310],"floor_reached":23,"language":"ENG","playtime":2069,"items_purged":[],"score":414,"play_id":"22e1941b-59a3-4393-9b73-afd7022762cc","local_time":"20210119155810","is_ascension_mode":true,"campfire_choices":[{"data":"Eruption","floor":6.0,"key":"SMITH"},{"floor":8,"key":"REST"},{"floor":11,"key":"REST"},{"data":"Wallop","floor":15,"key":"SMITH"}],"circlet_count":0,"master_deck":["AscendersBane","Strike_P","Strike_P+1","Strike_P","Strike_P","Defend_P","Defend_P","Defend_P","Defend_P","Eruption+1","Vigilance","MasterReality","DeceiveReality","BowlingBash","WheelKick","TalkToTheHand","Halt","Wallop+1","WindmillStrike","Conclude","FollowUp","DeusExMachina","CarveReality","Pray","Adaptation+1","Prostrate"],"relics":["PureWater","Frozen Egg 2","Happy Flower","Bottled Lightning","Tiny House"],"acts_visited":["Exordium","TheCity"],"potions_floor_usage":[14,22,23,23],"damage_taken":[{"damage":0.0,"enemies":"Cultist","floor":1.0,"turns":2.0},{"damage":7.0,"enemies":"Jaw Worm","floor":2.0,"turns":4.0},{"damage":0.0,"enemies":"2 Louse","floor":3.0,"turns":3.0},{"damage":7.0,"enemies":"Exordium Thugs","floor":4.0,"turns":3.0},{"damage":0.0,"enemies":"Exordium Wildlife","floor":5.0,"turns":4.0},{"damage":20,"enemies":"Gremlin Nob","floor":7,"turns":4},{"damage":0,"enemies":"3 Louse","floor":10,"turns":4},{"damage":10,"enemies":"Red Slaver","floor":13,"turns":2},{"damage":0,"enemies":"3 Sentries","floor":14,"turns":5},{"damage":17,"enemies":"The Guardian","floor":16,"turns":9},{"damage":1,"enemies":"Chosen","floor":18,"turns":3},{"damage":5,"enemies":"Spheric Guardian","floor":19,"turns":3},{"damage":12,"enemies":"Snecko","floor":22,"turns":4},{"damage":50,"enemies":"Book of Stabbing","floor":23,"turns":5}],"seed_played":"-5132764929784177305","potions_obtained":[{"floor":1.0,"key":"BottledMiracle"},{"floor":7,"key":"StancePotion"},{"floor":10,"key":"BlessingOfTheForge"},{"floor":17,"key":"ColorlessPotion"},{"floor":22,"key":"BottledMiracle"}],"is_trial":false,"path_per_floor":["M","M","M","M","M","R","E","R","T","M","R","$","M","E","R","B",null,"M","M","?","?","M","E"],"character_chosen":"WATCHER","items_purchased":["WindmillStrike"],"campfire_rested":2,"item_purchase_floors":[12],"current_hp_per_floor":[61,54,54,47,47,47,27,47,47,47,67,67,57,57,57,40,66,65,60,60,60,48,0,0],"gold":310,"neow_bonus":"THREE_RARE_CARDS","is_daily":false,"chose_seed":false,"campfire_upgraded":2,"win_rate":0.0,"timestamp":1611097090,"path_taken":["M","M","?","M","M","R","E","R","T","?","R","$","M","E","R","BOSS","M","M","?","?","?","E"],"items_purchased_type":["Card"],"build_version":"2020-12-22","purchased_purges":0,"victory":false,"max_hp_per_floor":[68,68,68,68,68,68,68,68,68,68,68,68,68,68,68,68,73,73,73,73,73,73,73,73],"card_choices":[{"not_picked":["Blasphemy","SpiritShield"],"picked":"MasterReality","floor":0.0},{"not_picked":["Study","JustLucky"],"picked":"DeceiveReality","floor":1.0},{"not_picked":["ThirdEye","PathToVictory"],"picked":"BowlingBash","floor":2.0},{"not_picked":["SandsOfTime","SashWhip"],"picked":"WheelKick","floor":3.0},{"not_picked":["BowlingBash","Consecrate"],"picked":"TalkToTheHand","floor":4.0},{"not_picked":["Protect","ClearTheMind","Study"],"picked":"SKIP","floor":5.0},{"not_picked":["Collect","Meditate"],"picked":"Halt","floor":7},{"not_picked":["Sanctity","Fasting2+1"],"picked":"Wallop","floor":10},{"not_picked":["Crescendo","Prostrate"],"picked":"Conclude","floor":13},{"not_picked":["WreathOfFlame","CutThroughFate"],"picked":"FollowUp","floor":14},{"not_picked":["Wish","MasterReality+1"],"picked":"DeusExMachina","floor":16},{"not_picked":["Protect+1","WreathOfFlame"],"picked":"CarveReality","floor":18},{"not_picked":["PathToVictory","BowlingBash"],"picked":"Pray","floor":19},{"not_picked":["PathToVictory","MentalFortress+1"],"picked":"Prostrate","floor":22}],"player_experience":1319778,"relics_obtained":[{"floor":7,"key":"Frozen Egg 2"},{"floor":9,"key":"Happy Flower"},{"floor":14,"key":"Bottled Lightning"}],"event_choices":[{"damage_healed":0,"gold_gain":0,"player_choice":"Read","damage_taken":0,"max_hp_gain":0,"max_hp_loss":0,"event_name":"The Library","floor":20,"gold_loss":0,"cards_obtained":["Adaptation"]},{"damage_healed":0,"gold_gain":0,"player_choice":"Ignored","damage_taken":0,"max_hp_gain":0,"max_hp_loss":0,"event_name":"Ghosts","floor":21,"gold_loss":0}],"is_beta":false,"boss_relics":[{"not_picked":["Coffee Dripper","Runic Pyramid"],"picked":"Tiny House"}],"items_purged_floors":[],"is_endless":false,"potions_floor_spawned":[1,7,10,13,19,22],"killed_by":"Book of Stabbing","ascension_level":16}}