{"host":"6hzrz31j95f2y1pa","time":1611093450,"event":{"mods":["BaseMod","Colored Map","Downfall","Minty Spire (QoL Compilation)","StSLib"],"gold_per_floor":[99,112,124,36,52,79,79,179,79,109,109,123,23,23,40,40,40,40],"floor_reached":16,"language":"ENG","playtime":587,"items_purged":[],"score":116,"play_id":"721a0d03-8a8d-442f-8f7b-a152e987db9d","local_time":"20210119165730","is_ascension_mode":true,"campfire_choices":[{"floor":1.0,"key":"RECALL"},{"floor":9,"key":"REST"},{"floor":13,"key":"REST"}],"circlet_count":0,"master_deck":["bronze:Strike","bronze:Strike","bronze:Strike","bronze:Defend","bronze:Defend","bronze:Replicate","bronze:Goto","bronze:Iterate","bronze:Separator+1","bronze:Optimize","bronze:ChosenStrike","bronze:FollowUp","bronze:Constructor","bronze:Terminator","bronze:Turbo","bronze:Backtrace","bronze:Frontload"],"relics":["SacredBark","The Courier","Matryoshka","downfall:HeartBlessingRed","HornCleat","downfall:HeartBlessingGreen"],"acts_visited":["Exordium"],"potions_floor_usage":[8,10,16],"damage_taken":[{"damage":0.0,"enemies":"Small Slimes","floor":2.0,"turns":3.0},{"damage":1.0,"enemies":"Cultist","floor":3.0,"turns":3.0},{"damage":0.0,"enemies":"downfall:FleeingMerchant","floor":4.0,"turns":4.0},{"damage":13.0,"enemies":"Jaw Worm","floor":5.0,"turns":4.0},{"damage":16.0,"enemies":"Gremlin Nob","floor":6.0,"turns":4.0},{"damage":36,"enemies":"downfall:Heads","floor":8,"turns":8},{"damage":16,"enemies":"Lagavulin","floor":10,"turns":5},{"damage":1,"enemies":"2 Fungi Beasts","floor":12,"turns":2},{"damage":7,"enemies":"Red Slaver","floor":15,"turns":3},{"damage":29,"enemies":"IC_STATUS_ARCHETYPE","floor":16,"turns":4}],"seed_played":"-4896899462073442974","potions_obtained":[{"floor":5.0,"key":"Block Potion"},{"floor":6.0,"key":"SmokeBomb"},{"floor":8,"key":"BlessingOfTheForge"},{"floor":10,"key":"hexamod:SoulburnPotion"}],"is_trial":false,"path_per_floor":["R","M","M","$","M","E","T","?","R","E","?","M","R","?","M","B"],"character_chosen":"THE_AUTOMATON","items_purchased":["bronze:ChosenStrike"],"campfire_rested":2,"item_purchase_floors":[4],"current_hp_per_floor":[70,70,69,69,56,40,40,4,25,9,9,8,29,29,22,0,0,0],"gold":40,"neow_bonus":"BOSS_RELIC","is_daily":false,"chose_seed":false,"campfire_upgraded":0,"win_rate":0.0,"timestamp":1611093450,"path_taken":["R","M","M","$","M","E","T","?","R","E","?","?","R","?","M","BOSS"],"items_purchased_type":["Card"],"build_version":"2020-12-22","purchased_purges":0,"victory":false,"max_hp_per_floor":[70,70,70,70,70,70,70,70,70,70,70,70,70,70,70,70,70,70],"card_choices":[{"not_picked":["bronze:Deprecate","bronze:Turbo"],"picked":"bronze:Iterate","floor":2.0},{"not_picked":["bronze:DelayedSlice","bronze:CutThrough"],"picked":"bronze:Separator","floor":3.0},{"not_picked":["bronze:BuggyMess","bronze:Virus"],"picked":"bronze:Optimize","floor":4.0},{"not_picked":["bronze:Turbo","bronze:WildBeam"],"picked":"bronze:FollowUp","floor":5.0},{"not_picked":["bronze:DelayedSlice","bronze:DelayedGuard"],"picked":"bronze:Constructor","floor":6.0},{"not_picked":["bronze:BitShift","bronze:Overheat"],"picked":"bronze:Terminator","floor":8},{"not_picked":["bronze:GetLatest","bronze:BuggyMess","bronze:BurnOut"],"picked":"SKIP","floor":10},{"not_picked":["bronze:BugBarrage","bronze:BitShift"],"picked":"bronze:Backtrace","floor":12},{"not_picked":["bronze:Safeguard","bronze:Backtrace"],"picked":"bronze:Frontload","floor":15}],"player_experience":1368279,"relics_obtained":[{"floor":6.0,"key":"The Courier"},{"floor":7.0,"key":"Matryoshka"},{"floor":10,"key":"HornCleat"}],"event_choices":[{"cards_removed":["bronze:Defend"],"damage_healed":0,"gold_gain":0,"player_choice":"Offered Basic","damage_taken":0,"max_hp_gain":0,"max_hp_loss":0,"event_name":"Bonfire Elementals","floor":11,"gold_loss":0}],"is_beta":false,"boss_relics":[],"items_purged_floors":[],"is_endless":false,"potions_floor_spawned":[5,6,8,10],"killed_by":"IC_STATUS_ARCHETYPE","ascension_level":1}}