{"host":"bxd97rc2ofc6op20","time":1611040726,"event":{"mods":["BaseMod","Googly Eyes","Minty Spire (QoL Compilation)"],"gold_per_floor":[110,128,143,143,157,157,184,184,210,244,259,14,34,54,54,159,159,178,358,374,374,147,147,161,161,161,189,205,538,538,558,558,677,677,691,741,741,415,432,432,459,459,506,517,543,543,543,563,563,563],"floor_reached":51,"language":"ENG","playtime":5267,"items_purged":["Strike_R","Strike_R"],"score":1024,"play_id":"8acc93cf-ba55-45b7-8209-fd00cedbb0fc","local_time":"20210118231846","is_ascension_mode":true,"campfire_choices":[{"data":"Bash","floor":6,"key":"SMITH"},{"data":"Iron Wave","floor":8,"key":"SMITH"},{"data":"Shockwave","floor":15,"key":"SMITH"},{"data":"Rage","floor":23,"key":"SMITH"},{"data":"Carnage","floor":25,"key":"SMITH"},{"data":"Double Tap","floor":30,"key":"SMITH"},{"data":"Flame Barrier","floor":32,"key":"SMITH"},{"data":"Searing Blow","floor":40,"key":"SMITH"},{"data":"Searing Blow+1","floor":42,"key":"SMITH"},{"data":"Searing Blow+3","floor":47,"key":"SMITH"},{"floor":49,"key":"REST"}],"circlet_count":0,"master_deck":["Strike_R+1","Strike_R","Strike_R+1","Defend_R","Defend_R","Defend_R","Defend_R","Bash+1","Iron Wave+1","Heavy Blade","Clash","Rage+1","Shockwave+1","Carnage+1","Metallicize","Inflame","Flex","Double Tap+1","Intimidate","Shrug It Off","Searing Blow+4","Barricade+1","Flame Barrier+1","Warcry","Demon Form+1","Bloodletting","Armaments+1","Apotheosis","Entrench","Headbutt+1","Juggernaut+1"],"relics":["Burning Blood","Juzu Bracelet","Whetstone","Ancient Tea Set","InkBottle","HornCleat","SacredBark","ClockworkSouvenir","MealTicket","Frozen Egg 2","Old Coin","Snecko Eye","Ice Cream","Membership Card","Anchor","Mercury Hourglass","Du-Vu Doll"],"acts_visited":["Exordium","TheCity","TheBeyond"],"potions_floor_usage":[5,7,16,18,27,29,33,36,39,45,45,50],"damage_taken":[{"damage":3,"enemies":"Jaw Worm","floor":1,"turns":5},{"damage":2,"enemies":"Small Slimes","floor":2,"turns":4},{"damage":1,"enemies":"Cultist","floor":3,"turns":3},{"damage":1,"enemies":"Large Slime","floor":5,"turns":4},{"damage":6,"enemies":"Gremlin Nob","floor":7,"turns":3},{"damage":27,"enemies":"3 Sentries","floor":10,"turns":9},{"damage":2,"enemies":"3 Louse","floor":11,"turns":3},{"damage":6,"enemies":"Red Slaver","floor":13,"turns":2},{"damage":10,"enemies":"Large Slime","floor":14,"turns":5},{"damage":0,"enemies":"Hexaghost","floor":16,"turns":6},{"damage":8,"enemies":"Chosen","floor":18,"turns":5},{"damage":9,"enemies":"Spheric Guardian","floor":20,"turns":4},{"damage":5,"enemies":"Centurion and Healer","floor":24,"turns":5},{"damage":29,"enemies":"Book of Stabbing","floor":27,"turns":6},{"damage":15,"enemies":"Snecko","floor":28,"turns":5},{"damage":14,"enemies":"Gremlin Leader","floor":29,"turns":5},{"damage":0,"enemies":"Chosen and Byrds","floor":31,"turns":4},{"damage":63,"enemies":"Automaton","floor":33,"turns":19},{"damage":3,"enemies":"Orb Walker","floor":35,"turns":4},{"damage":6,"enemies":"Mind Bloom Boss Battle","floor":36,"turns":6},{"damage":13,"enemies":"3 Darklings","floor":39,"turns":5},{"damage":5,"enemies":"Giant Head","floor":41,"turns":6},{"damage":0,"enemies":"Maw","floor":44,"turns":6},{"damage":52,"enemies":"Reptomancer","floor":45,"turns":5},{"damage":3,"enemies":"Transient","floor":48,"turns":5},{"damage":69,"enemies":"Donu and Deca","floor":50,"turns":10}],"seed_played":"7782966211979388698","potions_obtained":[{"floor":2,"key":"LiquidMemories"},{"floor":3,"key":"Block Potion"},{"floor":11,"key":"LiquidMemories"},{"floor":16,"key":"Weak Potion"},{"floor":20,"key":"Weak Potion"},{"floor":24,"key":"Weak Potion"},{"floor":31,"key":"ColorlessPotion"},{"floor":33,"key":"AttackPotion"},{"floor":39,"key":"AttackPotion"},{"floor":45,"key":"ColorlessPotion"}],"is_trial":false,"path_per_floor":["M","M","M","?","M","R","E","R","T","E","M","$","M","M","R","B",null,"M","?","M","?","$","R","M","R","T","E","M","E","R","M","R","B",null,"M","?","?","$","M","R","E","R","T","M","E","?","R","M","R","B",null],"character_chosen":"IRONCLAD","items_purchased":["HornCleat","ClockworkSouvenir","Membership Card","Anchor","SteroidPotion","EssenceOfSteel"],"campfire_rested":1,"item_purchase_floors":[12,22,38,38,38,38],"current_hp_per_floor":[88,88,88,76,81,81,81,81,81,60,64,64,64,60,60,66,88,86,61,58,41,41,41,42,42,42,19,10,61,61,67,67,10,93,93,93,83,93,86,86,87,87,87,93,47,47,47,50,77,14],"gold":563,"neow_bonus":"TEN_PERCENT_HP_BONUS","is_daily":false,"chose_seed":false,"campfire_upgraded":10,"win_rate":0.0,"timestamp":1611040726,"path_taken":["M","M","M","?","M","R","E","R","T","E","M","$","M","M","R","BOSS","M","?","M","?","$","R","M","R","T","E","M","E","R","M","R","BOSS","M","?","?","$","M","R","E","R","T","M","E","?","R","M","R","BOSS"],"items_purchased_type":["Relic","Relic","Relic","Relic","Potion","Potion"],"build_version":"2020-12-22","purchased_purges":2,"victory":true,"max_hp_per_floor":[88,88,88,88,88,88,88,88,88,88,88,88,88,88,88,88,88,88,88,88,93,93,93,93,93,93,93,93,93,93,93,93,93,93,93,93,93,93,93,93,93,93,93,93,93,93,93,93,93,93],"card_choices":[{"not_picked":["Sword Boomerang","Seeing Red"],"picked":"Iron Wave","floor":1},{"not_picked":["Sword Boomerang","Clothesline"],"picked":"Heavy Blade","floor":2},{"not_picked":["Metallicize","Headbutt"],"picked":"Clash","floor":3},{"not_picked":["Wild Strike","Fire Breathing"],"picked":"Rage","floor":5},{"not_picked":["Iron Wave","Immolate"],"picked":"Shockwave","floor":7},{"not_picked":["Combust","True Grit"],"picked":"Carnage","floor":10},{"not_picked":["Rupture","Havoc"],"picked":"Metallicize","floor":11},{"not_picked":["Evolve","Feel No Pain"],"picked":"Inflame","floor":13},{"not_picked":["True Grit","Heavy Blade"],"picked":"Flex","floor":14},{"not_picked":["Exhume","Offering"],"picked":"Double Tap","floor":16},{"not_picked":["Thunderclap","Evolve"],"picked":"Intimidate","floor":18},{"not_picked":["Evolve","Ghostly Armor"],"picked":"Shrug It Off","floor":20},{"not_picked":["Havoc","Pommel Strike"],"picked":"Searing Blow","floor":24},{"not_picked":["Infernal Blade","Thunderclap","Shrug It Off"],"picked":"SKIP","floor":27},{"not_picked":["Dark Embrace+1","Twin Strike"],"picked":"Barricade+1","floor":28},{"not_picked":["Armaments","Dark Embrace+1"],"picked":"Flame Barrier","floor":29},{"not_picked":["Spot Weakness","Pommel Strike"],"picked":"Warcry","floor":31},{"not_picked":["Bludgeon","Feed"],"picked":"Demon Form+1","floor":33},{"not_picked":["Twin Strike+1","Flex"],"picked":"Bloodletting","floor":35},{"not_picked":["Anger+1","Flex"],"picked":"Armaments+1","floor":36},{"not_picked":["Master of Strategy","Jack Of All Trades"],"picked":"Apotheosis","floor":37},{"not_picked":["Wild Strike","Second Wind+1","Iron Wave"],"picked":"SKIP","floor":39},{"not_picked":["Warcry+1","Fire Breathing+1"],"picked":"Entrench","floor":41},{"not_picked":["Perfected Strike+1","Inflame+1"],"picked":"Headbutt+1","floor":44},{"not_picked":["Iron Wave","Bludgeon"],"picked":"Juggernaut+1","floor":45},{"not_picked":["Sword Boomerang+1","Pummel","Iron Wave+1"],"picked":"SKIP","floor":48}],"player_experience":319493,"relics_obtained":[{"floor":7,"key":"Whetstone"},{"floor":9,"key":"Ancient Tea Set"},{"floor":10,"key":"InkBottle"},{"floor":26,"key":"MealTicket"},{"floor":27,"key":"Frozen Egg 2"},{"floor":29,"key":"Old Coin"},{"floor":36,"key":"Ice Cream"},{"floor":41,"key":"Mercury Hourglass"},{"floor":45,"key":"Du-Vu Doll"}],"event_choices":[{"damage_healed":0,"gold_gain":0,"player_choice":"Success","damage_taken":12,"relics_obtained":["Juzu Bracelet"],"max_hp_gain":0,"max_hp_loss":0,"event_name":"Scrap Ooze","floor":4,"gold_loss":0},{"damage_healed":0,"gold_gain":180,"player_choice":"POTION GOLD GOLD ","damage_taken":25,"max_hp_gain":0,"max_hp_loss":0,"event_name":"Knowing Skull","floor":19,"potions_obtained":["FairyPotion"],"gold_loss":0,"cards_obtained":[]},{"damage_healed":0,"gold_gain":0,"player_choice":"Shed Blood","damage_taken":22,"max_hp_gain":5,"max_hp_loss":0,"event_name":"Forgotten Altar","floor":21,"gold_loss":0},{"damage_healed":0,"gold_gain":0,"player_choice":"Fight","damage_taken":0,"max_hp_gain":0,"max_hp_loss":0,"event_name":"MindBloom","floor":36,"gold_loss":0},{"damage_healed":0,"gold_gain":0,"player_choice":"Memory 3","damage_taken":10,"max_hp_gain":0,"max_hp_loss":0,"event_name":"SensoryStone","floor":37,"gold_loss":0},{"damage_healed":0,"gold_gain":0,"player_choice":"Upgraded","damage_taken":0,"max_hp_gain":0,"max_hp_loss":0,"event_name":"Upgrade Shrine","floor":46,"gold_loss":0,"cards_upgraded":["Searing Blow"]}],"is_beta":false,"boss_relics":[{"not_picked":["Runic Dome","Tiny House"],"picked":"SacredBark"},{"not_picked":["Mark of Pain","Fusion Hammer"],"picked":"Snecko Eye"}],"items_purged_floors":[22,38],"is_endless":false,"potions_floor_spawned":[2,3,11,16,20,24,31,33,39,45],"ascension_level":3}}