{"host":"rmnaacztx2k89gfv","time":1611062033,"event":{"mods":["BaseMod","Colored Map","Downfall","GifTheSpireLib","Minty Spire (QoL Compilation)","StSLib"],"gold_per_floor":[99,114,264,264,322,335,335,235,99,113,113,131,131,150,168,168,168],"floor_reached":16,"language":"ENG","playtime":947,"items_purged":["downfall:Icky"],"score":92,"play_id":"029d33cf-0fba-4035-b58c-7e95f2f29e40","local_time":"20210119051353","is_ascension_mode":false,"campfire_choices":[{"floor":1,"key":"RECALL"},{"floor":8,"key":"REST"},{"data":"bronze:RecursiveStrike","floor":11,"key":"SMITH"},{"data":"bronze:Branch","floor":13,"key":"SMITH"}],"circlet_count":0,"master_deck":["bronze:Strike","bronze:Strike","bronze:Strike","bronze:Defend","bronze:Defend","bronze:Defend","bronze:Defend","bronze:Replicate","bronze:Goto","bronze:Shield","bronze:BugBarrage","bronze:RecursiveStrike+1","bronze:Branch+1","bronze:ItsAFeature","bronze:Backtrace"],"relics":["bronze:BronzeCore","Pen Nib","Omamori","downfall:HeartBlessingRed"],"acts_visited":["Exordium"],"potions_floor_usage":[16],"damage_taken":[{"damage":6,"enemies":"2 Louse","floor":2,"turns":4},{"damage":53,"enemies":"3 Sentries","floor":5,"turns":16},{"damage":0,"enemies":"Small Slimes","floor":6,"turns":4},{"damage":0,"enemies":"downfall:FleeingMerchant","floor":9,"turns":4},{"damage":1,"enemies":"Jaw Worm","floor":10,"turns":2},{"damage":8,"enemies":"Red Slaver","floor":12,"turns":5},{"damage":6,"enemies":"Exordium Thugs","floor":14,"turns":4},{"damage":7,"enemies":"2 Fungi Beasts","floor":15,"turns":3},{"damage":43,"enemies":"WA_ARCHETYPE_RETAIN","floor":16,"turns":9}],"seed_played":"8206089648370816946","potions_obtained":[{"floor":5,"key":"SpeedPotion"},{"floor":14,"key":"Swift Potion"}],"is_trial":false,"path_per_floor":["R","M","?","?","?","M","T","R","$","M","R","M","R","M","M","B"],"character_chosen":"THE_AUTOMATON","items_purchased":["bronze:Branch"],"campfire_rested":1,"item_purchase_floors":[9],"current_hp_per_floor":[77,71,71,71,18,18,18,41,41,40,40,32,32,26,19,0,0],"gold":168,"neow_bonus":"TEN_PERCENT_HP_BONUS","is_daily":false,"chose_seed":false,"campfire_upgraded":2,"win_rate":0.0,"timestamp":1611062033,"path_taken":["R","M","?","?","?","M","T","R","$","M","R","M","R","M","M","BOSS"],"items_purchased_type":["Card"],"build_version":"2020-12-22","purchased_purges":1,"victory":false,"max_hp_per_floor":[77,77,77,77,77,77,77,77,77,77,77,77,77,77,77,77,77],"card_choices":[{"not_picked":["bronze:MaxOutput","bronze:BitShift"],"picked":"bronze:Shield","floor":2},{"not_picked":["bronze:GetLatest","bronze:Deprecate"],"picked":"bronze:BugBarrage","floor":5},{"not_picked":["bronze:DigitalCarnage","bronze:Invalidate","bronze:ForceShield"],"picked":"SKIP","floor":6},{"not_picked":["bronze:ItsAFeature","bronze:GetLatest"],"picked":"bronze:RecursiveStrike","floor":9},{"not_picked":["bronze:Fortify","bronze:Branch","bronze:Frontload"],"picked":"SKIP","floor":10},{"not_picked":["bronze:Deprecate","bronze:NullPointer","bronze:DelayedGuard"],"picked":"SKIP","floor":12},{"not_picked":["bronze:NullPointer","bronze:Shield"],"picked":"bronze:ItsAFeature","floor":14},{"not_picked":["bronze:WildBeam","bronze:Turbo"],"picked":"bronze:Backtrace","floor":15}],"player_experience":477571,"relics_obtained":[{"floor":5,"key":"Pen Nib"},{"floor":7,"key":"Omamori"}],"event_choices":[],"is_beta":false,"boss_relics":[],"items_purged_floors":[9],"is_endless":false,"potions_floor_spawned":[5,14],"killed_by":"WA_ARCHETYPE_RETAIN","ascension_level":0}}