{"host":"21h5e52imz35vo8g","time":1611069241,"event":{"mods":["AchievementEnabler","BaseMod","Colored Map","Colored Powertips","Googly Eyes","Minty Spire (QoL Compilation)","Quick Restart","Rare Cards Sparkle","StSLib"],"gold_per_floor":[113,131,131,131,131,143,180,225,263,290,179,214,214,94,94,195,195,208,208,284,298,316,316,334,334,358,358,241,259,23,33,33,137,137,147,147,147,157,157,157,174,184,184,234,234,254,254,265,265,265,265],"floor_reached":50,"language":"ZHS","playtime":1909,"items_purged":["Regret","Dualcast","Zap"],"score":499,"play_id":"84efcdbd-9a47-465d-bf42-ee80c92187bc","local_time":"20210119231401","is_ascension_mode":true,"campfire_choices":[{"data":"Heatsinks","floor":6,"key":"SMITH"},{"floor":13,"key":"REST"},{"data":"Loop","floor":15,"key":"SMITH"},{"floor":23,"key":"RECALL"},{"data":"Storm","floor":25,"key":"SMITH"},{"floor":32,"key":"REST"},{"data":"Echo Form","floor":40,"key":"SMITH"},{"floor":45,"key":"REST"},{"data":"White Noise","floor":47,"key":"SMITH"},{"floor":49,"key":"REST"}],"circlet_count":0,"master_deck":["Strike_B","Strike_B","Strike_B","Strike_B","Defend_B+1","Defend_B+1","Defend_B","Defend_B","Reinforced Body","Heatsinks+1","White Noise","Loop+1","Storm+1","Electrodynamics","White Noise","Force Field","Static Discharge","Defragment","Mayhem","Echo Form+1","Heatsinks","Writhe","White Noise+1","Static Discharge","Loop+1"],"relics":["Cracked Core","NeowsBlessing","Calipers","MawBank","Smiling Mask","Lantern","Symbiotic Virus","Meat on the Bone","DataDisk","Black Star","Singing Bowl","CaptainsWheel"],"acts_visited":["Exordium","TheCity","TheBeyond"],"potions_floor_usage":[12,24,42,44,50,50],"damage_taken":[{"damage":0,"enemies":"Small Slimes","floor":1,"turns":1},{"damage":0,"enemies":"2 Louse","floor":2,"turns":1},{"damage":0,"enemies":"3 Sentries","floor":8,"turns":1},{"damage":8,"enemies":"Jaw Worm","floor":10,"turns":4},{"damage":24,"enemies":"Gremlin Nob","floor":12,"turns":5},{"damage":8,"enemies":"Slime Boss","floor":16,"turns":9},{"damage":2,"enemies":"Chosen","floor":18,"turns":5},{"damage":20,"enemies":"Spheric Guardian","floor":21,"turns":4},{"damage":12,"enemies":"3 Cultists","floor":22,"turns":3},{"damage":8,"enemies":"Snake Plant","floor":24,"turns":3},{"damage":2,"enemies":"Snecko","floor":29,"turns":3},{"damage":8,"enemies":"Centurion and Healer","floor":31,"turns":4},{"damage":52,"enemies":"Automaton","floor":33,"turns":7},{"damage":9,"enemies":"3 Shapes","floor":35,"turns":3},{"damage":17,"enemies":"Orb Walker","floor":38,"turns":3},{"damage":16,"enemies":"4 Shapes","floor":41,"turns":2},{"damage":11,"enemies":"Maw","floor":42,"turns":6},{"damage":24,"enemies":"Mind Bloom Boss Battle","floor":44,"turns":4},{"damage":12,"enemies":"Sphere and 2 Shapes","floor":46,"turns":4},{"damage":19,"enemies":"3 Darklings","floor":48,"turns":3},{"damage":78,"enemies":"Time Eater","floor":50,"turns":11}],"seed_played":"-4224952483182174638","potions_obtained":[{"floor":2,"key":"Explosive Potion"},{"floor":8,"key":"GamblersBrew"},{"floor":10,"key":"Dexterity Potion"},{"floor":21,"key":"GamblersBrew"},{"floor":22,"key":"CultistPotion"},{"floor":31,"key":"Dexterity Potion"},{"floor":35,"key":"Weak Potion"},{"floor":41,"key":"AttackPotion"},{"floor":44,"key":"Block Potion"}],"is_trial":false,"path_per_floor":["M","M","?","?","?","R","T","E","T","M","$","E","R","$","R","B",null,"M","?","T","M","M","R","M","R","T","?","$","M","$","M","R","B",null,"M","?","?","M","?","R","M","M","T","?","R","M","R","M","R","B"],"character_chosen":"DEFECT","items_purchased":["Loop","Storm","Static Discharge","Defragment","Mayhem"],"campfire_rested":4,"item_purchase_floors":[11,14,28,30,30],"current_hp_per_floor":[75,75,60,60,48,48,48,48,48,40,40,16,38,38,38,30,75,73,73,73,53,41,41,45,45,45,45,45,43,43,47,69,29,75,66,75,75,58,58,58,42,43,43,33,56,44,44,37,60,0,0],"gold":265,"neow_bonus":"THREE_ENEMY_KILL","is_daily":false,"chose_seed":false,"campfire_upgraded":5,"win_rate":0.0,"timestamp":1611069241,"path_taken":["M","M","?","?","?","R","?","E","T","M","$","E","R","$","R","BOSS","M","?","?","M","?","R","M","R","T","?","$","M","$","M","R","BOSS","M","?","?","?","?","R","M","M","T","?","R","M","R","M","R","BOSS"],"items_purchased_type":["Card","Card","Card","Card","Card"],"build_version":"2020-12-22","purchased_purges":3,"victory":false,"max_hp_per_floor":[75,75,75,75,75,75,75,75,75,75,75,75,75,75,75,75,75,75,75,75,75,75,75,75,75,75,75,75,75,75,75,75,75,75,75,75,75,75,75,75,75,75,75,77,77,77,77,77,77,77,77],"card_choices":[{"not_picked":["Compile Driver","Gash"],"picked":"Reinforced Body","floor":1},{"not_picked":["Turbo","FTL"],"picked":"Heatsinks","floor":2},{"not_picked":["Meteor Strike","Steam"],"picked":"White Noise","floor":8},{"not_picked":["Rebound","Hologram","Barrage"],"picked":"SKIP","floor":10},{"not_picked":["Chill","Heatsinks","Stack"],"picked":"SKIP","floor":12},{"not_picked":["Amplify","Seek"],"picked":"Electrodynamics","floor":16},{"not_picked":["Barrage","Gash"],"picked":"White Noise","floor":18},{"not_picked":["Go for the Eyes","Cold Snap","Chaos"],"picked":"SKIP","floor":21},{"not_picked":["Fusion+1","Redo","Steam+1"],"picked":"SKIP","floor":22},{"not_picked":["Barrage","Auto Shields","Cold Snap+1"],"picked":"SKIP","floor":24},{"not_picked":["Ball Lightning","Beam Cell","Leap"],"picked":"SKIP","floor":29},{"not_picked":["Redo","Lockon","Sweeping Beam"],"picked":"SKIP","floor":31},{"not_picked":["Core Surge","Machine Learning"],"picked":"Echo Form","floor":33},{"not_picked":["Ball Lightning+1","Barrage+1"],"picked":"Heatsinks","floor":35},{"not_picked":["Ball Lightning","Barrage+1","Hologram+1"],"picked":"SKIP","floor":38},{"not_picked":["Sweeping Beam+1","Steam","Rebound"],"picked":"SKIP","floor":41},{"not_picked":["Barrage","Blizzard+1","Hologram"],"picked":"SKIP","floor":42},{"not_picked":["Sweeping Beam","Recycle","Ball Lightning+1"],"picked":"Singing Bowl","floor":44},{"not_picked":["Sweeping Beam","Rebound"],"picked":"Static Discharge","floor":46},{"not_picked":["Meteor Strike","Rebound+1"],"picked":"Loop+1","floor":48}],"player_experience":337774,"relics_obtained":[{"floor":7,"key":"Smiling Mask"},{"floor":8,"key":"Lantern"},{"floor":12,"key":"Symbiotic Virus"},{"floor":20,"key":"Meat on the Bone"},{"floor":26,"key":"DataDisk"},{"floor":43,"key":"Singing Bowl"},{"floor":44,"key":"CaptainsWheel"}],"event_choices":[{"damage_healed":0,"gold_gain":0,"player_choice":"Entered Light","damage_taken":15,"max_hp_gain":0,"max_hp_loss":0,"event_name":"Shining Light","floor":3,"gold_loss":0,"cards_upgraded":["Defend_B","Defend_B"]},{"damage_healed":0,"gold_gain":0,"player_choice":"Box","damage_taken":0,"relics_obtained":["Calipers"],"max_hp_gain":0,"max_hp_loss":0,"event_name":"Big Fish","floor":4,"gold_loss":0,"cards_obtained":["Regret"]},{"damage_healed":0,"gold_gain":0,"player_choice":"Success","damage_taken":12,"relics_obtained":["MawBank"],"max_hp_gain":0,"max_hp_loss":0,"event_name":"Scrap Ooze","floor":5,"gold_loss":0},{"damage_healed":0,"gold_gain":0,"player_choice":"Read","damage_taken":0,"max_hp_gain":0,"max_hp_loss":0,"event_name":"The Library","floor":19,"gold_loss":0,"cards_obtained":["Force Field"]},{"damage_healed":0,"gold_gain":0,"player_choice":"Ignored","damage_taken":0,"max_hp_gain":0,"max_hp_loss":0,"event_name":"Vampires","floor":27,"gold_loss":0},{"damage_healed":19,"gold_gain":0,"player_choice":"Writhe","damage_taken":0,"max_hp_gain":0,"max_hp_loss":0,"event_name":"Winding Halls","floor":36,"gold_loss":0,"cards_obtained":["Writhe"]},{"damage_healed":0,"gold_gain":0,"player_choice":"Copied","damage_taken":0,"max_hp_gain":0,"max_hp_loss":0,"event_name":"Duplicator","floor":37,"gold_loss":0,"cards_obtained":["White Noise"]},{"damage_healed":0,"gold_gain":0,"player_choice":"Ignored","damage_taken":0,"max_hp_gain":0,"max_hp_loss":0,"event_name":"Tomb of Lord Red Mask","floor":39,"gold_loss":0},{"damage_healed":0,"gold_gain":0,"player_choice":"Fight","damage_taken":0,"max_hp_gain":0,"max_hp_loss":0,"event_name":"MindBloom","floor":44,"gold_loss":0}],"is_beta":false,"boss_relics":[{"not_picked":["Velvet Choker","Busted Crown","Fusion Hammer"]},{"not_picked":["Snecko Eye","Cursed Key"],"picked":"Black Star"}],"items_purged_floors":[11,14,28],"is_endless":false,"potions_floor_spawned":[2,8,10,21,22,31,35,41,44],"killed_by":"Time Eater","ascension_level":1}}