{"host":"iymac52lby91rdnn","time":1611095131,"event":{"mods":["AchievementEnabler","Act Like it!","BaseMod","Colored Powertips","GifTheSpireLib","Minty Spire (QoL Compilation)","Permanent Neow","Quick Restart","Rare Cards Sparkle","Relic Filter","Relic Stats","StSLib","The IronCluck","slay the spire mod where everything is the same but ironclad has a cowboy hat"],"gold_per_floor":[18,18,29,29,45,72,72,103,103,103,103,134,134,149,149,253,253,273,372,399,410,410,439,439,439],"floor_reached":24,"language":"DEU","playtime":1382,"items_purged":[],"score":350,"play_id":"34984c27-4352-4f0d-878d-dd4ade9e3d4c","local_time":"20210119162531","is_ascension_mode":true,"campfire_choices":[{"floor":7.0,"key":"RECALL"},{"floor":10.0,"key":"REST"},{"floor":13.0,"key":"REST"},{"data":"Carnage","floor":15.0,"key":"SMITH"}],"circlet_count":0,"master_deck":["Strike_R","Strike_R","Strike_R","Strike_R","Defend_R","Defend_R+1","Defend_R","Defend_R+1","Bash","Reckless Charge","Carnage+1","True Grit+1","Pommel Strike","True Grit+1","Exhume+1","Clothesline+1"],"relics":["Burning Blood","Toxic Egg 2","Oddly Smooth Stone","Bronze Scales","Black Star","Red Mask","Juzu Bracelet","Tiny Chest","Champion Belt"],"acts_visited":["Exordium","TheCity"],"potions_floor_usage":[16,16,20,20,23],"damage_taken":[{"damage":1.0,"enemies":"Cultist","floor":1.0,"turns":3.0},{"damage":9.0,"enemies":"2 Louse","floor":3.0,"turns":3.0},{"damage":2.0,"enemies":"Jaw Worm","floor":5.0,"turns":3.0},{"damage":35.0,"enemies":"Lagavulin","floor":6.0,"turns":5.0},{"damage":37.0,"enemies":"3 Sentries","floor":8.0,"turns":12.0},{"damage":25.0,"enemies":"Gremlin Nob","floor":12.0,"turns":4.0},{"damage":4.0,"enemies":"Blue Slaver","floor":14.0,"turns":3.0},{"damage":26,"enemies":"Slime Boss","floor":16,"turns":8},{"damage":13,"enemies":"Spheric Guardian","floor":18,"turns":4},{"damage":28,"enemies":"Masked Bandits","floor":20,"turns":5},{"damage":2,"enemies":"3 Byrds","floor":21,"turns":3},{"damage":44,"enemies":"Slavers","floor":23,"turns":8},{"damage":34,"enemies":"3 Cultists","floor":24,"turns":5}],"seed_played":"1089405403171748051","potions_obtained":[{"floor":1.0,"key":"LiquidMemories"},{"floor":3.0,"key":"PowerPotion"},{"floor":12.0,"key":"GamblersBrew"},{"floor":14.0,"key":"Energy Potion"},{"floor":16,"key":"Block Potion"},{"floor":18,"key":"ElixirPotion"}],"is_trial":false,"path_per_floor":["M","$","M","?","M","E","R","E","T","R","?","E","R","M","R","B",null,"M","?","?","M","?","E","M"],"character_chosen":"IRONCLAD","items_purchased":[],"campfire_rested":2,"item_purchase_floors":[],"current_hp_per_floor":[93,93,90,90,94,65,65,34,34,62,43,24,52,54,54,34,81,74,74,52,56,56,18,0,0],"gold":439,"neow_bonus":"TWENTY_PERCENT_HP_BONUS","is_daily":false,"chose_seed":false,"campfire_upgraded":1,"win_rate":0.0,"timestamp":1611095131,"path_taken":["M","?","M","?","M","E","R","E","T","R","?","E","R","M","R","BOSS","M","?","?","M","?","E","M"],"items_purchased_type":[],"build_version":"2020-12-22","purchased_purges":0,"victory":false,"max_hp_per_floor":[96,96,96,96,96,96,96,96,96,96,96,96,96,96,96,96,96,96,96,96,96,96,96,96,96],"relic_stats":{"counters":[13,66],"Bronze Scales":[163],"Tiny Chest":0,"Black Star":1,"Juzu Bracelet":0,"Champion Belt":[0],"obtain_stats":[{"Bronze Scales":12,"Oddly Smooth Stone":8,"Tiny Chest":23,"Black Star":17,"Red Mask":20,"Juzu Bracelet":22,"Champion Belt":23,"Toxic Egg 2":6,"Burning Blood":0},{"Bronze Scales":6,"Oddly Smooth Stone":5,"Tiny Chest":12,"Black Star":8,"Red Mask":10,"Juzu Bracelet":11,"Champion Belt":12,"Toxic Egg 2":4,"Burning Blood":0},{"Bronze Scales":30,"Oddly Smooth Stone":26,"Tiny Chest":61,"Black Star":41,"Red Mask":50,"Juzu Bracelet":53,"Champion Belt":61,"Toxic Egg 2":14,"Burning Blood":0}],"Burning Blood":72},"card_choices":[{"not_picked":["Sever Soul","Clothesline"],"picked":"Reckless Charge","floor":1.0},{"not_picked":["Perfected Strike","Clash"],"picked":"Twin Strike","floor":3.0},{"not_picked":["Armaments","Blood for Blood"],"picked":"Carnage","floor":5.0},{"not_picked":["Headbutt","Whirlwind"],"picked":"True Grit+1","floor":6.0},{"not_picked":["Searing Blow","Rampage"],"picked":"Pommel Strike","floor":8.0},{"not_picked":["Perfected Strike","Limit Break+1","Clash"],"picked":"SKIP","floor":12.0},{"not_picked":["Wild Strike","Flex+1"],"picked":"True Grit+1","floor":14.0},{"not_picked":["Berserk","Feed"],"picked":"Exhume+1","floor":16},{"not_picked":["Thunderclap","Iron Wave"],"picked":"Clothesline+1","floor":18},{"not_picked":["Sever Soul","Anger","Sword Boomerang"],"picked":"SKIP","floor":21},{"not_picked":["Perfected Strike","Iron Wave","Body Slam+1"],"picked":"SKIP","floor":23}],"player_experience":860559,"relics_obtained":[{"floor":6.0,"key":"Toxic Egg 2"},{"floor":8.0,"key":"Oddly Smooth Stone"},{"floor":12.0,"key":"Bronze Scales"},{"floor":20,"key":"Red Mask"},{"floor":23,"key":"Tiny Chest"},{"floor":23,"key":"Champion Belt"}],"event_choices":[{"cards_removed":["Strike_R"],"damage_healed":0.0,"max_hp_gain":0.0,"max_hp_loss":0.0,"gold_gain":0.0,"event_name":"Living Wall","player_choice":"Forget","floor":4.0,"gold_loss":0.0,"damage_taken":0.0},{"damage_healed":0.0,"max_hp_gain":0.0,"max_hp_loss":0.0,"gold_gain":0.0,"event_name":"Shining Light","player_choice":"Entered Light","floor":11.0,"gold_loss":0.0,"damage_taken":19.0,"cards_upgraded":["Defend_R","Defend_R"]},{"damage_healed":0,"gold_gain":99,"player_choice":"Stole From Cult","damage_taken":0,"max_hp_gain":0,"max_hp_loss":0,"event_name":"Nest","floor":19,"gold_loss":0},{"damage_healed":0,"gold_gain":0,"player_choice":"Fought Bandits","damage_taken":0,"max_hp_gain":0,"max_hp_loss":0,"event_name":"Masked Bandits","floor":20,"gold_loss":0},{"cards_removed":["Twin Strike"],"damage_healed":0,"gold_gain":0,"player_choice":"Gave Card","damage_taken":0,"relics_obtained":["Juzu Bracelet"],"max_hp_gain":0,"max_hp_loss":0,"event_name":"WeMeetAgain","floor":22,"gold_loss":0}],"is_beta":false,"boss_relics":[{"not_picked":["Fusion Hammer","Runic Dome"],"picked":"Black Star"}],"items_purged_floors":[],"is_endless":false,"potions_floor_spawned":[1,3,12,14,16,18],"killed_by":"3 Cultists","ascension_level":8}}