{"host":"cyg2l0kxxafiqofp","time":1611031207,"event":{"mods":["BaseMod","Colored Map","Colored Powertips","Highlight Path","Minty Spire (QoL Compilation)","Permanent Neow","Quick Restart","Replay The Spire","StSLib"],"gold_per_floor":[112,130,142,142,154,154,181,181,181,199,199,230,243,276,276,371,371,386,386,296,282,462,462,462],"floor_reached":23,"language":"ENG","playtime":1990,"items_purged":[],"score":243,"play_id":"f314a2d4-5afb-4f79-8692-9b28773c54e6","local_time":"20210118234007","is_ascension_mode":true,"campfire_choices":[{"floor":6,"key":"RECALL"},{"floor":11,"key":"REST"},{"floor":15,"key":"REST"}],"circlet_count":0,"master_deck":["Strike_B","Strike_B","Defend_B","Defend_B","Defend_B","Defend_B","Zap+1","Dualcast","Ball Lightning","Storm","Cold Snap+1","Leap","Doom and Gloom","Hello World+1","Tempest","Steam Power","Crystallizer+1","Crystallizer+1","Thunder Strike","Conserve Battery","Panic Button"],"relics":["Inserter","Frozen Egg 2","The Courier","Bottled Flame","Lantern","Black Star"],"acts_visited":["Exordium","TheCity"],"potions_floor_usage":[5,12,12,12,12,12,12,21],"damage_taken":[{"damage":14,"enemies":"2 Louse","floor":1,"turns":3},{"damage":7,"enemies":"Jaw Worm","floor":2,"turns":3},{"damage":2,"enemies":"Small Slimes","floor":3,"turns":3},{"damage":3,"enemies":"Gremlin Gang","floor":5,"turns":3},{"damage":25,"enemies":"Lagavulin","floor":7,"turns":6},{"damage":11,"enemies":"Exordium Wildlife","floor":10,"turns":3},{"damage":10,"enemies":"Gremlin Nob","floor":12,"turns":3},{"damage":6,"enemies":"Lots of Slimes","floor":13,"turns":2},{"damage":8,"enemies":"Lagavulin","floor":14,"turns":7},{"damage":16,"enemies":"The Guardian","floor":16,"turns":9},{"damage":20,"enemies":"Shell Parasite","floor":18,"turns":6},{"damage":26,"enemies":"2 Thieves","floor":21,"turns":4},{"damage":9,"enemies":"Book of Stabbing","floor":23,"turns":4}],"seed_played":"1918726365605241463","potions_obtained":[{"floor":1,"key":"SteroidPotion"},{"floor":2,"key":"Toxic Potion"},{"floor":3,"key":"DuplicationPotion"},{"floor":10,"key":"EntropicBrew"},{"floor":16,"key":"Swift Potion"}],"is_trial":false,"path_per_floor":["M","M","M","?","M","R","E","?","T","M","R","E","M","E","R","B",null,"M","?","?","M","?","E"],"character_chosen":"DEFECT","items_purchased":[],"campfire_rested":2,"item_purchase_floors":[],"current_hp_per_floor":[61,54,52,52,49,49,24,24,24,13,35,25,19,11,33,17,75,55,55,55,29,10,1,1],"gold":462,"neow_bonus":"BOSS_RELIC","is_daily":false,"chose_seed":false,"campfire_upgraded":0,"win_rate":0.0,"timestamp":1611031207,"path_taken":["M","M","M","?","M","R","E","?","T","M","R","E","M","E","R","BOSS","M","?","?","?","?","E"],"items_purchased_type":[],"build_version":"2020-12-22","purchased_purges":0,"victory":false,"max_hp_per_floor":[75,75,75,75,75,75,75,75,75,75,75,75,75,75,75,75,75,75,75,75,75,75,75,75],"card_choices":[{"not_picked":["Reinforced Body","Gash"],"picked":"Ball Lightning","floor":1},{"not_picked":["Chill","Rip and Tear"],"picked":"Storm","floor":2},{"not_picked":["Compile Driver","Turbo"],"picked":"Cold Snap","floor":3},{"not_picked":["Redo","Conserve Battery"],"picked":"Doom and Gloom","floor":5},{"not_picked":["Auto Shields","Tempest"],"picked":"Hello World+1","floor":7},{"not_picked":["ReplayTheSpireMod:GoodbyeWorld+1","Stack"],"picked":"Tempest","floor":10},{"not_picked":["Rebound","ReplayGash"],"picked":"Steam Power","floor":12},{"not_picked":["Beam Cell","Hologram"],"picked":"Crystallizer+1","floor":13},{"not_picked":["Gash","Conserve Battery"],"picked":"Crystallizer+1","floor":14},{"not_picked":["Reboot","Amplify"],"picked":"Thunder Strike","floor":16},{"not_picked":["Hologram","Coolheaded"],"picked":"Conserve Battery","floor":18},{"not_picked":["Streamline","BasicCrystalCard+1"],"picked":"Panic Button","floor":21}],"player_experience":269344,"relics_obtained":[{"floor":7,"key":"Frozen Egg 2"},{"floor":9,"key":"The Courier"},{"floor":12,"key":"Bottled Flame"},{"floor":14,"key":"Lantern"}],"event_choices":[{"damage_healed":0,"gold_gain":0,"cards_transformed":["Strike_B"],"player_choice":"Change","damage_taken":0,"max_hp_gain":0,"max_hp_loss":0,"event_name":"Living Wall","floor":4,"gold_loss":0,"cards_obtained":["Leap"]},{"cards_removed":["Strike_B"],"damage_healed":0,"gold_gain":0,"player_choice":"Upgrade and Remove","damage_taken":0,"max_hp_gain":0,"max_hp_loss":0,"event_name":"Designer","floor":20,"gold_loss":90,"cards_upgraded":["Cold Snap"]},{"damage_healed":0,"gold_gain":180,"player_choice":"GOLD GOLD ","damage_taken":19,"max_hp_gain":0,"max_hp_loss":0,"event_name":"Knowing Skull","floor":22,"potions_obtained":[],"gold_loss":0,"cards_obtained":[]}],"is_beta":false,"boss_relics":[{"not_picked":["Replay:Drink Me","Coffee Dripper"],"picked":"Black Star"}],"items_purged_floors":[],"is_endless":false,"potions_floor_spawned":[1,2,3,10,16],"killed_by":"Book of Stabbing","ascension_level":3}}