{"host":"fr3ip57hl52y255p","time":1611066053,"event":{"mods":["Act Like it!","BaseMod","Challenge The Spire","Colored Powertips","Downfall","Luminous","Mari Mod (Legacy)","Mari\u0027s V1 Patch","Minty Spire (QoL Compilation)","READ ME - Guardian Mod","Relic Stats","StSLib","The Hierophant","[GremlinLeader]The Maniac"],"gold_per_floor":[110,110,122,141,40,73,73,73,73,86,104,104,104,118,118,215,215,227,247,257,39,39,39,67,67,67,79,79,79],"floor_reached":28,"language":"ZHS","playtime":2662,"items_purged":["maniac:Defend","maniac:Strike"],"score":252,"play_id":"b4456111-711c-498c-b552-1805438c670d","local_time":"20210119222053","is_ascension_mode":true,"campfire_choices":[{"data":"maniac:Recollect","floor":8.0,"key":"SMITH"},{"data":"maniac:ManipulatedFaith","floor":13.0,"key":"SMITH"},{"data":"maniac:Confront","floor":15.0,"key":"SMITH"},{"data":"maniac:Intimidate","floor":23,"key":"SMITH"},{"floor":25,"key":"REST"}],"circlet_count":0,"master_deck":["maniac:Strike","maniac:Strike","maniac:Strike","maniac:Defend","maniac:Defend","maniac:BurnBlood","maniac:AbyssShackle","maniac:Retrospect","maniac:ArmToTheTeeth","maniac:ShelteringEdge","maniac:Confront+1","maniac:Recollect+1","maniac:ManipulatedFaith+1","maniac:ExpectedMoves","maniac:FanTheHammer","maniac:SeeingDetails","maniac:Intimidate+1","Enlightenment"],"relics":["maniac:DamagedAnvil","maniac:BrokenHorn","NeowsBlessing","Pear","Lantern","SlaversCollar","Shovel","maniac:VisionEye"],"acts_visited":["TheCity"],"potions_floor_usage":[20,24,28,28],"damage_taken":[{"damage":0.0,"enemies":"Small Slimes","floor":1.0,"turns":1.0},{"damage":0.0,"enemies":"Cultist","floor":3.0,"turns":1.0},{"damage":0.0,"enemies":"2 Louse","floor":4.0,"turns":1.0},{"damage":18.0,"enemies":"Gremlin Nob","floor":6.0,"turns":4.0},{"damage":0.0,"enemies":"Large Slime","floor":10.0,"turns":6.0},{"damage":4.0,"enemies":"Looter","floor":11.0,"turns":3.0},{"damage":11.0,"enemies":"3 Louse","floor":14.0,"turns":5.0},{"damage":35.0,"enemies":"The Guardian","floor":16.0,"turns":13.0},{"damage":9.0,"enemies":"Shell Parasite","floor":18.0,"turns":5.0},{"damage":8.0,"enemies":"3 Byrds","floor":19.0,"turns":6.0},{"damage":26,"enemies":"Cultist and Chosen","floor":20,"turns":8},{"damage":38,"enemies":"Slavers","floor":24,"turns":6},{"damage":17,"enemies":"Snake Plant","floor":27,"turns":4},{"damage":21,"enemies":"Sentry and Sphere","floor":28,"turns":3}],"seed_played":"-7442471819271995164","potions_obtained":[{"floor":4.0,"key":"Block Potion"},{"floor":10.0,"key":"Block Potion"},{"floor":12.0,"key":"Ancient Potion"},{"floor":14.0,"key":"Ancient Potion"},{"floor":16.0,"key":"SkillPotion"},{"floor":24,"key":"SteroidPotion"}],"is_trial":false,"path_per_floor":["M","?","M","M","$","E","$","R","T","M","M","?","R","M","R","B",null,"M","M","M","$","?","R","E","R","T","M","M"],"character_chosen":"THE_MANIAC","items_purchased":["maniac:Confront","maniac:Intimidate","Enlightenment"],"campfire_rested":1,"item_purchase_floors":[5,21,21],"current_hp_per_floor":[80,80,80,80,80,72,72,72,72,72,68,68,68,57,57,22,90,81,73,47,47,47,47,9,36,36,19,0,0],"gold":79,"neow_bonus":"THREE_ENEMY_KILL","is_daily":false,"chose_seed":false,"campfire_upgraded":4,"win_rate":0.0,"timestamp":1611066053,"path_taken":["M","?","M","?","?","E","?","R","T","M","?","?","R","M","R","BOSS","M","?","M","$","?","R","E","R","T","M","M"],"items_purchased_type":["Card","Card","Card"],"build_version":"2020-12-22","purchased_purges":2,"victory":false,"max_hp_per_floor":[80,80,80,80,80,90,90,90,90,90,90,90,90,90,90,90,90,90,90,90,90,90,90,90,90,90,90,90,90],"relic_stats":{"Shovel":0,"counters":[14,66],"obtain_stats":[{"maniac:DamagedAnvil":0,"maniac:BrokenHorn":0,"SlaversCollar":17,"Lantern":9,"Pear":6,"Shovel":24,"NeowsBlessing":0,"maniac:VisionEye":26},{"maniac:DamagedAnvil":0,"maniac:BrokenHorn":0,"SlaversCollar":8,"Lantern":4,"Pear":4,"Shovel":12,"NeowsBlessing":0,"maniac:VisionEye":12},{"maniac:DamagedAnvil":0,"maniac:BrokenHorn":0,"SlaversCollar":34,"Lantern":7,"Pear":7,"Shovel":59,"NeowsBlessing":0,"maniac:VisionEye":59}]},"card_choices":[{"not_picked":["maniac:UndyingDesire","maniac:ShelteringEdge"],"picked":"maniac:Retrospect","floor":1.0},{"not_picked":["maniac:DashForward","maniac:Refine"],"picked":"maniac:ArmToTheTeeth","floor":3.0},{"not_picked":["maniac:UndyingDesire","maniac:BladesInCloak"],"picked":"maniac:ShelteringEdge","floor":4.0},{"not_picked":["maniac:Refine","maniac:BladesInCloak"],"picked":"maniac:Recollect","floor":6.0},{"not_picked":["maniac:WardAndDefend","maniac:GlassScratch"],"picked":"maniac:ManipulatedFaith","floor":10.0},{"not_picked":["maniac:Confront","maniac:Quickdraw","maniac:FindAShortcut"],"picked":"SKIP","floor":11.0},{"not_picked":["maniac:Precision","maniac:FindAShortcut"],"picked":"maniac:ExpectedMoves","floor":14.0},{"not_picked":["maniac:HammerDown","maniac:StormOfTime"],"picked":"maniac:FanTheHammer","floor":16.0},{"not_picked":["maniac:ShelteringEdge","maniac:PanickyParry+1","maniac:MeleeStrike"],"picked":"SKIP","floor":18.0},{"not_picked":["maniac:BladesInCloak+1","maniac:Assassinate"],"picked":"maniac:SeeingDetails","floor":19.0},{"not_picked":["maniac:AlleviatingSorcery","maniac:BladeArtist","maniac:EndOfTheRoad"],"picked":"SKIP","floor":20},{"not_picked":["maniac:TorturousScreams+1","maniac:DashForward+1","maniac:ListenToNone+1"],"picked":"SKIP","floor":24},{"not_picked":["maniac:SeekerKnife+1","maniac:ManipulatedFaith+1","maniac:Traceback"],"picked":"SKIP","floor":27}],"player_experience":129491,"relics_obtained":[{"floor":6.0,"key":"Pear"},{"floor":9.0,"key":"Lantern"},{"floor":24,"key":"Shovel"},{"floor":26,"key":"maniac:VisionEye"}],"event_choices":[{"cards_removed":["maniac:Strike"],"damage_healed":0.0,"max_hp_gain":0.0,"max_hp_loss":0.0,"gold_gain":0.0,"event_name":"Purifier","player_choice":"Purged","floor":2.0,"gold_loss":0.0,"damage_taken":0.0},{"damage_healed":0.0,"max_hp_gain":0.0,"max_hp_loss":0.0,"gold_gain":0.0,"event_name":"Lab","player_choice":"Got Potions","floor":12.0,"gold_loss":0.0,"damage_taken":0.0},{"cards_removed":["maniac:Defend"],"damage_healed":0,"gold_gain":0,"player_choice":"Elegance","damage_taken":0,"max_hp_gain":0,"max_hp_loss":0,"event_name":"Back to Basics","floor":22,"gold_loss":0}],"is_beta":false,"boss_relics":[{"not_picked":["Pandora\u0027s Box","Coffee Dripper"],"picked":"SlaversCollar"}],"items_purged_floors":[5,21],"is_endless":false,"potions_floor_spawned":[4,10,14,16,24],"killed_by":"Sentry and Sphere","ascension_level":1}}