{"host":"vyjryxuuuxkt43k4","time":1611042640,"event":{"mods":["AchievementEnabler","BaseMod","Colored Map","DeckTracker","Keyboard Shortcuts","Minty Spire (QoL Compilation)","Permanent Neow","Quick Restart","Rare Cards Sparkle","StSLib","SuperFastMode","everything is the same but u backflip on backflip"],"gold_per_floor":[119,137,152,172,9,44,44,73,126,126,159,169,189,209,209,287,287,306,306,322,25,41,41,374,385,385,59,72,97,97,128,128,199,199,209,223,0,0,18,45,63,93,93,119,130,150,40,54,54,54,54,54,36,62,62,62],"floor_reached":55,"language":"KOR","playtime":8633,"items_purged":["Defend_R"],"score":1466,"play_id":"c1c94d43-8361-4b7a-8b7e-abdf0f59d166","local_time":"20210119165039","is_ascension_mode":true,"campfire_choices":[{"data":"Apotheosis","floor":7.0,"key":"SMITH"},{"floor":10.0,"key":"REST"},{"floor":15.0,"key":"REST"},{"floor":23.0,"key":"RECALL"},{"data":"Ghostly","floor":32.0,"key":"SMITH"},{"data":"Feed","floor":49.0,"key":"SMITH"},{"data":"Ghostly","floor":52.0,"key":"SMITH"}],"circlet_count":0,"master_deck":["AscendersBane","Strike_R","Strike_R","Strike_R","Strike_R","Strike_R","Defend_R","Defend_R","Defend_R","Bash","Apotheosis+1","Shrug It Off","Perfected Strike","Wild Strike","Secret Technique","Demon Form+1","Wild Strike","Reaper","Brutality+1","Cleave+1","Ghostly+1","Ghostly+1","Ghostly","Ghostly","Ghostly","Rupture+1","Twin Strike+1","Rupture+1","Pommel Strike","Dual Wield","Wild Strike","Perfected Strike","Barricade+1","Intimidate","Pommel Strike+1","Disarm+1","Twin Strike+1","Twin Strike","Feed+1","Perfected Strike","Battle Trance"],"relics":["Burning Blood","HornCleat","Frozen Egg 2","Vajra","Blood Vial","Snecko Eye","ClockworkSouvenir","Old Coin","Bottled Lightning","Incense Burner","Magic Flower","The Courier","Sozu","Red Mask","Oddly Smooth Stone","MealTicket","Bronze Scales","Meat on the Bone","Ornamental Fan"],"acts_visited":["Exordium","TheCity","TheBeyond","TheEnding"],"potions_floor_usage":[],"damage_taken":[{"damage":8.0,"enemies":"Cultist","floor":1.0,"turns":4.0},{"damage":8.0,"enemies":"Small Slimes","floor":2.0,"turns":5.0},{"damage":4.0,"enemies":"2 Louse","floor":3.0,"turns":3.0},{"damage":11.0,"enemies":"Blue Slaver","floor":4.0,"turns":5.0},{"damage":34.0,"enemies":"Gremlin Nob","floor":6.0,"turns":5.0},{"damage":13.0,"enemies":"Lagavulin","floor":8.0,"turns":6.0},{"damage":30.0,"enemies":"3 Sentries","floor":11.0,"turns":8.0},{"damage":10.0,"enemies":"Gremlin Gang","floor":12.0,"turns":4.0},{"damage":22.0,"enemies":"3 Louse","floor":13.0,"turns":4.0},{"damage":12.0,"enemies":"2 Fungi Beasts","floor":14.0,"turns":3.0},{"damage":12.0,"enemies":"Slime Boss","floor":16.0,"turns":7.0},{"damage":4.0,"enemies":"3 Byrds","floor":18.0,"turns":5.0},{"damage":3.0,"enemies":"Chosen","floor":20.0,"turns":7.0},{"damage":13.0,"enemies":"Snake Plant","floor":22.0,"turns":6.0},{"damage":41.0,"enemies":"Gremlin Leader","floor":24.0,"turns":8.0},{"damage":7.0,"enemies":"Cultist and Chosen","floor":25.0,"turns":6.0},{"damage":3.0,"enemies":"Centurion and Healer","floor":28.0,"turns":6.0},{"damage":32.0,"enemies":"Slavers","floor":29.0,"turns":7.0},{"damage":14.0,"enemies":"Book of Stabbing","floor":31.0,"turns":7.0},{"damage":3.0,"enemies":"Automaton","floor":33.0,"turns":6.0},{"damage":6.0,"enemies":"Orb Walker","floor":35.0,"turns":4.0},{"damage":5.0,"enemies":"3 Darklings","floor":36.0,"turns":6.0},{"damage":18.0,"enemies":"Sphere and 2 Shapes","floor":39.0,"turns":6.0},{"damage":41.0,"enemies":"Giant Head","floor":40.0,"turns":8.0},{"damage":3.0,"enemies":"Jaw Worm Horde","floor":41.0,"turns":8.0},{"damage":3.0,"enemies":"Nemesis","floor":42.0,"turns":7.0},{"damage":2.0,"enemies":"Giant Head","floor":44.0,"turns":7.0},{"damage":7.0,"enemies":"Maw","floor":45.0,"turns":6.0},{"damage":3.0,"enemies":"Sphere and 2 Shapes","floor":46.0,"turns":4.0},{"damage":2.0,"enemies":"3 Darklings","floor":48.0,"turns":5.0},{"damage":33.0,"enemies":"Donu and Deca","floor":50.0,"turns":11.0},{"damage":0.0,"enemies":"Shield and Spear","floor":54.0,"turns":8.0},{"damage":55,"enemies":"The Heart","floor":55,"turns":6}],"seed_played":"-6245489812708501894","potions_obtained":[{"floor":2.0,"key":"ColorlessPotion"},{"floor":4.0,"key":"Regen Potion"},{"floor":6.0,"key":"GamblersBrew"},{"floor":8.0,"key":"LiquidMemories"},{"floor":11.0,"key":"Energy Potion"},{"floor":12.0,"key":"Fruit Juice"},{"floor":16.0,"key":"ColorlessPotion"},{"floor":18.0,"key":"Regen Potion"},{"floor":25.0,"key":"Fruit Juice"},{"floor":28.0,"key":"Energy Potion"},{"floor":31.0,"key":"Energy Potion"},{"floor":33.0,"key":"SkillPotion"}],"is_trial":false,"path_per_floor":["M","M","M","M","$","E","R","E","T","R","E","M","M","M","R","B",null,"M","?","M","$","M","R","E","M","T","$","M","E","?","E","R","B",null,"M","M","?","?","M","E","M","E","T","E","M","M","$","M","R","B",null,"R","$","E","B"],"character_chosen":"IRONCLAD","items_purchased":["Secret Technique","Rupture+1","ClockworkSouvenir","Incense Burner","Dual Wield","Feed","Perfected Strike"],"campfire_rested":2,"item_purchase_floors":[5,21,21,27,27,47,53],"current_hp_per_floor":[70,68,70,65,65,49,49,42,42,63,39,42,43,49,72,68,75,77,38,38,38,38,38,15,43,43,43,43,29,29,43,43,43,43,43,43,43,43,43,11,41,43,43,43,43,43,43,47,47,47,50,50,51,51,0,0],"gold":62,"neow_bonus":"RANDOM_COLORLESS_2","is_daily":false,"chose_seed":false,"campfire_upgraded":4,"win_rate":0.0,"timestamp":1611042639,"path_taken":["M","?","M","M","?","E","R","E","T","R","E","M","M","M","R","BOSS","M","?","M","$","M","R","E","M","T","$","M","E","?","E","R","BOSS","M","M","?","?","M","E","M","E","T","E","?","M","$","?","R","BOSS","R","$","E","BOSS"],"items_purchased_type":["Card","Card","Relic","Relic","Card","Card","Card"],"build_version":"2020-12-22","purchased_purges":1,"victory":false,"max_hp_per_floor":[72,72,72,72,72,72,72,72,72,72,72,77,77,77,77,77,77,77,38,38,38,38,38,38,43,43,43,43,43,43,43,43,43,43,43,43,43,43,43,43,43,43,43,43,43,43,43,47,47,51,51,51,51,51,51,51],"card_choices":[{"not_picked":["Secret Technique","Panache"],"picked":"Apotheosis","floor":0.0},{"not_picked":["Cleave","Sword Boomerang"],"picked":"Shrug It Off","floor":1.0},{"not_picked":["Clash","Dual Wield"],"picked":"Perfected Strike","floor":2.0},{"not_picked":["Heavy Blade","Shrug It Off"],"picked":"Wild Strike","floor":3.0},{"not_picked":["Combust","Uppercut","Shrug It Off"],"picked":"SKIP","floor":4.0},{"not_picked":["Pummel","Clash","Heavy Blade"],"picked":"SKIP","floor":6.0},{"not_picked":["Flex","Armaments"],"picked":"Demon Form+1","floor":8.0},{"not_picked":["Heavy Blade","True Grit"],"picked":"Wild Strike","floor":11.0},{"not_picked":["Body Slam","Pummel"],"picked":"Reaper","floor":12.0},{"not_picked":["Body Slam","Entrench","Iron Wave"],"picked":"SKIP","floor":13.0},{"not_picked":["Body Slam","Entrench","Iron Wave"],"picked":"SKIP","floor":13.0},{"not_picked":["Infernal Blade","Armaments","Sword Boomerang"],"picked":"SKIP","floor":14.0},{"not_picked":["Reaper","Limit Break"],"picked":"Brutality+1","floor":16.0},{"not_picked":["Armaments","Thunderclap"],"picked":"Cleave+1","floor":18.0},{"not_picked":["Inflame+1","Metallicize+1","Body Slam"],"picked":"SKIP","floor":20.0},{"not_picked":["Clash","Wild Strike"],"picked":"Twin Strike+1","floor":22.0},{"not_picked":["Blood for Blood","Headbutt"],"picked":"Rupture+1","floor":24.0},{"not_picked":["Rage","Cleave+1"],"picked":"Pommel Strike","floor":25.0},{"not_picked":["Shrug It Off","Iron Wave","Shockwave"],"picked":"SKIP","floor":28.0},{"not_picked":["Juggernaut+1","Cleave"],"picked":"Wild Strike","floor":29.0},{"not_picked":["Carnage","Warcry","True Grit"],"picked":"SKIP","floor":31.0},{"not_picked":["Offering","Demon Form+1"],"picked":"Barricade+1","floor":33.0},{"not_picked":["Carnage+1","Thunderclap","Body Slam"],"picked":"SKIP","floor":35.0},{"not_picked":["Rampage+1","Searing Blow"],"picked":"Intimidate","floor":36.0},{"not_picked":["Heavy Blade+1","True Grit"],"picked":"Pommel Strike+1","floor":39.0},{"not_picked":["Clash","Havoc+1","Reckless Charge"],"picked":"SKIP","floor":40.0},{"not_picked":["Burning Pact","Blood for Blood"],"picked":"Disarm+1","floor":41.0},{"not_picked":["Uppercut+1","Ghostly Armor","Sever Soul+1"],"picked":"SKIP","floor":42.0},{"not_picked":["Uppercut","Spot Weakness","Clothesline"],"picked":"SKIP","floor":44.0},{"not_picked":["Spot Weakness","Blood for Blood"],"picked":"Twin Strike+1","floor":45.0},{"not_picked":["Whirlwind","Warcry"],"picked":"Twin Strike","floor":46.0},{"not_picked":["Clash","Feed","Ghostly Armor"],"picked":"SKIP","floor":48.0},{"not_picked":["Sword Boomerang","Inflame+1"],"picked":"Battle Trance","floor":54.0}],"player_experience":133798,"relics_obtained":[{"floor":6.0,"key":"HornCleat"},{"floor":8.0,"key":"Frozen Egg 2"},{"floor":9.0,"key":"Vajra"},{"floor":11.0,"key":"Blood Vial"},{"floor":24.0,"key":"Old Coin"},{"floor":26.0,"key":"Bottled Lightning"},{"floor":29.0,"key":"Magic Flower"},{"floor":31.0,"key":"The Courier"},{"floor":40.0,"key":"MealTicket"},{"floor":42.0,"key":"Bronze Scales"},{"floor":44.0,"key":"Meat on the Bone"},{"floor":54.0,"key":"Ornamental Fan"}],"event_choices":[{"damage_healed":0.0,"max_hp_gain":0.0,"max_hp_loss":39.0,"gold_gain":0.0,"event_name":"Ghosts","player_choice":"Became a Ghost","floor":19.0,"gold_loss":0.0,"damage_taken":0.0,"cards_obtained":["Ghostly","Ghostly","Ghostly","Ghostly","Ghostly"]},{"damage_healed":0.0,"max_hp_gain":0.0,"max_hp_loss":0.0,"gold_gain":0.0,"event_name":"The Library","player_choice":"Read","floor":30.0,"gold_loss":0.0,"damage_taken":0.0,"cards_obtained":["Perfected Strike"]},{"damage_healed":0.0,"max_hp_gain":0.0,"max_hp_loss":0.0,"gold_gain":0.0,"event_name":"Tomb of Lord Red Mask","player_choice":"Paid","floor":37.0,"gold_loss":223.0,"damage_taken":0.0,"relics_obtained":["Red Mask"]},{"damage_healed":0.0,"max_hp_gain":0.0,"max_hp_loss":0.0,"gold_gain":0.0,"event_name":"WeMeetAgain","player_choice":"Gave Potion","floor":38.0,"gold_loss":0.0,"damage_taken":0.0,"relics_obtained":["Oddly Smooth Stone"]}],"is_beta":false,"boss_relics":[{"not_picked":["SacredBark","Astrolabe"],"picked":"Snecko Eye"},{"not_picked":["Runic Pyramid","Black Blood"],"picked":"Sozu"}],"items_purged_floors":[21],"is_endless":false,"potions_floor_spawned":[2,4,6,8,11,12,16,18,25,28,31,33,36,41,44,45],"killed_by":"The Heart","ascension_level":13}}