{"host":"8a3jzv7qxg3y7b6t","time":1611042242,"event":{"mods":["BaseMod","Better Third Choice","Downfall","Hermit","Minty Spire (QoL Compilation)","Relic Stats","StSLib","The Bug Knight","The Cursed"],"gold_per_floor":[112,112,123,298,317,349,368,400,400,64,64,82,111,138,138,242,242,258,269,288,288,288],"floor_reached":21,"language":"ENG","playtime":1186,"items_purged":["Doubt"],"score":210,"play_id":"01a83eda-8c95-49c7-9334-1ae638094ea8","local_time":"20210118234402","is_ascension_mode":true,"campfire_choices":[{"floor":11,"key":"RECALL"},{"floor":15,"key":"REST"}],"circlet_count":0,"master_deck":["Strike_B","Strike_B","Strike_B","Strike_B","Defend_B","Defend_B","Defend_B","Defend_B","Zap","Dualcast","Gash","Hologram","Self Repair","Go for the Eyes","Reinforced Body","Redo","Scrape","Panacea","Biased Cognition","Beam Cell","Core Surge","Capacitor","White Noise","Go for the Eyes"],"relics":["Cracked Core","Bag of Marbles","Happy Flower","Symbiotic Virus","Oddly Smooth Stone","Chemical X","Odd Mushroom","Centennial Puzzle","SlaversCollar"],"acts_visited":["Exordium","TheCity"],"potions_floor_usage":[6,8,13,16],"damage_taken":[{"damage":1,"enemies":"Cultist","floor":1,"turns":3},{"damage":0,"enemies":"2 Louse","floor":3,"turns":2},{"damage":1,"enemies":"Small Slimes","floor":5,"turns":3},{"damage":22,"enemies":"3 Sentries","floor":6,"turns":3},{"damage":17,"enemies":"Gremlin Gang","floor":7,"turns":5},{"damage":35,"enemies":"Lagavulin","floor":8,"turns":7},{"damage":2,"enemies":"Blue Slaver","floor":12,"turns":4},{"damage":6,"enemies":"The Mushroom Lair","floor":13,"turns":4},{"damage":10,"enemies":"Hexaghost","floor":16,"turns":7},{"damage":29,"enemies":"2 Thieves","floor":18,"turns":4},{"damage":5,"enemies":"Shell Parasite","floor":19,"turns":3},{"damage":32,"enemies":"Snake Plant","floor":20,"turns":6},{"damage":29,"enemies":"3 Cultists","floor":21,"turns":5}],"seed_played":"-4309033245245490618","potions_obtained":[{"floor":3,"key":"SkillPotion"},{"floor":6,"key":"LiquidBronze"},{"floor":8,"key":"Energy Potion"},{"floor":13,"key":"Weak Potion"},{"floor":20,"key":"PotionOfCapacity"}],"is_trial":false,"path_per_floor":["M","T","M","?","M","E","M","E","T","$","R","M","?","T","R","B",null,"M","M","M","M"],"character_chosen":"DEFECT","items_purchased":["Chemical X","Scrape","Panacea"],"campfire_rested":1,"item_purchase_floors":[10,10,10],"current_hp_per_floor":[74,74,74,74,73,58,48,20,20,20,20,25,26,26,48,45,75,46,48,23,0,0],"gold":288,"neow_bonus":"RANDOM_COMMON_RELIC","is_daily":false,"chose_seed":false,"campfire_upgraded":0,"win_rate":0.0,"timestamp":1611042242,"path_taken":["M","?","?","?","M","E","M","E","T","$","R","M","?","?","R","BOSS","M","M","?","?"],"items_purchased_type":["Relic","Card","Card"],"build_version":"2020-12-22","purchased_purges":1,"victory":false,"max_hp_per_floor":[75,75,75,75,75,75,75,75,75,75,75,75,75,75,75,75,75,75,75,75,75,75],"relic_stats":{"Centennial Puzzle":[15],"Happy Flower":[15],"counters":[13,56],"Chemical X":[6],"obtain_stats":[{"SlaversCollar":17,"Centennial Puzzle":14,"Happy Flower":6,"Oddly Smooth Stone":9,"Bag of Marbles":0,"Chemical X":10,"Odd Mushroom":13,"Cracked Core":0,"Symbiotic Virus":8},{"SlaversCollar":9,"Centennial Puzzle":8,"Happy Flower":4,"Oddly Smooth Stone":6,"Bag of Marbles":0,"Chemical X":6,"Odd Mushroom":8,"Cracked Core":0,"Symbiotic Virus":6},{"SlaversCollar":38,"Centennial Puzzle":31,"Happy Flower":11,"Oddly Smooth Stone":23,"Bag of Marbles":0,"Chemical X":23,"Odd Mushroom":31,"Cracked Core":0,"Symbiotic Virus":23}]},"card_choices":[{"not_picked":["Hologram","Sweeping Beam"],"picked":"Gash","floor":1},{"not_picked":["Turbo","Hello World"],"picked":"Hologram","floor":3},{"not_picked":["Coolheaded","Streamline"],"picked":"Self Repair","floor":5},{"not_picked":["Steam","Rebound"],"picked":"Go for the Eyes","floor":6},{"not_picked":["Cold Snap","Heatsinks"],"picked":"Reinforced Body","floor":7},{"not_picked":["Streamline","Leap"],"picked":"Redo","floor":8},{"not_picked":["Cold Snap","Leap"],"picked":"Biased Cognition","floor":12},{"not_picked":["Reprogram","Rip and Tear"],"picked":"Beam Cell","floor":13},{"not_picked":["Thunder Strike","Machine Learning"],"picked":"Core Surge","floor":16},{"not_picked":["Glacier","Compile Driver"],"picked":"Capacitor","floor":18},{"not_picked":["Skim","Steam+1"],"picked":"White Noise","floor":19},{"not_picked":["Conserve Battery","Double Energy"],"picked":"Go for the Eyes","floor":20}],"player_experience":614996,"relics_obtained":[{"floor":6,"key":"Happy Flower"},{"floor":8,"key":"Symbiotic Virus"},{"floor":9,"key":"Oddly Smooth Stone"},{"floor":13,"key":"Odd Mushroom"},{"floor":14,"key":"Centennial Puzzle"}],"event_choices":[{"damage_healed":0,"gold_gain":175,"player_choice":"AGREE","damage_taken":123,"max_hp_gain":0,"max_hp_loss":0,"event_name":"betterThird:BetterSerpent","floor":4,"gold_loss":0},{"damage_healed":0,"gold_gain":0,"player_choice":"Fought Mushrooms","damage_taken":0,"max_hp_gain":0,"max_hp_loss":0,"event_name":"Mushrooms","floor":13,"gold_loss":0}],"is_beta":false,"boss_relics":[{"not_picked":["Sozu","Velvet Choker"],"picked":"SlaversCollar"}],"items_purged_floors":[10],"is_endless":false,"potions_floor_spawned":[3,6,8,13,20],"killed_by":"3 Cultists","ascension_level":2}}