{"host":"r0e4s450fexxrjel","time":1611081868,"event":{"mods":["AchievementEnabler","Act Like it!","AlwaysNeverKeys","BaseMod","Better Third Choice","ChefMod","Clawfect","Colored Map","Conspire","Dota2Spire","Energized Spire","Evolution","Friendly Minions","GifTheSpireLib","Gold Saver","Hubris","Infinite Spire","Minty Spire (QoL Compilation)","Pale of the Ancients","RRrroohrrRGHHhhh!!","Replay The Spire","Shop Mod","StSLib","The Druid"],"gold_per_floor":[866,898,911,620,672,672,682,711,711,721,721,721,750,761,761,865,865,878,894,894,894,894],"floor_reached":21,"language":"DEU","playtime":929,"items_purged":[],"score":189,"play_id":"18cfb5de-8bbe-49f4-9569-9fa6ec13f1bc","local_time":"20210119194428","is_ascension_mode":false,"campfire_choices":[{"data":"FlurryOfBlows","floor":6,"key":"SMITH"},{"floor":12,"key":"REST"},{"floor":15,"key":"REST"}],"circlet_count":0,"master_deck":["Strike_P","Strike_P","Strike_P","Strike_P","Defend_P","Defend_P","Defend_P","Defend_P","Eruption","Vigilance","FlurryOfBlows+1","CutThroughFate","Pot Of Greed","Replay:Cycle","Replay:AtTheReady","FlurryOfBlows","Replay:ManipulateFuture","DevaForm","FlyingSleeves+1"],"relics":["PureWater","EVO:Axolotl","Dota2Spire:UrnOfShadows","Counterbalance","Dota2Spire:LotusOrb","Grinning Jar","InkBottle","hubris:DeckOfHolding","conspire:SlowCooker"],"acts_visited":["Exordium","TheCity"],"potions_floor_usage":[2,8,8,8,8,8,16,21],"damage_taken":[{"damage":1,"enemies":"2 Louse","floor":1,"turns":4},{"damage":12,"enemies":"conspire:MimicChest","floor":2,"turns":6},{"damage":0,"enemies":"Cultist","floor":3,"turns":2},{"damage":0,"enemies":"Jaw Worm","floor":7,"turns":3},{"damage":19,"enemies":"Lagavulin","floor":8,"turns":6},{"damage":9,"enemies":"Large Slime","floor":10,"turns":5},{"damage":14,"enemies":"Gremlin Nob","floor":13,"turns":4},{"damage":0,"enemies":"Exordium Wildlife","floor":14,"turns":4},{"damage":29,"enemies":"Hexaghost","floor":16,"turns":12},{"damage":24,"enemies":"2 Thieves","floor":18,"turns":4},{"damage":42,"enemies":"Chosen","floor":19,"turns":9},{"damage":0,"enemies":"Snake Plant","floor":21,"turns":1}],"seed_played":"9163088839346114408","potions_obtained":[{"floor":1,"key":"FearPotion"},{"floor":2,"key":"EntropicBrew"},{"floor":7,"key":"Ambrosia"},{"floor":8,"key":"Block Potion"},{"floor":19,"key":"SkillPotion"}],"is_trial":false,"path_per_floor":["M","?","M","$","T","R","M","E","T","M","?","R","E","M","R","B",null,"M","M","?","M"],"character_chosen":"WATCHER","items_purchased":["Counterbalance"],"campfire_rested":2,"item_purchase_floors":[4],"current_hp_per_floor":[78,66,66,66,66,66,66,47,47,38,38,61,47,47,70,41,79,55,13,18,18,18],"gold":894,"neow_bonus":"TEN_PERCENT_HP_BONUS","is_daily":false,"chose_seed":false,"campfire_upgraded":1,"win_rate":0.0,"timestamp":1611081868,"path_taken":["M","?","M","$","?","R","M","E","T","?","?","R","E","M","R","BOSS","M","M","?","M"],"items_purchased_type":["Relic"],"build_version":"2020-12-22","purchased_purges":0,"victory":false,"max_hp_per_floor":[79,79,79,79,79,79,79,79,79,79,79,79,79,79,79,79,79,79,79,79,79,79],"card_choices":[{"not_picked":["Crescendo","CutThroughFate"],"picked":"FlurryOfBlows","floor":1},{"not_picked":["ThirdEye","Collect"],"picked":"CutThroughFate","floor":2},{"not_picked":["Nirvana","ReachHeaven","EmptyMind"],"picked":"SKIP","floor":3},{"not_picked":["Replay:Hum","Replay:Anticipation","Swivel"],"picked":"SKIP","floor":7},{"not_picked":["Evaluate","WindmillStrike"],"picked":"Replay:Cycle","floor":8},{"not_picked":["Replay:Vibes","SignatureMove"],"picked":"Replay:AtTheReady","floor":10},{"not_picked":["Crescendo","Replay:ManipulateFuture"],"picked":"FlurryOfBlows","floor":13},{"not_picked":["CrushJoints","EmptyBody"],"picked":"Replay:ManipulateFuture","floor":14},{"not_picked":["ConjureBlade","Scrawl"],"picked":"DevaForm","floor":16},{"not_picked":["SashWhip","Collect+1","EmptyBody"],"picked":"SKIP","floor":18},{"not_picked":["Indignation","Tantrum"],"picked":"FlyingSleeves+1","floor":19}],"player_experience":62171,"relics_obtained":[{"floor":2,"key":"Dota2Spire:UrnOfShadows"},{"floor":5,"key":"Dota2Spire:LotusOrb"},{"floor":8,"key":"Grinning Jar"},{"floor":9,"key":"InkBottle"},{"floor":13,"key":"hubris:DeckOfHolding"}],"event_choices":[{"damage_healed":0,"gold_gain":0,"player_choice":"Ignored","damage_taken":0,"max_hp_gain":0,"max_hp_loss":0,"event_name":"Golden Wing","floor":11,"gold_loss":0},{"cards_removed":["Pot Of Greed"],"damage_healed":5,"gold_gain":0,"player_choice":"Offered Special","damage_taken":0,"max_hp_gain":0,"max_hp_loss":0,"event_name":"Bonfire Elementals","floor":20,"gold_loss":0}],"is_beta":false,"boss_relics":[{"not_picked":["energizedSpire:OgreHead","hubris:VirtuousBlindfold"],"picked":"conspire:SlowCooker"}],"items_purged_floors":[],"is_endless":false,"potions_floor_spawned":[1,2,7,8,19],"killed_by":"Snake Plant","ascension_level":0}}