{"host":"Charlie","time":1611022808,"event":{"mods":["100% Spire Juice","Aspiration","BaseMod","Better Match","Better Skull","Better Third Choice","BetterRewards","ChefMod","Colored Map","Colored Powertips","Conspire","Curses Come First","Dota2Spire","Downfall","Ekko","Evolution","Fox Events","Friendly Minions","Halation","Hermit","HololiveMod","Hubris","Infinite Spire","Luminous","Melee Mod","Minty Spire (QoL Compilation)","Quick Restart","Rare Cards Sparkle","Relic Stats","Robot Space Explorer","Shade Mod","Spicy Shops","Spire Arcade","StSLib","SuperFastMode","Synergy Search","The Animator","The Blue Laboratory","The Caster","The Cursed","The Dragon Tamer","The Factory","The Gatherer","The Jungle","The Marked","The Necromancer","Unceasing Turn Reminder","vexMod"],"gold_per_floor":[82,98,98,112,112,112,112],"floor_reached":6,"language":"ENG","playtime":257,"items_purged":[],"score":36,"play_id":"0e7e9faa-317e-4bdf-9b20-85b152b1f62a","local_time":"20210118182008","is_ascension_mode":false,"campfire_choices":[],"circlet_count":0,"master_deck":["Hololive_Strike","Hololive_Strike","Hololive_Defend","Hololive_Defend","Hololive_SoulCatcher","Hololive_CallNatsuiroMatsuri+1","Hololive_CallYuzukiChoco","Hololive_CallCivia","Hololive_CallDoris","Hololive_CallMinatoAqua","Hololive_CandyCastle","Hololive_CallAkaiHaato","Hololive_CallShiroganeNoel","Regret"],"relics":["Hololive_TheStar","EVO:Axolotl","NeowsBlessing","Dota2Spire:ShadowBlade"],"acts_visited":["Exordium"],"potions_floor_usage":[],"damage_taken":[{"damage":0,"enemies":"Jaw Worm","floor":1,"turns":1},{"damage":0,"enemies":"conspire:RoseBush","floor":2,"turns":1},{"damage":0,"enemies":"Small Slimes","floor":4,"turns":1},{"damage":5,"enemies":"3 Sentries","floor":6,"turns":3}],"seed_played":"1126125409586786780","potions_obtained":[{"floor":1,"key":"SneckoOil"},{"floor":4,"key":"Strength Potion"}],"is_trial":false,"path_per_floor":["M","M","?","M","?","E"],"character_chosen":"Hololive_HololiveCharacter","items_purchased":[],"campfire_rested":0,"item_purchase_floors":[],"current_hp_per_floor":[35,35,35,35,35,30,30],"gold":112,"neow_bonus":"THREE_ENEMY_KILL","is_daily":false,"chose_seed":false,"campfire_upgraded":0,"win_rate":0.0,"timestamp":1611022808,"path_taken":["M","M","?","M","?","E"],"items_purchased_type":[],"build_version":"2020-12-18","purchased_purges":0,"victory":false,"max_hp_per_floor":[35,35,35,35,35,35,35],"relic_stats":{"counters":[4,6],"obtain_stats":[{"NeowsBlessing":0,"Hololive_TheStar":0,"Dota2Spire:ShadowBlade":5,"EVO:Axolotl":0},{"NeowsBlessing":0,"Hololive_TheStar":0,"Dota2Spire:ShadowBlade":3,"EVO:Axolotl":0},{"NeowsBlessing":0,"Hololive_TheStar":0,"Dota2Spire:ShadowBlade":3,"EVO:Axolotl":0}]},"card_choices":[{"not_picked":["Hololive_CallTokoyamiTowa","Hololive_CallYuzukiChoco","Hololive_FlyingPonyTail"],"picked":"Hololive_CandyCastle","floor":1},{"not_picked":["Hololive_OvertimeWork","Hololive_CallInugamiKorone","Hololive_Rebound"],"picked":"Hololive_CallAkaiHaato","floor":2},{"not_picked":["Hololive_RevenueBasedLive","Hololive_Sequa","Hololive_StrengthChampion"],"picked":"Hololive_CallShiroganeNoel","floor":4}],"player_experience":481723,"relics_obtained":[],"event_choices":[{"damage_healed":0,"gold_gain":0,"player_choice":"Box","damage_taken":0,"relics_obtained":["Dota2Spire:ShadowBlade"],"max_hp_gain":0,"max_hp_loss":0,"event_name":"Big Fish","floor":5,"gold_loss":0,"cards_obtained":["Regret"]}],"is_beta":true,"boss_relics":[],"items_purged_floors":[],"is_endless":false,"potions_floor_spawned":[1,4],"killed_by":"3 Sentries","ascension_level":0}}