{"host":"qmlry8i8enac5s44","time":1611030695,"event":{"mods":["Act Like it!","BaseMod","Colored Map","Gensokyo","Luminous","Marisa£®ÏF”Í°°ƒß¿Ì…≥£©","Minty Spire (QoL Compilation)","Reimu£®≤©¿ˆ¡È√Œ£©","StSLib","°æ“≈ŒÔø®≈∆°øREMEMod"],"gold_per_floor":[114,114,114,64,81,81,114,142,142,189,214,242,242,262,262,375,375,375,375],"floor_reached":18,"language":"ZHS","playtime":672,"items_purged":[],"score":241,"play_id":"f672e5fb-4934-48dc-bde2-0d713331ec63","local_time":"20210119123135","is_ascension_mode":true,"campfire_choices":[{"data":"Gensokyo:BlessingOfConstitution","floor":6,"key":"SMITH"},{"data":"1","floor":15,"key":"LIFT"}],"circlet_count":0,"master_deck":["Strike_MRS+1","Strike_MRS+1","Strike_MRS+1","Strike_MRS+1","Defend_MRS","Defend_MRS","Defend_MRS","Defend_MRS","MasterSpark+1","UpSweep","PulseMagic","Determination:ReiMu","Gensokyo:BlessingOfConstitution+1","ShootTheMoon","WitchOfGreed","UltimateShortwave"],"relics":["MiniHakkero","REME_ComplimentaryCards","NeowsBlessing","Gensokyo:PortableGap","Strawberry","Meat on the Bone","Letter Opener","Girya","Black Star"],"acts_visited":["Exordium","Gensokyo:Gensokyo"],"potions_floor_usage":[12,14,16,16],"damage_taken":[{"damage":0,"enemies":"Gensokyo:Python","floor":1,"turns":1},{"damage":0,"enemies":"Gensokyo:2_Kodama","floor":5,"turns":1},{"damage":0,"enemies":"Gensokyo:Cirno","floor":7,"turns":2},{"damage":8,"enemies":"Gensokyo:Gryphon","floor":8,"turns":3},{"damage":2,"enemies":"Gensokyo:Mamizou","floor":10,"turns":7},{"damage":10,"enemies":"Gensokyo:CorruptedTreant","floor":11,"turns":3},{"damage":9,"enemies":"Gensokyo:2_Rabbits","floor":12,"turns":4},{"damage":1,"enemies":"Gensokyo:3_Kodama","floor":14,"turns":2},{"damage":29,"enemies":"Gensokyo:Reimu","floor":16,"turns":7},{"damage":0,"enemies":"Gensokyo:3_Dogs","floor":18,"turns":1}],"seed_played":"8066291241940386095","potions_obtained":[{"floor":7,"key":"Strength Potion"},{"floor":8,"key":"Regen Potion"},{"floor":10,"key":"Explosive Potion"},{"floor":10,"key":"Explosive Potion"},{"floor":11,"key":"Energy Potion"},{"floor":12,"key":"SkillPotion"},{"floor":16,"key":"BottledSpark"},{"floor":16,"key":"FairyPotion"}],"is_trial":false,"path_per_floor":["M","?","?","?","M","R","E","M","T","E","M","M","?","M","R","B",null,"M"],"character_chosen":"MARISA","items_purchased":[],"campfire_rested":0,"item_purchase_floors":[],"current_hp_per_floor":[75,68,65,65,65,65,65,57,57,55,45,48,26,37,37,20,61,61,61],"gold":375,"neow_bonus":"THREE_ENEMY_KILL","is_daily":false,"chose_seed":false,"campfire_upgraded":1,"win_rate":0.0,"timestamp":1611030695,"path_taken":["M","?","?","?","M","R","E","M","T","E","M","M","?","M","R","BOSS","M"],"items_purchased_type":[],"build_version":"2020-12-22","purchased_purges":0,"victory":false,"max_hp_per_floor":[75,68,75,75,75,75,75,75,75,75,75,75,75,75,75,75,75,75,75],"card_choices":[{"not_picked":["LuminesStrike","SprinkleStarSeal"],"picked":"PulseMagic","floor":1},{"not_picked":["DarkSpark","BlazeAway"],"picked":"ShootTheMoon","floor":5},{"not_picked":["UnstableBomb","EnergyFlow"],"picked":"WitchOfGreed","floor":7},{"not_picked":["AsteroidBelt","Singularity","ShootingEcho"],"picked":"SKIP","floor":8},{"not_picked":["GasGiant","OpenUniverse","MeteoricShower"],"picked":"SKIP","floor":10},{"not_picked":["LuminesStrike","UnstableBomb","SatelliteIllusion"],"picked":"SKIP","floor":11},{"not_picked":["WitchOfGreed","DC","PowerUp"],"picked":"SKIP","floor":12},{"not_picked":["IllusionStar","UnstableBomb","Acceleration"],"picked":"SKIP","floor":14},{"not_picked":["ManaRampage","JA"],"picked":"UltimateShortwave","floor":16}],"player_experience":421253,"relics_obtained":[{"floor":7,"key":"Meat on the Bone"},{"floor":9,"key":"Letter Opener"},{"floor":10,"key":"Girya"}],"event_choices":[],"is_beta":false,"boss_relics":[{"not_picked":["Cursed Key","BewitchedHakkero"],"picked":"Black Star"}],"items_purged_floors":[],"is_endless":false,"potions_floor_spawned":[7,10,11,12,16],"killed_by":"Gensokyo:3_Dogs","ascension_level":5}}