{"host":"5kirneupyg4uzd3w","time":1611070415,"event":{"mods":["BaseMod","Colored Map","Custom Start","Minty Spire (QoL Compilation)","StSLib","SuperFastMode"],"gold_per_floor":[111,111,111,132,157,196,196,196,196],"floor_reached":8,"language":"KOR","playtime":207,"items_purged":[],"score":112,"play_id":"38da9c9f-bb39-48bf-9f00-df3c84acc5ff","local_time":"20210120003335","is_ascension_mode":true,"campfire_choices":[{"floor":7,"key":"REST"}],"circlet_count":0,"master_deck":["AscendersBane","Strike_R","Strike_R","Strike_R","Strike_R","Defend_R","Defend_R","Defend_R","Defend_R","Bash","Fiend Fire","Anger","Body Slam","Shrug It Off","Heavy Blade+1"],"relics":["Burning Blood","Golden Idol","Molten Egg 2"],"acts_visited":["Exordium"],"potions_floor_usage":[6,8],"damage_taken":[{"damage":4.0,"enemies":"Jaw Worm","floor":1.0,"turns":5.0},{"damage":6.0,"enemies":"Small Slimes","floor":4.0,"turns":5.0},{"damage":1.0,"enemies":"Cultist","floor":5.0,"turns":3.0},{"damage":47,"enemies":"Lagavulin","floor":6,"turns":8},{"damage":47,"enemies":"3 Sentries","floor":8,"turns":6}],"seed_played":"4775954766879950429","potions_obtained":[{"floor":4.0,"key":"SkillPotion"},{"floor":6,"key":"BloodPotion"}],"is_trial":false,"path_per_floor":["M","?","?","M","M","E","R","E"],"character_chosen":"IRONCLAD","items_purchased":[],"campfire_rested":1,"item_purchase_floors":[],"current_hp_per_floor":[70,44,44,44,49,8,30,0,0],"gold":196,"neow_bonus":"ONE_RANDOM_RARE_CARD","is_daily":false,"chose_seed":false,"campfire_upgraded":0,"win_rate":0.0,"timestamp":1611070415,"path_taken":["M","?","?","M","?","E","R","E"],"items_purchased_type":[],"build_version":"2020-12-22","purchased_purges":0,"victory":false,"max_hp_per_floor":[75,75,75,75,75,75,75,75,75],"card_choices":[{"not_picked":["Clash","Seeing Red"],"picked":"Anger","floor":1.0},{"not_picked":["Warcry","Wild Strike"],"picked":"Body Slam","floor":4.0},{"not_picked":["Havoc","Pommel Strike"],"picked":"Shrug It Off","floor":5.0},{"not_picked":["True Grit","Brutality"],"picked":"Heavy Blade+1","floor":6}],"player_experience":269458,"relics_obtained":[{"floor":6,"key":"Molten Egg 2"}],"event_choices":[{"damage_healed":0.0,"max_hp_gain":0.0,"max_hp_loss":0.0,"gold_gain":0.0,"event_name":"Golden Idol","player_choice":"Take Damage","floor":2.0,"gold_loss":0.0,"damage_taken":26.0,"relics_obtained":["Golden Idol"]},{"cards_removed":["Strike_R"],"damage_healed":0.0,"max_hp_gain":0.0,"max_hp_loss":0.0,"gold_gain":0.0,"event_name":"Bonfire Elementals","player_choice":"Offered Basic","floor":3.0,"gold_loss":0.0,"damage_taken":0.0}],"is_beta":false,"boss_relics":[],"items_purged_floors":[],"is_endless":false,"potions_floor_spawned":[4,6],"killed_by":"3 Sentries","ascension_level":20}}