{"host":"bf9sa99gaumonoeu","time":1611093975,"event":{"mods":["AchievementEnabler","Act Like it!","Aspiration","BaseMod","Bestiary","Better Note","Block Reminder","Colored Map","Colored Powertips","Fox Events","Friendly Minions","Gensokyo","GifTheSpireLib","Googly Eyes","Hallownest","Hermit","Highlight Path","Jorbs\u0027s Wanderer Trilogy","KinomotoSakuraMod(????)","Koishi","Marisa????????","Minty Spire (QoL Compilation)","Rare Cards Sparkle","Relic Stats","Remilia??????","Replay The Spire","Spire Arcade","StSLib","The Administrix","The Animator","The Blue Laboratory","The Bug Knight","The Construct","The Cursed","The Hierophant","The Mystic","The Necromancer","The Poker Player","The Runesmith","The Senshi","The Servant 0.9.4","ojb\u0027s Info Mod"],"gold_per_floor":[116,133,133,153,37,72,88,88,112,143,157,157,157,187,187,261,261,280,280,296,226,44,44,44,44],"floor_reached":24,"language":"ENG","playtime":1302,"items_purged":[],"score":478,"play_id":"9417be9d-5fef-4da1-943c-9722628724d3","local_time":"20210119200615","is_ascension_mode":true,"campfire_choices":[{"data":"Terror","floor":8,"key":"SMITH"},{"data":"Dagger Spray","floor":12,"key":"SMITH"},{"floor":15,"key":"REST"},{"data":"Cloak And Dagger","floor":23,"key":"SMITH"}],"circlet_count":0,"master_deck":["AscendersBane","Strike_G","Strike_G","Strike_G","Strike_G","Defend_G","Defend_G","Defend_G","Defend_G","Defend_G","Survivor","Neutralize","Dagger Spray+1","Terror+1","Riddle With Holes","Die Die Die","Die Die Die","Footwork","Cloak And Dagger+1","Leg Sweep","Cloak And Dagger","Replay:Bag of Tricks","Calculated Gamble","Footwork"],"relics":["Ring of the Snake","NeowsBlessing","Runesmith:Locket","aspiration:Lifesprig","Strawberry","Ancient Tea Set","Black Star","Divine Protection"],"acts_visited":["Exordium","TheCity"],"potions_floor_usage":[6,6,10,14,20,24,24],"damage_taken":[{"damage":0,"enemies":"Cultist","floor":1,"turns":1},{"damage":0,"enemies":"Jaw Worm","floor":2,"turns":1},{"damage":0,"enemies":"2 Louse","floor":4,"turns":1},{"damage":19,"enemies":"Replay:BlueRogue","floor":6,"turns":8},{"damage":1,"enemies":"2 Fungi Beasts","floor":7,"turns":2},{"damage":20,"enemies":"Lagavulin","floor":10,"turns":8},{"damage":0,"enemies":"Looter","floor":11,"turns":3},{"damage":0,"enemies":"3 Sentries","floor":14,"turns":3},{"damage":42,"enemies":"Hexaghost","floor":16,"turns":10},{"damage":10,"enemies":"Spheric Guardian","floor":18,"turns":6},{"damage":1,"enemies":"Chosen","floor":20,"turns":5},{"damage":46,"enemies":"Book of Stabbing","floor":24,"turns":7}],"seed_played":"-3345679763039943926","potions_obtained":[{"floor":2,"key":"blueLaboratory:HummingbirdPotion"},{"floor":3,"key":"Flashbang"},{"floor":6,"key":"blueLaboratory:AbyssPotion"},{"floor":11,"key":"blueLaboratory:StoneskinPotion"},{"floor":18,"key":"blueLaboratory:HorrorPotion"}],"is_trial":false,"path_per_floor":["M","M","?","M","$","E","M","R","T","E","M","R","?","E","R","B",null,"M","?","M","?","$","R","E"],"character_chosen":"THE_SILENT","items_purchased":["Die Die Die","Footwork","blueLaboratory:LouseDecoction","Adrenaline Potion"],"campfire_rested":1,"item_purchase_floors":[5,22,22,22],"current_hp_per_floor":[59,59,59,59,59,40,39,39,39,26,26,26,26,26,47,5,56,46,46,45,45,45,45,0,0],"gold":44,"neow_bonus":"THREE_ENEMY_KILL","is_daily":false,"chose_seed":false,"campfire_upgraded":3,"win_rate":0.0,"timestamp":1611093975,"path_taken":["M","M","?","?","$","E","M","R","T","E","M","R","?","E","R","BOSS","M","?","M","?","$","R","E"],"items_purchased_type":["Card","Card","Potion","Potion"],"build_version":"2020-12-22","purchased_purges":0,"victory":false,"max_hp_per_floor":[66,66,66,66,66,66,66,66,66,73,73,73,73,73,73,73,73,73,73,73,73,73,73,73,73],"relic_stats":{"counters":[12,55],"Black Star":0,"obtain_stats":[{"Divine Protection":21,"aspiration:Lifesprig":9,"NeowsBlessing":0,"Strawberry":10,"Runesmith:Locket":6,"Black Star":17,"Ancient Tea Set":14,"Ring of the Snake":0},{"Divine Protection":11,"aspiration:Lifesprig":5,"NeowsBlessing":0,"Strawberry":6,"Runesmith:Locket":4,"Black Star":9,"Ancient Tea Set":8,"Ring of the Snake":0},{"Divine Protection":48,"aspiration:Lifesprig":13,"NeowsBlessing":0,"Strawberry":21,"Runesmith:Locket":11,"Black Star":37,"Ancient Tea Set":27,"Ring of the Snake":0}],"Ring of the Snake":[24]},"card_choices":[{"not_picked":["Acrobatics","Blade Dance"],"picked":"Dagger Spray","floor":1},{"not_picked":["Underhanded Strike","Expertise"],"picked":"Terror","floor":2},{"not_picked":["Quick Slash","Backflip"],"picked":"Riddle With Holes","floor":4},{"not_picked":["Distraction","Fluid Movement"],"picked":"Footwork","floor":6},{"not_picked":["Accuracy","Predator"],"picked":"Cloak And Dagger","floor":7},{"not_picked":["Acrobatics","Flying Knee"],"picked":"Leg Sweep","floor":10},{"not_picked":["Dagger Throw","Predator","Poison Darts"],"picked":"SKIP","floor":11},{"not_picked":["Blur","Infinite Blades"],"picked":"Cloak And Dagger","floor":14},{"not_picked":["Envenom","Burst"],"picked":"Replay:Bag of Tricks","floor":16},{"not_picked":["Slice","Tactician+1","Sucker Punch"],"picked":"SKIP","floor":18},{"not_picked":["Escape Plan","Dagger Throw"],"picked":"Calculated Gamble","floor":20}],"player_experience":1001949,"relics_obtained":[{"floor":6,"key":"Runesmith:Locket"},{"floor":9,"key":"aspiration:Lifesprig"},{"floor":10,"key":"Strawberry"},{"floor":14,"key":"Ancient Tea Set"}],"event_choices":[{"damage_healed":0,"gold_gain":0,"player_choice":"Got Potions","damage_taken":0,"max_hp_gain":0,"max_hp_loss":0,"event_name":"Lab","floor":3,"gold_loss":0},{"damage_healed":0,"gold_gain":0,"player_choice":"Ignored","damage_taken":0,"max_hp_gain":0,"max_hp_loss":0,"event_name":"Shining Light","floor":13,"gold_loss":0},{"cards_removed":["Strike_G"],"damage_healed":0,"gold_gain":0,"player_choice":"Purged","damage_taken":0,"max_hp_gain":0,"max_hp_loss":0,"event_name":"Purifier","floor":19,"gold_loss":0},{"damage_healed":0,"gold_gain":0,"player_choice":"Paid Gold","damage_taken":0,"relics_obtained":["Divine Protection"],"max_hp_gain":0,"max_hp_loss":0,"event_name":"WeMeetAgain","floor":21,"gold_loss":70}],"is_beta":false,"boss_relics":[{"not_picked":["Astrolabe","aspiration:PoetsPen_weak"],"picked":"Black Star"}],"items_purged_floors":[],"is_endless":false,"potions_floor_spawned":[2,6,11,18],"killed_by":"Book of Stabbing","ascension_level":20}}