{"host":"rhakyh2m1vy6smuu","time":1611070194,"event":{"mods":["BaseMod","Minty Spire (QoL Compilation)","StSLib"],"gold_per_floor":[144,144,144,144,189,189,234,234,259,349,394,439,529,574,574,874,874,919,964,416,461,386,476,476,521,546,461,506,551,551,90,90,390,390,435,480,480,180,225,315,360,450,475,520,520,610,8,0,0,0],"floor_reached":51,"language":"ENG","playtime":5282,"items_purged":["Strike_P"],"score":919,"play_id":"d96e3af0-3312-46be-8871-244630f1c603","local_time":"20210119082954","daily_mods":["Allstar","Time Dilation","Midas"],"is_ascension_mode":false,"campfire_choices":[{"floor":6.0,"key":"REST"},{"floor":8.0,"key":"REST"},{"floor":15.0,"key":"REST"},{"floor":24.0,"key":"REST"},{"floor":32.0,"key":"REST"},{"floor":45.0,"key":"DIG"},{"floor":49.0,"key":"DIG"}],"circlet_count":0,"master_deck":["Strike_P","Strike_P","Defend_P","Defend_P","Defend_P+1","Defend_P","Eruption+1","Vigilance","Impatience","Transmutation","Mind Blast","Secret Technique","Bandage Up","SandsOfTime","FollowUp","CutThroughFate","BattleHymn","Vengeance+1","Weave","Tantrum","Ragnarok","CutThroughFate+1","Apotheosis","LikeWater","Adaptation+1","Wallop","ThirdEye","TalkToTheHand","Wallop","DevaForm","LessonLearned","CutThroughFate+1","TalkToTheHand","Apotheosis","SashWhip+1","FearNoEvil+1","Establishment","ClearTheMind"],"relics":["HolyWater","Boot","Damaru","Lantern","Black Star","InkBottle","Ornamental Fan","Dead Branch","Orichalcum","Question Card","Mercury Hourglass","Ancient Tea Set","Pen Nib","Shovel","TeardropLocket","Oddly Smooth Stone","Dream Catcher","War Paint","Vajra","Kunai","HornCleat","Bottled Flame","Shuriken","Happy Flower","PrismaticShard","Red Mask","Bottled Lightning"],"acts_visited":["Exordium","TheCity","TheBeyond"],"potions_floor_usage":[50,50,50],"damage_taken":[{"damage":0.0,"enemies":"Small Slimes","floor":1.0,"turns":3.0},{"damage":1.0,"enemies":"Jaw Worm","floor":5.0,"turns":3.0},{"damage":0.0,"enemies":"2 Louse","floor":7.0,"turns":1.0},{"damage":24.0,"enemies":"3 Sentries","floor":10.0,"turns":5.0},{"damage":3.0,"enemies":"2 Fungi Beasts","floor":11.0,"turns":3.0},{"damage":12.0,"enemies":"Blue Slaver","floor":12.0,"turns":3.0},{"damage":0.0,"enemies":"Lagavulin","floor":13.0,"turns":4.0},{"damage":13.0,"enemies":"Red Slaver","floor":14.0,"turns":2.0},{"damage":41.0,"enemies":"Hexaghost","floor":16.0,"turns":6.0},{"damage":0.0,"enemies":"Spheric Guardian","floor":18.0,"turns":1.0},{"damage":5.0,"enemies":"3 Byrds","floor":19.0,"turns":4.0},{"damage":0.0,"enemies":"Shelled Parasite and Fungi","floor":21.0,"turns":1.0},{"damage":55.0,"enemies":"Gremlin Leader","floor":23.0,"turns":7.0},{"damage":0.0,"enemies":"Snake Plant","floor":25.0,"turns":1.0},{"damage":12.0,"enemies":"Sentry and Sphere","floor":28.0,"turns":3.0},{"damage":18.0,"enemies":"Centurion and Healer","floor":29.0,"turns":4.0},{"damage":8.0,"enemies":"Champ","floor":33.0,"turns":6.0},{"damage":0.0,"enemies":"3 Shapes","floor":35.0,"turns":3.0},{"damage":1.0,"enemies":"Orb Walker","floor":36.0,"turns":2.0},{"damage":0.0,"enemies":"Transient","floor":39.0,"turns":5.0},{"damage":0.0,"enemies":"Nemesis","floor":40.0,"turns":1.0},{"damage":0.0,"enemies":"Maw","floor":41.0,"turns":1.0},{"damage":0.0,"enemies":"Giant Head","floor":42.0,"turns":3.0},{"damage":0.0,"enemies":"Writhing Mass","floor":44.0,"turns":1.0},{"damage":0.0,"enemies":"Reptomancer","floor":46.0,"turns":2.0},{"damage":10,"enemies":"Donu and Deca","floor":50,"turns":3}],"seed_played":"3706737729498028133","potions_obtained":[{"floor":1.0,"key":"Strength Potion"},{"floor":11.0,"key":"Ancient Potion"},{"floor":12.0,"key":"Explosive Potion"},{"floor":13.0,"key":"SpeedPotion"},{"floor":16.0,"key":"LiquidBronze"},{"floor":19.0,"key":"DistilledChaos"},{"floor":29.0,"key":"AttackPotion"},{"floor":36.0,"key":"Energy Potion"},{"floor":42.0,"key":"Strength Potion"},{"floor":44.0,"key":"AttackPotion"}],"is_trial":false,"path_per_floor":["M","?","?","$","M","R","M","R","T","E","M","M","E","M","R","B",null,"M","M","$","M","?","E","R","M","T","?","M","M","?","$","R","B",null,"M","M","?","$","M","E","M","E","T","M","R","E","$","?","R","B",null],"character_chosen":"WATCHER","items_purchased":["InkBottle","Apotheosis","LikeWater","DevaForm","Ancient Tea Set","Pen Nib","Shovel","Shuriken","Happy Flower","ClearTheMind","PrismaticShard"],"campfire_rested":5,"item_purchase_floors":[20,20,20,31,31,31,38,47,47,47,47],"current_hp_per_floor":[72,77,77,77,76,77,77,77,77,57,58,50,54,41,64,27,77,77,76,76,77,77,28,51,51,51,51,43,31,31,31,54,52,77,77,76,76,76,77,77,77,77,77,77,77,77,77,77,77,67],"gold":0,"neow_bonus":"","is_daily":true,"chose_seed":false,"campfire_upgraded":0,"win_rate":0.0,"timestamp":1611070194,"path_taken":["M","?","?","?","M","R","M","R","T","E","M","M","E","M","R","BOSS","M","M","$","M","?","E","R","M","T","?","M","M","?","?","R","BOSS","M","M","?","$","M","E","M","E","T","M","R","E","$","?","R","BOSS"],"items_purchased_type":["Relic","Card","Card","Card","Relic","Relic","Relic","Relic","Relic","Card","Relic"],"build_version":"2020-12-22","purchased_purges":1,"victory":true,"max_hp_per_floor":[72,77,77,77,77,77,77,77,77,77,77,77,77,77,77,77,77,77,77,77,77,77,77,77,77,77,77,77,77,77,77,77,77,77,77,77,77,77,77,77,77,77,77,77,77,77,77,77,77,77],"card_choices":[{"not_picked":["Prostrate","Evaluate"],"picked":"SandsOfTime","floor":1.0},{"not_picked":["ClearTheMind","Evaluate"],"picked":"FollowUp","floor":5.0},{"not_picked":["FollowUp","SignatureMove"],"picked":"CutThroughFate","floor":7.0},{"not_picked":["ThirdEye","EmptyBody"],"picked":"BattleHymn","floor":10.0},{"not_picked":["ReachHeaven","Evaluate"],"picked":"Vengeance","floor":11.0},{"not_picked":["JustLucky","Conclude","Protect"],"picked":"SKIP","floor":12.0},{"not_picked":["Perseverance","Collect"],"picked":"Weave","floor":13.0},{"not_picked":["Crescendo","FlurryOfBlows"],"picked":"Tantrum","floor":14.0},{"not_picked":["MasterReality","DeusExMachina"],"picked":"Ragnarok","floor":16.0},{"not_picked":["Crescendo","FollowUp"],"picked":"CutThroughFate+1","floor":18.0},{"not_picked":["Halt","Prostrate","CutThroughFate"],"picked":"SKIP","floor":19.0},{"not_picked":["FollowUp","ClearTheMind"],"picked":"Adaptation","floor":21.0},{"not_picked":["EmptyBody+1","Halt"],"picked":"Wallop","floor":23.0},{"not_picked":["Halt","Establishment"],"picked":"ThirdEye","floor":25.0},{"not_picked":["Halt","EmptyFist","Study"],"picked":"TalkToTheHand","floor":28.0},{"not_picked":["Evaluate","EmptyBody","Adaptation"],"picked":"Wallop","floor":29.0},{"not_picked":["Scrawl","Devotion","ConjureBlade"],"picked":"LessonLearned","floor":33.0},{"not_picked":["JustLucky+1","Perseverance+1","Evaluate"],"picked":"CutThroughFate+1","floor":35.0},{"not_picked":["Evaluate","DeceiveReality","JustLucky+1"],"picked":"TalkToTheHand","floor":36.0},{"not_picked":["Forethought","Good Instincts","Impatience"],"picked":"Apotheosis","floor":37.0},{"not_picked":["Protect","ClearTheMind","Consecrate+1","PathToVictory+1"],"picked":"SKIP","floor":39.0},{"not_picked":["Collect+1","ClearTheMind+1","SandsOfTime"],"picked":"SashWhip+1","floor":40.0},{"not_picked":["Prostrate","Swivel","FlyingSleeves+1"],"picked":"FearNoEvil+1","floor":41.0},{"not_picked":["JustLucky+1","FollowUp","Wallop"],"picked":"Establishment","floor":42.0},{"not_picked":["FollowUp","CrushJoints","CarveReality+1","BowlingBash+1"],"picked":"SKIP","floor":44.0},{"not_picked":["Tantrum","Adaptation","MasterReality","WaveOfTheHand"],"picked":"SKIP","floor":46.0}],"player_experience":1466521,"relics_obtained":[{"floor":9.0,"key":"Boot"},{"floor":10.0,"key":"Damaru"},{"floor":13.0,"key":"Lantern"},{"floor":23.0,"key":"Ornamental Fan"},{"floor":23.0,"key":"Dead Branch"},{"floor":26.0,"key":"Orichalcum"},{"floor":40.0,"key":"TeardropLocket"},{"floor":40.0,"key":"Oddly Smooth Stone"},{"floor":42.0,"key":"Dream Catcher"},{"floor":42.0,"key":"War Paint"},{"floor":43.0,"key":"Vajra"},{"floor":45.0,"key":"Kunai"},{"floor":46.0,"key":"HornCleat"},{"floor":46.0,"key":"Bottled Flame"},{"floor":49.0,"key":"Bottled Lightning"}],"event_choices":[{"damage_healed":0.0,"max_hp_gain":5.0,"max_hp_loss":0.0,"gold_gain":0.0,"event_name":"Big Fish","player_choice":"Donut","floor":2.0,"gold_loss":0.0,"damage_taken":0.0},{"damage_healed":0.0,"max_hp_gain":0.0,"max_hp_loss":0.0,"gold_gain":0.0,"event_name":"Living Wall","player_choice":"Grow","floor":3.0,"gold_loss":0.0,"damage_taken":0.0,"cards_upgraded":["Eruption"]},{"cards_removed":["Strike_P"],"damage_healed":0.0,"max_hp_gain":0.0,"max_hp_loss":0.0,"gold_gain":0.0,"event_name":"Beggar","player_choice":"Gave Gold","floor":22.0,"gold_loss":75.0,"damage_taken":0.0},{"damage_healed":0.0,"max_hp_gain":0.0,"max_hp_loss":0.0,"gold_gain":0.0,"event_name":"Addict","player_choice":"Obtained Relic","floor":27.0,"gold_loss":85.0,"damage_taken":0.0,"relics_obtained":["Question Card"]},{"damage_healed":0.0,"max_hp_gain":0.0,"max_hp_loss":0.0,"gold_gain":0.0,"event_name":"The Mausoleum","player_choice":"Opened","floor":30.0,"gold_loss":0.0,"damage_taken":0.0,"relics_obtained":["Mercury Hourglass"]},{"damage_healed":0.0,"max_hp_gain":0.0,"max_hp_loss":0.0,"gold_gain":0.0,"event_name":"SensoryStone","player_choice":"Memory 1","floor":37.0,"gold_loss":0.0,"damage_taken":0.0},{"damage_healed":0.0,"max_hp_gain":0.0,"max_hp_loss":0.0,"gold_gain":0.0,"event_name":"Tomb of Lord Red Mask","player_choice":"Paid","floor":48.0,"gold_loss":8.0,"damage_taken":0.0,"relics_obtained":["Red Mask"]}],"is_beta":false,"boss_relics":[{"not_picked":["Runic Pyramid","Velvet Choker"],"picked":"Black Star"},{"not_picked":["VioletLotus","Pandora\u0027s Box"],"picked":"HolyWater"}],"items_purged_floors":[20],"is_endless":false,"potions_floor_spawned":[1,11,12,13,16,19,29,36,40,42,44,46],"ascension_level":0}}