{"host":"t0dtoggyaif518ut","time":1611059378,"event":{"mods":["BaseMod","Best Route Mod","Bestiary","Better Altar","Better Match","Better Note","Better Sensory Stone","Better Silent Start","Better Skull","Better Synergies","Better Third Choice","Better Vampires","BetterRewards","Block Reminder","Colored Powertips","Displayed Cursed Tome","Minty Spire (QoL Compilation)","RNG Fix","Random Character Button","StSLib"],"gold_per_floor":[138,138,138,203,70,70,146,146,170,228,278,38,81,127,127,257,257,300,300,340,410,473,514,514,577,600,600,74,140,140,213,213,362,362,380,380,380,423,41,76,122,182,182,221,221,262,287,326,326,326],"floor_reached":51,"language":"ENG","playtime":4601,"items_purged":["Pain","Strike_R"],"score":1668,"play_id":"7de04a36-4b1a-4dca-bc70-94678af6b6f3","local_time":"20210119192938","is_ascension_mode":true,"campfire_choices":[{"data":"Blind","floor":6.0,"key":"SMITH"},{"data":"HandOfGreed","floor":8.0,"key":"SMITH"},{"data":"Demon Form","floor":15.0,"key":"SMITH"},{"data":"Berserk","floor":24.0,"key":"SMITH"},{"data":"Disarm","floor":30.0,"key":"SMITH"},{"data":"Cleave","floor":32.0,"key":"SMITH"},{"floor":45,"key":"DIG"},{"floor":49,"key":"DIG"}],"circlet_count":0,"master_deck":["AscendersBane","Strike_R+1","Strike_R","Strike_R+1","Defend_R","Defend_R+1","Defend_R","Defend_R","Bash","HandOfGreed+1","Inflame","Cleave+1","Demon Form+1","Blind+1","Shrug It Off+1","Disarm+1","Reaper","Berserk+1","CurseOfTheBell","Heavy Blade+1","Shrug It Off+1","Heavy Blade+1","Reaper+1","Heavy Blade+1","Whirlwind+1","Burning Pact","Shrug It Off+1","Ghostly Armor+1","Pommel Strike+1","Warcry+1","Disarm+1","Warcry+1"],"relics":["Burning Blood","Sling","Orichalcum","Golden Idol","Art of War","War Paint","Tiny Chest","Molten Egg 2","Calling Bell","Happy Flower","Letter Opener","Incense Burner","Pear","Question Card","Toy Ornithopter","Whetstone","WarpedTongs","Meat on the Bone","HandDrill","CaptainsWheel","SlaversCollar","Bottled Tornado","Toxic Egg 2","Mango","Shovel","The Courier","Bronze Scales","Self Forming Clay","Paper Frog"],"acts_visited":["Exordium","TheCity","TheBeyond"],"potions_floor_usage":[44,48,50],"damage_taken":[{"damage":0.0,"enemies":"Cultist","floor":1.0,"turns":4.0},{"damage":7.0,"enemies":"2 Louse","floor":4.0,"turns":3.0},{"damage":25.0,"enemies":"3 Sentries","floor":7.0,"turns":10.0},{"damage":9.0,"enemies":"Lagavulin","floor":10.0,"turns":6.0},{"damage":6.0,"enemies":"Jaw Worm","floor":11.0,"turns":2.0},{"damage":7.0,"enemies":"Blue Slaver","floor":13.0,"turns":4.0},{"damage":10.0,"enemies":"Large Slime","floor":14.0,"turns":7.0},{"damage":22.0,"enemies":"Slime Boss","floor":16.0,"turns":9.0},{"damage":9.0,"enemies":"Chosen","floor":18.0,"turns":8.0},{"damage":4.0,"enemies":"Shell Parasite","floor":20.0,"turns":7.0},{"damage":38.0,"enemies":"Centurion and Healer","floor":22.0,"turns":8.0},{"damage":12.0,"enemies":"Gremlin Leader","floor":23.0,"turns":5.0},{"damage":51.0,"enemies":"Slavers","floor":25.0,"turns":7.0},{"damage":14.0,"enemies":"Book of Stabbing","floor":29.0,"turns":5.0},{"damage":12.0,"enemies":"Shelled Parasite and Fungi","floor":31.0,"turns":7.0},{"damage":52.0,"enemies":"Collector","floor":33.0,"turns":8.0},{"damage":16.0,"enemies":"Orb Walker","floor":35.0,"turns":6.0},{"damage":16.0,"enemies":"3 Shapes","floor":38.0,"turns":10.0},{"damage":28.0,"enemies":"Reptomancer","floor":40.0,"turns":4.0},{"damage":15.0,"enemies":"3 Darklings","floor":41.0,"turns":4.0},{"damage":4.0,"enemies":"Giant Head","floor":42.0,"turns":6.0},{"damage":39,"enemies":"4 Shapes","floor":44,"turns":6},{"damage":31,"enemies":"Nemesis","floor":46,"turns":5},{"damage":22,"enemies":"Spire Growth","floor":47,"turns":4},{"damage":23,"enemies":"Sphere and 2 Shapes","floor":48,"turns":6},{"damage":50,"enemies":"Awakened One","floor":50,"turns":10}],"seed_played":"-8481142061258735614","potions_obtained":[{"floor":11.0,"key":"FairyPotion"},{"floor":14.0,"key":"Block Potion"},{"floor":16.0,"key":"SteroidPotion"},{"floor":22.0,"key":"ColorlessPotion"},{"floor":25.0,"key":"BloodPotion"},{"floor":40.0,"key":"ColorlessPotion"},{"floor":44,"key":"LiquidBronze"},{"floor":48,"key":"ColorlessPotion"}],"is_trial":false,"path_per_floor":["M","?","?","M","$","R","E","R","T","E","M","$","M","M","R","B",null,"M","?","M","T","M","E","R","E","T","?","$","E","R","M","R","B",null,"M","?","T","M","$","E","M","E","T","M","R","E","M","M","R","B",null],"character_chosen":"IRONCLAD","items_purchased":["Sling","Orichalcum","HandOfGreed","Inflame","Blind","Shrug It Off","Molten Egg 2","Meat on the Bone","HandDrill","Heavy Blade+1","Toxic Egg 2","Shrug It Off+1"],"campfire_rested":0,"item_purchase_floors":[0,0,0,0,5,5,12,28,28,28,39,39],"current_hp_per_floor":[78,58,58,57,57,57,38,38,38,35,35,35,34,51,51,78,80,77,77,80,90,58,72,72,45,45,45,45,49,49,66,66,60,83,74,74,74,90,90,82,89,104,104,76,76,65,62,66,66,85],"gold":326,"neow_bonus":"","is_daily":false,"chose_seed":false,"campfire_upgraded":6,"win_rate":0.0,"timestamp":1611059378,"path_taken":["M","?","?","M","$","R","E","R","T","E","?","$","?","M","R","BOSS","M","?","M","?","?","E","R","E","T","?","$","E","R","M","R","BOSS","M","?","?","M","$","E","M","E","T","M","R","E","M","M","R","BOSS"],"items_purchased_type":["Relic","Relic","Card","Card","Card","Card","Relic","Relic","Relic","Card","Relic","Card"],"build_version":"2020-12-22","purchased_purges":2,"victory":true,"max_hp_per_floor":[80,80,80,80,80,80,80,80,80,80,80,80,80,80,80,80,80,80,80,80,90,90,90,90,90,90,90,90,90,90,90,90,90,90,90,90,90,90,90,104,104,104,104,104,104,104,104,104,104,104],"card_choices":[{"not_picked":["Thunderclap","Iron Wave"],"picked":"Cleave","floor":1.0},{"not_picked":["Disarm","Anger"],"picked":"Demon Form","floor":4.0},{"not_picked":["Dual Wield","Hemokinesis"],"picked":"Disarm","floor":7.0},{"not_picked":["Second Wind","Cleave"],"picked":"Reaper","floor":10.0},{"not_picked":["Flex","Headbutt","Warcry"],"picked":"SKIP","floor":11.0},{"not_picked":["Havoc","Anger+1"],"picked":"Berserk","floor":13.0},{"not_picked":["Ghostly Armor","Warcry","Wild Strike+1"],"picked":"SKIP","floor":14.0},{"not_picked":["Perfected Strike+1","Body Slam+1"],"picked":"Heavy Blade+1","floor":18.0},{"not_picked":["Uppercut+1","True Grit","Dropkick+1"],"picked":"SKIP","floor":20.0},{"not_picked":["Perfected Strike+1","Seeing Red+1","Clothesline+1"],"picked":"SKIP","floor":22.0},{"not_picked":["Rupture","Rage"],"picked":"Heavy Blade+1","floor":23.0},{"not_picked":["Power Through","Blood for Blood+1","Pommel Strike+1"],"picked":"Reaper+1","floor":25.0},{"not_picked":["Perfected Strike+1","Headbutt+1","Rupture"],"picked":"Whirlwind+1","floor":29.0},{"not_picked":["Flex+1","Cleave+1","Hemokinesis+1","Armaments"],"picked":"SKIP","floor":31.0},{"not_picked":["Havoc","Sever Soul+1","Anger+1","Cleave+1"],"picked":"SKIP","floor":35.0},{"not_picked":["Iron Wave+1","Cleave+1","Flame Barrier"],"picked":"Burning Pact","floor":38.0},{"not_picked":["Heavy Blade+1","Thunderclap+1","Fiend Fire+1"],"picked":"Ghostly Armor+1","floor":40.0},{"not_picked":["Flex+1","Warcry+1","Seeing Red+1"],"picked":"Pommel Strike+1","floor":41.0},{"not_picked":["Rupture+1","Flex+1","Cleave+1","Inflame"],"picked":"SKIP","floor":42.0},{"not_picked":["Twin Strike+1","Wild Strike+1","Whirlwind+1"],"picked":"Warcry+1","floor":44},{"not_picked":["Immolate+1","True Grit+1","Combust"],"picked":"Disarm+1","floor":46},{"not_picked":["Havoc+1","Twin Strike+1","Anger+1","Burning Pact+1"],"picked":"SKIP","floor":47},{"not_picked":["Havoc+1","Dropkick+1","Wild Strike+1"],"picked":"Warcry+1","floor":48}],"player_experience":272166,"relics_obtained":[{"floor":7.0,"key":"Art of War"},{"floor":9.0,"key":"War Paint"},{"floor":10.0,"key":"Tiny Chest"},{"floor":17.0,"key":"Happy Flower"},{"floor":17.0,"key":"Letter Opener"},{"floor":17.0,"key":"Incense Burner"},{"floor":21.0,"key":"Pear"},{"floor":23.0,"key":"Question Card"},{"floor":25.0,"key":"Toy Ornithopter"},{"floor":26.0,"key":"Whetstone"},{"floor":29.0,"key":"CaptainsWheel"},{"floor":37.0,"key":"Bottled Tornado"},{"floor":40.0,"key":"Mango"},{"floor":42.0,"key":"Shovel"},{"floor":43.0,"key":"The Courier"},{"floor":45,"key":"Bronze Scales"},{"floor":46,"key":"Self Forming Clay"},{"floor":49,"key":"Paper Frog"}],"event_choices":[{"damage_healed":0.0,"max_hp_gain":0.0,"max_hp_loss":0.0,"gold_gain":0.0,"event_name":"Golden Idol","player_choice":"Take Damage","floor":2.0,"gold_loss":0.0,"damage_taken":20.0,"relics_obtained":["Golden Idol"]},{"cards_removed":["Strike_R"],"damage_healed":0.0,"max_hp_gain":0.0,"max_hp_loss":0.0,"gold_gain":0.0,"event_name":"Living Wall","player_choice":"Forget","floor":3.0,"gold_loss":0.0,"damage_taken":0.0},{"damage_healed":0.0,"max_hp_gain":0.0,"max_hp_loss":0.0,"gold_gain":0.0,"event_name":"Duplicator","player_choice":"Copied","floor":19.0,"gold_loss":0.0,"damage_taken":0.0,"cards_obtained":["Shrug It Off"]},{"damage_healed":0.0,"max_hp_gain":0.0,"max_hp_loss":0.0,"gold_gain":0.0,"event_name":"Accursed Blacksmith","player_choice":"Rummage","floor":27.0,"gold_loss":0.0,"damage_taken":0.0,"relics_obtained":["WarpedTongs"],"cards_obtained":["Pain"]},{"damage_healed":0.0,"max_hp_gain":0.0,"max_hp_loss":0.0,"gold_gain":0.0,"event_name":"Tomb of Lord Red Mask","player_choice":"Ignored","floor":36.0,"gold_loss":0.0,"damage_taken":0.0}],"is_beta":false,"boss_relics":[{"not_picked":["Astrolabe","Coffee Dripper"],"picked":"Calling Bell"},{"not_picked":["Mark of Pain","Runic Cube"],"picked":"SlaversCollar"}],"items_purged_floors":[28,39],"is_endless":false,"potions_floor_spawned":[11,14,16,22,25,40,44,46,48],"ascension_level":12}}