{"host":"6h0diz2ap0m56grs","time":1611094829,"event":{"mods":["2.2 Compatiblity","BaseMod","Colored Map","Marisa????????","Minty Spire (QoL Compilation)","Quick Restart","Replay The Spire","Shop Mod","StSLib","The Servant 0.9.4"],"gold_per_floor":[117,137,212,225,243,270,270,270,270],"floor_reached":8,"language":"ENG","playtime":199,"items_purged":[],"score":61,"play_id":"9815f6c6-92ae-412c-a95c-a2c734d3ab2f","local_time":"20210119162029","daily_mods":["SealedDeck","Heirloom","Time Dilation","Flight"],"is_ascension_mode":true,"campfire_choices":[{"data":"BasicCrystalCard","floor":7,"key":"SMITH"}],"circlet_count":0,"master_deck":["Lockon","BasicCrystalCard","BasicCrystalCard","Ball Lightning","Ball Lightning","Ball Lightning","Conserve Battery","Consume","BasicCrystalCard+1","Genetic Algorithm","Leap","Coolheaded","BootSequence"],"relics":["Cracked Core","replay:Trail_Library","Dead Branch","Cables"],"acts_visited":["Exordium"],"potions_floor_usage":[],"damage_taken":[{"damage":9,"enemies":"2 Louse","floor":1,"turns":2},{"damage":0,"enemies":"Cultist","floor":2,"turns":2},{"damage":0,"enemies":"Small Slimes","floor":4,"turns":2},{"damage":6,"enemies":"Red Slaver","floor":5,"turns":2},{"damage":2,"enemies":"Replay:BlueRogue","floor":6,"turns":4},{"damage":0,"enemies":"Lagavulin","floor":8,"turns":2}],"seed_played":"-5184913522040000435","potions_obtained":[{"floor":1,"key":"Adrenaline Potion"},{"floor":5,"key":"Dexterity Potion"},{"floor":6,"key":"AttackPotion"}],"is_trial":true,"path_per_floor":["M","M","?","M","M","E","R","E"],"character_chosen":"DEFECT","items_purchased":[],"campfire_rested":0,"item_purchase_floors":[],"current_hp_per_floor":[66,66,59,59,53,51,51,51,51],"gold":270,"neow_bonus":"","is_daily":false,"chose_seed":false,"campfire_upgraded":1,"win_rate":0.0,"timestamp":1611094829,"path_taken":["M","M","?","?","?","E","R","E"],"items_purchased_type":[],"build_version":"2020-12-22","purchased_purges":0,"victory":false,"max_hp_per_floor":[75,75,75,75,75,75,75,75,75],"card_choices":[{"not_picked":["Compile Driver","Cold Snap","Static Discharge"],"picked":"SKIP","floor":1},{"not_picked":["Go for the Eyes","Stack"],"picked":"Leap","floor":2},{"not_picked":["Rebound","Stack"],"picked":"Coolheaded","floor":4},{"not_picked":["Scrape","Steam Power"],"picked":"BootSequence","floor":5},{"not_picked":["Go for the Eyes","Gash","ReplaySort"],"picked":"SKIP","floor":6}],"player_experience":213139,"relics_obtained":[{"floor":6,"key":"Cables"}],"event_choices":[{"damage_healed":0,"gold_gain":75,"player_choice":"Touch","damage_taken":7,"max_hp_gain":0,"max_hp_loss":0,"event_name":"FaceTrader","floor":3,"gold_loss":0}],"is_beta":false,"boss_relics":[],"items_purged_floors":[],"is_endless":false,"potions_floor_spawned":[1,5,6],"killed_by":"Lagavulin","ascension_level":1}}