{"host":"usru02jcpe2a942d","time":1611057626,"event":{"mods":["Act Like it!","Ascension Reborn","BaseMod","Colored Powertips","Downfall","GifTheSpireLib","Highlight Path","Minty Spire (QoL Compilation)","MostiFishMod","Quick Restart","Relic Stats","RumiaBox-露米娅的神秘盒子","StSLib","Waifu the Spire","noobMod","篝火指南"],"gold_per_floor":[99,118,138,174,174,74,105,118,159,59,90,210,154,188,200,318,318,318,332,332,362,267,267,267,302,302,339,339,380,57,79,90,195,195,75,86,86,100,100,139,151,63,91,103,147,39,59,90,100,100,100,132,132,132,132,132],"floor_reached":57,"language":"ZHS","playtime":2062,"items_purged":["Clumsy","bronze:HyperBeam","bronze:Invalidate","bronze:BitShift"],"score":1929,"play_id":"0914f159-dc71-46ca-8344-cdf758032c70","local_time":"20210119200026","daily_mods":["SealedDeck","Vintage","Heirloom","Time Dilation","Flight","downfall:ChampStances","downfall:Lament","DeadlyEvents","Binary","Elite Swarm","Lethality","Night Terrors","Binary"],"is_ascension_mode":true,"campfire_choices":[{"floor":1.0,"key":"RECALL"},{"data":"bronze:CloningBeam","floor":6.0,"key":"SMITH"},{"data":"bronze:Optimize","floor":10.0,"key":"SMITH"},{"data":"Discovery","floor":18.0,"key":"SMITH"},{"data":"bronze:Terminator","floor":23.0,"key":"SMITH"},{"data":"bronze:Goto","floor":28.0,"key":"SMITH"},{"data":"bronze:MaxOutput","floor":44,"key":"SMITH"},{"data":"bronze:DelayedSlice","floor":54,"key":"SMITH"}],"circlet_count":0,"master_deck":["bronze:BitShift","bronze:DelayedSlice+1","bronze:Optimize+1","bronze:CloningBeam+1","bronze:Safeguard","bronze:WhirlingStrike+1","bronze:Terminator+1","bronze:FineTuning","bronze:Goto+1","bronze:BitShift","bronze:DigitalCarnage+1","Discovery+1","bronze:MaxOutput+1","expansioncontent:DashGenerateEvil+1","bronze:Terminator+1"],"relics":["bronze:BronzeCore","Busted Crown","champ:ChampStancesModRelic","NeowsBlessing","DaveBox","ice","SynthV","Dead Branch","Singing Bowl","Vajra","Sundial","Lantern","downfall:HeartBlessingRed","Bronze Scales","Toy Ornithopter","downfall:HeartBlessingBlue","DianPoetry","downfall:GremlinSack","Bag of Preparation","TungstenRod","JellyFishMachine","Art of War","LastBattle","Torii","Pear","Ornamental Fan","Dream Catcher","MostiFishMod:Haymaker","downfall:HeartBlessingGreen","SentryEyes","Whetstone","The Courier","ChiXiaoBlade","SSSystem","Matryoshka","ThornShield","MawBank","BionicSphere","sneckomod:BlankCard","Happy Flower","Blue Candle","Ginger","Du-Vu Doll","Molten Egg 2","bronze:SilverBullet","Thread and Needle","Centennial Puzzle"],"acts_visited":["Exordium","TheCity","TheBeyond","TheEnding"],"potions_floor_usage":[56,56],"damage_taken":[{"damage":0.0,"enemies":"2 Louse","floor":2.0,"turns":1.0},{"damage":0.0,"enemies":"Jaw Worm","floor":3.0,"turns":1.0},{"damage":0.0,"enemies":"Small Slimes","floor":8.0,"turns":1.0},{"damage":0.0,"enemies":"Lagavulin","floor":9.0,"turns":3.0},{"damage":0.0,"enemies":"Gremlin Nob","floor":11.0,"turns":2.0},{"damage":0.0,"enemies":"Gremlin Nob","floor":12.0,"turns":2.0},{"damage":0.0,"enemies":"3 Sentries","floor":14.0,"turns":2.0},{"damage":0.0,"enemies":"Exordium Thugs","floor":15.0,"turns":1.0},{"damage":0.0,"enemies":"SI_SHIV_ARCHETYPE","floor":16.0,"turns":1.0},{"damage":0.0,"enemies":"Shell Parasite","floor":19.0,"turns":1.0},{"damage":0.0,"enemies":"Gremlin Leader","floor":21.0,"turns":2.0},{"damage":13.0,"enemies":"downfall:FleeingMerchant","floor":22.0,"turns":2.0},{"damage":0.0,"enemies":"Slavers","floor":25.0,"turns":2.0},{"damage":0.0,"enemies":"Book of Stabbing","floor":27.0,"turns":2.0},{"damage":0.0,"enemies":"Slavers","floor":29.0,"turns":1.0},{"damage":0.0,"enemies":"3 Byrds","floor":31.0,"turns":1.0},{"damage":0,"enemies":"Snake Plant","floor":32,"turns":1},{"damage":0,"enemies":"DF_ARCHETYPE_CLAW","floor":33,"turns":2},{"damage":0,"enemies":"3 Shapes","floor":36,"turns":1},{"damage":0,"enemies":"Orb Walker","floor":38,"turns":1},{"damage":0,"enemies":"Spire Growth","floor":43,"turns":1},{"damage":0,"enemies":"Nemesis","floor":45,"turns":1},{"damage":0,"enemies":"4 Shapes","floor":47,"turns":1},{"damage":0,"enemies":"Reptomancer","floor":48,"turns":1},{"damage":0,"enemies":"Jaw Worm Horde","floor":49,"turns":1},{"damage":0,"enemies":"IC_BLOCK_ARCHETYPE","floor":50,"turns":1},{"damage":0,"enemies":"downfall:CharBossMerchant","floor":52,"turns":3},{"damage":0,"enemies":"downfall:NeowBoss","floor":55,"turns":5},{"damage":0,"enemies":"downfall:NeowBossFinal","floor":56,"turns":3}],"seed_played":"-2039404652936881275","potions_obtained":[{"floor":2.0,"key":"Dexterity Potion"},{"floor":3.0,"key":"Guardian:BlockOnCardUsePotion"},{"floor":12.0,"key":"bronze:BuildAFunctionPotion"},{"floor":14.0,"key":"EntropicBrew"}],"is_trial":true,"path_per_floor":["R","M","M","?","?","R","T","M","E","R","E","?","R","E","M","B",null,"R","M","?","E","$","R","T","E","?","E","R","E","R","M","M","B",null,"R","M","?","M","T","T","T","R","M","R","E","$","M","E","M","B",null,"E","$","R","B","B",null],"character_chosen":"THE_AUTOMATON","items_purchased":["Torii","bronze:MaxOutput","expansioncontent:DashGenerateEvil+1","SentryEyes","SSSystem"],"campfire_rested":0,"item_purchase_floors":[22,22,22,30,35],"current_hp_per_floor":[77,77,77,77,70,70,70,70,70,84,84,84,84,87,87,94,94,94,94,94,94,81,81,95,95,95,95,95,95,95,95,95,95,104,104,104,104,104,104,104,104,104,104,104,104,104,104,104,104,104,104,104,104,104,104,104],"gold":132,"neow_bonus":"","is_daily":false,"chose_seed":false,"campfire_upgraded":7,"win_rate":0.0,"timestamp":1611057626,"path_taken":["R","M","M","?","?","R","T","?","?","R","E","?","R","?","M","BOSS","R","M","?","?","?","R","T","?","?","?","R","E","R","?","M","BOSS","R","M","?","?","?","?","T","R","?","R","?","?","?","?","M","BOSS","E","$","R","BOSS","BOSS"],"items_purchased_type":["Relic","Card","Card","Relic","Relic"],"build_version":"2020-12-22","purchased_purges":4,"victory":true,"max_hp_per_floor":[77,77,77,77,77,77,77,77,77,87,87,87,87,87,87,94,94,94,94,94,94,94,94,104,104,104,104,104,104,104,104,104,104,104,104,104,104,104,104,104,104,104,104,104,104,104,104,104,104,104,104,104,104,104,104,104],"relic_stats":{"Singing Bowl":0,"Torii":2,"Happy Flower":[5],"counters":[29,47],"Dead Branch":[88],"Blue Candle":[3],"Bag of Preparation":[44],"Whetstone":["bronze:DigitalCarnage","bronze:WhirlingStrike"],"Ginger":[9],"MawBank":84,"Dream Catcher":0,"Centennial Puzzle":[0],"Busted Crown":28,"Sundial":[4],"Ornamental Fan":[132],"Bronze Scales":[27],"Art of War":[0],"obtain_stats":[{"Lantern":5,"bronze:BronzeCore":0,"champ:ChampStancesModRelic":0,"DaveBox":0,"Singing Bowl":2,"Torii":22,"MostiFishMod:Haymaker":29,"SynthV":0,"DianPoetry":11,"sneckomod:BlankCard":40,"Vajra":3,"SSSystem":35,"downfall:HeartBlessingGreen":30,"ice":0,"Bag of Preparation":14,"Whetstone":31,"Ginger":43,"Dream Catcher":27,"Centennial Puzzle":52,"Matryoshka":36,"Sundial":4,"downfall:HeartBlessingBlue":10,"Pear":24,"NeowsBlessing":0,"downfall:HeartBlessingRed":6,"Happy Flower":40,"JellyFishMachine":17,"Dead Branch":0,"Blue Candle":41,"Thread and Needle":49,"The Courier":32,"LastBattle":21,"ThornShield":38,"MawBank":39,"Du-Vu Doll":45,"Busted Crown":0,"downfall:GremlinSack":12,"Ornamental Fan":25,"Bronze Scales":8,"BionicSphere":39,"SentryEyes":30,"ChiXiaoBlade":34,"Molten Egg 2":47,"Art of War":19,"bronze:SilverBullet":48,"Toy Ornithopter":9,"TungstenRod":15},{"Lantern":2,"bronze:BronzeCore":0,"champ:ChampStancesModRelic":0,"DaveBox":0,"Singing Bowl":1,"Torii":12,"MostiFishMod:Haymaker":15,"SynthV":0,"DianPoetry":5,"sneckomod:BlankCard":20,"Vajra":2,"SSSystem":18,"downfall:HeartBlessingGreen":15,"ice":0,"Bag of Preparation":7,"Whetstone":16,"Ginger":21,"Dream Catcher":14,"Centennial Puzzle":27,"Matryoshka":19,"Sundial":2,"downfall:HeartBlessingBlue":4,"Pear":12,"NeowsBlessing":0,"downfall:HeartBlessingRed":2,"Happy Flower":20,"JellyFishMachine":9,"Dead Branch":0,"Blue Candle":20,"Thread and Needle":25,"The Courier":17,"LastBattle":11,"ThornShield":20,"MawBank":20,"Du-Vu Doll":22,"Busted Crown":0,"downfall:GremlinSack":6,"Ornamental Fan":13,"Bronze Scales":3,"BionicSphere":20,"SentryEyes":15,"ChiXiaoBlade":18,"Molten Egg 2":23,"Art of War":10,"bronze:SilverBullet":24,"Toy Ornithopter":4,"TungstenRod":8},{"Lantern":2,"bronze:BronzeCore":0,"champ:ChampStancesModRelic":0,"DaveBox":0,"Singing Bowl":1,"Torii":19,"MostiFishMod:Haymaker":24,"SynthV":0,"DianPoetry":8,"sneckomod:BlankCard":30,"Vajra":2,"SSSystem":28,"downfall:HeartBlessingGreen":24,"ice":0,"Bag of Preparation":12,"Whetstone":25,"Ginger":31,"Dream Catcher":23,"Centennial Puzzle":39,"Matryoshka":29,"Sundial":2,"downfall:HeartBlessingBlue":6,"Pear":19,"NeowsBlessing":0,"downfall:HeartBlessingRed":2,"Happy Flower":30,"JellyFishMachine":14,"Dead Branch":0,"Blue Candle":30,"Thread and Needle":35,"The Courier":26,"LastBattle":17,"ThornShield":30,"MawBank":30,"Du-Vu Doll":32,"Busted Crown":0,"downfall:GremlinSack":10,"Ornamental Fan":21,"Bronze Scales":3,"BionicSphere":30,"SentryEyes":24,"ChiXiaoBlade":28,"Molten Egg 2":33,"Art of War":15,"bronze:SilverBullet":34,"Toy Ornithopter":6,"TungstenRod":13}],"Toy Ornithopter":0,"TungstenRod":7},"card_choices":[],"player_experience":291213,"relics_obtained":[{"floor":2.0,"key":"Singing Bowl"},{"floor":3.0,"key":"Vajra"},{"floor":8.0,"key":"Bronze Scales"},{"floor":9.0,"key":"Toy Ornithopter"},{"floor":11.0,"key":"DianPoetry"},{"floor":12.0,"key":"downfall:GremlinSack"},{"floor":14.0,"key":"Bag of Preparation"},{"floor":15.0,"key":"TungstenRod"},{"floor":19.0,"key":"Art of War"},{"floor":21.0,"key":"LastBattle"},{"floor":24.0,"key":"Pear"},{"floor":25.0,"key":"Ornamental Fan"},{"floor":27.0,"key":"Dream Catcher"},{"floor":29.0,"key":"MostiFishMod:Haymaker"},{"floor":31.0,"key":"Whetstone"},{"floor":32,"key":"The Courier"},{"floor":36,"key":"Matryoshka"},{"floor":38,"key":"ThornShield"},{"floor":39,"key":"MawBank"},{"floor":39,"key":"BionicSphere"},{"floor":40,"key":"sneckomod:BlankCard"},{"floor":40,"key":"Happy Flower"},{"floor":41,"key":"Blue Candle"},{"floor":43,"key":"Ginger"},{"floor":45,"key":"Du-Vu Doll"},{"floor":47,"key":"Molten Egg 2"},{"floor":48,"key":"bronze:SilverBullet"},{"floor":49,"key":"Thread and Needle"},{"floor":52,"key":"Centennial Puzzle"}],"event_choices":[{"damage_healed":0.0,"max_hp_gain":0.0,"max_hp_loss":0.0,"gold_gain":0.0,"event_name":"Scrap Ooze","player_choice":"Success","floor":5.0,"gold_loss":0.0,"damage_taken":7.0,"relics_obtained":["Lantern"]},{"damage_healed":0.0,"max_hp_gain":0.0,"max_hp_loss":0.0,"gold_gain":0.0,"event_name":"Lab","player_choice":"Got Potions","floor":20.0,"gold_loss":0.0,"damage_taken":0.0}],"is_beta":false,"boss_relics":[{"not_picked":["Sozu","Cursed Key"],"picked":"JellyFishMachine"},{"not_picked":["SacredBark","xbg"],"picked":"ChiXiaoBlade"}],"items_purged_floors":[13,22,42,46],"is_endless":false,"potions_floor_spawned":[2,3,12,14,16,25,27,31,32,43,48],"ascension_level":0}}