{"host":"4gr5irrdjh39ysed","time":1611063092,"event":{"mods":["AchievementEnabler","BaseMod","Colored Map","Downfall","Hermit","Minty Spire (QoL Compilation)","Random Character Button","StSLib","The Construct","The Cursed","The Disciple","The Hierophant","The Mystic","The Necromancer","The Runesmith"],"gold_per_floor":[116,116,116,130,130,154,193,193,268,308,8,8,27,27,27,156,156,172,172,172,172,43,74,90,90,140,164,203,203,221,244,244,369,369,383,244,244,260,281,322,322,362,362,362,362,362,383,408,408,408,408,408,90,125,125],"floor_reached":56,"language":"ENG","playtime":3173,"items_purged":["Defend_G","Defend_G","Defend_G"],"score":1900,"play_id":"e22aede5-2e86-4fa6-a271-890f3fb9e04c","local_time":"20210119063132","is_ascension_mode":true,"campfire_choices":[{"floor":12,"key":"RECALL"},{"data":"Catalyst","floor":15,"key":"SMITH"},{"data":"hierophant:DeathKnell","floor":25,"key":"SMITH"},{"data":"Vault","floor":32,"key":"SMITH"},{"data":"Bouncing Flask","floor":41,"key":"SMITH"},{"data":"Bouncing Flask","floor":46,"key":"SMITH"},{"data":"Crippling Poison","floor":49,"key":"SMITH"},{"data":"construct:Antimatter","floor":52,"key":"SMITH"}],"circlet_count":0,"master_deck":["AscendersBane","Strike_G","Strike_G","Strike_G","Strike_G","Strike_G","Defend_G","Survivor","Neutralize+1","Dagger Spray","Dagger Throw","Bouncing Flask+1","Backstab","Catalyst+1","Unload","expansioncontent:StudyTheSpire","hierophant:DeathKnell+1","Crippling Poison+1","Catalyst","Bane","Stop_Heart","hermit:TrackingShot","construct:Antimatter+1","Slay_Living+1","FollowUp","Vault+1","champ:VampiricStrike","hermit:EyeOfTheStorm","Bouncing Flask+1","Cloak And Dagger","Backstab","Consecrate+1","Guardian:PiercingHide","hexamod:SpectersWail","construct:PanicFire","LockedWhetstone","mysticmod:LightningBolt+1","hermit:PistolWhip","TheCursedMod:CircleOfFlame","Catalyst","Terror","Enlightenment","Violent_Necrosis+1"],"relics":["Ring of the Snake","Golden Idol","Runesmith:Nanobots","Centennial Puzzle","construct:BoolHorns","PrismaticShard","MutagenicStrength","Enchiridion","PreservedInsect","Happy Flower","Dream Catcher","bronze:MakeshiftBattery","Prayer Wheel","Ancient Tea Set","Darkstone Periapt","Pear"],"acts_visited":["Exordium","TheCity","TheBeyond","TheEnding"],"potions_floor_usage":[7,18,33,33,40,50,55],"damage_taken":[{"damage":6,"enemies":"2 Louse","floor":1,"turns":3},{"damage":10,"enemies":"Small Slimes","floor":4,"turns":2},{"damage":4,"enemies":"Cultist","floor":6,"turns":3},{"damage":38,"enemies":"Lagavulin","floor":7,"turns":4},{"damage":27,"enemies":"3 Sentries","floor":10,"turns":6},{"damage":11,"enemies":"Looter","floor":13,"turns":2},{"damage":33,"enemies":"Slime Boss","floor":16,"turns":9},{"damage":29,"enemies":"Spheric Guardian","floor":18,"turns":5},{"damage":5,"enemies":"Book of Stabbing","floor":23,"turns":3},{"damage":15,"enemies":"2 Thieves","floor":24,"turns":3},{"damage":29,"enemies":"Centurion and Healer","floor":27,"turns":3},{"damage":21,"enemies":"Gremlin Leader","floor":28,"turns":5},{"damage":4,"enemies":"Chosen and Byrds","floor":30,"turns":3},{"damage":8,"enemies":"Snecko","floor":31,"turns":3},{"damage":98,"enemies":"Collector","floor":33,"turns":7},{"damage":0,"enemies":"Orb Walker","floor":35,"turns":1},{"damage":26,"enemies":"3 Darklings","floor":38,"turns":6},{"damage":23,"enemies":"4 Shapes","floor":39,"turns":3},{"damage":22,"enemies":"Giant Head","floor":40,"turns":5},{"damage":15,"enemies":"Nemesis","floor":42,"turns":3},{"damage":12,"enemies":"Maw","floor":47,"turns":5},{"damage":3,"enemies":"3 Darklings","floor":48,"turns":3},{"damage":189,"enemies":"Awakened One","floor":50,"turns":16},{"damage":124,"enemies":"Shield and Spear","floor":54,"turns":6},{"damage":162,"enemies":"The Heart","floor":55,"turns":10}],"seed_played":"7269655931968680554","potions_obtained":[{"floor":3,"key":"hexamod:SoulburnPotion"},{"floor":3,"key":"GhostInAJar"},{"floor":7,"key":"Swift Potion"},{"floor":28,"key":"PowerPotion"},{"floor":35,"key":"ColorlessPotion"},{"floor":38,"key":"Poison Potion"},{"floor":47,"key":"LiquidBronze"}],"is_trial":false,"path_per_floor":["M","?","?","M","?","M","E","T","T","E","$","R","M","$","R","B",null,"M","?","?","?","$","E","M","R","T","M","E","?","M","M","R","B",null,"M","$","?","M","M","E","R","E","T","?","?","R","M","M","R","B",null,"R","$","E","B",null],"character_chosen":"THE_SILENT","items_purchased":["Unload","PrismaticShard","Bane","Bouncing Flask","Catalyst","Terror","Enlightenment"],"campfire_rested":0,"item_purchase_floors":[11,11,22,36,53,53,53],"current_hp_per_floor":[2057,1540,1540,1530,1523,1519,1481,1481,1481,1454,1454,1454,1443,1443,1443,1410,1905,1876,1876,1860,1860,1860,1855,1840,1840,1840,1811,1790,1790,1786,1778,1778,1680,1973,1973,1973,1973,1947,1924,1902,1902,1887,1887,1887,1887,1887,1875,1872,1872,1683,1895,1895,1895,1781,1619],"gold":125,"neow_bonus":"UPGRADE_CARD","is_daily":false,"chose_seed":false,"campfire_upgraded":7,"win_rate":0.0,"timestamp":1611063092,"path_taken":["M","?","?","?","?","M","E","?","T","E","?","R","M","$","R","BOSS","M","?","?","?","?","E","M","R","T","?","E","?","M","M","R","BOSS","M","$","?","?","M","E","R","E","T","?","?","R","M","M","R","BOSS","R","$","E","BOSS"],"items_purchased_type":["Card","Relic","Card","Card","Card","Card","Card"],"build_version":"2020-12-22","purchased_purges":3,"victory":true,"max_hp_per_floor":[2070,2070,2070,2070,2070,2070,2070,2070,2070,2070,2070,2070,2070,2070,2070,2070,2070,2070,2070,2070,2070,2070,2070,2070,2070,2070,2070,2070,2070,2070,2070,2070,2070,2070,2070,2070,2070,2070,2070,2070,2070,2070,2070,1966,1966,1966,1966,1966,1966,1966,1966,1966,1966,1976,1976],"card_choices":[{"not_picked":["Dodge and Roll","Slice"],"picked":"Dagger Spray","floor":1},{"not_picked":["Backflip","Cloak And Dagger"],"picked":"Dagger Throw","floor":4},{"not_picked":["Escape Plan","Predator"],"picked":"Bouncing Flask","floor":6},{"not_picked":["Quick Slash","Acrobatics"],"picked":"Backstab","floor":7},{"not_picked":["Poisoned Stab","Blade Dance"],"picked":"Catalyst","floor":10},{"not_picked":["HandsUpB","bronze:FineTuning"],"picked":"expansioncontent:StudyTheSpire","floor":13},{"not_picked":["Apotheosis","Guardian:RevengeProtocol"],"picked":"hierophant:DeathKnell","floor":16},{"not_picked":["construct:Backfire+1","hexamod:ShieldOfDarkness"],"picked":"Crippling Poison","floor":18},{"not_picked":["Runesmith:CraftProtectio","Runesmith:EarthShield+1"],"picked":"Stop_Heart","floor":23},{"not_picked":["Self Repair","Runesmith:StaticCage"],"picked":"hermit:TrackingShot","floor":24},{"not_picked":["sneckomod:UnknownClassCHRONO_GOLD","TheCursedMod:CircleOfCorruption"],"picked":"construct:Antimatter","floor":27},{"not_picked":["hermit:Glare","sneckomod:UnknownClassHEXA_GHOST_PURPLE"],"picked":"Slay_Living+1","floor":28},{"not_picked":["champ:PerfectedStrike","Blood_Shield"],"picked":"FollowUp","floor":30},{"not_picked":["hierophant:Refuge","Runesmith:StaticCage+1"],"picked":"Vault","floor":31},{"not_picked":["mysticmod:GeminiForm","Detonate_Bones"],"picked":"champ:VampiricStrike","floor":33},{"not_picked":["Sucker Punch","Warcry+1"],"picked":"hermit:EyeOfTheStorm","floor":35},{"not_picked":["hexamod:Firestarter","hermit:BodyArmor+1"],"picked":"Consecrate+1","floor":38},{"not_picked":["Body Slam","Slimebound:RainOfGoop"],"picked":"Guardian:PiercingHide","floor":39},{"not_picked":["Runesmith:ReplicatingBarrier","TheCursedMod:Grudge+1"],"picked":"hexamod:SpectersWail","floor":40},{"not_picked":["Entrench","Guardian:Reroute"],"picked":"construct:PanicFire","floor":42},{"not_picked":["Slimebound:SamplingLick+1","Slimebound:ComboTackle+1"],"picked":"LockedWhetstone","floor":47},{"not_picked":["hexamod:BacktrackSmack","Blizzard"],"picked":"mysticmod:LightningBolt+1","floor":47},{"not_picked":["mysticmod:SuddenClarity","Deflect"],"picked":"hermit:PistolWhip","floor":48},{"not_picked":["ShortSighted","mysticmod:MirrorStrike+1"],"picked":"TheCursedMod:CircleOfFlame","floor":48},{"not_picked":["Leap","construct:PointDefense"],"picked":"Violent_Necrosis+1","floor":54}],"player_experience":228051,"relics_obtained":[{"floor":7,"key":"Runesmith:Nanobots"},{"floor":8,"key":"Centennial Puzzle"},{"floor":10,"key":"construct:BoolHorns"},{"floor":20,"key":"Enchiridion"},{"floor":23,"key":"PreservedInsect"},{"floor":26,"key":"Happy Flower"},{"floor":28,"key":"Dream Catcher"},{"floor":40,"key":"Prayer Wheel"},{"floor":42,"key":"Ancient Tea Set"},{"floor":43,"key":"Darkstone Periapt"},{"floor":54,"key":"Pear"}],"event_choices":[{"damage_healed":0,"gold_gain":0,"player_choice":"Take Damage","damage_taken":517,"relics_obtained":["Golden Idol"],"max_hp_gain":0,"max_hp_loss":0,"event_name":"Golden Idol","floor":2,"gold_loss":0},{"damage_healed":0,"gold_gain":0,"player_choice":"Got Potions","damage_taken":0,"max_hp_gain":0,"max_hp_loss":0,"event_name":"Lab","floor":3,"gold_loss":0},{"cards_removed":["Defend_G"],"damage_healed":0,"gold_gain":0,"player_choice":"Card Removal","damage_taken":7,"max_hp_gain":0,"max_hp_loss":0,"event_name":"Golden Wing","floor":5,"gold_loss":0},{"damage_healed":0,"gold_gain":0,"player_choice":"Inject Mutagens","damage_taken":0,"relics_obtained":["MutagenicStrength"],"max_hp_gain":0,"max_hp_loss":0,"event_name":"Drug Dealer","floor":19,"gold_loss":0},{"damage_healed":0,"gold_gain":0,"player_choice":"Obtained Book","damage_taken":16,"max_hp_gain":0,"max_hp_loss":0,"event_name":"Cursed Tome","floor":20,"gold_loss":0},{"damage_healed":0,"gold_gain":0,"player_choice":"Read","damage_taken":0,"max_hp_gain":0,"max_hp_loss":0,"event_name":"The Library","floor":21,"gold_loss":0,"cards_obtained":["Catalyst"]},{"damage_healed":0,"gold_gain":0,"player_choice":"Ignored","damage_taken":0,"max_hp_gain":0,"max_hp_loss":0,"event_name":"Vampires","floor":29,"gold_loss":0},{"damage_healed":0,"gold_gain":0,"player_choice":"3 cards matched","damage_taken":0,"max_hp_gain":0,"max_hp_loss":0,"event_name":"Match and Keep!","floor":37,"gold_loss":0,"cards_obtained":["Flash of Steel","Cloak And Dagger","Backstab"]},{"damage_healed":0,"gold_gain":0,"player_choice":"Max HP","damage_taken":0,"max_hp_gain":0,"max_hp_loss":104,"event_name":"Winding Halls","floor":44,"gold_loss":0},{"cards_removed":["Flash of Steel"],"damage_healed":0,"gold_gain":0,"player_choice":"Removed Attack","damage_taken":0,"max_hp_gain":0,"max_hp_loss":0,"event_name":"Falling","floor":45,"gold_loss":0}],"is_beta":false,"boss_relics":[{"not_picked":["Busted Crown","Ring of the Serpent","Cursed Key"]},{"not_picked":["Fusion Hammer","construct:WeddingRing"],"picked":"bronze:MakeshiftBattery"}],"items_purged_floors":[22,36,53],"is_endless":false,"potions_floor_spawned":[4,7,13,16,28,31,35,38,47],"ascension_level":12}}