{"host":"ydg0vn0pu4pubmdt","time":1611058178,"event":{"mods":["AchievementEnabler","BaseMod","Colored Map","Gold Saver","Minty Spire (QoL Compilation)","Quick Restart","SuperFastMode"],"gold_per_floor":[1049,1049,974,988,1006,1006,1044,1044,1044,1074,831,852,399,419,419,518,518,532,49,49,72,72,106,106,124,124,140,140,153,153,174,174,264,327,340,355,355,368,383,424,249,265,265,285,318,78,87,109,109,109],"floor_reached":51,"language":"KOR","playtime":1803,"items_purged":["Defend_G","Strike_G","Strike_G","Strike_G","Defend_G"],"score":1590,"play_id":"ea3873ab-42a6-44d2-8027-cdf33585b3c8","local_time":"20210119210938","is_ascension_mode":true,"campfire_choices":[{"data":"Bullet Time","floor":6.0,"key":"SMITH"},{"data":"Acrobatics","floor":8.0,"key":"SMITH"},{"floor":15.0,"key":"REST"},{"data":"Apotheosis","floor":24.0,"key":"SMITH"},{"data":"Master of Strategy","floor":30.0,"key":"SMITH"},{"data":"Acrobatics","floor":32.0,"key":"SMITH"},{"data":"Reflex","floor":49,"key":"SMITH"}],"circlet_count":0,"master_deck":["AscendersBane","Defend_G","Defend_G","Survivor","Neutralize","Heel Hook","Bullet Time+1","Acrobatics+1","Eviscerate","Master of Strategy+1","Well Laid Plans","Grand Finale","Backflip","Apotheosis+1","Concentrate","Tactician+1","Acrobatics+1","Reflex+1","Acrobatics+1","Finesse","Flash of Steel","Blur","Grand Finale","Tactician"],"relics":["Ring of the Snake","Golden Idol","Torii","Gremlin Horn","TwistedFunnel","Ancient Tea Set","Philosopher\u0027s Stone","Oddly Smooth Stone","Pear","Ornamental Fan","Tiny House","CeramicFish","Vajra","Juzu Bracelet","Bottled Lightning"],"acts_visited":["Exordium","TheCity","TheBeyond"],"potions_floor_usage":[],"damage_taken":[{"damage":6.0,"enemies":"Cultist","floor":1.0,"turns":5.0},{"damage":4.0,"enemies":"2 Louse","floor":4.0,"turns":3.0},{"damage":9.0,"enemies":"Jaw Worm","floor":5.0,"turns":4.0},{"damage":2.0,"enemies":"Gremlin Nob","floor":7.0,"turns":3.0},{"damage":10.0,"enemies":"Red Slaver","floor":12.0,"turns":3.0},{"damage":1.0,"enemies":"3 Louse","floor":14.0,"turns":2.0},{"damage":17.0,"enemies":"Hexaghost","floor":16.0,"turns":9.0},{"damage":0.0,"enemies":"Spheric Guardian","floor":18.0,"turns":2.0},{"damage":1.0,"enemies":"2 Thieves","floor":21.0,"turns":3.0},{"damage":0.0,"enemies":"Book of Stabbing","floor":23.0,"turns":4.0},{"damage":0.0,"enemies":"Cultist and Chosen","floor":25.0,"turns":3.0},{"damage":7.0,"enemies":"Centurion and Healer","floor":27.0,"turns":2.0},{"damage":0.0,"enemies":"Snake Plant","floor":29.0,"turns":1.0},{"damage":0.0,"enemies":"Shelled Parasite and Fungi","floor":31.0,"turns":1.0},{"damage":0.0,"enemies":"Collector","floor":33.0,"turns":2.0},{"damage":0.0,"enemies":"3 Darklings","floor":35.0,"turns":1.0},{"damage":0.0,"enemies":"3 Shapes","floor":36.0,"turns":1.0},{"damage":0.0,"enemies":"Maw","floor":38.0,"turns":1.0},{"damage":0.0,"enemies":"Transient","floor":39.0,"turns":5.0},{"damage":0.0,"enemies":"Nemesis","floor":40.0,"turns":1.0},{"damage":0.0,"enemies":"Sphere and 2 Shapes","floor":42.0,"turns":1.0},{"damage":0.0,"enemies":"Writhing Mass","floor":44.0,"turns":1.0},{"damage":0.0,"enemies":"Giant Head","floor":45.0,"turns":1.0},{"damage":0,"enemies":"4 Shapes","floor":48,"turns":1},{"damage":0,"enemies":"Donu and Deca","floor":50,"turns":2}],"seed_played":"1361054970098765103","potions_obtained":[{"floor":1.0,"key":"LiquidMemories"},{"floor":12.0,"key":"LiquidBronze"},{"floor":16.0,"key":"LiquidBronze"},{"floor":18.0,"key":"Dexterity Potion"}],"is_trial":false,"path_per_floor":["M","?","$","M","M","R","E","R","T","?","$","M","$","M","R","B",null,"M","$","?","M","?","E","R","M","T","M","$","M","R","M","R","B",null,"M","M","?","M","M","E","$","M","T","M","E","$","?","M","R","B",null],"character_chosen":"THE_SILENT","items_purchased":["TwistedFunnel","Master of Strategy","Ancient Tea Set","Apotheosis","Oddly Smooth Stone","Bottled Lightning"],"campfire_rested":1,"item_purchase_floors":[11,13,13,19,19,46],"current_hp_per_floor":[38,38,38,34,25,25,23,23,23,23,23,13,13,12,30,13,49,49,49,49,48,48,58,58,58,58,51,51,51,51,51,51,51,71,71,71,61,61,61,61,61,61,61,61,61,61,61,61,61,61],"gold":109,"neow_bonus":"TRANSFORM_TWO_CARDS","is_daily":false,"chose_seed":false,"campfire_upgraded":6,"win_rate":0.0,"timestamp":1611058178,"path_taken":["M","?","$","M","M","R","E","R","T","?","?","M","$","M","R","BOSS","M","$","?","M","?","E","R","?","T","M","$","M","R","M","R","BOSS","M","M","?","M","M","E","$","M","T","M","E","$","?","M","R","BOSS"],"items_purchased_type":["Relic","Card","Relic","Card","Relic","Relic"],"build_version":"2020-12-22","purchased_purges":5,"victory":true,"max_hp_per_floor":[66,61,61,61,61,61,61,61,61,61,61,61,61,61,61,61,61,61,61,61,61,61,71,71,71,71,71,71,71,71,71,71,71,76,76,76,76,76,76,76,76,76,76,76,76,76,76,76,76,76],"card_choices":[{"not_picked":["Calculated Gamble","Sucker Punch"],"picked":"Acrobatics","floor":1.0},{"not_picked":["Sucker Punch","Calculated Gamble"],"picked":"Eviscerate","floor":4.0},{"not_picked":["Acrobatics","Slice","Underhanded Strike"],"picked":"SKIP","floor":5.0},{"not_picked":["Blade Dance","Expertise","Caltrops"],"picked":"SKIP","floor":7.0},{"not_picked":["Expertise","Quick Slash","Poisoned Stab"],"picked":"SKIP","floor":12.0},{"not_picked":["Underhanded Strike","Cloak And Dagger"],"picked":"Well Laid Plans","floor":14.0},{"not_picked":["Doppelganger","Glass Knife"],"picked":"Grand Finale","floor":16.0},{"not_picked":["Backflip","Poisoned Stab","Outmaneuver"],"picked":"SKIP","floor":18.0},{"not_picked":["Poisoned Stab","Outmaneuver"],"picked":"Backflip","floor":18.0},{"not_picked":["Poisoned Stab","All Out Attack","Backflip"],"picked":"SKIP","floor":21.0},{"not_picked":["Flying Knee","Underhanded Strike"],"picked":"Concentrate","floor":23.0},{"not_picked":["Backstab+1","Distraction"],"picked":"Tactician","floor":25.0},{"not_picked":["Heel Hook","Expertise"],"picked":"Acrobatics","floor":27.0},{"not_picked":["Crippling Poison+1","Slice"],"picked":"Reflex","floor":29.0},{"not_picked":["Die Die Die","Flying Knee","Poisoned Stab"],"picked":"SKIP","floor":31.0},{"not_picked":["Flying Knee+1","Concentrate","Underhanded Strike"],"picked":"SKIP","floor":35.0},{"not_picked":["Setup","Heel Hook"],"picked":"Acrobatics+1","floor":36.0},{"not_picked":["Blind","Deep Breath"],"picked":"Finesse","floor":37.0},{"not_picked":["Enlightenment","Panacea"],"picked":"Flash of Steel","floor":37.0},{"not_picked":["Backflip+1","Cloak And Dagger+1"],"picked":"Blur","floor":38.0},{"not_picked":["All Out Attack+1","Noxious Fumes+1","Flying Knee+1"],"picked":"SKIP","floor":39.0},{"not_picked":["Skewer+1","Deadly Poison+1","Backflip+1"],"picked":"SKIP","floor":40.0},{"not_picked":["Well Laid Plans","Underhanded Strike+1","Reflex"],"picked":"SKIP","floor":42.0},{"not_picked":["Bouncing Flask","Backflip","Cloak And Dagger+1"],"picked":"SKIP","floor":44.0},{"not_picked":["Blade Dance","Unload","Escape Plan"],"picked":"SKIP","floor":45.0},{"not_picked":["Terror","Choke"],"picked":"Tactician","floor":48}],"player_experience":493076,"relics_obtained":[{"floor":7.0,"key":"Torii"},{"floor":9.0,"key":"Gremlin Horn"},{"floor":23.0,"key":"Pear"},{"floor":26.0,"key":"Ornamental Fan"},{"floor":40.0,"key":"CeramicFish"},{"floor":43.0,"key":"Vajra"},{"floor":45.0,"key":"Juzu Bracelet"}],"event_choices":[{"damage_healed":0.0,"max_hp_gain":0.0,"max_hp_loss":5.0,"gold_gain":0.0,"event_name":"Golden Idol","player_choice":"Lose Max HP","floor":2.0,"gold_loss":0.0,"damage_taken":0.0,"relics_obtained":["Golden Idol"]},{"damage_healed":0.0,"max_hp_gain":0.0,"max_hp_loss":0.0,"gold_gain":30.0,"event_name":"Dead Adventurer","player_choice":"Searched \u00271\u0027 times","floor":10.0,"gold_loss":0.0,"damage_taken":0.0},{"cards_removed":["Strike_G"],"damage_healed":0.0,"max_hp_gain":0.0,"max_hp_loss":0.0,"gold_gain":0.0,"event_name":"Back to Basics","player_choice":"Elegance","floor":20.0,"gold_loss":0.0,"damage_taken":0.0},{"damage_healed":0.0,"max_hp_gain":0.0,"max_hp_loss":0.0,"gold_gain":0.0,"event_name":"The Woman in Blue","player_choice":"Bought 0 Potions","floor":22.0,"gold_loss":0.0,"damage_taken":0.0},{"damage_healed":0.0,"max_hp_gain":0.0,"max_hp_loss":0.0,"gold_gain":0.0,"event_name":"SensoryStone","player_choice":"Memory 3","floor":37.0,"gold_loss":0.0,"damage_taken":10.0},{"damage_healed":0,"gold_gain":0,"player_choice":"1 cards matched","damage_taken":0,"max_hp_gain":0,"max_hp_loss":0,"event_name":"Match and Keep!","floor":47,"gold_loss":0,"cards_obtained":["Grand Finale"]}],"is_beta":false,"boss_relics":[{"not_picked":["Busted Crown","WristBlade"],"picked":"Philosopher\u0027s Stone"},{"not_picked":["Pandora\u0027s Box","Sozu"],"picked":"Tiny House"}],"items_purged_floors":[3,11,13,19,41],"is_endless":false,"potions_floor_spawned":[1,12,16,18,27,29,38,40,48],"ascension_level":14}}