{"host":"ymw71f7rc9ndansy","time":1611024847,"event":{"mods":["ATMod(阿瑾Mod)","Act Like it!","Aspiration","BaseMod","DeckTracker","Downfall","Hubris","Library of Ruina","Library of Ruina Extra","Minty Spire (QoL Compilation)","MostiFishMod","Remove Card Discount Mod","StSLib","TestMod","【功能Mod】精心准备","【遗物卡牌】REMEMod"],"gold_per_floor":[99,111,211,211,223,237,237,282,282,282,348,97,162,162,256,378,378,378,456,497,536,536,575,575,575,635,704,704,704,704,1104,1115,1115,1115,1115],"floor_reached":33,"language":"ZHS","playtime":1291,"items_purged":["champ:Strike","champ:Strike","champ:Strike","champ:Strike","champ:SkillfulDodge","champ:Defend","champ:Defend","champ:Defend","champ:Defend","champ:RecklessLeap","champ:Execute"],"score":316,"play_id":"4e39a565-3034-4fb4-89e9-01b666bc5d9d","local_time":"20210119105407","is_ascension_mode":false,"campfire_choices":[{"data":"champ:Taunt","floor":1,"key":"SMITH"},{"data":"champ:StanceDance","floor":9,"key":"SMITH"},{"data":"champ:Encircle","floor":18,"key":"SMITH"},{"data":"champ:FaceSlap","floor":25,"key":"SMITH"},{"floor":30,"key":"REST"}],"circlet_count":0,"master_deck":["champ:Taunt+1","AT_FamilyPortrait","Master of Strategy","champ:ShieldSlam+1","champ:AdrenalArmor","champ:StanceDance+1","champ:Encircle+1","champ:FaceSlap+1","champ:BringItOn","champ:SteelEdge+1","champ:Duel"],"relics":["champ:ChampionCrown","DaveBox","REME_ComplimentaryCards","AT_ATBox","SentryEyes","testmod-ArcanaOfDestiny","hubris:Icosahedron","BrkXgEgg","HereWithMe","testmod-Hope","downfall:RedIOU"],"acts_visited":["Exordium","TheCity"],"potions_floor_usage":[],"damage_taken":[{"damage":13,"enemies":"Jaw Worm","floor":2,"turns":2},{"damage":0,"enemies":"2 Louse","floor":5,"turns":1},{"damage":10,"enemies":"Small Slimes","floor":6,"turns":1},{"damage":10,"enemies":"Blue Slaver","floor":8,"turns":1},{"damage":15,"enemies":"Exordium Thugs","floor":11,"turns":2},{"damage":30,"enemies":"downfall:FleeingMerchant","floor":12,"turns":4},{"damage":15,"enemies":"Exordium Wildlife","floor":13,"turns":2},{"damage":0,"enemies":"3 Louse","floor":15,"turns":1},{"damage":25,"enemies":"IC_STATUS_ARCHETYPE","floor":16,"turns":2},{"damage":20,"enemies":"downfall:FleeingMerchant","floor":19,"turns":3},{"damage":5,"enemies":"Spheric Guardian","floor":20,"turns":1},{"damage":0,"enemies":"Shell Parasite","floor":21,"turns":2},{"damage":0,"enemies":"Snake Plant","floor":23,"turns":2},{"damage":15,"enemies":"Chosen and Byrds","floor":26,"turns":2},{"damage":5,"enemies":"Shelled Parasite and Fungi","floor":27,"turns":2},{"damage":10,"enemies":"Centurion and Healer","floor":32,"turns":1},{"damage":99,"enemies":"WA_ARCHETYPE_CALM","floor":33,"turns":6}],"seed_played":"7050841153941167369","potions_obtained":[{"floor":6,"key":"Swift Potion"},{"floor":8,"key":"Fire Potion"},{"floor":11,"key":"Energy Potion"},{"floor":15,"key":"testmod-TestPotion"}],"is_trial":false,"path_per_floor":["R","M","?","?","M","M","T","M","R","?","M","$","M","?","M","B",null,"R","$","M","M","?","M","T","R","M","M","?","?","R","?","M","B"],"character_chosen":"THE_CHAMP","items_purchased":["champ:FaceSlap","BrkXgEgg","testmod-Hope"],"campfire_rested":1,"item_purchase_floors":[12,12,19],"current_hp_per_floor":[99,96,96,96,96,96,96,96,96,96,91,91,91,91,91,91,99,99,89,89,89,89,89,89,89,74,74,74,74,99,99,99,0,0,0],"gold":1115,"neow_bonus":"TEN_PERCENT_HP_BONUS","is_daily":false,"chose_seed":false,"campfire_upgraded":4,"win_rate":0.0,"timestamp":1611024847,"path_taken":["R","M","?","?","M","M","T","M","R","?","M","?","?","?","M","BOSS","R","$","M","M","?","M","T","R","M","M","?","?","R","?","M","BOSS"],"items_purchased_type":["Card","Relic","Relic"],"build_version":"2020-12-22","purchased_purges":11,"victory":false,"max_hp_per_floor":[99,99,99,99,99,99,99,99,99,99,99,99,99,99,99,99,99,99,99,99,99,99,99,99,99,99,99,99,99,99,99,99,99,99,99],"card_choices":[{"not_picked":["champ:FlashCut","champ:PreciseThrust"],"picked":"champ:SkillfulDodge","floor":2},{"not_picked":["champ:SetATrap","champ:BerserkersShout"],"picked":"champ:ShieldSlam","floor":5},{"not_picked":["champ:EndlessRage","champ:FlashCut"],"picked":"champ:AdrenalArmor","floor":6},{"not_picked":["champ:FlashCut","champ:SetATrap"],"picked":"champ:StanceDance","floor":8},{"not_picked":["champ:RisingSlash","champ:StanceDance"],"picked":"champ:Encircle","floor":11},{"not_picked":["champ:FocusedDefense","champ:EndlessRage"],"picked":"champ:RecklessLeap","floor":12},{"not_picked":["champ:HeavySlash+1","champ:GladiatorStyle"],"picked":"champ:BringItOn","floor":13},{"not_picked":["champ:FanOfKnives","champ:RapidStrikes","champ:PerfectedStrike"],"picked":"SKIP","floor":15},{"not_picked":["champ:HeavySlash+1","champ:MurderStrike+1"],"picked":"champ:SteelEdge+1","floor":16},{"not_picked":["champ:Shatter","champ:AdrenalArmor"],"picked":"champ:Duel","floor":19},{"not_picked":["champ:Shatter","champ:PreciseThrust+1","champ:Encircle+1"],"picked":"SKIP","floor":20},{"not_picked":["champ:GutPunch","champ:AdrenalArmor","champ:PreemptiveStrike"],"picked":"SKIP","floor":21},{"not_picked":["champ:FocusedDefense+1","champ:FalseCounter+1","champ:TornadoPunch"],"picked":"SKIP","floor":23},{"not_picked":["champ:DefensiveShout+1","champ:EnGarde","champ:AdrenalArmor"],"picked":"SKIP","floor":26},{"not_picked":["champ:RisingSlash","champ:HeartStrike","champ:AdrenalArmor+1"],"picked":"SKIP","floor":27},{"not_picked":["champ:FalseCounter","champ:ArenaPreparation+1","champ:EnGarde"],"picked":"SKIP","floor":32}],"player_experience":1097624,"relics_obtained":[{"floor":7,"key":"AT_MibuBalloonWealth"}],"event_choices":[{"damage_healed":0,"gold_gain":0,"player_choice":"Ignored","damage_taken":0,"max_hp_gain":0,"max_hp_loss":0,"event_name":"Ghosts","floor":22,"gold_loss":0},{"damage_healed":0,"gold_gain":400,"player_choice":"Sell","damage_taken":0,"max_hp_gain":0,"max_hp_loss":0,"event_name":"恩洛斯的盘子","floor":31,"relics_lost":["testmod-TestBox"],"gold_loss":0}],"is_beta":false,"boss_relics":[{"not_picked":["hubris:ScarierMask","REME_LowDesire"],"picked":"HereWithMe"}],"items_purged_floors":[12,12,12,12,12,12,19,19,19,19,19],"is_endless":false,"potions_floor_spawned":[6,8,11,13,15,20,32],"killed_by":"WA_ARCHETYPE_CALM","ascension_level":0}}