{"host":"prbesmsd58qkujmx","time":1611033108,"event":{"mods":["2.2 Compatiblity","AchievementEnabler","BaseMod","Colored Map","DeckTracker","Highlight Path","Keyboard Shortcuts","Minty Spire (QoL Compilation)","Permanent Neow","Quick Restart","Random Character Button","StSLib","SuperFastMode","everything is the same but u backflip on backflip"],"gold_per_floor":[111,36,53,65,65,65,95,95,95,61,78,78,93,126,126,229,229,240,240,254,264,46,46,46,46,46,71,71,89,108,108,108,204,204,221,221,131,6,23,23,23,35,35,70,70,87,87,107,107,107],"floor_reached":51,"language":"KOR","playtime":1702,"items_purged":["Defend_R","Defend_R","Strike_R+1"],"score":919,"play_id":"24c2bc98-b661-42b4-bef2-6a1f60c0304e","local_time":"20210119141148","is_ascension_mode":true,"campfire_choices":[{"data":"Searing Blow+1","floor":6,"key":"SMITH"},{"data":"Searing Blow+2","floor":8,"key":"SMITH"},{"data":"Searing Blow+3","floor":12,"key":"SMITH"},{"data":"Searing Blow+4","floor":15,"key":"SMITH"},{"data":"Searing Blow+5","floor":23,"key":"SMITH"},{"data":"Searing Blow+6","floor":25,"key":"SMITH"},{"data":"Searing Blow+7","floor":28,"key":"SMITH"},{"data":"Searing Blow+8","floor":32,"key":"SMITH"},{"data":"Searing Blow+11","floor":40,"key":"SMITH"},{"data":"Searing Blow+12","floor":45,"key":"SMITH"},{"data":"Searing Blow+13","floor":47,"key":"SMITH"},{"data":"Searing Blow+14","floor":49,"key":"SMITH"}],"circlet_count":0,"master_deck":["Strike_R+1","Strike_R+1","Defend_R+1","Defend_R+1","Bash+1","Second Wind+1","Searing Blow+15","Armaments+1","Offering+1","Battle Trance+1","True Grit+1","Feed+1","Bludgeon+1","Armaments+1","Shrug It Off+1","Evolve+1","Bloodletting+1","Headbutt+1","Offering+1","Uppercut+1","Power Through+1"],"relics":["Burning Blood","Pear","War Paint","Paper Frog","Cursed Key","White Beast Statue","Coffee Dripper","Mark of the Bloom","Regal Pillow"],"acts_visited":["Exordium","TheCity","TheBeyond"],"potions_floor_usage":[16,21,21,27,27,29,39,39,48,50,50],"damage_taken":[{"damage":10,"enemies":"Jaw Worm","floor":1,"turns":4},{"damage":9,"enemies":"2 Louse","floor":3,"turns":3},{"damage":1,"enemies":"Cultist","floor":4,"turns":3},{"damage":11,"enemies":"Gremlin Nob","floor":7,"turns":3},{"damage":6,"enemies":"Large Slime","floor":11,"turns":4},{"damage":2,"enemies":"Blue Slaver","floor":13,"turns":2},{"damage":8,"enemies":"3 Sentries","floor":14,"turns":6},{"damage":6,"enemies":"Slime Boss","floor":16,"turns":3},{"damage":6,"enemies":"Shell Parasite","floor":18,"turns":1},{"damage":6,"enemies":"Spheric Guardian","floor":20,"turns":1},{"damage":0,"enemies":"Snecko","floor":21,"turns":3},{"damage":14,"enemies":"Slavers","floor":27,"turns":4},{"damage":0,"enemies":"Centurion and Healer","floor":29,"turns":9},{"damage":0,"enemies":"Snake Plant","floor":30,"turns":1},{"damage":22,"enemies":"Champ","floor":33,"turns":3},{"damage":12,"enemies":"3 Darklings","floor":35,"turns":2},{"damage":9,"enemies":"3 Shapes","floor":39,"turns":3},{"damage":6,"enemies":"Spire Growth","floor":42,"turns":2},{"damage":7,"enemies":"Nemesis","floor":44,"turns":3},{"damage":0,"enemies":"Transient","floor":46,"turns":5},{"damage":0,"enemies":"Jaw Worm Horde","floor":48,"turns":1},{"damage":6,"enemies":"Awakened One","floor":50,"turns":2}],"seed_played":"1384249177060988779","potions_obtained":[{"floor":1,"key":"SteroidPotion"},{"floor":4,"key":"LiquidBronze"},{"floor":11,"key":"BlessingOfTheForge"},{"floor":14,"key":"LiquidMemories"},{"floor":20,"key":"Weak Potion"},{"floor":21,"key":"DuplicationPotion"},{"floor":27,"key":"SkillPotion"},{"floor":29,"key":"DistilledChaos"},{"floor":30,"key":"BlessingOfTheForge"},{"floor":33,"key":"AttackPotion"},{"floor":39,"key":"DistilledChaos"},{"floor":42,"key":"Strength Potion"},{"floor":44,"key":"Regen Potion"},{"floor":46,"key":"LiquidMemories"},{"floor":48,"key":"Fire Potion"}],"is_trial":false,"path_per_floor":["M","$","M","M","?","R","E","R","T","?","M","R","M","E","R","B",null,"M","?","M","M","$","R","$","R","T","E","R","M","M","?","R","B",null,"M","?","?","$","M","R","$","M","T","E","R","M","R","M","R","B",null],"character_chosen":"IRONCLAD","items_purchased":["Shrug It Off","Evolve"],"campfire_rested":0,"item_purchase_floors":[22,22],"current_hp_per_floor":[52,52,49,54,54,54,59,59,59,59,59,59,63,61,61,61,90,93,93,96,100,100,100,100,100,100,92,92,102,104,104,104,88,104,98,98,98,98,89,89,89,83,83,76,76,76,76,76,76,70],"gold":107,"neow_bonus":"REMOVE_TWO","is_daily":false,"chose_seed":false,"campfire_upgraded":12,"win_rate":0.0,"timestamp":1611033108,"path_taken":["M","$","M","M","?","R","E","R","T","?","M","R","M","E","R","BOSS","M","?","M","M","?","R","$","R","T","E","R","M","M","?","R","BOSS","M","?","?","$","M","R","$","?","T","E","R","M","R","M","R","BOSS"],"items_purchased_type":["Card","Card"],"build_version":"2020-12-22","purchased_purges":3,"victory":true,"max_hp_per_floor":[80,80,80,80,80,80,90,90,90,90,90,90,90,90,90,90,90,93,93,96,100,100,100,100,100,100,100,100,104,104,104,104,104,104,104,104,104,104,108,108,108,108,108,108,108,108,108,112,112,112],"card_choices":[{"not_picked":["Body Slam","Rage"],"picked":"Second Wind","floor":1},{"not_picked":["Flex","Heavy Blade"],"picked":"Searing Blow","floor":3},{"not_picked":["Cleave","Anger"],"picked":"Armaments","floor":4},{"not_picked":["Bludgeon","Rupture"],"picked":"Offering","floor":7},{"not_picked":["Infernal Blade","Dropkick"],"picked":"Battle Trance","floor":11},{"not_picked":["Inflame","Pommel Strike"],"picked":"True Grit","floor":13},{"not_picked":["Twin Strike","Carnage","Searing Blow"],"picked":"SKIP","floor":14},{"not_picked":["Brutality","Reaper"],"picked":"Feed","floor":16},{"not_picked":["Body Slam","Rupture","Wild Strike"],"picked":"SKIP","floor":18},{"not_picked":["Perfected Strike+1","True Grit"],"picked":"Armaments","floor":20},{"not_picked":["Twin Strike","Wild Strike","Ghostly Armor"],"picked":"SKIP","floor":21},{"not_picked":["Flex+1","Sword Boomerang","Iron Wave"],"picked":"SKIP","floor":27},{"not_picked":["Sword Boomerang","Feed"],"picked":"Bloodletting","floor":29},{"not_picked":["Sword Boomerang","Sever Soul","Iron Wave+1"],"picked":"SKIP","floor":30},{"not_picked":["Bludgeon","Juggernaut"],"picked":"Offering","floor":33},{"not_picked":["Clash+1","Perfected Strike+1"],"picked":"Havoc","floor":35},{"not_picked":["Wild Strike+1","Heavy Blade"],"picked":"Uppercut+1","floor":39},{"not_picked":["Whirlwind+1","Flex+1","Sentinel"],"picked":"SKIP","floor":42},{"not_picked":["Pummel","Cleave"],"picked":"Power Through+1","floor":44},{"not_picked":["Thunderclap+1","Twin Strike+1","Heavy Blade"],"picked":"SKIP","floor":46},{"not_picked":["Inflame","Carnage","Second Wind"],"picked":"SKIP","floor":48}],"player_experience":115085,"relics_obtained":[{"floor":7,"key":"Pear"},{"floor":9,"key":"War Paint"},{"floor":14,"key":"Paper Frog"},{"floor":27,"key":"White Beast Statue"},{"floor":44,"key":"Regal Pillow"}],"event_choices":[{"damage_healed":0,"gold_gain":0,"player_choice":"Grow","damage_taken":0,"max_hp_gain":0,"max_hp_loss":0,"event_name":"Living Wall","floor":5,"gold_loss":0,"cards_upgraded":["Searing Blow"]},{"damage_healed":0,"gold_gain":0,"player_choice":"Left Gold","damage_taken":0,"max_hp_gain":0,"max_hp_loss":0,"event_name":"World of Goop","floor":10,"gold_loss":34},{"damage_healed":0,"gold_gain":0,"player_choice":"1 cards matched","damage_taken":0,"max_hp_gain":0,"max_hp_loss":0,"event_name":"Match and Keep!","floor":19,"gold_loss":0,"cards_obtained":["Bludgeon"]},{"damage_healed":0,"gold_gain":0,"player_choice":"Read","damage_taken":0,"max_hp_gain":0,"max_hp_loss":0,"event_name":"The Library","floor":31,"gold_loss":0,"cards_obtained":["Headbutt"]},{"damage_healed":0,"gold_gain":0,"player_choice":"Upgrade","damage_taken":0,"relics_obtained":["Mark of the Bloom"],"max_hp_gain":0,"max_hp_loss":0,"event_name":"MindBloom","floor":36,"gold_loss":0,"cards_upgraded":["Strike_R","Strike_R","Strike_R","Defend_R","Bash","Second Wind","Searing Blow","Armaments","Battle Trance","True Grit","Feed","Bludgeon","Armaments","Shrug It Off","Evolve","Bloodletting","Headbutt","Offering","Havoc"]},{"cards_removed":["Havoc"],"damage_healed":0,"gold_gain":0,"player_choice":"Upgrade and Remove","damage_taken":0,"max_hp_gain":0,"max_hp_loss":0,"event_name":"Designer","floor":37,"gold_loss":90,"cards_upgraded":["Searing Blow"]}],"is_beta":false,"boss_relics":[{"not_picked":["Snecko Eye","SlaversCollar"],"picked":"Cursed Key"},{"not_picked":["Sozu","Philosopher\u0027s Stone"],"picked":"Coffee Dripper"}],"items_purged_floors":[2,22,38],"is_endless":false,"potions_floor_spawned":[1,4,11,14,20,21,27,29,30,33,35,39,42,44,46,48],"ascension_level":1}}