{"host":"x205naxbihvu3p76","time":1611066491,"event":{"mods":["AchievementEnabler","BaseMod","Minty Spire (QoL Compilation)","StSLib","SuperFastMode"],"gold_per_floor":[117,117,129,148,148,148,180,192,219,234,234,234,22,32,32,32,32],"floor_reached":16,"language":"KOR","playtime":272,"items_purged":["Strike_B"],"score":204,"play_id":"c0305eeb-1a45-4feb-a297-ea11553dd1da","local_time":"20210119232811","is_ascension_mode":true,"campfire_choices":[{"data":"Chaos","floor":6,"key":"SMITH"},{"floor":12,"key":"REST"},{"data":"Echo Form","floor":15,"key":"SMITH"}],"circlet_count":0,"master_deck":["AscendersBane","Strike_B","Strike_B","Strike_B","Defend_B","Defend_B","Defend_B","Defend_B","Zap","Dualcast","Capacitor","Chaos+1","Melter","Echo Form+1","Ball Lightning","Leap","Seek"],"relics":["Cracked Core","NeowsBlessing","NlothsMask","Bronze Scales","Toy Ornithopter"],"acts_visited":["Exordium"],"potions_floor_usage":[16],"damage_taken":[{"damage":0,"enemies":"2 Louse","floor":1,"turns":1},{"damage":0,"enemies":"Cultist","floor":3,"turns":1},{"damage":0,"enemies":"Jaw Worm","floor":4,"turns":1},{"damage":34,"enemies":"Lagavulin","floor":7,"turns":8},{"damage":13,"enemies":"Blue Slaver","floor":8,"turns":4},{"damage":7,"enemies":"Lots of Slimes","floor":10,"turns":4},{"damage":12,"enemies":"Looter","floor":14,"turns":3},{"damage":31,"enemies":"The Guardian","floor":16,"turns":6}],"seed_played":"8869475660945210885","potions_obtained":[{"floor":1,"key":"Ancient Potion"},{"floor":4,"key":"Swift Potion"}],"is_trial":false,"path_per_floor":["M","?","M","M","?","R","E","M","T","M","?","R","$","M","R","B"],"character_chosen":"DEFECT","items_purchased":["Seek","FocusPotion"],"campfire_rested":1,"item_purchase_floors":[13,13],"current_hp_per_floor":[64,64,64,64,69,69,35,22,22,15,15,37,37,25,25,0,0],"gold":32,"neow_bonus":"THREE_ENEMY_KILL","is_daily":false,"chose_seed":false,"campfire_upgraded":2,"win_rate":0.0,"timestamp":1611066491,"path_taken":["M","?","M","?","?","R","E","M","T","M","?","R","$","M","R","BOSS"],"items_purchased_type":["Card","Potion"],"build_version":"2020-12-22","purchased_purges":1,"victory":false,"max_hp_per_floor":[71,71,71,71,76,76,76,76,76,76,76,76,76,76,76,76,76],"card_choices":[{"not_picked":["Reprogram","Tempest"],"picked":"Capacitor","floor":1},{"not_picked":["Reprogram","Leap"],"picked":"Chaos","floor":3},{"not_picked":["Turbo","Double Energy"],"picked":"Melter","floor":4},{"not_picked":["Beam Cell","Streamline"],"picked":"Echo Form","floor":7},{"not_picked":["Fusion","Stack"],"picked":"Ball Lightning","floor":8},{"not_picked":["Barrage","Rebound"],"picked":"Leap","floor":10},{"not_picked":["Rebound","Thunder Strike","Coolheaded"],"picked":"SKIP","floor":14}],"player_experience":979876,"relics_obtained":[{"floor":7,"key":"Bronze Scales"}],"event_choices":[{"damage_healed":0,"gold_gain":0,"player_choice":"Trade","damage_taken":0,"relics_obtained":["NlothsMask"],"max_hp_gain":0,"max_hp_loss":0,"event_name":"FaceTrader","floor":2,"gold_loss":0},{"damage_healed":0,"gold_gain":0,"player_choice":"Donut","damage_taken":0,"max_hp_gain":5,"max_hp_loss":0,"event_name":"Big Fish","floor":5,"gold_loss":0},{"damage_healed":0,"gold_gain":0,"player_choice":"Gave Potion","damage_taken":0,"relics_obtained":["Toy Ornithopter"],"max_hp_gain":0,"max_hp_loss":0,"event_name":"WeMeetAgain","floor":11,"gold_loss":0}],"is_beta":false,"boss_relics":[],"items_purged_floors":[13],"is_endless":false,"potions_floor_spawned":[1,4,7],"killed_by":"The Guardian","ascension_level":20}}