{"host":"s58r5yp46srrl8k0","time":1611072014,"event":{"mods":["BaseMod","BetterRewards","Colored Powertips","Energized Spire","Infinite Spire","Minty Spire (QoL Compilation)","Permanent Neow","Relic Stats","Replay The Spire","StSLib"],"gold_per_floor":[117,137,137,137,151,151,18,18,18,18,34,49,65,103,103,227,227,246,246,246,246,9468,9502,9502,9427,9427,9466,9466,9504,9504,8758,8758,8912,8912,9525,9525,10177,10885,11630,11630,12452,13300,13348,14284,14284,15247,16283,17371,17371,17399],"floor_reached":51,"language":"ENG","playtime":46348,"items_purged":["Regret","Looming Evil","Normality","Defend_G","Strike_G"],"score":1231,"play_id":"413c4d12-6686-43bd-8caa-f6e2af8f949f","local_time":"20210119110014","is_ascension_mode":true,"campfire_choices":[{"data":"Infinite Blades","floor":6.0,"key":"SMITH"},{"data":"Neutralize","floor":8.0,"key":"SMITH"},{"data":"Choke","floor":10.0,"key":"SMITH"},{"data":"Strike_G","floor":15.0,"key":"PURGE"},{"data":"Shame","floor":24,"key":"PURGE"},{"data":"Defend_G","floor":32,"key":"PURGE"},{"data":"Setup","floor":40,"key":"SMITH"},{"data":"ReplayTheSpireMod:Speed Training","floor":40,"key":"SMITH"},{"data":"Shame","floor":45,"key":"PURGE"},{"floor":49,"key":"REST"}],"circlet_count":0,"master_deck":["Strike_G","Defend_G","Defend_G","Survivor","Neutralize+1","Choke+1","Poisoned Stab","Poisoned Stab","Infinite Blades+1","Finisher+1","Backflip","Cloak And Dagger","Draining Mist+1","ReplayTheSpireMod:Necrosis+1","ReplayTheSpireMod:Speed Training+1","infinitespire:Fortify","ReplayTheSpireMod:Exploit Weakness","Blade Dance","Bane","Accuracy+1","Corpse Explosion","Setup+1","Crippling Poison+1"],"relics":["Ring of the Snake","Golden Idol","Replay:Ringing Soul","Quantum Egg","Peace Pipe","Cursed Key","ReplayTheSpireMod:Ring of Exchange","Ring of Misfortune","Ancient Tea Set","Replay:Rubber Ducky","Oddly Smooth Stone","Guide Book","Mercury Hourglass","Boot","Replay:Bandana","Lee\u0027s Waffle","Pear","Girya","infinitespire:EvilPickle","TwistedFunnel","Replay:Arrowhead","PreservedInsect","Lantern","Lizard Tail"],"acts_visited":["Exordium","TheCity","TheBeyond"],"potions_floor_usage":[27,29,33,33,38,41,50,50],"damage_taken":[{"damage":4.0,"enemies":"Jaw Worm","floor":1.0,"turns":3.0},{"damage":0.0,"enemies":"2 Louse","floor":2.0,"turns":3.0},{"damage":0.0,"enemies":"Small Slimes","floor":5.0,"turns":2.0},{"damage":1.0,"enemies":"Blue Slaver","floor":11.0,"turns":4.0},{"damage":0.0,"enemies":"Large Slime","floor":12.0,"turns":4.0},{"damage":1.0,"enemies":"3 Louse","floor":13.0,"turns":2.0},{"damage":14.0,"enemies":"Lagavulin","floor":14.0,"turns":6.0},{"damage":68.0,"enemies":"Fading Forest","floor":16.0,"turns":11.0},{"damage":6,"enemies":"Shell Parasite","floor":18,"turns":4},{"damage":0,"enemies":"Replay:Snechameleon","floor":23,"turns":8},{"damage":10,"enemies":"Slavers","floor":27,"turns":5},{"damage":2,"enemies":"2 Thieves","floor":29,"turns":3},{"damage":36,"enemies":"Pondfish","floor":33,"turns":8},{"damage":0,"enemies":"Orb Walker","floor":35,"turns":3},{"damage":0,"enemies":"3 Shapes","floor":37,"turns":3},{"damage":11,"enemies":"Jaw Worm Horde","floor":38,"turns":4},{"damage":28,"enemies":"Transient","floor":39,"turns":5},{"damage":22,"enemies":"Nemesis","floor":41,"turns":4},{"damage":9,"enemies":"Sphere and 2 Shapes","floor":42,"turns":3},{"damage":11,"enemies":"R_Hoarder","floor":44,"turns":4},{"damage":0,"enemies":"3 Darklings","floor":46,"turns":2},{"damage":41,"enemies":"Spire Growth","floor":47,"turns":4},{"damage":0,"enemies":"Sphere and 2 Shapes","floor":48,"turns":3},{"damage":76,"enemies":"Awakened One","floor":50,"turns":13}],"seed_played":"4792050351223798511","potions_obtained":[{"floor":2.0,"key":"Regen Potion"},{"floor":11.0,"key":"SkillPotion"},{"floor":14.0,"key":"Poison Potion"},{"floor":23,"key":"Doom Potion"},{"floor":27,"key":"Poison Potion"},{"floor":35,"key":"Block Potion"},{"floor":38,"key":"AttackPotion"},{"floor":39,"key":"FairyPotion"},{"floor":48,"key":"Weak Potion"}],"is_trial":false,"path_per_floor":["M","M","?","?","M","R","$","R","T","R","M","M","M","E","R","B",null,"M","?","?","?","$","E","R","?","T","E","AVR","M","?","$","R","B",null,"M","AVR","M","M","M","R","E","M","T","E","R","M","M","M","R","B",null],"character_chosen":"THE_SILENT","items_purchased":["Finisher+1","Replay:Rubber Ducky","Oddly Smooth Stone","Guide Book","Dexterity Potion","SteroidPotion","AttackPotion","ReplayTheSpireMod:Exploit Weakness","Pear","Girya","FearPotion"],"campfire_rested":1,"item_purchase_floors":[7,22,22,22,22,22,22,22,31,31,31],"current_hp_per_floor":[66,66,49,52,55,55,58,58,58,58,57,60,62,66,66,21,91,88,67,70,73,76,79,79,79,82,75,122,123,123,133,133,100,138,141,141,141,130,102,102,80,71,74,66,66,66,25,25,69,43],"gold":17399,"neow_bonus":"TRANSFORM_CARD","is_daily":false,"chose_seed":false,"campfire_upgraded":5,"win_rate":0.0,"timestamp":1611072014,"path_taken":["M","M","?","?","M","R","?","R","T","R","M","M","M","E","R","BOSS","M","?","?","?","?","E","R","?","T","E","AVR","M","?","?","R","BOSS","M","AVR","M","?","M","R","E","?","T","E","R","M","M","M","R","BOSS"],"items_purchased_type":["Card","Relic","Relic","Relic","Potion","Potion","Potion","Card","Relic","Relic","Potion"],"build_version":"2020-12-22","purchased_purges":5,"victory":true,"max_hp_per_floor":[70,70,70,73,76,76,79,79,79,79,79,82,85,88,88,91,91,94,97,100,103,106,109,109,109,112,115,122,125,125,135,135,138,138,141,141,141,141,141,141,141,141,144,147,147,147,147,147,147,147],"relic_stats":{"Peace Pipe":4,"Lee\u0027s Waffle":47,"Lizard Tail":0,"counters":[24,110],"Golden Idol":164,"PreservedInsect":75,"Cursed Key":2,"Boot":[49],"obtain_stats":[{"TwistedFunnel":34,"ReplayTheSpireMod:Ring of Exchange":20,"Girya":31,"Lee\u0027s Waffle":28,"Lantern":43,"Pear":31,"Golden Idol":3,"Quantum Egg":9,"Guide Book":22,"Oddly Smooth Stone":22,"PreservedInsect":41,"Cursed Key":17,"Ancient Tea Set":21,"Boot":26,"Replay:Arrowhead":36,"Replay:Rubber Ducky":22,"Mercury Hourglass":23,"Peace Pipe":14,"infinitespire:EvilPickle":33,"Replay:Ringing Soul":4,"Replay:Bandana":27,"Lizard Tail":44,"Ring of Misfortune":20,"Ring of the Snake":0},{"TwistedFunnel":13,"ReplayTheSpireMod:Ring of Exchange":9,"Girya":12,"Lee\u0027s Waffle":11,"Lantern":19,"Pear":12,"Golden Idol":2,"Quantum Egg":3,"Guide Book":9,"Oddly Smooth Stone":9,"PreservedInsect":18,"Cursed Key":8,"Ancient Tea Set":9,"Boot":10,"Replay:Arrowhead":14,"Replay:Rubber Ducky":9,"Mercury Hourglass":10,"Peace Pipe":7,"infinitespire:EvilPickle":13,"Replay:Ringing Soul":2,"Replay:Bandana":11,"Lizard Tail":20,"Ring of Misfortune":9,"Ring of the Snake":0},{"TwistedFunnel":63,"ReplayTheSpireMod:Ring of Exchange":39,"Girya":55,"Lee\u0027s Waffle":52,"Lantern":85,"Pear":55,"Golden Idol":6,"Quantum Egg":8,"Guide Book":39,"Oddly Smooth Stone":39,"PreservedInsect":82,"Cursed Key":35,"Ancient Tea Set":39,"Boot":47,"Replay:Arrowhead":66,"Replay:Rubber Ducky":39,"Mercury Hourglass":47,"Peace Pipe":24,"infinitespire:EvilPickle":63,"Replay:Ringing Soul":6,"Replay:Bandana":52,"Lizard Tail":89,"Ring of Misfortune":39,"Ring of the Snake":0}],"Ring of the Snake":[48],"Mercury Hourglass":[257]},"card_choices":[{"not_picked":["All Out Attack","ReplayTheSpireMod:Scrap Shanks"],"picked":"Poisoned Stab","floor":1.0},{"not_picked":["Heel Hook","Masterful Stab"],"picked":"Poisoned Stab","floor":2.0},{"not_picked":["ReplayTheSpireMod:Scrap Shanks","Underhanded Strike"],"picked":"Infinite Blades","floor":5.0},{"not_picked":["Sucker Punch","Prepared","Poisoned Stab"],"picked":"SKIP","floor":11.0},{"not_picked":["Slice","Flying Knee"],"picked":"Backflip","floor":12.0},{"not_picked":["Prepared","Caltrops"],"picked":"Cloak And Dagger","floor":13.0},{"not_picked":["Flying Knee","ReplayTheSpireMod:From All Sides"],"picked":"Draining Mist","floor":14.0},{"not_picked":["Doppelganger","Malaise"],"picked":"ReplayTheSpireMod:Necrosis","floor":16.0},{"not_picked":["Dagger Throw","All Out Attack"],"picked":"ReplayTheSpireMod:Speed Training","floor":18},{"not_picked":["infinitespire:SealOfDarkness+","ReplayTheSpireMod:Echoes of Time"],"picked":"infinitespire:Fortify","floor":19},{"not_picked":["ReplayTheSpireMod:The Works+1","Skewer+1"],"picked":"Blade Dance","floor":23},{"not_picked":["Deadly Poison","Deflect+1"],"picked":"Bane","floor":27},{"not_picked":["Dagger Throw","PiercingWail"],"picked":"Accuracy+1","floor":29},{"not_picked":["Poison Darts","A Thousand Cuts"],"picked":"Corpse Explosion","floor":33},{"not_picked":["Prepared","Quick Slash+1"],"picked":"Setup","floor":35},{"not_picked":["Setup+1","Poisoned Stab+1","Dagger Throw"],"picked":"SKIP","floor":37},{"not_picked":["Expertise","Die Die Die","Acrobatics"],"picked":"SKIP","floor":38},{"not_picked":["Sucker Punch+1","Concentrate","Backflip"],"picked":"SKIP","floor":39},{"not_picked":["Sucker Punch+1","Concentrate","Backflip"],"picked":"SKIP","floor":39},{"not_picked":["A Thousand Cuts","Sucker Punch+1","Underhanded Strike"],"picked":"SKIP","floor":41},{"not_picked":["Prepared","Backflip","Blade Dance+1"],"picked":"SKIP","floor":42},{"not_picked":["Cloak And Dagger+1","Quick Slash"],"picked":"Crippling Poison+1","floor":44},{"not_picked":["Bane+1","Poisoned Stab+1","Deadly Poison+1"],"picked":"SKIP","floor":46},{"not_picked":["Dagger Throw+1","Dodge and Roll+1","Crippling Poison+1"],"picked":"SKIP","floor":47},{"not_picked":["ReplayTheSpireMod:The Works","Riddle With Holes+1","Dodge and Roll"],"picked":"SKIP","floor":48}],"player_experience":316808,"relics_obtained":[{"floor":9.0,"key":"Quantum Egg"},{"floor":14.0,"key":"Peace Pipe"},{"floor":20,"key":"ReplayTheSpireMod:Ring of Exchange"},{"floor":20,"key":"Ring of Misfortune"},{"floor":23,"key":"Mercury Hourglass"},{"floor":26,"key":"Boot"},{"floor":27,"key":"Replay:Bandana"},{"floor":41,"key":"PreservedInsect"},{"floor":43,"key":"Lantern"},{"floor":44,"key":"Lizard Tail"}],"event_choices":[{"damage_healed":0.0,"max_hp_gain":0.0,"max_hp_loss":0.0,"gold_gain":0.0,"event_name":"Golden Idol","player_choice":"Take Damage","floor":3.0,"gold_loss":0.0,"damage_taken":17.0,"relics_obtained":["Golden Idol"]},{"damage_healed":0.0,"max_hp_gain":0.0,"max_hp_loss":0.0,"gold_gain":0.0,"event_name":"Big Fish","player_choice":"Box","floor":4.0,"gold_loss":0.0,"damage_taken":0.0,"relics_obtained":["Replay:Ringing Soul"],"cards_obtained":["Regret"]},{"damage_healed":0,"gold_gain":0,"player_choice":"Stole Relic","damage_taken":0,"relics_obtained":["Ancient Tea Set"],"max_hp_gain":0,"max_hp_loss":0,"event_name":"Addict","floor":21,"gold_loss":0,"cards_obtained":["Shame"]},{"cards_removed":["Strike_G"],"damage_healed":0,"gold_gain":0,"player_choice":"Gave Gold","damage_taken":0,"max_hp_gain":0,"max_hp_loss":0,"event_name":"Beggar","floor":25,"gold_loss":75},{"cards_removed":["Strike_G"],"damage_healed":0,"gold_gain":0,"player_choice":"Elegance","damage_taken":0,"max_hp_gain":0,"max_hp_loss":0,"event_name":"Back to Basics","floor":30,"gold_loss":0}],"is_beta":false,"boss_relics":[{"not_picked":["Astrolabe","Runic Dome"],"picked":"Cursed Key"},{"not_picked":["Replay:Ancient Bell","Painkiller Herb"],"picked":"TwistedFunnel"}],"items_purged_floors":[7,22,28,31,36],"is_endless":false,"potions_floor_spawned":[2,11,14,23,27,35,38,39,48],"ascension_level":4}}