{"host":"g907ck67u7c3hrs6","time":1611059384,"event":{"mods":["BaseMod","Colored Map","DeckTracker","Highlight Path","Keyboard Shortcuts","Minty Spire (QoL Compilation)","Permanent Neow","Say the Spire","SuperFastMode"],"gold_per_floor":[114,128,147,157,169,169,196,210,233,263,281,293,308,388,388,485,485,505,523,379,392,420,420,449,449,449,462,476,494,494,820,820,924,924,935,947,957,957,977,977,643,662,687,704,704,144,173,186,186,186],"floor_reached":51,"language":"KOR","playtime":2047,"items_purged":["FlurryOfBlows"],"score":1139,"play_id":"aa98b966-89ac-4c4f-a9eb-b536bdf127a4","local_time":"20210119212944","daily_mods":["Insanity","Vintage","Terminal"],"is_ascension_mode":false,"campfire_choices":[{"data":"WindmillStrike","floor":6,"key":"SMITH"},{"data":"Worship","floor":15,"key":"SMITH"},{"floor":23,"key":"REST"},{"floor":32,"key":"REST"},{"floor":40,"key":"REST"},{"floor":45,"key":"REST"},{"floor":49,"key":"REST"}],"circlet_count":0,"master_deck":["Prostrate","FlurryOfBlows","Indignation","Worship+1","ClearTheMind","Halt","JustLucky","Sanctity","WindmillStrike+1","ClearTheMind","BattleHymn","Sanctity","PathToVictory+1","JustLucky","FearNoEvil","Swivel","Perseverance","Protect","ClearTheMind","FlyingSleeves","CutThroughFate","Halt","CutThroughFate","PathToVictory","Prostrate","CutThroughFate","Evaluate","ThirdEye+1","EmptyBody","FollowUp","Study","EmptyFist","LikeWater","CarveReality","FollowUp","SashWhip","MentalFortress","Wallop","CutThroughFate","WreathOfFlame","FlurryOfBlows","CutThroughFate","WaveOfTheHand","SandsOfTime","Collect","EmptyMind","ClearTheMind","SandsOfTime","Collect","Pray","Devotion","ClearTheMind+1","Establishment","CurseOfTheBell","Worship","Secret Technique","Finesse","DevaForm+1"],"relics":["PureWater","Bottled Flame","CaptainsWheel","Strawberry","Juzu Bracelet","InkBottle","Damaru","Orichalcum","Pen Nib","Bag of Marbles","Letter Opener","Gremlin Horn","Tiny Chest","Fusion Hammer","Anchor","Bag of Preparation","Happy Flower","StrikeDummy","Red Mask","Meat on the Bone","MutagenicStrength","Singing Bowl","TeardropLocket","Art of War","Shuriken","Thread and Needle","Old Coin","Calling Bell","Centennial Puzzle","Pear","Bird Faced Urn","Matryoshka","Ice Cream","Ornamental Fan","Frozen Egg 2","HornCleat","FossilizedHelix","Vajra","Bronze Scales","Eternal Feather","Membership Card","Potion Belt","War Paint","Nunchaku","Oddly Smooth Stone"],"acts_visited":["Exordium","TheCity","TheBeyond"],"potions_floor_usage":[50],"damage_taken":[{"damage":0,"enemies":"Jaw Worm","floor":1,"turns":3},{"damage":0,"enemies":"2 Louse","floor":2,"turns":2},{"damage":0,"enemies":"Small Slimes","floor":3,"turns":2},{"damage":0,"enemies":"Exordium Thugs","floor":4,"turns":4},{"damage":6,"enemies":"Exordium Wildlife","floor":5,"turns":4},{"damage":0,"enemies":"Lagavulin","floor":7,"turns":6},{"damage":0,"enemies":"Lots of Slimes","floor":8,"turns":2},{"damage":2,"enemies":"3 Sentries","floor":10,"turns":5},{"damage":0,"enemies":"Blue Slaver","floor":11,"turns":2},{"damage":0,"enemies":"Large Slime","floor":12,"turns":4},{"damage":0,"enemies":"2 Fungi Beasts","floor":13,"turns":3},{"damage":12,"enemies":"Hexaghost","floor":16,"turns":5},{"damage":0,"enemies":"2 Thieves","floor":18,"turns":2},{"damage":0,"enemies":"3 Byrds","floor":19,"turns":4},{"damage":0,"enemies":"Snecko","floor":21,"turns":3},{"damage":0,"enemies":"Masked Bandits","floor":22,"turns":3},{"damage":0,"enemies":"Book of Stabbing","floor":24,"turns":3},{"damage":0,"enemies":"Centurion and Healer","floor":27,"turns":2},{"damage":0,"enemies":"Snake Plant","floor":28,"turns":2},{"damage":2,"enemies":"3 Cultists","floor":29,"turns":4},{"damage":0,"enemies":"Slavers","floor":31,"turns":2},{"damage":0,"enemies":"Collector","floor":33,"turns":6},{"damage":0,"enemies":"Orb Walker","floor":35,"turns":2},{"damage":0,"enemies":"3 Darklings","floor":36,"turns":2},{"damage":0,"enemies":"4 Shapes","floor":37,"turns":3},{"damage":0,"enemies":"Transient","floor":39,"turns":5},{"damage":0,"enemies":"Maw","floor":42,"turns":5},{"damage":0,"enemies":"3 Darklings","floor":44,"turns":1},{"damage":0,"enemies":"Giant Head","floor":47,"turns":6},{"damage":0,"enemies":"4 Shapes","floor":48,"turns":3},{"damage":0,"enemies":"Time Eater","floor":50,"turns":5}],"seed_played":"831383027271991657","potions_obtained":[{"floor":3,"key":"Dexterity Potion"},{"floor":4,"key":"SteroidPotion"},{"floor":5,"key":"Energy Potion"},{"floor":27,"key":"Fire Potion"},{"floor":33,"key":"CultistPotion"}],"is_trial":true,"path_per_floor":["M","M","M","M","M","R","E","M","T","E","M","M","M","?","R","B",null,"M","M","$","M","?","R","E","?","T","M","M","M","T","E","R","B",null,"M","M","M","?","M","R","$","M","T","M","R","$","E","M","R","B",null],"character_chosen":"WATCHER","items_purchased":["Happy Flower","Worship","HornCleat","Membership Card","Potion Belt","Secret Technique","War Paint","StancePotion","Finesse","Regen Potion"],"campfire_rested":5,"item_purchase_floors":[20,41,41,46,46,46,46,46,46,46],"current_hp_per_floor":[70,69,75,74,68,68,68,68,68,66,66,66,65,64,63,51,61,60,59,58,57,56,55,54,53,52,51,50,48,48,49,48,47,56,55,54,53,52,51,50,49,48,47,46,45,44,43,42,41,40],"gold":186,"neow_bonus":"","is_daily":false,"chose_seed":false,"campfire_upgraded":2,"win_rate":0.0,"timestamp":1611059384,"path_taken":["M","M","M","M","M","R","E","M","T","E","M","M","M","?","R","BOSS","M","M","$","M","?","R","E","?","T","M","M","M","?","E","R","BOSS","M","M","M","?","M","R","$","M","T","M","R","$","E","M","R","BOSS"],"items_purchased_type":["Relic","Card","Relic","Relic","Relic","Card","Relic","Potion","Card","Potion"],"build_version":"2020-12-22","purchased_purges":1,"victory":true,"max_hp_per_floor":[70,69,75,74,73,72,71,70,69,68,67,66,65,64,63,62,61,60,59,58,57,56,55,54,53,52,51,50,49,48,49,48,47,56,55,54,53,52,51,50,49,48,47,46,45,44,43,42,41,40],"card_choices":[{"not_picked":["EmptyMind","PathToVictory"],"picked":"Collect","floor":7},{"not_picked":["Wireheading","FlyingSleeves"],"picked":"Pray","floor":10},{"not_picked":["Omniscience","LessonLearned"],"picked":"Devotion","floor":16},{"not_picked":["Sanctity+1","Crescendo"],"picked":"ClearTheMind+1","floor":24},{"not_picked":["EmptyFist","ThirdEye","Meditate"],"picked":"Singing Bowl","floor":31},{"not_picked":["Ragnarok","MasterReality"],"picked":"Establishment","floor":33},{"not_picked":["BowlingBash+1","FlurryOfBlows+1"],"picked":"DevaForm+1","floor":47}],"player_experience":218037,"relics_obtained":[{"floor":1,"key":"Bottled Flame"},{"floor":2,"key":"CaptainsWheel"},{"floor":3,"key":"Strawberry"},{"floor":4,"key":"Juzu Bracelet"},{"floor":5,"key":"InkBottle"},{"floor":7,"key":"Damaru"},{"floor":8,"key":"Orichalcum"},{"floor":9,"key":"Pen Nib"},{"floor":10,"key":"Bag of Marbles"},{"floor":11,"key":"Letter Opener"},{"floor":12,"key":"Gremlin Horn"},{"floor":13,"key":"Tiny Chest"},{"floor":18,"key":"Anchor"},{"floor":19,"key":"Bag of Preparation"},{"floor":21,"key":"StrikeDummy"},{"floor":22,"key":"Red Mask"},{"floor":24,"key":"Meat on the Bone"},{"floor":26,"key":"Singing Bowl"},{"floor":27,"key":"TeardropLocket"},{"floor":28,"key":"Art of War"},{"floor":29,"key":"Shuriken"},{"floor":30,"key":"Thread and Needle"},{"floor":31,"key":"Old Coin"},{"floor":34,"key":"Centennial Puzzle"},{"floor":34,"key":"Pear"},{"floor":34,"key":"Bird Faced Urn"},{"floor":35,"key":"Matryoshka"},{"floor":36,"key":"Ice Cream"},{"floor":37,"key":"Ornamental Fan"},{"floor":39,"key":"Frozen Egg 2"},{"floor":42,"key":"FossilizedHelix"},{"floor":43,"key":"Vajra"},{"floor":43,"key":"Bronze Scales"},{"floor":44,"key":"Eternal Feather"},{"floor":47,"key":"Nunchaku"},{"floor":48,"key":"Oddly Smooth Stone"}],"event_choices":[{"damage_healed":0,"gold_gain":80,"player_choice":"Gained Gold","damage_taken":0,"max_hp_gain":0,"max_hp_loss":0,"event_name":"Golden Wing","floor":14,"gold_loss":0},{"damage_healed":0,"gold_gain":0,"player_choice":"Fought Bandits","damage_taken":0,"max_hp_gain":0,"max_hp_loss":0,"event_name":"Masked Bandits","floor":22,"gold_loss":0},{"damage_healed":0,"gold_gain":0,"player_choice":"Inject Mutagens","damage_taken":0,"relics_obtained":["MutagenicStrength"],"max_hp_gain":0,"max_hp_loss":0,"event_name":"Drug Dealer","floor":25,"gold_loss":0},{"cards_removed":["Consecrate"],"damage_healed":0,"gold_gain":0,"player_choice":"Removed Attack","damage_taken":0,"max_hp_gain":0,"max_hp_loss":0,"event_name":"Falling","floor":38,"gold_loss":0}],"is_beta":false,"boss_relics":[{"not_picked":["Sozu","VioletLotus"],"picked":"Fusion Hammer"},{"not_picked":["Snecko Eye","Velvet Choker"],"picked":"Calling Bell"}],"items_purged_floors":[46],"is_endless":false,"potions_floor_spawned":[3,4,5,8,12,22,27,28,31,33,35,36,44,47],"ascension_level":0}}