{"host":"ss2ocoam53r2lno0","time":1611069051,"event":{"mods":["Act Like it!","BaseMod","ChefMod","Clockwork Mod","Colored Powertips","Curses Come First","Displayed Cursed Tome","Downfall","Evolution","Googly Eyes","Hallownest","Highlight Path","Minty Spire (QoL Compilation)","Poor People Problems","Rare Cards Sparkle","Robot Space Explorer","Shade Mod","Shop Mod","Spicy Shops","StSLib","The Marked"],"gold_per_floor":[112,126,145,70,90,90,90],"floor_reached":6,"language":"ENG","playtime":380,"items_purged":["Clockwork:Strike"],"score":63,"play_id":"68087596-6127-4c7b-abc7-9c98ae309603","local_time":"20210119161051","is_ascension_mode":true,"campfire_choices":[],"circlet_count":0,"master_deck":["AscendersBane","Clockwork:Friction","Clockwork:Friction","Clockwork:Friction","Clockwork:Shield","Clockwork:Shield","Clockwork:Shield","Clockwork:Shield","Clockwork:Tinker","Clockwork:WarmUp","Clockwork:Scour","Clockwork:ReserveSystems"],"relics":["Clockwork:MomentumEngine","EVO:Axolotl","NeowsBlessing"],"acts_visited":["Exordium"],"potions_floor_usage":[],"damage_taken":[{"damage":0.0,"enemies":"Cultist","floor":1.0,"turns":1.0},{"damage":0.0,"enemies":"Jaw Worm","floor":2.0,"turns":2.0},{"damage":0.0,"enemies":"2 Louse","floor":3.0,"turns":1.0},{"damage":8,"enemies":"2 Fungi Beasts","floor":5,"turns":6},{"damage":70,"enemies":"Lagavulin","floor":6,"turns":10}],"seed_played":"-2173528539692796186","potions_obtained":[{"floor":5,"key":"Weak Potion"}],"is_trial":false,"path_per_floor":["M","M","M","$","M","E"],"character_chosen":"CLOCKWORK","items_purchased":[],"campfire_rested":0,"item_purchase_floors":[],"current_hp_per_floor":[77,77,77,77,69,0,0],"gold":90,"neow_bonus":"THREE_ENEMY_KILL","is_daily":false,"chose_seed":false,"campfire_upgraded":0,"win_rate":0.0,"timestamp":1611069051,"path_taken":["M","M","M","$","M","E"],"items_purchased_type":[],"build_version":"2020-12-22","purchased_purges":1,"victory":false,"max_hp_per_floor":[85,85,85,85,85,85,85],"card_choices":[{"not_picked":["Clockwork:AdaptiveCannon","Clockwork:Roundhouse"],"picked":"Clockwork:Scour","floor":1.0},{"not_picked":["Clockwork:SnapKeep","Clockwork:MechanicalBulk","Clockwork:RitualDaggerMk0"],"picked":"SKIP","floor":2.0},{"not_picked":["Clockwork:SmithsMallet","Clockwork:CraftCopperScales","Clockwork:Pluck"],"picked":"SKIP","floor":3.0},{"not_picked":["Clockwork:CraftVarja","Clockwork:AdaptiveCannon"],"picked":"Clockwork:ReserveSystems","floor":5}],"player_experience":797744,"relics_obtained":[],"event_choices":[],"is_beta":false,"boss_relics":[],"items_purged_floors":[4],"is_endless":false,"potions_floor_spawned":[5],"killed_by":"Lagavulin","ascension_level":13}}