{"host":"78zdngn0u28jm0pp","time":1611091164,"event":{"mods":["BaseMod","Jorbs\u0027s Wanderer Trilogy","Minty Spire (QoL Compilation)","Permanent Neow","Quick Restart","Relic Stats","StSLib","Unceasing Turn Reminder"],"gold_per_floor":[113,124,135,85,85,85,85],"floor_reached":6,"language":"ENG","playtime":159,"items_purged":[],"score":43,"play_id":"ea0a69dc-4579-4065-af68-399d005a3292","local_time":"20210119141924","is_ascension_mode":true,"campfire_choices":[],"circlet_count":0,"master_deck":["Strike_R","Strike_R","Defend_R","Defend_R","Bash","Impervious+1","Hemokinesis+1","Havoc+1","Headbutt","Sentinel","Metallicize"],"relics":["Astrolabe"],"acts_visited":["Exordium"],"potions_floor_usage":[],"damage_taken":[{"damage":0,"enemies":"Small Slimes","floor":1,"turns":3},{"damage":2,"enemies":"2 Louse","floor":2,"turns":3},{"damage":2,"enemies":"Cultist","floor":3,"turns":2},{"damage":0,"enemies":"3 Sentries","floor":6,"turns":1}],"seed_played":"-2209723083767868598","potions_obtained":[{"floor":3,"key":"Fire Potion"}],"is_trial":false,"path_per_floor":["M","M","M","?","?","E"],"character_chosen":"IRONCLAD","items_purchased":[],"campfire_rested":0,"item_purchase_floors":[],"current_hp_per_floor":[80,78,76,76,76,76,76],"gold":85,"neow_bonus":"BOSS_RELIC","is_daily":false,"chose_seed":false,"campfire_upgraded":0,"win_rate":0.0,"timestamp":1611091164,"path_taken":["M","M","M","?","?","E"],"items_purchased_type":[],"build_version":"2020-12-22","purchased_purges":0,"victory":false,"max_hp_per_floor":[80,80,80,80,80,80,80],"relic_stats":{"counters":[4,9],"Astrolabe":["Impervious","Hemokinesis","Havoc"],"obtain_stats":[{"Astrolabe":0,"Burning Blood":0},{"Astrolabe":0,"Burning Blood":0},{"Astrolabe":0,"Burning Blood":0}]},"card_choices":[{"not_picked":["Combust","Heavy Blade"],"picked":"Headbutt","floor":1},{"not_picked":["Armaments","Havoc"],"picked":"Sentinel","floor":2},{"not_picked":["Havoc","Twin Strike"],"picked":"Metallicize","floor":3}],"player_experience":773237,"relics_obtained":[],"event_choices":[{"cards_removed":["Defend_R"],"damage_healed":0,"gold_gain":0,"player_choice":"Card Removal","damage_taken":0,"max_hp_gain":0,"max_hp_loss":0,"event_name":"The Cleric","floor":4,"gold_loss":50},{"cards_removed":["Strike_R"],"damage_healed":0,"gold_gain":0,"player_choice":"Offered Basic","damage_taken":0,"max_hp_gain":0,"max_hp_loss":0,"event_name":"Bonfire Elementals","floor":5,"gold_loss":0}],"is_beta":false,"boss_relics":[],"items_purged_floors":[],"is_endless":false,"potions_floor_spawned":[3],"killed_by":"3 Sentries","ascension_level":4}}