{"host":"h4qgcirtxz6qax9j","time":1611061281,"event":{"mods":["AchievementEnabler","BaseMod","Colored Powertips","Hermit","Minty Spire (QoL Compilation)","StSLib","SuperFastMode","The Servant 0.9.4"],"gold_per_floor":[111,32,32,32,46,46,71,71,96,108,118,193,205,222,222,326,326,346,299,309,309,309],"floor_reached":21,"language":"KOR","playtime":636,"items_purged":[],"score":208,"play_id":"3b4b2e26-a93c-4672-b935-27f32bd1a769","local_time":"20210119220121","is_ascension_mode":true,"campfire_choices":[{"floor":6,"key":"REST"},{"data":"Solidify","floor":8,"key":"SMITH"},{"floor":15,"key":"REST"}],"circlet_count":0,"master_deck":["Strike_S","Strike_S","Strike_S","Defend_S","Defend_S","Defend_S","Defend_S","KidneyShot","Exchange","Solidify+1","Moonlight","Advance","Moondial","Potential","TimeWarp","Moondial+1","Misdirection+1","Potential","Solidify+1","Potential+1","Alleviate+1","Misdirection+1"],"relics":["Uniform","Question Card","Toxic Egg 2","Regal Pillow"],"acts_visited":["Exordium","TheCity"],"potions_floor_usage":[21],"damage_taken":[{"damage":0,"enemies":"Small Slimes","floor":1,"turns":3},{"damage":6,"enemies":"2 Louse","floor":5,"turns":2},{"damage":12,"enemies":"Lagavulin","floor":7,"turns":5},{"damage":4,"enemies":"Jaw Worm","floor":10,"turns":3},{"damage":0,"enemies":"2 Fungi Beasts","floor":11,"turns":3},{"damage":15,"enemies":"Gremlin Gang","floor":13,"turns":2},{"damage":0,"enemies":"Large Slime","floor":14,"turns":2},{"damage":45,"enemies":"The Guardian","floor":16,"turns":9},{"damage":24,"enemies":"2 Thieves","floor":18,"turns":4},{"damage":0,"enemies":"3 Byrds","floor":20,"turns":4},{"damage":56,"enemies":"Cultist and Chosen","floor":21,"turns":6}],"seed_played":"8396607339626229012","potions_obtained":[{"floor":5,"key":"Energy Potion"},{"floor":7,"key":"Fire Potion"}],"is_trial":false,"path_per_floor":["M","$","?","$","M","R","E","R","T","M","M","?","M","M","R","B",null,"M","$","M","M"],"character_chosen":"THE_SERVANT","items_purchased":["Advance","Alleviate+1"],"campfire_rested":2,"item_purchase_floors":[2,19],"current_hp_per_floor":[65,65,53,53,47,65,53,53,53,49,49,38,23,23,57,12,65,41,41,41,0,0],"gold":309,"neow_bonus":"TRANSFORM_CARD","is_daily":false,"chose_seed":false,"campfire_upgraded":1,"win_rate":0.0,"timestamp":1611061281,"path_taken":["M","$","?","$","M","R","E","R","T","M","M","?","M","M","R","BOSS","M","$","M","M"],"items_purchased_type":["Card","Card"],"build_version":"2020-12-22","purchased_purges":0,"victory":false,"max_hp_per_floor":[65,65,65,65,65,65,65,65,65,65,65,65,65,65,65,65,65,65,65,65,65,65],"card_choices":[{"not_picked":["Starlight","Revamp"],"picked":"Moonlight","floor":1},{"not_picked":["Starlight","Orbit","InstantArmor"],"picked":"Moondial","floor":5},{"not_picked":["Orbit","Gouge","GearUp+1"],"picked":"Potential","floor":7},{"not_picked":["Misdirection+1","Revamp+1","FastForward+1"],"picked":"TimeWarp","floor":10},{"not_picked":["Hightail+1","BottledTime+1","Revamp+1"],"picked":"Moondial+1","floor":11},{"not_picked":["Starlight","Hightail+1","DoubleEdge"],"picked":"Misdirection+1","floor":13},{"not_picked":["FastForward+1","Revamp+1","Luminosity"],"picked":"Potential","floor":14},{"not_picked":["Deny+1","LightFlow","PendulumOfEternity"],"picked":"Solidify+1","floor":16},{"not_picked":["MoonPhase+1","FastForward+1","BottledTime+1"],"picked":"Potential+1","floor":18},{"not_picked":["Read+1","MoonPhase","ReturningBlade+1"],"picked":"Misdirection+1","floor":20}],"player_experience":73248,"relics_obtained":[{"floor":7,"key":"Toxic Egg 2"},{"floor":9,"key":"Regal Pillow"}],"event_choices":[{"damage_healed":0,"gold_gain":0,"player_choice":"Success","damage_taken":12,"relics_obtained":["Question Card"],"max_hp_gain":0,"max_hp_loss":0,"event_name":"Scrap Ooze","floor":3,"gold_loss":0},{"damage_healed":0,"gold_gain":75,"player_choice":"Gather Gold","damage_taken":11,"max_hp_gain":0,"max_hp_loss":0,"event_name":"World of Goop","floor":12,"gold_loss":0}],"is_beta":false,"boss_relics":[{"not_picked":["Cursed Key","Calling Bell","Velvet Choker"]}],"items_purged_floors":[],"is_endless":false,"potions_floor_spawned":[5,7],"killed_by":"Cultist and Chosen","ascension_level":3}}