{"host":"1a3cjta80tad0aqj","time":1611055238,"event":{"mods":["2.2 Compatiblity","AchievementEnabler","BaseMod","Colored Map","DeckTracker","KOR Keyword Fix","Keyboard Shortcuts","Minty Spire (QoL Compilation)","Permanent Neow","Quick Restart","Random Character Button","StSLib","SuperFastMode","everything is the same but u backflip on backflip"],"gold_per_floor":[119,119,63,81,81,81,111,14,40,40,54,68,68,86,86,163,163,163,163],"floor_reached":18,"language":"KOR","playtime":498,"items_purged":[],"score":370,"play_id":"8ee5ef1f-0f23-428c-9a93-8728cc508147","local_time":"20210119202038","is_ascension_mode":true,"campfire_choices":[{"data":"Eruption","floor":6.0,"key":"SMITH"},{"data":"Conclude","floor":13.0,"key":"SMITH"},{"floor":15.0,"key":"REST"}],"circlet_count":0,"master_deck":["AscendersBane","Eruption+1","Vigilance","Crescendo","Halt","SpiritShield","Good Instincts","Conclude+1","Meditate","Blasphemy","Nirvana","PathToVictory","DevaForm","BowlingBash","Wish","ForeignInfluence"],"relics":["PureWater","NeowsBlessing","Shuriken","Strawberry","Pandora\u0027s Box"],"acts_visited":["Exordium","TheCity"],"potions_floor_usage":[16],"damage_taken":[{"damage":0.0,"enemies":"2 Louse","floor":1.0,"turns":1.0},{"damage":0.0,"enemies":"Cultist","floor":4.0,"turns":1.0},{"damage":0.0,"enemies":"Lagavulin","floor":7.0,"turns":1.0},{"damage":0.0,"enemies":"Jaw Worm","floor":11.0,"turns":3.0},{"damage":0.0,"enemies":"3 Louse","floor":12.0,"turns":3.0},{"damage":10.0,"enemies":"Red Slaver","floor":14.0,"turns":5.0},{"damage":16,"enemies":"The Guardian","floor":16,"turns":11},{"damage":72,"enemies":"Chosen","floor":18,"turns":5}],"seed_played":"-5391527497785401560","potions_obtained":[{"floor":11.0,"key":"SpeedPotion"},{"floor":14.0,"key":"SteroidPotion"}],"is_trial":false,"path_per_floor":["M","?","$","M","?","R","E","$","T","?","M","M","R","M","R","B",null,"M"],"character_chosen":"WATCHER","items_purchased":["BlessingOfTheForge","Good Instincts"],"campfire_rested":1,"item_purchase_floors":[3,8],"current_hp_per_floor":[61,54,54,54,34,34,34,34,41,41,41,41,41,31,53,37,66,0,0],"gold":163,"neow_bonus":"THREE_ENEMY_KILL","is_daily":false,"chose_seed":false,"campfire_upgraded":2,"win_rate":0.0,"timestamp":1611055238,"path_taken":["M","?","$","M","?","R","E","$","T","?","?","M","R","M","R","BOSS","M"],"items_purchased_type":["Potion","Card"],"build_version":"2020-12-22","purchased_purges":0,"victory":false,"max_hp_per_floor":[68,68,68,68,68,68,68,68,75,75,75,75,75,75,75,75,75,75,75],"card_choices":[{"not_picked":["Protect","Fasting2"],"picked":"Crescendo","floor":1.0},{"not_picked":["BattleHymn","Fasting2"],"picked":"Halt","floor":4.0},{"not_picked":["Nirvana","Pray"],"picked":"SpiritShield","floor":7.0},{"not_picked":["ThirdEye","Crescendo"],"picked":"Conclude","floor":11.0},{"not_picked":["FollowUp","Prostrate","CarveReality"],"picked":"SKIP","floor":12.0},{"not_picked":["WreathOfFlame","ClearTheMind"],"picked":"Meditate","floor":14.0},{"not_picked":["Establishment","Alpha"],"picked":"Blasphemy","floor":16}],"player_experience":780884,"relics_obtained":[{"floor":7.0,"key":"Shuriken"},{"floor":9.0,"key":"Strawberry"}],"event_choices":[{"cards_removed":["Defend_P"],"damage_healed":0.0,"max_hp_gain":0.0,"max_hp_loss":0.0,"gold_gain":0.0,"event_name":"Golden Wing","player_choice":"Card Removal","floor":2.0,"gold_loss":0.0,"damage_taken":7.0},{"damage_healed":0.0,"max_hp_gain":0.0,"max_hp_loss":0.0,"gold_gain":0.0,"event_name":"Shining Light","player_choice":"Entered Light","floor":5.0,"gold_loss":0.0,"damage_taken":20.0,"cards_upgraded":["Defend_P","Defend_P"]},{"cards_removed":["Strike_P"],"damage_healed":0.0,"max_hp_gain":0.0,"max_hp_loss":0.0,"gold_gain":0.0,"event_name":"Purifier","player_choice":"Purged","floor":10.0,"gold_loss":0.0,"damage_taken":0.0}],"is_beta":false,"boss_relics":[{"not_picked":["Tiny House","Empty Cage"],"picked":"Pandora\u0027s Box"}],"items_purged_floors":[],"is_endless":false,"potions_floor_spawned":[11,12,14],"killed_by":"Chosen","ascension_level":20}}