{"host":"xbs6xfa3tvu21mfl","time":1611068248,"event":{"mods":["BaseMod","Downfall","Minty Spire (QoL Compilation)","Quick Restart","StSLib"],"gold_per_floor":[109,109,109,124,124,155,155,189,189,214,214,248,283,315,315,412,462,477,213,288,314,342,370,370,400,474,504,530,555,233,233,233,334,334,354,354,63,63,63,95,128,160,160,188,207,240,42,70,70,70],"floor_reached":51,"language":"ZHS","playtime":3042,"items_purged":["Writhe","bronze:TinkerersToolbox"],"score":1495,"play_id":"63124374-6365-463f-90bf-7215b88c2a57","local_time":"20210119225728","daily_mods":["SealedDeck","Heirloom","Time Dilation","Flight","downfall:Lament","DeadlyEvents","Elite Swarm"],"is_ascension_mode":false,"campfire_choices":[{"data":"bronze:HardenedForm","floor":7.0,"key":"SMITH"},{"data":"bronze:Terminator","floor":11.0,"key":"SMITH"},{"floor":15.0,"key":"REST"},{"data":"bronze:Verify","floor":24.0,"key":"SMITH"},{"data":"bronze:HardenedForm","floor":32.0,"key":"SMITH"},{"data":"bronze:HardenedForm","floor":49,"key":"SMITH"}],"circlet_count":0,"master_deck":["bronze:DelayedSlice","bronze:Separator","bronze:Frontload","bronze:Frontload+1","bronze:WhirlingStrike","bronze:Constructor","bronze:FollowUp+1","bronze:Terminator","bronze:Constructor","bronze:Terminator+1","bronze:HardenedForm+1","bronze:Verify+1","bronze:Optimize","bronze:ChildClass","bronze:Separator","bronze:Optimize","bronze:FollowUp","bronze:HardenedForm+1","bronze:FollowUp+1","bronze:FunctionCard","bronze:FunctionCard","bronze:HardenedForm+1"],"relics":["bronze:BronzeCore","NeowsBlessing","Turnip","Letter Opener","Kunai","Pantograph","Singing Bowl","StrikeDummy","Mummified Hand","Prayer Wheel","Tiny House","Medical Kit","Tiny Chest","Guardian:GemstoneGun","Bronze Scales","Toxic Egg 2","The Courier","Dead Branch","Orichalcum","Slimebound:StickyStick","hexamod:BolsterEngine","Shuriken","sneckomod:SneckoTalon","Lizard Tail","Gambling Chip","Omamori","Slimebound:PreparedRelic","Calipers","hexamod:CandleOfCauterizing","Bird Faced Urn","Thread and Needle","DollysMirror","Pocketwatch"],"acts_visited":["Exordium","TheCity","TheBeyond"],"potions_floor_usage":[45],"damage_taken":[{"damage":0.0,"enemies":"Small Slimes","floor":1.0,"turns":1.0},{"damage":0.0,"enemies":"2 Louse","floor":4.0,"turns":1.0},{"damage":0.0,"enemies":"3 Sentries","floor":6.0,"turns":2.0},{"damage":0.0,"enemies":"Lagavulin","floor":8.0,"turns":5.0},{"damage":0.0,"enemies":"Gremlin Nob","floor":10.0,"turns":5.0},{"damage":4.0,"enemies":"Lagavulin","floor":12.0,"turns":5.0},{"damage":12.0,"enemies":"3 Sentries","floor":13.0,"turns":5.0},{"damage":0.0,"enemies":"Lagavulin","floor":14.0,"turns":7.0},{"damage":8.0,"enemies":"The Guardian","floor":16.0,"turns":8.0},{"damage":4.0,"enemies":"Shell Parasite","floor":18.0,"turns":5.0},{"damage":0.0,"enemies":"Slavers","floor":21.0,"turns":3.0},{"damage":9.0,"enemies":"Gremlin Leader","floor":22.0,"turns":6.0},{"damage":26.0,"enemies":"Slavers","floor":23.0,"turns":6.0},{"damage":7.0,"enemies":"Gremlin Leader","floor":25.0,"turns":6.0},{"damage":0.0,"enemies":"Book of Stabbing","floor":27.0,"turns":5.0},{"damage":0.0,"enemies":"Gremlin Leader","floor":28.0,"turns":2.0},{"damage":0.0,"enemies":"Book of Stabbing","floor":29.0,"turns":3.0},{"damage":0.0,"enemies":"Collector","floor":33.0,"turns":6.0},{"damage":24.0,"enemies":"3 Shapes","floor":35.0,"turns":2.0},{"damage":19.0,"enemies":"Nemesis","floor":40.0,"turns":7.0},{"damage":0.0,"enemies":"Giant Head","floor":41.0,"turns":7.0},{"damage":0.0,"enemies":"Nemesis","floor":42.0,"turns":5.0},{"damage":19,"enemies":"Reptomancer","floor":44,"turns":5},{"damage":4,"enemies":"Orb Walker","floor":45,"turns":4},{"damage":0,"enemies":"Nemesis","floor":46,"turns":5},{"damage":0,"enemies":"Reptomancer","floor":48,"turns":2},{"damage":0,"enemies":"Time Eater","floor":50,"turns":6}],"seed_played":"7878590342804977443","potions_obtained":[{"floor":8.0,"key":"LiquidMemories"},{"floor":10.0,"key":"bronze:FreeFunctionsPotion"},{"floor":12.0,"key":"Ancient Potion"},{"floor":13.0,"key":"ColorlessPotion"},{"floor":17.0,"key":"Regen Potion"},{"floor":22.0,"key":"Regen Potion"},{"floor":28.0,"key":"Guardian:BlockOnCardUsePotion"},{"floor":29.0,"key":"GamblersBrew"},{"floor":33.0,"key":"Explosive Potion"},{"floor":41.0,"key":"Fire Potion"},{"floor":44,"key":"Fire Potion"},{"floor":45,"key":"SpeedPotion"},{"floor":48,"key":"Fire Potion"}],"is_trial":true,"path_per_floor":["M","?","?","M","?","E","R","E","T","E","R","E","E","E","R","B",null,"M","$","?","E","E","E","R","E","T","E","E","E","$","?","R","B",null,"M","?","$","T","?","E","E","E","T","E","M","E","$","E","R","B",null],"character_chosen":"THE_AUTOMATON","items_purchased":["Medical Kit","bronze:Optimize","bronze:FollowUp","hexamod:BolsterEngine","Shuriken","Lizard Tail","DollysMirror"],"campfire_rested":1,"item_purchase_floors":[19,19,19,30,30,37,47],"current_hp_per_floor":[70,70,70,70,70,70,70,70,70,72,72,68,56,58,74,68,81,77,77,69,71,64,80,80,73,73,75,77,79,79,103,103,105,105,83,107,107,107,107,90,92,92,92,75,89,101,101,105,105,119],"gold":70,"neow_bonus":"","is_daily":false,"chose_seed":false,"campfire_upgraded":5,"win_rate":0.0,"timestamp":1611068248,"path_taken":["M","?","?","?","?","E","R","E","T","E","R","E","E","E","R","BOSS","M","$","?","?","?","E","R","E","T","E","E","E","$","?","R","BOSS","M","?","$","?","?","E","E","E","T","E","M","E","$","?","R","BOSS"],"items_purchased_type":["Relic","Card","Card","Relic","Relic","Relic","Relic"],"build_version":"2020-12-22","purchased_purges":2,"victory":true,"max_hp_per_floor":[70,70,70,70,70,70,70,70,70,72,72,72,72,74,74,76,81,81,81,81,83,85,87,87,87,87,89,91,93,93,103,103,105,105,107,107,107,107,107,109,111,111,111,113,117,119,119,119,119,119],"card_choices":[{"not_picked":["bronze:OilSpill","bronze:Shield","bronze:BronzeArmor"],"picked":"SKIP","floor":1.0},{"not_picked":["bronze:DelayedSlice","bronze:ClassDefault"],"picked":"bronze:Terminator","floor":4.0},{"not_picked":["bronze:Library","bronze:Mutator"],"picked":"bronze:HardenedForm","floor":6.0},{"not_picked":["bronze:Format","bronze:BurnOut"],"picked":"bronze:Verify","floor":8.0},{"not_picked":["bronze:Format","bronze:FindAndReplace","bronze:AlphaBuild"],"picked":"Singing Bowl","floor":10.0},{"not_picked":["bronze:Verify","bronze:SpaghettiCode"],"picked":"bronze:TinkerersToolbox","floor":12.0},{"not_picked":["bronze:RecursiveStrike","bronze:HyperBeam"],"picked":"bronze:SpaghettiCode","floor":13.0},{"not_picked":["bronze:RecursiveStrike","bronze:Format","bronze:ThunderWave"],"picked":"Singing Bowl","floor":14.0},{"not_picked":["bronze:Assembly","bronze:Break","bronze:SpaghettiCode"],"picked":"Singing Bowl","floor":16.0},{"not_picked":["bronze:DigitalCarnage","bronze:Allocate"],"picked":"bronze:Optimize","floor":17.0},{"not_picked":["bronze:Allocate+1","bronze:Repulsor"],"picked":"bronze:ChildClass","floor":18.0},{"not_picked":["bronze:OilSpill","bronze:Branch"],"picked":"bronze:Separator","floor":18.0},{"not_picked":["bronze:Mutator","bronze:HardenedForm","bronze:SpaghettiCode"],"picked":"Singing Bowl","floor":21.0},{"not_picked":["bronze:CleanCode","bronze:Break","bronze:BurnOut"],"picked":"Singing Bowl","floor":22.0},{"not_picked":["bronze:RecursiveStrike","bronze:Mutator","bronze:Virus"],"picked":"Singing Bowl","floor":23.0},{"not_picked":["bronze:CleanCode","bronze:ShipIt"],"picked":"bronze:HardenedForm","floor":25.0},{"not_picked":["bronze:Library","bronze:Verify","bronze:SpaghettiCode+1"],"picked":"Singing Bowl","floor":27.0},{"not_picked":["bronze:Virus","bronze:Break","bronze:FindAndReplace+1"],"picked":"Singing Bowl","floor":28.0},{"not_picked":["bronze:Mutator","bronze:InfiniteLoop","bronze:AlphaBuild"],"picked":"Singing Bowl","floor":29.0},{"not_picked":["bronze:AlphaBuild","bronze:ShipIt","bronze:Break"],"picked":"Singing Bowl","floor":33.0},{"not_picked":["bronze:Overheat+1","bronze:ChosenStrike"],"picked":"bronze:FollowUp+1","floor":35.0},{"not_picked":["bronze:BronzeOrb","bronze:GetLatest+1","bronze:CutThrough+1"],"picked":"Singing Bowl","floor":35.0},{"not_picked":["bronze:SpaghettiCode+1","bronze:FindAndReplace+1","bronze:TinkerersToolbox+1"],"picked":"Singing Bowl","floor":40.0},{"not_picked":["bronze:BurnOut","bronze:TinkerersToolbox+1","bronze:Library"],"picked":"Singing Bowl","floor":41.0},{"not_picked":["bronze:SpaghettiCode+1","bronze:InfiniteLoop"],"picked":"bronze:Hardcode","floor":42.0},{"not_picked":["bronze:TinkerersToolbox+1","bronze:HyperBeam","bronze:FindAndReplace+1"],"picked":"Singing Bowl","floor":44},{"not_picked":["bronze:DelayedGuard+1","bronze:DigitalCarnage","bronze:Constructor+1"],"picked":"Singing Bowl","floor":45},{"not_picked":["bronze:Overheat","bronze:DigitalCarnage+1","bronze:DarkDash+1"],"picked":"Singing Bowl","floor":45},{"not_picked":["bronze:Format+1","bronze:ThunderWave","bronze:RecursiveStrike"],"picked":"Singing Bowl","floor":46},{"not_picked":["bronze:TinkerersToolbox+1","bronze:Virus"],"picked":"bronze:HardenedForm","floor":48}],"player_experience":145043,"relics_obtained":[{"floor":6.0,"key":"Letter Opener"},{"floor":8.0,"key":"Kunai"},{"floor":9.0,"key":"Pantograph"},{"floor":10.0,"key":"Singing Bowl"},{"floor":12.0,"key":"StrikeDummy"},{"floor":13.0,"key":"Mummified Hand"},{"floor":14.0,"key":"Prayer Wheel"},{"floor":21.0,"key":"Tiny Chest"},{"floor":22.0,"key":"Guardian:GemstoneGun"},{"floor":23.0,"key":"Bronze Scales"},{"floor":25.0,"key":"Toxic Egg 2"},{"floor":26.0,"key":"The Courier"},{"floor":27.0,"key":"Dead Branch"},{"floor":28.0,"key":"Orichalcum"},{"floor":29.0,"key":"Slimebound:StickyStick"},{"floor":38.0,"key":"Gambling Chip"},{"floor":40.0,"key":"Omamori"},{"floor":41.0,"key":"Slimebound:PreparedRelic"},{"floor":42.0,"key":"Calipers"},{"floor":43.0,"key":"hexamod:CandleOfCauterizing"},{"floor":44,"key":"Bird Faced Urn"},{"floor":46,"key":"Thread and Needle"},{"floor":48,"key":"Pocketwatch"}],"event_choices":[{"damage_healed":0.0,"max_hp_gain":0.0,"max_hp_loss":0.0,"gold_gain":0.0,"event_name":"Living Wall","player_choice":"Grow","floor":2.0,"gold_loss":0.0,"damage_taken":0.0,"cards_upgraded":["bronze:FollowUp"]},{"cards_removed":["bronze:Iterate"],"damage_healed":5.0,"max_hp_gain":0.0,"max_hp_loss":0.0,"gold_gain":0.0,"event_name":"Bonfire Elementals","player_choice":"Offered Common","floor":3.0,"gold_loss":0.0,"damage_taken":0.0},{"cards_removed":["bronze:Iterate"],"damage_healed":5.0,"max_hp_gain":0.0,"max_hp_loss":0.0,"gold_gain":0.0,"event_name":"Bonfire Elementals","player_choice":"Offered Special","floor":3.0,"gold_loss":0.0,"damage_taken":0.0},{"damage_healed":0.0,"max_hp_gain":0.0,"max_hp_loss":0.0,"gold_gain":0.0,"event_name":"NoteForYourself","player_choice":"Ignored","floor":5.0,"gold_loss":0.0,"damage_taken":0.0},{"damage_healed":0.0,"max_hp_gain":0.0,"max_hp_loss":0.0,"gold_gain":75.0,"event_name":"FaceTrader","player_choice":"Touch","floor":20.0,"gold_loss":0.0,"damage_taken":8.0},{"damage_healed":27.0,"max_hp_gain":0.0,"max_hp_loss":0.0,"gold_gain":0.0,"event_name":"Winding Halls","player_choice":"Writhe","floor":36.0,"gold_loss":0.0,"damage_taken":0.0,"cards_obtained":["Writhe"]},{"damage_healed":0.0,"max_hp_gain":0.0,"max_hp_loss":0.0,"gold_gain":0.0,"event_name":"Tomb of Lord Red Mask","player_choice":"Ignored","floor":39.0,"gold_loss":0.0,"damage_taken":0.0}],"is_beta":false,"boss_relics":[{"not_picked":["Fusion Hammer","bronze:MakeshiftBattery"],"picked":"Tiny House"},{"not_picked":["SacredBark","Calling Bell"],"picked":"sneckomod:SneckoTalon"}],"items_purged_floors":[37,47],"is_endless":false,"potions_floor_spawned":[8,10,12,13,22,28,29,33,41,44,45,48],"ascension_level":0}}