{"host":"owox7x4ngjt9htcc","time":1611040072,"event":{"mods":["BaseMod","Colored Map","DeckTracker","Keyboard Shortcuts","Minty Spire (QoL Compilation)","SuperFastMode"],"gold_per_floor":[144,144,144,72,117,117,162,162,187,277,322,367,457,502,502,802,802,847,892,344,389,434,434,524,524,549,849,894,216,216,306,306,606,606,651,696,696,57,102,192,237,352,377,422,422,512,112,0,0,0],"floor_reached":51,"language":"KOR","playtime":3668,"items_purged":["Strike_P","Strike_P"],"score":987,"play_id":"aae3f1a6-fd72-409b-b432-f59447c91bb3","local_time":"20210119160752","daily_mods":["Allstar","Time Dilation","Midas"],"is_ascension_mode":false,"campfire_choices":[{"floor":6.0,"key":"REST"},{"floor":8.0,"key":"REST"},{"floor":15.0,"key":"REST"},{"floor":23,"key":"REST"},{"floor":25,"key":"REST"},{"floor":30,"key":"REST"},{"floor":32,"key":"REST"},{"floor":45,"key":"DIG"},{"floor":49,"key":"DIG"}],"circlet_count":0,"master_deck":["Strike_P","Defend_P","Defend_P","Defend_P","Defend_P","Eruption","Vigilance","Impatience","Transmutation","Mind Blast","Secret Technique","Bandage Up+1","Prostrate","WaveOfTheHand","FollowUp","FollowUp","EmptyBody","Evaluate","Perseverance","FlurryOfBlows","DeusExMachina+1","CutThroughFate+1","Prostrate","Apotheosis","LikeWater","EmptyBody+1","TalkToTheHand","Nirvana","CutThroughFate","DevaForm","FlurryOfBlows","TalkToTheHand","LikeWater","Weave+1","FlurryOfBlows+1","Wish","FearNoEvil+1","Parasite","EmptyFist+1"],"relics":["PureWater","Boot","Damaru","Lantern","Ornamental Fan","Black Star","InkBottle","Dead Branch","Question Card","Orichalcum","Ginger","Mercury Hourglass","Medical Kit","Pen Nib","Ancient Tea Set","TeardropLocket","Kunai","VioletLotus","Regal Pillow","Shovel","Melange","Oddly Smooth Stone","War Paint","Dream Catcher","HornCleat","Vajra","Bottled Flame","Bottled Lightning","Gremlin Horn","Shuriken","Happy Flower","Red Mask","Incense Burner"],"acts_visited":["Exordium","TheCity","TheBeyond"],"potions_floor_usage":[19,27,46,50],"damage_taken":[{"damage":0.0,"enemies":"Small Slimes","floor":1.0,"turns":3.0},{"damage":3.0,"enemies":"Jaw Worm","floor":5.0,"turns":5.0},{"damage":0.0,"enemies":"2 Louse","floor":7.0,"turns":2.0},{"damage":21.0,"enemies":"3 Sentries","floor":10.0,"turns":8.0},{"damage":1.0,"enemies":"2 Fungi Beasts","floor":11.0,"turns":4.0},{"damage":3.0,"enemies":"Blue Slaver","floor":12.0,"turns":3.0},{"damage":14.0,"enemies":"Lagavulin","floor":13.0,"turns":7.0},{"damage":3.0,"enemies":"Red Slaver","floor":14.0,"turns":2.0},{"damage":46.0,"enemies":"Hexaghost","floor":16.0,"turns":15.0},{"damage":14.0,"enemies":"Spheric Guardian","floor":18.0,"turns":6.0},{"damage":0,"enemies":"3 Byrds","floor":19,"turns":2},{"damage":6,"enemies":"Shelled Parasite and Fungi","floor":21,"turns":4},{"damage":4,"enemies":"Snake Plant","floor":22,"turns":4},{"damage":5,"enemies":"Gremlin Leader","floor":24,"turns":7},{"damage":4,"enemies":"Colosseum Slavers","floor":27,"turns":4},{"damage":27,"enemies":"Colosseum Nobs","floor":27,"turns":4},{"damage":2,"enemies":"Sentry and Sphere","floor":28,"turns":4},{"damage":17,"enemies":"Slavers","floor":31,"turns":4},{"damage":9,"enemies":"Champ","floor":33,"turns":9},{"damage":1,"enemies":"3 Shapes","floor":35,"turns":5},{"damage":0,"enemies":"Orb Walker","floor":36,"turns":2},{"damage":0,"enemies":"Transient","floor":39,"turns":5},{"damage":0,"enemies":"Nemesis","floor":40,"turns":4},{"damage":0,"enemies":"Maw","floor":41,"turns":4},{"damage":3,"enemies":"Giant Head","floor":42,"turns":5},{"damage":0,"enemies":"Writhing Mass","floor":44,"turns":4},{"damage":0,"enemies":"Reptomancer","floor":46,"turns":2},{"damage":0,"enemies":"Donu and Deca","floor":50,"turns":6}],"seed_played":"3706737729498028133","potions_obtained":[{"floor":1.0,"key":"Strength Potion"},{"floor":11.0,"key":"Ancient Potion"},{"floor":12.0,"key":"Explosive Potion"},{"floor":13.0,"key":"SpeedPotion"},{"floor":16.0,"key":"LiquidBronze"},{"floor":19,"key":"DistilledChaos"},{"floor":27,"key":"AttackPotion"},{"floor":28,"key":"Dexterity Potion"},{"floor":31,"key":"Ambrosia"},{"floor":46,"key":"BottledMiracle"}],"is_trial":false,"path_per_floor":["M","?","?","$","M","R","M","R","T","E","M","M","E","M","R","B",null,"M","M","$","M","M","R","E","R","T","?","M","$","R","E","R","B",null,"M","M","?","$","M","E","M","E","T","M","R","E","$","?","R","B",null],"character_chosen":"WATCHER","items_purchased":["WaveOfTheHand","Apotheosis","InkBottle","LikeWater","Medical Kit","Pen Nib","Ancient Tea Set","Nirvana","CutThroughFate","Regal Pillow","Shovel","LikeWater","Melange","Shuriken","Happy Flower"],"campfire_rested":7,"item_purchase_floors":[4,20,20,20,29,29,29,29,29,38,38,38,38,47,47],"current_hp_per_floor":[72,72,72,72,71,72,72,72,72,55,58,55,45,42,63,21,72,58,58,58,56,58,72,67,72,72,49,51,51,72,61,72,69,72,72,72,72,72,72,72,72,69,69,72,72,72,72,72,72,72],"gold":0,"neow_bonus":"","is_daily":true,"chose_seed":false,"campfire_upgraded":0,"win_rate":0.0,"timestamp":1611040072,"path_taken":["M","?","?","?","M","R","M","R","T","E","M","M","E","M","R","BOSS","M","M","$","M","M","R","E","R","T","?","M","$","R","E","R","BOSS","M","M","?","$","M","E","M","E","T","M","R","E","$","?","R","BOSS"],"items_purchased_type":["Card","Card","Relic","Card","Relic","Relic","Relic","Card","Card","Relic","Relic","Card","Relic","Relic","Relic"],"build_version":"2020-12-22","purchased_purges":2,"victory":true,"max_hp_per_floor":[72,72,72,72,72,72,72,72,72,72,72,72,72,72,72,72,72,72,72,72,72,72,72,72,72,72,72,72,72,72,72,72,72,72,72,72,72,72,72,72,72,72,72,72,72,72,72,72,72,72],"card_choices":[{"not_picked":["SandsOfTime","Evaluate"],"picked":"Prostrate","floor":1.0},{"not_picked":["ClearTheMind","Evaluate"],"picked":"FollowUp","floor":5.0},{"not_picked":["SignatureMove","CutThroughFate"],"picked":"FollowUp","floor":7.0},{"not_picked":["BattleHymn","ThirdEye"],"picked":"EmptyBody","floor":10.0},{"not_picked":["ReachHeaven","Vengeance"],"picked":"Evaluate","floor":11.0},{"not_picked":["JustLucky","Conclude","Protect"],"picked":"SKIP","floor":12.0},{"not_picked":["Weave","Collect"],"picked":"Perseverance","floor":13.0},{"not_picked":["Crescendo","Tantrum"],"picked":"FlurryOfBlows","floor":14.0},{"not_picked":["MasterReality","Ragnarok"],"picked":"DeusExMachina","floor":16.0},{"not_picked":["Crescendo","FollowUp"],"picked":"CutThroughFate+1","floor":18.0},{"not_picked":["Halt","CutThroughFate"],"picked":"Prostrate","floor":19},{"not_picked":["Adaptation","FollowUp","ClearTheMind"],"picked":"SKIP","floor":21},{"not_picked":["CutThroughFate","Halt"],"picked":"EmptyBody+1","floor":22},{"not_picked":["ThirdEye","Halt","Establishment"],"picked":"SKIP","floor":24},{"not_picked":["Halt","EmptyFist","Study"],"picked":"TalkToTheHand","floor":27},{"not_picked":["Consecrate","Nirvana+1","SandsOfTime","EmptyBody"],"picked":"SKIP","floor":28},{"not_picked":["WreathOfFlame","Evaluate","FollowUp","FlyingSleeves"],"picked":"SKIP","floor":31},{"not_picked":["Brilliance","Alpha","Establishment"],"picked":"DevaForm","floor":33},{"not_picked":["SashWhip","Indignation+1","SandsOfTime+1"],"picked":"FlurryOfBlows","floor":35},{"not_picked":["JustLucky+1","Evaluate","DeceiveReality"],"picked":"TalkToTheHand","floor":36},{"not_picked":["ThirdEye+1","Worship+1","EmptyFist+1"],"picked":"Weave+1","floor":39},{"not_picked":["Swivel+1","PathToVictory+1","Prostrate+1"],"picked":"FlurryOfBlows+1","floor":40},{"not_picked":["EmptyBody","Prostrate","Swivel+1"],"picked":"Wish","floor":41},{"not_picked":["Swivel+1","FlyingSleeves","Consecrate"],"picked":"FearNoEvil+1","floor":42},{"not_picked":["WaveOfTheHand","FollowUp","Halt","Evaluate"],"picked":"SKIP","floor":44},{"not_picked":["Wallop+1","Tantrum","SignatureMove+1"],"picked":"EmptyFist+1","floor":46}],"player_experience":891016,"relics_obtained":[{"floor":9.0,"key":"Damaru"},{"floor":10.0,"key":"Lantern"},{"floor":13.0,"key":"Ornamental Fan"},{"floor":24,"key":"Dead Branch"},{"floor":24,"key":"Question Card"},{"floor":26,"key":"Orichalcum"},{"floor":27,"key":"Ginger"},{"floor":27,"key":"Mercury Hourglass"},{"floor":31,"key":"TeardropLocket"},{"floor":31,"key":"Kunai"},{"floor":40,"key":"Oddly Smooth Stone"},{"floor":40,"key":"War Paint"},{"floor":42,"key":"Dream Catcher"},{"floor":42,"key":"HornCleat"},{"floor":43,"key":"Vajra"},{"floor":45,"key":"Bottled Flame"},{"floor":46,"key":"Bottled Lightning"},{"floor":46,"key":"Gremlin Horn"},{"floor":49,"key":"Incense Burner"}],"event_choices":[{"damage_healed":0.0,"max_hp_gain":0.0,"max_hp_loss":0.0,"gold_gain":0.0,"event_name":"Big Fish","player_choice":"Box","floor":2.0,"gold_loss":0.0,"damage_taken":0.0,"relics_obtained":["Boot"],"cards_obtained":["Regret"]},{"cards_removed":["Regret"],"damage_healed":0.0,"max_hp_gain":0.0,"max_hp_loss":0.0,"gold_gain":0.0,"event_name":"Living Wall","player_choice":"Forget","floor":3.0,"gold_loss":0.0,"damage_taken":0.0},{"damage_healed":0,"gold_gain":0,"player_choice":"Fight","damage_taken":0,"max_hp_gain":0,"max_hp_loss":0,"event_name":"Colosseum","floor":27,"gold_loss":0},{"damage_healed":0,"gold_gain":0,"player_choice":"Fought Nobs","damage_taken":0,"max_hp_gain":0,"max_hp_loss":0,"event_name":"Colosseum","floor":27,"gold_loss":0},{"cards_removed":["Strike_P"],"damage_healed":0,"gold_gain":0,"player_choice":"Removed Attack","damage_taken":0,"max_hp_gain":0,"max_hp_loss":0,"event_name":"Falling","floor":37,"gold_loss":0},{"damage_healed":0,"gold_gain":0,"player_choice":"Paid","damage_taken":0,"relics_obtained":["Red Mask"],"max_hp_gain":0,"max_hp_loss":0,"event_name":"Tomb of Lord Red Mask","floor":48,"gold_loss":112}],"is_beta":false,"boss_relics":[{"not_picked":["Runic Pyramid","Velvet Choker"],"picked":"Black Star"},{"not_picked":["Pandora\u0027s Box","HolyWater"],"picked":"VioletLotus"}],"items_purged_floors":[20,29],"is_endless":false,"potions_floor_spawned":[1,11,12,13,16,19,27,28,31,39,44,46],"ascension_level":0}}