{"host":"sdjng9zhqonqi3uc","time":1611099699,"event":{"mods":["2.2 Compatiblity","AchievementEnabler","BaseMod","Better Third Choice","BetterRewards","Colored Powertips","Downfall","Hero for Fun","Minty Spire (QoL Compilation)","Quick Restart","Shop Mod","Spicy Shops","StSLib","Td1madao Mod","The Animator","The Cursed","The Servant 0.9.4"],"gold_per_floor":[13,23,42,56,56,91,91,109,136,152,171,189,227,227,227,316,316,332,332,356,28,28,72,92,92,169,187,200,200,200,200,200,295,295,308,308,361,385,385,424,444,444,444,462,503,342,378,394,394,394],"floor_reached":51,"language":"ENG","playtime":445,"items_purged":["Defend_Y","Defend_Y","Strike_Y"],"score":2328,"play_id":"1179dd40-6894-4aa5-aa6e-27f4456ae134","local_time":"20210120004139","is_ascension_mode":true,"campfire_choices":[{"floor":7,"key":"DIG"},{"floor":15,"key":"DIG"},{"floor":29,"key":"DIG"},{"floor":32,"key":"DIG"},{"floor":42,"key":"DIG"},{"floor":49,"key":"DIG"}],"circlet_count":0,"master_deck":["AscendersBane","Strike_Y","Strike_Y","Strike_Y","Strike_Y","Slap","Slap","Slap","Slap","Serious_Punch"],"relics":["Cape","Golden Idol","Shovel","Bag of Marbles","Anchor","Vajra","InkBottle","Empty Cage","MutagenicStrength","MerchantsRug","Nilry\u0027s Codex","Regal Pillow","Ornamental Fan","The Courier","Omamori","Toy Ornithopter","Coffee Dripper","Strawberry","StrikeDummy","Bag of Preparation","HornCleat","Orichalcum","Pen Nib","Centennial Puzzle","Singing Bowl","Bottled Flame"],"acts_visited":["Exordium","TheCity","TheBeyond"],"potions_floor_usage":[],"damage_taken":[{"damage":0,"enemies":"Cultist","floor":1,"turns":1},{"damage":0,"enemies":"Small Slimes","floor":2,"turns":2},{"damage":0,"enemies":"Jaw Worm","floor":3,"turns":1},{"damage":0,"enemies":"Blue Slaver","floor":4,"turns":1},{"damage":0,"enemies":"3 Sentries","floor":6,"turns":1},{"damage":0,"enemies":"Exordium Wildlife","floor":8,"turns":1},{"damage":0,"enemies":"3 Louse","floor":10,"turns":1},{"damage":0,"enemies":"Red Slaver","floor":11,"turns":1},{"damage":0,"enemies":"Exordium Thugs","floor":12,"turns":1},{"damage":0,"enemies":"Lagavulin","floor":13,"turns":1},{"damage":0,"enemies":"Hexaghost","floor":16,"turns":1},{"damage":0,"enemies":"Spheric Guardian","floor":18,"turns":1},{"damage":0,"enemies":"2 Thieves","floor":20,"turns":1},{"damage":0,"enemies":"Gremlin Leader","floor":23,"turns":1},{"damage":0,"enemies":"Sentry and Sphere","floor":24,"turns":1},{"damage":0,"enemies":"Cultist and Chosen","floor":27,"turns":1},{"damage":0,"enemies":"Shelled Parasite and Fungi","floor":28,"turns":1},{"damage":0,"enemies":"Collector","floor":33,"turns":1},{"damage":0,"enemies":"3 Darklings","floor":35,"turns":1},{"damage":0,"enemies":"Orb Walker","floor":38,"turns":1},{"damage":0,"enemies":"Nemesis","floor":40,"turns":1},{"damage":0,"enemies":"Writhing Mass","floor":41,"turns":1},{"damage":0,"enemies":"3 Darklings","floor":44,"turns":1},{"damage":0,"enemies":"Reptomancer","floor":45,"turns":1},{"damage":0,"enemies":"Nemesis","floor":47,"turns":1},{"damage":0,"enemies":"Maw","floor":48,"turns":1},{"damage":0,"enemies":"Time Eater","floor":50,"turns":1}],"seed_played":"7275779856055852667","potions_obtained":[{"floor":3,"key":"champ:CounterPotion"},{"floor":8,"key":"FearPotion"}],"is_trial":false,"path_per_floor":["M","M","M","M","?","E","R","M","T","M","M","M","E","?","R","B",null,"M","?","M","$","?","E","M","?","T","M","M","R","T","?","R","B",null,"M","?","T","M","T","E","M","R","T","M","E","$","E","M","R","B",null],"character_chosen":"OPM","items_purchased":["MerchantsRug","Centennial Puzzle"],"campfire_rested":0,"item_purchase_floors":[21,46],"current_hp_per_floor":[896,896,896,896,896,896,896,896,896,896,896,896,896,896,896,896,970,970,970,970,970,970,970,970,970,970,970,970,970,970,970,970,970,989,989,945,952,952,952,952,952,952,952,952,952,952,954,956,956,956],"gold":394,"neow_bonus":"","is_daily":false,"chose_seed":false,"campfire_upgraded":0,"win_rate":0.0,"timestamp":1611099699,"path_taken":["M","M","?","M","?","E","R","M","T","M","M","M","E","?","R","BOSS","M","?","M","$","?","E","M","?","T","M","?","R","?","?","R","BOSS","M","?","?","?","?","E","M","R","T","M","E","$","E","M","R","BOSS"],"items_purchased_type":["Relic","Relic"],"build_version":"2020-12-22","purchased_purges":3,"victory":true,"max_hp_per_floor":[995,995,995,995,995,995,995,995,995,995,995,995,995,995,995,995,995,995,995,995,995,995,995,995,995,995,995,995,995,995,995,995,995,995,995,945,952,952,952,952,952,952,952,952,952,952,954,956,956,956],"card_choices":[{"not_picked":["Hop","Toss_Stone","Yawn"],"picked":"SKIP","floor":1},{"not_picked":["Do_Nothing","Normal_Punch","Yawn"],"picked":"SKIP","floor":2},{"not_picked":["Normal_Punch","Ignore","Consecutive_Normal_Punch"],"picked":"SKIP","floor":3},{"not_picked":["Hop","Yawn"],"picked":"Slap","floor":4},{"not_picked":["Yawn","Hip_Strike"],"picked":"Slap","floor":6},{"not_picked":["Ignore","Side_Hop","Consecutive_Normal_Punch"],"picked":"SKIP","floor":8},{"not_picked":["Wear_Disguise","Hop"],"picked":"Slap","floor":10},{"not_picked":["Do_Nothing","Toss_Stone","Side_Hop"],"picked":"SKIP","floor":11},{"not_picked":["Wear_Disguise","Ignore","Do_Nothing"],"picked":"SKIP","floor":12},{"not_picked":["Consecutive_Normal_Punch","Terrifying_Presence","Yawn"],"picked":"SKIP","floor":13},{"not_picked":["Consecutive_Normal_Punch","Side_Hop"],"picked":"Slap","floor":18},{"not_picked":["Hop","Ignore","Toss_Stone+1"],"picked":"SKIP","floor":20},{"not_picked":["Consecutive_Normal_Punch","Terrifying_Presence","Yawn+1"],"picked":"SKIP","floor":23},{"not_picked":["Hop","Wear_Disguise","Yawn"],"picked":"SKIP","floor":24},{"not_picked":["Yawn","Wear_Disguise","Slap"],"picked":"SKIP","floor":27},{"not_picked":["Toss_Stone","Hop","Side_Hop"],"picked":"SKIP","floor":28},{"not_picked":["Hip_Strike","Terrifying_Presence"],"picked":"Serious_Punch","floor":33},{"not_picked":["Normal_Punch","Side_Hop","Ignore"],"picked":"SKIP","floor":35},{"not_picked":["Ignore+1","Do_Nothing+1","Side_Hop"],"picked":"SKIP","floor":38},{"not_picked":["Normal_Punch","Wear_Disguise","Ignore"],"picked":"SKIP","floor":40},{"not_picked":["Normal_Punch","Consecutive_Normal_Punch","Toss_Stone"],"picked":"SKIP","floor":41},{"not_picked":["Ignore","Hop","Wear_Disguise"],"picked":"SKIP","floor":44},{"not_picked":["Consecutive_Normal_Punch","Yawn+1","Hop"],"picked":"SKIP","floor":45},{"not_picked":["Slap","Do_Nothing+1","Yawn"],"picked":"Singing Bowl","floor":47},{"not_picked":["Do_Nothing","Wear_Disguise","Consecutive_Normal_Punch"],"picked":"Singing Bowl","floor":48}],"player_experience":346961,"relics_obtained":[{"floor":6,"key":"Shovel"},{"floor":7,"key":"Bag of Marbles"},{"floor":9,"key":"Anchor"},{"floor":13,"key":"Vajra"},{"floor":15,"key":"InkBottle"},{"floor":22,"key":"Nilry\u0027s Codex"},{"floor":23,"key":"Regal Pillow"},{"floor":26,"key":"Ornamental Fan"},{"floor":29,"key":"The Courier"},{"floor":30,"key":"Omamori"},{"floor":32,"key":"Toy Ornithopter"},{"floor":37,"key":"Strawberry"},{"floor":39,"key":"StrikeDummy"},{"floor":40,"key":"Bag of Preparation"},{"floor":42,"key":"HornCleat"},{"floor":43,"key":"Orichalcum"},{"floor":45,"key":"Pen Nib"},{"floor":47,"key":"Singing Bowl"},{"floor":49,"key":"Bottled Flame"}],"event_choices":[{"damage_healed":0,"gold_gain":0,"player_choice":"Take Damage","damage_taken":248,"relics_obtained":["Golden Idol"],"max_hp_gain":0,"max_hp_loss":0,"event_name":"Golden Idol","floor":5,"gold_loss":0},{"damage_healed":0,"gold_gain":0,"player_choice":"Got Potions","damage_taken":0,"max_hp_gain":0,"max_hp_loss":0,"event_name":"Lab","floor":14,"gold_loss":0},{"damage_healed":0,"gold_gain":0,"player_choice":"Inject Mutagens","damage_taken":0,"relics_obtained":["MutagenicStrength"],"max_hp_gain":0,"max_hp_loss":0,"event_name":"Drug Dealer","floor":19,"gold_loss":0},{"damage_healed":0,"gold_gain":0,"player_choice":"Obtained Book","damage_taken":16,"max_hp_gain":0,"max_hp_loss":0,"event_name":"Cursed Tome","floor":22,"gold_loss":0},{"cards_removed":["Defend_Y"],"damage_healed":0,"gold_gain":0,"player_choice":"Elegance","damage_taken":0,"max_hp_gain":0,"max_hp_loss":0,"event_name":"betterThird:BetterWriting","floor":25,"gold_loss":0},{"damage_healed":0,"gold_gain":0,"player_choice":"Damaged","damage_taken":99,"max_hp_gain":0,"max_hp_loss":0,"event_name":"Wheel of Change","floor":31,"gold_loss":0},{"damage_healed":0,"gold_gain":0,"player_choice":"Max HP","damage_taken":0,"max_hp_gain":0,"max_hp_loss":50,"event_name":"Winding Halls","floor":36,"gold_loss":0}],"is_beta":false,"boss_relics":[{"not_picked":["Runic Dome","SlaversCollar"],"picked":"Empty Cage"},{"not_picked":["Philosopher\u0027s Stone","Pandora\u0027s Box"],"picked":"Coffee Dripper"}],"items_purged_floors":[21,21,46],"is_endless":false,"potions_floor_spawned":[3,4,8,12,13,23,27,28,38,41,47],"ascension_level":14}}