{"host":"cjhtzh7tp54jdfyv","time":1611015748,"event":{"mods":["AchievementEnabler","BaseMod","Colored Map","Colored Powertips","Curses Come First","DeckTracker","Filter the Spire","Minty Spire (QoL Compilation)","RNG Fix","Relic Sorter","Relic Stats","StSLib","UnlockEverythingMod","ojb\u0027s Better Paths Mod","ojb\u0027s Info Mod"],"gold_per_floor":[118,43,43,59,71,71,96,107,131,164,239,264,297,316,316,387,387,400,414,446,446,462,490,507,542,542,572,310,344,358,375,375,451,451,467,480,267,267,267,267,298,308,308,342,342,361,391,402,402,402,402,402,402,10,41,41],"floor_reached":57,"language":"ENG","playtime":4316,"items_purged":["Defend_P","Alpha","Nirvana","Brilliance"],"score":3634,"play_id":"f058aeaf-4081-44cf-8af3-20637b7167f6","local_time":"20210118192228","is_ascension_mode":true,"campfire_choices":[{"data":"CrushJoints","floor":6.0,"key":"SMITH"},{"data":"SandsOfTime","floor":15.0,"key":"SMITH"},{"data":"RitualDagger","floor":32.0,"key":"SMITH"},{"floor":40.0,"key":"RECALL"},{"data":"Ragnarok","floor":45.0,"key":"SMITH"},{"floor":49.0,"key":"REST"},{"data":"CutThroughFate","floor":53.0,"key":"SMITH"}],"circlet_count":0,"master_deck":["AscendersBane","Eruption+1","Vigilance","CrushJoints+1","CutThroughFate+1","SpiritShield","WheelKick","Omniscience","Adaptation","SandsOfTime+1","Ragnarok+1","Indignation+1","Worship+1","SandsOfTime","Adaptation","Wallop+1","WheelKick","RitualDagger+1","WheelKick","SandsOfTime+1","FearNoEvil","Wallop","Apotheosis","Mayhem","Tantrum","Omniscience","Sanctity"],"relics":["Snecko Eye","Nunchaku","Kunai","Blood Vial","Bag of Marbles","Odd Mushroom","Pandora\u0027s Box","Red Mask","Lantern","Ancient Tea Set","PreservedInsect","Art of War","War Paint","Oddly Smooth Stone","SlaversCollar","Mercury Hourglass","Potion Belt","Whetstone","Toy Ornithopter","DollysMirror","Orichalcum"],"acts_visited":["Exordium","TheCity","TheBeyond","TheEnding"],"potions_floor_usage":[56,56,56,56],"damage_taken":[{"damage":0.0,"enemies":"2 Louse","floor":1.0,"turns":3.0},{"damage":0.0,"enemies":"Jaw Worm","floor":4.0,"turns":1.0},{"damage":0.0,"enemies":"Cultist","floor":5.0,"turns":2.0},{"damage":14.0,"enemies":"Lagavulin","floor":7.0,"turns":6.0},{"damage":0.0,"enemies":"Looter","floor":8.0,"turns":2.0},{"damage":0.0,"enemies":"Gremlin Nob","floor":10.0,"turns":2.0},{"damage":0.0,"enemies":"The Mushroom Lair","floor":12.0,"turns":2.0},{"damage":0.0,"enemies":"3 Sentries","floor":13.0,"turns":4.0},{"damage":0.0,"enemies":"3 Louse","floor":14.0,"turns":2.0},{"damage":0.0,"enemies":"The Guardian","floor":16.0,"turns":5.0},{"damage":0.0,"enemies":"Spheric Guardian","floor":18.0,"turns":1.0},{"damage":0.0,"enemies":"Chosen","floor":19.0,"turns":1.0},{"damage":0.0,"enemies":"Masked Bandits","floor":20.0,"turns":2.0},{"damage":7.0,"enemies":"Shelled Parasite and Fungi","floor":22.0,"turns":3.0},{"damage":0.0,"enemies":"Gremlin Leader","floor":23.0,"turns":2.0},{"damage":0.0,"enemies":"Cultist and Chosen","floor":24.0,"turns":2.0},{"damage":32.0,"enemies":"Book of Stabbing","floor":25.0,"turns":4.0},{"damage":0.0,"enemies":"Slavers","floor":27.0,"turns":2.0},{"damage":0.0,"enemies":"Gremlin Leader","floor":29.0,"turns":1.0},{"damage":0.0,"enemies":"Snake Plant","floor":30.0,"turns":1.0},{"damage":0.0,"enemies":"Chosen and Byrds","floor":31.0,"turns":2.0},{"damage":0.0,"enemies":"Automaton","floor":33.0,"turns":2.0},{"damage":0.0,"enemies":"3 Darklings","floor":35.0,"turns":1.0},{"damage":0.0,"enemies":"Orb Walker","floor":36.0,"turns":1.0},{"damage":0.0,"enemies":"Giant Head","floor":41.0,"turns":2.0},{"damage":9.0,"enemies":"4 Shapes","floor":42.0,"turns":3.0},{"damage":0.0,"enemies":"Reptomancer","floor":44.0,"turns":2.0},{"damage":15.0,"enemies":"Writhing Mass","floor":46.0,"turns":3.0},{"damage":0.0,"enemies":"Giant Head","floor":47.0,"turns":1.0},{"damage":0.0,"enemies":"Spire Growth","floor":48.0,"turns":2.0},{"damage":0.0,"enemies":"Time Eater","floor":50.0,"turns":1.0},{"damage":9.0,"enemies":"Awakened One","floor":51.0,"turns":5.0},{"damage":3,"enemies":"Shield and Spear","floor":55,"turns":2},{"damage":63,"enemies":"The Heart","floor":56,"turns":7}],"seed_played":"-4260876225432600116","potions_obtained":[{"floor":7.0,"key":"FearPotion"},{"floor":8.0,"key":"Dexterity Potion"},{"floor":12.0,"key":"GamblersBrew"},{"floor":13.0,"key":"Strength Potion"},{"floor":25.0,"key":"SpeedPotion"},{"floor":29.0,"key":"SkillPotion"},{"floor":31.0,"key":"Swift Potion"},{"floor":33.0,"key":"PowerPotion"},{"floor":35.0,"key":"LiquidMemories"},{"floor":41.0,"key":"Dexterity Potion"},{"floor":42.0,"key":"Energy Potion"},{"floor":48.0,"key":"Block Potion"}],"is_trial":false,"path_per_floor":["M","$","?","M","M","R","E","M","T","E","?","?","E","M","R","B",null,"M","M","?","?","M","E","M","E","T","E","$","E","M","M","R","B",null,"M","M","$","T","?","R","E","M","T","E","R","M","E","M","R","B","B",null,"R","$","E","B",null],"character_chosen":"WATCHER","items_purchased":["War Paint","Wallop","DollysMirror","GamblersBrew"],"campfire_rested":1,"item_purchase_floors":[28,37,54,54],"current_hp_per_floor":[61,61,61,61,61,61,47,49,49,51,40,42,44,46,46,48,63,65,67,68,62,57,59,61,31,31,33,33,35,37,39,39,41,61,63,65,65,65,55,55,57,50,50,52,52,39,41,43,63,68,59,66,66,66,65,22],"gold":41,"neow_bonus":"BOSS_RELIC","is_daily":false,"chose_seed":false,"campfire_upgraded":5,"win_rate":0.0,"timestamp":1611015748,"path_taken":["M","$","?","M","M","R","E","M","T","E","?","?","E","M","R","BOSS","M","M","?","?","M","E","M","E","T","E","$","E","?","M","R","BOSS","M","M","$","?","?","R","E","M","T","E","R","M","E","M","R","BOSS","BOSS","R","$","E","BOSS"],"items_purchased_type":["Relic","Card","Relic","Potion"],"build_version":"2020-12-22","purchased_purges":4,"victory":true,"max_hp_per_floor":[68,68,68,68,68,68,68,68,68,68,68,68,68,68,68,68,68,68,68,68,68,68,68,68,68,68,68,68,68,68,68,68,68,68,68,68,68,68,68,68,68,68,68,68,68,68,68,68,68,68,68,68,68,68,68,68],"relic_stats":{"counters":[34,81],"PreservedInsect":486,"Whetstone":["Wallop","Eruption"],"War Paint":["Indignation","Worship"],"Orichalcum":[0],"Mercury Hourglass":[123],"Blood Vial":57,"Nunchaku":[16],"Snecko Eye":[171,178,154,143],"Pandora\u0027s Box":["Brilliance","Indignation","Worship","Nirvana","SandsOfTime","Alpha","Adaptation"],"Art of War":[2],"Kunai":[16],"obtain_stats":[{"Potion Belt":41,"Lantern":23,"Oddly Smooth Stone":29,"PreservedInsect":26,"Whetstone":44,"Odd Mushroom":12,"War Paint":28,"Orichalcum":55,"Ancient Tea Set":25,"Mercury Hourglass":38,"Blood Vial":7,"SlaversCollar":34,"Nunchaku":13,"DollysMirror":54,"Snecko Eye":0,"Pandora\u0027s Box":17,"Bag of Marbles":10,"Red Mask":20,"Art of War":27,"Kunai":43,"PureWater":0,"Toy Ornithopter":47},{"Potion Belt":25,"Lantern":15,"Oddly Smooth Stone":19,"PreservedInsect":17,"Whetstone":27,"Odd Mushroom":7,"War Paint":18,"Orichalcum":33,"Ancient Tea Set":17,"Mercury Hourglass":24,"Blood Vial":4,"SlaversCollar":22,"Nunchaku":8,"DollysMirror":32,"Snecko Eye":0,"Pandora\u0027s Box":10,"Bag of Marbles":6,"Red Mask":13,"Art of War":18,"Kunai":26,"PureWater":0,"Toy Ornithopter":29},{"Potion Belt":56,"Lantern":38,"Oddly Smooth Stone":47,"PreservedInsect":44,"Whetstone":61,"Odd Mushroom":18,"War Paint":46,"Orichalcum":75,"Ancient Tea Set":44,"Mercury Hourglass":54,"Blood Vial":12,"SlaversCollar":52,"Nunchaku":22,"DollysMirror":73,"Snecko Eye":0,"Pandora\u0027s Box":29,"Bag of Marbles":16,"Red Mask":33,"Art of War":46,"Kunai":59,"PureWater":0,"Toy Ornithopter":65}],"Toy Ornithopter":21},"card_choices":[{"not_picked":["Prostrate","Evaluate"],"picked":"CrushJoints","floor":1.0},{"not_picked":["SignatureMove","InnerPeace","EmptyBody"],"picked":"SKIP","floor":4.0},{"not_picked":["FollowUp","FlurryOfBlows"],"picked":"CutThroughFate","floor":5.0},{"not_picked":["Evaluate","FlyingSleeves"],"picked":"SpiritShield","floor":7.0},{"not_picked":["JustLucky","BowlingBash"],"picked":"WheelKick","floor":8.0},{"not_picked":["ReachHeaven","Sanctity"],"picked":"Omniscience","floor":10.0},{"not_picked":["PathToVictory","FollowUp"],"picked":"Adaptation","floor":12.0},{"not_picked":["DeceiveReality","Prostrate"],"picked":"SandsOfTime","floor":13.0},{"not_picked":["Weave","ThirdEye","Halt"],"picked":"SKIP","floor":14.0},{"not_picked":["Wish","Scrawl"],"picked":"Ragnarok","floor":16.0},{"not_picked":["EmptyFist","Meditate"],"picked":"Wallop","floor":18.0},{"not_picked":["EmptyBody","ThirdEye"],"picked":"WheelKick","floor":19.0},{"not_picked":["Protect","Crescendo","EmptyFist"],"picked":"SKIP","floor":22.0},{"not_picked":["ThirdEye","Judgement","Prostrate"],"picked":"SKIP","floor":23.0},{"not_picked":["Crescendo","Pray+1","CarveReality"],"picked":"SKIP","floor":24.0},{"not_picked":["Conclude","Protect"],"picked":"WheelKick","floor":25.0},{"not_picked":["EmptyFist","Meditate"],"picked":"SandsOfTime+1","floor":27.0},{"not_picked":["FlurryOfBlows+1","Evaluate","ThirdEye"],"picked":"SKIP","floor":29.0},{"not_picked":["PathToVictory","DeceiveReality"],"picked":"FearNoEvil","floor":30.0},{"not_picked":["LikeWater","Prostrate","Study"],"picked":"SKIP","floor":31.0},{"not_picked":["CrushJoints","Consecrate","Crescendo+1"],"picked":"SKIP","floor":35.0},{"not_picked":["Evaluate+1","Blasphemy","Protect"],"picked":"SKIP","floor":36.0},{"not_picked":["Evaluate+1","Blasphemy","Protect"],"picked":"SKIP","floor":36.0},{"not_picked":["Mind Blast","Mayhem"],"picked":"Apotheosis","floor":39.0},{"not_picked":["Violence","Apotheosis"],"picked":"Mayhem","floor":39.0},{"not_picked":["Wireheading","EmptyFist","WreathOfFlame"],"picked":"SKIP","floor":41.0},{"not_picked":["Perseverance","ThirdEye","Consecrate+1"],"picked":"SKIP","floor":42.0},{"not_picked":["Worship","FlyingSleeves"],"picked":"Tantrum","floor":44.0},{"not_picked":["PathToVictory","CarveReality+1","Vengeance"],"picked":"SKIP","floor":46.0},{"not_picked":["Indignation","Evaluate","CrushJoints"],"picked":"SKIP","floor":47.0},{"not_picked":["CutThroughFate","Collect","MasterReality"],"picked":"SKIP","floor":48.0},{"not_picked":["Sanctity","PathToVictory","Protect"],"picked":"SKIP","floor":55},{"not_picked":["PathToVictory","Protect"],"picked":"Sanctity","floor":55}],"player_experience":4423197,"relics_obtained":[{"floor":7.0,"key":"Blood Vial"},{"floor":10.0,"key":"Bag of Marbles"},{"floor":12.0,"key":"Odd Mushroom"},{"floor":13.0,"key":"Nunchaku"},{"floor":20.0,"key":"Red Mask"},{"floor":23.0,"key":"Lantern"},{"floor":25.0,"key":"Ancient Tea Set"},{"floor":26.0,"key":"PreservedInsect"},{"floor":27.0,"key":"Art of War"},{"floor":29.0,"key":"Oddly Smooth Stone"},{"floor":38.0,"key":"Mercury Hourglass"},{"floor":41.0,"key":"Potion Belt"},{"floor":43.0,"key":"Kunai"},{"floor":44.0,"key":"Whetstone"},{"floor":47.0,"key":"Toy Ornithopter"},{"floor":55,"key":"Orichalcum"}],"event_choices":[{"damage_healed":0.0,"max_hp_gain":0.0,"max_hp_loss":0.0,"gold_gain":0.0,"event_name":"Liars Game","player_choice":"Ignored","floor":3.0,"gold_loss":0.0,"damage_taken":0.0},{"damage_healed":0.0,"max_hp_gain":0.0,"max_hp_loss":0.0,"gold_gain":75.0,"event_name":"World of Goop","player_choice":"Gather Gold","floor":11.0,"gold_loss":0.0,"damage_taken":11.0},{"damage_healed":0.0,"max_hp_gain":0.0,"max_hp_loss":0.0,"gold_gain":0.0,"event_name":"Mushrooms","player_choice":"Fought Mushrooms","floor":12.0,"gold_loss":0.0,"damage_taken":0.0},{"damage_healed":0.0,"max_hp_gain":0.0,"max_hp_loss":0.0,"gold_gain":0.0,"event_name":"Masked Bandits","player_choice":"Fought Bandits","floor":20.0,"gold_loss":0.0,"damage_taken":0.0},{"damage_healed":0.0,"max_hp_gain":0.0,"max_hp_loss":0.0,"gold_gain":0.0,"event_name":"Nest","player_choice":"Joined the Cult","floor":21.0,"gold_loss":0.0,"damage_taken":6.0,"cards_obtained":["RitualDagger"]},{"damage_healed":0.0,"max_hp_gain":0.0,"max_hp_loss":0.0,"gold_gain":0.0,"event_name":"SensoryStone","player_choice":"Memory 3","floor":39.0,"gold_loss":0.0,"damage_taken":10.0}],"is_beta":false,"boss_relics":[{"not_picked":["Sozu","Tiny House"],"picked":"Pandora\u0027s Box"},{"not_picked":["Busted Crown","SacredBark"],"picked":"SlaversCollar"}],"items_purged_floors":[2,28,37,54],"is_endless":false,"potions_floor_spawned":[7,8,12,13,14,25,29,31,33,35,41,42,48],"ascension_level":20}}