{"host":"knduvrfsmt572yyo","time":1611074533,"event":{"mods":["AchievementEnabler","BaseMod","Bestiary","Better Match","Better Note","Better Skull","Better Third Choice","Colored Powertips","Minty Spire (QoL Compilation)","Permanent Neow","Quick Restart","Spicy Shops","StSLib","Thieving Mod","Waifu the Spire","everything is the same but u backflip on backflip"],"gold_per_floor":[109,129,0,15,90,90,111,111,111,5,22,33,33,33,33,130,130,140,140,150,75,89,114,114,165,165,165,185,185,185,196,196,298,298,314,314,324,342,357,357,370,390,390,390,403,28,0,16,16,16],"floor_reached":51,"language":"ENG","playtime":2654,"items_purged":[],"score":958,"play_id":"30007680-9131-4334-bee0-d76b316833da","local_time":"20210119194213","is_ascension_mode":true,"campfire_choices":[{"data":"Enlightenment","floor":6,"key":"SMITH"},{"data":"Inflame","floor":8,"key":"SMITH"},{"data":"Anger","floor":13,"key":"SMITH"},{"data":"Anger","floor":15,"key":"SMITH"},{"floor":24,"key":"REST"},{"data":"Heavy Blade","floor":27,"key":"SMITH"},{"data":"Trip","floor":29,"key":"SMITH"},{"data":"Perfected Strike","floor":32,"key":"SMITH"},{"data":"Heavy Blade","floor":40,"key":"SMITH"},{"data":"Searing Blow","floor":44,"key":"SMITH"},{"data":"Demon Form","floor":49,"key":"SMITH"}],"circlet_count":0,"master_deck":["Strike_R+1","Strike_R+1","Strike_R+1","Strike_R+1","Strike_R+1","Defend_R+1","Defend_R+1","Bash","Trip+1","Inflame+1","Anger+1","Enlightenment+1","Clothesline","Anger+1","Shrug It Off","Perfected Strike+1","Cleave","Impervious","Uppercut+1","Necronomicurse","Bandage Up+1","Heavy Blade+1","Searing Blow+1","Shrug It Off","Brutality","Heavy Blade+1","Heavy Blade+1","Twin Strike+1","Twin Strike+1","Demon Form+1","Heavy Blade+1"],"relics":["Burning Blood","Odd Mushroom","Potion Belt","Brimstone","Anchor","Empty Cage","Necronomicon","Toy Ornithopter","Bag of Preparation","Self Forming Clay","Sozu","InkBottle","Thread and Needle","Lizard Tail","Red Mask"],"acts_visited":["Exordium","TheCity","TheBeyond"],"potions_floor_usage":[20,22],"damage_taken":[{"damage":1,"enemies":"2 Louse","floor":1,"turns":2},{"damage":0,"enemies":"Small Slimes","floor":2,"turns":3},{"damage":4,"enemies":"Jaw Worm","floor":4,"turns":3},{"damage":24,"enemies":"The Mushroom Lair","floor":7,"turns":4},{"damage":4,"enemies":"Blue Slaver","floor":11,"turns":2},{"damage":0,"enemies":"Large Slime","floor":12,"turns":2},{"damage":0,"enemies":"Slime Boss","floor":16,"turns":4},{"damage":10,"enemies":"Shell Parasite","floor":18,"turns":4},{"damage":24,"enemies":"3 Byrds","floor":20,"turns":4},{"damage":25,"enemies":"Centurion and Healer","floor":22,"turns":4},{"damage":6,"enemies":"Gremlin Leader","floor":23,"turns":3},{"damage":8,"enemies":"Sentry and Sphere","floor":28,"turns":3},{"damage":4,"enemies":"Chosen and Byrds","floor":31,"turns":3},{"damage":13,"enemies":"Champ","floor":33,"turns":6},{"damage":14,"enemies":"3 Darklings","floor":35,"turns":3},{"damage":17,"enemies":"3 Shapes","floor":37,"turns":3},{"damage":4,"enemies":"Spire Growth","floor":38,"turns":2},{"damage":17,"enemies":"Writhing Mass","floor":39,"turns":3},{"damage":11,"enemies":"3 Darklings","floor":41,"turns":3},{"damage":5,"enemies":"Maw","floor":42,"turns":3},{"damage":0,"enemies":"Jaw Worm Horde","floor":45,"turns":2},{"damage":7,"enemies":"4 Shapes","floor":48,"turns":3},{"damage":64,"enemies":"Awakened One","floor":50,"turns":5}],"seed_played":"-5866876062919261685","potions_obtained":[{"floor":1,"key":"Swift Potion"},{"floor":12,"key":"ColorlessPotion"},{"floor":16,"key":"Dexterity Potion"},{"floor":18,"key":"LiquidMemories"},{"floor":22,"key":"CultistPotion"}],"is_trial":false,"path_per_floor":["M","M","?","M","?","R","?","R","T","$","M","M","R","?","R","B",null,"M","?","M","?","M","E","R","T","T","R","M","R","?","M","R","B",null,"M","?","M","M","M","R","M","M","T","R","M","$","?","M","R","B",null],"character_chosen":"IRONCLAD","items_purchased":["Anger","Shrug It Off","Thread and Needle","Lizard Tail"],"campfire_rested":1,"item_purchase_floors":[10,10,46,46],"current_hp_per_floor":[80,80,86,86,75,75,57,57,57,57,59,65,65,62,62,68,82,78,62,44,44,31,37,62,62,62,62,66,66,66,74,74,73,83,78,96,85,93,82,82,83,90,90,90,96,96,96,96,96,44],"gold":16,"neow_bonus":"RANDOM_COLORLESS","is_daily":false,"chose_seed":false,"campfire_upgraded":10,"win_rate":0.0,"timestamp":1611074533,"path_taken":["M","M","?","M","?","R","?","R","T","$","?","M","R","?","R","BOSS","M","?","M","?","M","E","R","?","T","R","?","R","?","M","R","BOSS","M","?","M","M","M","R","?","M","T","R","M","$","?","M","R","BOSS"],"items_purchased_type":["Card","Card","Relic","Relic"],"build_version":"2020-12-22","purchased_purges":0,"victory":true,"max_hp_per_floor":[80,80,86,86,86,86,86,86,86,86,86,86,86,86,86,86,86,86,86,86,86,86,86,86,86,86,86,86,86,86,86,86,86,86,86,96,96,96,96,96,96,96,96,96,96,96,96,96,96,96],"card_choices":[{"not_picked":["Deep Breath","Discovery"],"picked":"Trip","floor":0},{"not_picked":["Pommel Strike","Havoc"],"picked":"Inflame","floor":1},{"not_picked":["Ghostly Armor","Armaments"],"picked":"Anger","floor":2},{"not_picked":["Pommel Strike","Wild Strike"],"picked":"Clothesline","floor":4},{"not_picked":["Whirlwind","Clash"],"picked":"Offering","floor":7},{"not_picked":["Clash","Rupture"],"picked":"Perfected Strike","floor":11},{"not_picked":["Armaments","Sentinel"],"picked":"Cleave","floor":12},{"not_picked":["Fiend Fire","Corruption"],"picked":"Impervious","floor":16},{"not_picked":["Flex","Thunderclap+1"],"picked":"Uppercut+1","floor":18},{"not_picked":["Body Slam","Headbutt+1","Seeing Red"],"picked":"SKIP","floor":20},{"not_picked":["Enlightenment+1","Finesse+1"],"picked":"Bandage Up+1","floor":21},{"not_picked":["Dual Wield","Spot Weakness"],"picked":"Heavy Blade","floor":22},{"not_picked":["Perfected Strike","Wild Strike"],"picked":"Searing Blow","floor":23},{"not_picked":["Entrench","Flex"],"picked":"Shrug It Off","floor":28},{"not_picked":["Cleave","Thunderclap","Barricade"],"picked":"SKIP","floor":31},{"not_picked":["Fiend Fire","Barricade"],"picked":"Brutality","floor":33},{"not_picked":["Clothesline","Rage"],"picked":"Heavy Blade","floor":35},{"not_picked":["Wild Strike+1","Dark Embrace"],"picked":"Heavy Blade+1","floor":37},{"not_picked":["Warcry+1","Juggernaut"],"picked":"Twin Strike+1","floor":38},{"not_picked":["Pommel Strike+1","Headbutt+1","Feel No Pain+1"],"picked":"SKIP","floor":39},{"not_picked":["Clash","Flex"],"picked":"Twin Strike+1","floor":41},{"not_picked":["Headbutt","Dual Wield+1","Havoc+1"],"picked":"SKIP","floor":42},{"not_picked":["Uppercut+1","Power Through"],"picked":"Demon Form","floor":45},{"not_picked":["Sword Boomerang","Entrench+1"],"picked":"Heavy Blade+1","floor":48}],"player_experience":310185,"relics_obtained":[{"floor":7,"key":"Odd Mushroom"},{"floor":9,"key":"Potion Belt"},{"floor":19,"key":"Necronomicon"},{"floor":23,"key":"Toy Ornithopter"},{"floor":25,"key":"Bag of Preparation"},{"floor":26,"key":"Self Forming Clay"},{"floor":43,"key":"InkBottle"}],"event_choices":[{"damage_healed":0,"gold_gain":0,"player_choice":"RENOUNCE","damage_taken":129,"max_hp_gain":0,"max_hp_loss":0,"event_name":"betterThird:BetterSerpent","floor":3,"gold_loss":129,"cards_obtained":["Enlightenment"]},{"damage_healed":0,"gold_gain":75,"player_choice":"Gold","damage_taken":11,"max_hp_gain":0,"max_hp_loss":0,"event_name":"betterThird:BetterGoop","floor":5,"gold_loss":0},{"damage_healed":0,"gold_gain":0,"player_choice":"Fought Mushrooms","damage_taken":0,"max_hp_gain":0,"max_hp_loss":0,"event_name":"Mushrooms","floor":7,"gold_loss":0},{"damage_healed":0,"gold_gain":0,"player_choice":"Relic ","damage_taken":3,"max_hp_gain":0,"max_hp_loss":0,"event_name":"betterThird:BetterScrap","floor":14,"gold_loss":0,"cards_obtained":["WaveOfTheHand"]},{"damage_healed":0,"gold_gain":0,"player_choice":"Obtained Book","damage_taken":16,"max_hp_gain":0,"max_hp_loss":0,"event_name":"Cursed Tome","floor":19,"gold_loss":0},{"damage_healed":0,"gold_gain":0,"player_choice":"2","damage_taken":0,"max_hp_gain":0,"max_hp_loss":0,"event_name":"betterMatch:BetterMatch","floor":21,"gold_loss":0,"cards_obtained":["betterMatch:ColorlessUncommonCard"]},{"damage_healed":0,"gold_gain":0,"player_choice":"Simplicity","damage_taken":0,"max_hp_gain":0,"max_hp_loss":7,"event_name":"betterThird:BetterWriting","floor":30,"gold_loss":0},{"cards_removed":["Offering"],"damage_healed":8,"gold_gain":0,"player_choice":"Offered Rare","damage_taken":0,"max_hp_gain":10,"max_hp_loss":0,"event_name":"Bonfire Elementals","floor":36,"gold_loss":0},{"damage_healed":0,"gold_gain":0,"player_choice":"Paid","damage_taken":0,"relics_obtained":["Red Mask"],"max_hp_gain":0,"max_hp_loss":0,"event_name":"Tomb of Lord Red Mask","floor":47,"gold_loss":28}],"is_beta":false,"boss_relics":[{"not_picked":["SacredBark","Runic Cube"],"picked":"Empty Cage"},{"not_picked":["Velvet Choker","Coffee Dripper"],"picked":"Sozu"}],"items_purged_floors":[],"is_endless":false,"potions_floor_spawned":[1,12,16,18,22,37,38],"ascension_level":5}}