{"host":"wj6vwlg8bkoql3lv","time":1611039629,"event":{"mods":["BaseMod","Colored Map","Friendly Minions","Hermit","Hubris","Infinite Spire","Jorbs\u0027s Wanderer Trilogy","Marisa????????","Minty Spire (QoL Compilation)","Replay The Spire","Shade Mod","StSLib","The Blue Laboratory","The Bug Knight","The Cursed","The Disciple","The Gatherer","The Hierophant","The Jungle","The Marked","The Mystic","The Runesmith","The Senshi","The Servant 0.9.4"],"gold_per_floor":[116,116,126,17,17,42,59,59,83,95,95,105,120,140,140,244,244,257,274,274,274,65,107,136,169,193,193,209,249,283,283,283,402,402,402],"floor_reached":34,"language":"ENG","playtime":4549,"items_purged":["Shame"],"score":446,"play_id":"ab8f0931-a706-46ce-ab08-461205c90ab5","local_time":"20210119070029","is_ascension_mode":false,"campfire_choices":[{"data":"DC","floor":8,"key":"SMITH"},{"data":"EnergyFlow","floor":11,"key":"SMITH"},{"floor":27,"key":"REST"},{"floor":32,"key":"REST"}],"circlet_count":0,"master_deck":["Strike_MRS","Strike_MRS+1","Strike_MRS","Defend_MRS","Defend_MRS","Defend_MRS","Defend_MRS","MasterSpark","UpSweep","DC+1","ManaConvection","Acceleration","Acceleration","EnergyFlow+1","PowerUp","PowerUp","6A","MillisecondPulsars+1","AsteroidBelt","AlicesGift","FinalSpark","PowerUp","Orbital","DarkMatter","WitchOfGreed","DoubleSpark","DoubleSpark+1","MeteoricShower+1","GasGiant","EarthLightRay","SporeBomb","ChargingUp","Acceleration","SuperNova"],"relics":["MiniHakkero","NeowsBlessing","Gremlin Horn","Lantern","infinitespire:Cupcake","theJungle:PaperFaux","theJungle:BirthdayCake","Nunchaku","Dream Catcher","HandmadeGrimoire","hubris:Towel","Busted Crown"],"acts_visited":["Exordium","Exordium","TheBeyond"],"potions_floor_usage":[12,16,24,25,25,29,30,30,33],"damage_taken":[{"damage":0,"enemies":"Small Slimes","floor":1,"turns":1},{"damage":0,"enemies":"Cultist","floor":3,"turns":1},{"damage":0,"enemies":"Gremlin Nob","floor":6,"turns":1},{"damage":8,"enemies":"Jaw Worm","floor":7,"turns":3},{"damage":0,"enemies":"2 Fungi Beasts","floor":10,"turns":2},{"damage":0,"enemies":"Large Slime","floor":12,"turns":3},{"damage":1,"enemies":"Exordium Wildlife","floor":13,"turns":2},{"damage":0,"enemies":"Lots of Slimes","floor":14,"turns":2},{"damage":19,"enemies":"Fading Forest","floor":16,"turns":11},{"damage":0,"enemies":"theJungle:MUSHROOMGANG","floor":18,"turns":4},{"damage":11,"enemies":"theJungle:GiantWrat","floor":19,"turns":4},{"damage":37,"enemies":"Nightmare","floor":23,"turns":8},{"damage":5,"enemies":"theJungle:SlimyTreeVines","floor":24,"turns":5},{"damage":20,"enemies":"theJungle:2_Flameangoes","floor":25,"turns":4},{"damage":4,"enemies":"theJungle:2_Snecko_Cultists","floor":28,"turns":4},{"damage":34,"enemies":"theJungle:MamaSnecko","floor":29,"turns":7},{"damage":0,"enemies":"theJungle:JungleHuntersEncounter","floor":30,"turns":3},{"damage":22,"enemies":"theJungle:TotemBoss","floor":33,"turns":5}],"seed_played":"2831901901428426284","potions_obtained":[{"floor":3,"key":"blueLaboratory:TrueEctoplasm"},{"floor":6,"key":"GamblersBrew"},{"floor":14,"key":"blueLaboratory:FruitPunch"},{"floor":16,"key":"Swift Potion"},{"floor":18,"key":"blueLaboratory:AbyssPotion"},{"floor":23,"key":"Explosive Potion"},{"floor":23,"key":"BottledSpark"},{"floor":24,"key":"blueLaboratory:BottledHope"},{"floor":25,"key":"Block Potion"},{"floor":25,"key":"Strength Potion"},{"floor":29,"key":"Block Potion"},{"floor":30,"key":"LifebloodPotion"},{"floor":30,"key":"blueLaboratory:PhilterOfMotion"},{"floor":33,"key":"Venom Potion"}],"is_trial":false,"path_per_floor":["M","?","M","$","?","E","M","R","T","M","R","M","M","M","R_BF","B",null,"M","M","?","?","$","NM","M","M","T","R","M","E","M","?","R","B",null],"character_chosen":"MARISA","items_purchased":["Acceleration","EnergyFlow","DarkMatter","WitchOfGreed"],"campfire_rested":2,"item_purchase_floors":[4,4,22,22],"current_hp_per_floor":[75,75,75,75,75,75,67,67,67,67,67,67,66,66,75,76,77,77,66,66,86,86,49,50,30,30,59,55,25,29,29,58,40,97,97],"gold":402,"neow_bonus":"THREE_ENEMY_KILL","is_daily":false,"chose_seed":false,"campfire_upgraded":2,"win_rate":0.0,"timestamp":1611039629,"path_taken":["M","?","?","$","?","E","M","R","T","M","R","M","M","M","R_BF","BOSS","M","M","?","?","$","NM","M","M","T","R","M","E","M","?","R","BOSS"],"items_purchased_type":["Card","Card","Card","Card"],"build_version":"2020-12-22","purchased_purges":1,"victory":false,"max_hp_per_floor":[75,75,75,75,75,75,75,75,75,75,75,75,75,75,75,77,77,77,77,77,97,97,97,97,97,97,97,97,97,97,97,97,97,97,97],"card_choices":[{"not_picked":["IllusionStar","PropBag"],"picked":"DC","floor":1},{"not_picked":["AsteroidBelt","IllusionStar"],"picked":"ManaConvection","floor":3},{"not_picked":["DeepEcoloBomb","MagicChant"],"picked":"PowerUp","floor":6},{"not_picked":["Occultation","ManaConvection"],"picked":"PowerUp","floor":7},{"not_picked":["ChargingUp","Acceleration"],"picked":"6A","floor":10},{"not_picked":["IllusionStar","6A"],"picked":"MillisecondPulsars","floor":12},{"not_picked":["Occultation","OpenUniverse"],"picked":"AsteroidBelt","floor":13},{"not_picked":["MysteriousBeam","PowerUp"],"picked":"AlicesGift","floor":14},{"not_picked":["SatelliteIllusion","BlazingStar"],"picked":"FinalSpark","floor":16},{"not_picked":["GravityBeat","WitchLeyline+1"],"picked":"PowerUp","floor":18},{"not_picked":["Occultation","IllusionStar"],"picked":"Orbital","floor":19},{"not_picked":["MilkyWay","WitchLeyline+1"],"picked":"DoubleSpark","floor":23},{"not_picked":["StarBarrage","GalacticHalo"],"picked":"DoubleSpark+1","floor":24},{"not_picked":["WitchLeyline+1","DoubleSpark"],"picked":"MeteoricShower+1","floor":25},{"not_picked":["OpenUniverse","ShootingEcho"],"picked":"GasGiant","floor":27},{"not_picked":["AlicesGift+1","DoubleSpark+1"],"picked":"EarthLightRay","floor":28},{"not_picked":["Occultation","BigCrunch"],"picked":"SporeBomb","floor":29},{"not_picked":["MagicChant","WitchOfGreed+1"],"picked":"ChargingUp","floor":30},{"not_picked":["DC","PowerUp"],"picked":"Acceleration","floor":32},{"not_picked":["MaximisePower","BlazingStar"],"picked":"SuperNova","floor":33}],"player_experience":68829,"relics_obtained":[{"floor":6,"key":"Gremlin Horn"},{"floor":9,"key":"Lantern"},{"floor":23,"key":"Nunchaku"},{"floor":26,"key":"Dream Catcher"},{"floor":29,"key":"HandmadeGrimoire"}],"event_choices":[{"cards_removed":["Strike_MRS"],"damage_healed":0,"gold_gain":0,"player_choice":"Purged","damage_taken":0,"max_hp_gain":0,"max_hp_loss":0,"event_name":"Purifier","floor":2,"gold_loss":0}],"is_beta":false,"boss_relics":[{"not_picked":["Replay:Wanted Poster","Runesmith:UraniumAnvil"],"picked":"infinitespire:Cupcake"},{"not_picked":["hubris:ScarierMask","Replay:Ancient Bell"],"picked":"Busted Crown"}],"items_purged_floors":[22],"is_endless":true,"potions_floor_spawned":[3,6,14,16,18,23,25,30],"ascension_level":0}}