{"host":"hw13b7hbn5su36xt","time":1611075670,"event":{"mods":["2.2 Compatiblity","BaseMod","Bestiary","Colored Map","Colored Powertips","Curses Come First","Dark Map","Downfall","Highlight Path","Minty Spire (QoL Compilation)","RNG Fix","Relic Filter","Relic Sorter","Relic Stats","StSLib"],"gold_per_floor":[114,189,36,36,49,49,49,81,107,107,282,282,2,2,2,103,103,119,119,119,119,47,47,81,81,81,93,111,111,125,152,152,249,249,261,16,0,14,14,14,24,24,24,24,24,40,51,51,51,51,51,51,51],"floor_reached":52,"language":"ENG","playtime":1463,"items_purged":["Doubt","Defend_P"],"score":1101,"play_id":"6ae07183-e713-4bac-bb3e-ff1831aef9ba","local_time":"20210119170110","is_ascension_mode":true,"campfire_choices":[{"data":"SashWhip","floor":7,"key":"SMITH"},{"data":"Tantrum","floor":10,"key":"SMITH"},{"data":"Eruption","floor":12,"key":"SMITH"},{"floor":15,"key":"REST"},{"floor":23,"key":"RECALL"},{"data":"J.A.X.","floor":25,"key":"SMITH"},{"floor":29,"key":"REST"},{"floor":32,"key":"REST"},{"floor":40,"key":"REST"},{"floor":44,"key":"REST"},{"floor":49,"key":"REST"}],"circlet_count":0,"master_deck":["AscendersBane","Strike_P+1","Strike_P+1","Strike_P+1","Defend_P+1","Defend_P+1","Defend_P","Eruption+1","Vigilance","SashWhip+1","Consecrate","Tantrum+1","FollowUp+1","Vault","FearNoEvil","J.A.X.+1","LessonLearned","Tantrum+1","Protect+1","Scrawl","TalkToTheHand","Ragnarok","Blind","Vengeance","Madness","Madness","CarveReality"],"relics":["PureWater","Vajra","MealTicket","Whetstone","Membership Card","Omamori","WarpedTongs","Cursed Key","White Beast Statue","Regal Pillow","Fusion Hammer","Pen Nib","Red Mask","Frozen Egg 2"],"acts_visited":["Exordium","TheCity","TheBeyond","TheEnding"],"potions_floor_usage":[6,16,31,33],"damage_taken":[{"damage":0,"enemies":"2 Louse","floor":1,"turns":4},{"damage":0,"enemies":"Small Slimes","floor":5,"turns":2},{"damage":11,"enemies":"Gremlin Nob","floor":6,"turns":4},{"damage":17,"enemies":"Lagavulin","floor":8,"turns":7},{"damage":0,"enemies":"Slime Boss","floor":16,"turns":3},{"damage":2,"enemies":"Shell Parasite","floor":18,"turns":3},{"damage":3,"enemies":"Gremlin Leader","floor":24,"turns":4},{"damage":9,"enemies":"2 Thieves","floor":27,"turns":2},{"damage":3,"enemies":"Cultist and Chosen","floor":28,"turns":4},{"damage":3,"enemies":"Centurion and Healer","floor":30,"turns":3},{"damage":18,"enemies":"Slavers","floor":31,"turns":3},{"damage":43,"enemies":"Automaton","floor":33,"turns":5},{"damage":3,"enemies":"3 Darklings","floor":35,"turns":3},{"damage":42,"enemies":"3 Shapes","floor":38,"turns":4},{"damage":1,"enemies":"Spire Growth","floor":41,"turns":2},{"damage":0,"enemies":"Sphere and 2 Shapes","floor":46,"turns":3},{"damage":4,"enemies":"Transient","floor":47,"turns":6},{"damage":58,"enemies":"Donu and Deca","floor":50,"turns":4}],"seed_played":"6218392306011688025","potions_obtained":[{"floor":1,"key":"SmokeBomb"},{"floor":5,"key":"FairyPotion"},{"floor":8,"key":"AttackPotion"},{"floor":27,"key":"FairyPotion"},{"floor":28,"key":"Explosive Potion"},{"floor":31,"key":"SneckoOil"},{"floor":33,"key":"Ancient Potion"},{"floor":35,"key":"FairyPotion"}],"is_trial":false,"path_per_floor":["M","?","$","?","M","E","R","E","T","R","?","R","$","?","R","B",null,"M","?","?","?","$","R","E","R","T","M","M","R","M","E","R","B",null,"M","$","?","M","?","R","M","?","T","R","$","M","M","?","R","B",null,"R"],"character_chosen":"WATCHER","items_purchased":["Vajra","Membership Card","Omamori","FollowUp","LessonLearned","Ragnarok","Blind","Pen Nib"],"campfire_rested":6,"item_purchase_floors":[3,13,13,13,22,36,36,36],"current_hp_per_floor":[72,61,61,45,45,34,34,17,17,17,17,17,32,32,55,55,73,71,71,71,71,79,79,76,76,76,67,64,79,76,58,79,36,68,65,79,79,37,27,65,64,64,64,79,79,79,75,75,79,21,65,65,65],"gold":51,"neow_bonus":"TEN_PERCENT_HP_BONUS","is_daily":false,"chose_seed":false,"campfire_upgraded":4,"win_rate":0.0,"timestamp":1611075670,"path_taken":["M","?","?","?","?","E","R","E","T","R","?","R","$","?","R","BOSS","M","?","?","?","?","R","E","R","T","M","M","R","M","E","R","BOSS","M","$","?","M","?","R","?","?","T","R","$","M","M","?","R","BOSS","R"],"items_purchased_type":["Relic","Relic","Relic","Card","Card","Card","Card","Relic"],"build_version":"2020-12-22","purchased_purges":2,"victory":false,"max_hp_per_floor":[79,79,79,79,79,79,79,79,79,79,79,79,79,79,79,79,79,79,79,79,79,79,79,79,79,79,79,79,79,79,79,79,79,79,79,79,79,79,79,79,79,79,79,79,79,79,79,79,79,79,79,79,79],"relic_stats":{"Regal Pillow":15,"counters":[18,66],"MealTicket":37,"Pen Nib":[5],"Whetstone":["Strike_P","Strike_P"],"Cursed Key":2,"obtain_stats":[{"Regal Pillow":31,"Vajra":3,"Pen Nib":36,"Omamori":13,"Whetstone":9,"Frozen Egg 2":43,"Cursed Key":17,"White Beast Statue":24,"WarpedTongs":14,"MealTicket":8,"Fusion Hammer":34,"Red Mask":37,"Membership Card":13,"PureWater":0},{"Regal Pillow":11,"Vajra":1,"Pen Nib":13,"Omamori":4,"Whetstone":4,"Frozen Egg 2":15,"Cursed Key":5,"White Beast Statue":7,"WarpedTongs":4,"MealTicket":4,"Fusion Hammer":12,"Red Mask":13,"Membership Card":4,"PureWater":0},{"Regal Pillow":39,"Vajra":4,"Pen Nib":47,"Omamori":17,"Whetstone":17,"Frozen Egg 2":53,"Cursed Key":20,"White Beast Statue":27,"WarpedTongs":17,"MealTicket":17,"Fusion Hammer":44,"Red Mask":47,"Membership Card":17,"PureWater":0}],"WarpedTongs":[46]},"card_choices":[{"not_picked":["Prostrate","WreathOfFlame"],"picked":"SashWhip","floor":1},{"not_picked":["SashWhip","EmptyBody"],"picked":"Consecrate","floor":5},{"not_picked":["EmptyFist","ClearTheMind"],"picked":"Tantrum","floor":8},{"not_picked":["Alpha","Judgement"],"picked":"Vault","floor":16},{"not_picked":["Crescendo","Weave+1"],"picked":"FearNoEvil","floor":18},{"not_picked":["Nirvana","SignatureMove"],"picked":"Tantrum+1","floor":24},{"not_picked":["Prostrate+1","JustLucky+1","FlurryOfBlows"],"picked":"SKIP","floor":27},{"not_picked":["Crescendo","Prostrate"],"picked":"EmptyMind+1","floor":28},{"not_picked":["ForeignInfluence","Conclude","EmptyBody"],"picked":"SKIP","floor":30},{"not_picked":["SashWhip","Worship"],"picked":"Protect","floor":31},{"not_picked":["Vault","SpiritShield"],"picked":"Scrawl","floor":33},{"not_picked":["SandsOfTime+1","Prostrate"],"picked":"TalkToTheHand","floor":35},{"not_picked":["ClearTheMind+1","Wireheading"],"picked":"Vengeance","floor":38},{"not_picked":["Crescendo+1","Swivel","InnerPeace"],"picked":"SKIP","floor":41},{"not_picked":["Nirvana+1","Swivel","Crescendo+1"],"picked":"SKIP","floor":46},{"not_picked":["FollowUp","BowlingBash+1"],"picked":"CarveReality","floor":47}],"player_experience":376590,"relics_obtained":[{"floor":8,"key":"MealTicket"},{"floor":9,"key":"Whetstone"},{"floor":24,"key":"White Beast Statue"},{"floor":31,"key":"Regal Pillow"},{"floor":43,"key":"Frozen Egg 2"}],"event_choices":[{"damage_healed":0,"gold_gain":75,"player_choice":"Gather Gold","damage_taken":11,"max_hp_gain":0,"max_hp_loss":0,"event_name":"World of Goop","floor":2,"gold_loss":0},{"damage_healed":0,"gold_gain":0,"player_choice":"Entered Light","damage_taken":16,"max_hp_gain":0,"max_hp_loss":0,"event_name":"Shining Light","floor":4,"gold_loss":0,"cards_upgraded":["Strike_P","Defend_P"]},{"damage_healed":0,"gold_gain":175,"player_choice":"AGREE","damage_taken":0,"max_hp_gain":0,"max_hp_loss":0,"event_name":"Liars Game","floor":11,"gold_loss":0,"cards_obtained":["Doubt"]},{"damage_healed":0,"gold_gain":0,"player_choice":"Rummage","damage_taken":0,"relics_obtained":["WarpedTongs"],"max_hp_gain":0,"max_hp_loss":0,"event_name":"Accursed Blacksmith","floor":14,"gold_loss":0,"cards_obtained":["Pain"]},{"damage_healed":0,"gold_gain":0,"player_choice":"Obtain J.A.X.","damage_taken":0,"max_hp_gain":0,"max_hp_loss":0,"event_name":"Drug Dealer","floor":19,"gold_loss":0,"cards_obtained":["J.A.X."]},{"damage_healed":0,"gold_gain":0,"player_choice":"Ignored","damage_taken":0,"max_hp_gain":0,"max_hp_loss":0,"event_name":"Ghosts","floor":20,"gold_loss":0},{"cards_removed":["Strike_P"],"damage_healed":0,"gold_gain":0,"player_choice":"Elegance","damage_taken":0,"max_hp_gain":0,"max_hp_loss":0,"event_name":"Back to Basics","floor":21,"gold_loss":0},{"damage_healed":0,"gold_gain":0,"player_choice":"Paid","damage_taken":0,"relics_obtained":["Red Mask"],"max_hp_gain":0,"max_hp_loss":0,"event_name":"Tomb of Lord Red Mask","floor":37,"gold_loss":16},{"damage_healed":0,"gold_gain":0,"player_choice":"Embrace Madness","damage_taken":10,"max_hp_gain":0,"max_hp_loss":0,"event_name":"Winding Halls","floor":39,"gold_loss":0,"cards_obtained":["Madness","Madness"]},{"cards_removed":["EmptyMind"],"damage_healed":0,"gold_gain":0,"player_choice":"Removed Skill","damage_taken":0,"max_hp_gain":0,"max_hp_loss":0,"event_name":"Falling","floor":42,"gold_loss":0},{"cards_removed":["downfall:Bewildered"],"damage_healed":0,"gold_gain":0,"player_choice":"Purged","damage_taken":0,"max_hp_gain":0,"max_hp_loss":0,"event_name":"Purifier","floor":48,"gold_loss":0}],"is_beta":false,"boss_relics":[{"not_picked":["Black Star","VioletLotus"],"picked":"Cursed Key"},{"not_picked":["HolyWater","Sozu"],"picked":"Fusion Hammer"}],"items_purged_floors":[13,36],"is_endless":false,"potions_floor_spawned":[1,5,8,27,28,30,31,33,35,38,41,46,47],"ascension_level":10}}