{"host":"ayh4nqhr0ddw4ozv","time":1611030361,"event":{"mods":["BaseMod","Minty Spire (QoL Compilation)","Relic Stats","Replay The Spire","Robot Space Explorer","StSLib"],"gold_per_floor":[116,41,58,72,90,122,122,151,176,210,224,242,242,260,260,336,336,348,359,374,388,276,276,276,294,348,364,395,395,425,441,441,441,441],"floor_reached":33,"language":"ENG","playtime":2179,"items_purged":["Strike_R"],"score":516,"play_id":"8ef97c09-91dc-4a34-9c24-559708823cf8","local_time":"20210118202601","is_ascension_mode":true,"campfire_choices":[{"data":"Bash","floor":7,"key":"SMITH"},{"data":"Spot Weakness","floor":13,"key":"SMITH"},{"data":"Whirlwind","floor":15,"key":"SMITH"},{"data":"ReplayTheSpireMod:Limb From Limb","floor":23,"key":"SMITH"},{"data":"Burning Pact","floor":29,"key":"SMITH"},{"data":"Strike_R","floor":32,"key":"PURGE"}],"circlet_count":0,"master_deck":["AscendersBane","Strike_R","Strike_R","Strike_R","Defend_R","Defend_R","Defend_R","Defend_R","Bash+1","Ghostly Armor","Spot Weakness+1","ReplayTheSpireMod:Limb From Limb+1","Anger","Headbutt","Exhume","Replay:Many Hands+1","Whirlwind+1","Double Tap","Feel No Pain","Burning Pact+1","Inflame+1","Defy Death","Seeing Red"],"relics":["Burning Blood","Toy Ornithopter","Thread and Needle","Replay:Wax Seal","PreservedInsect","Juzu Bracelet","Runic Pyramid","Bag of Marbles","Replay:Bottled Steam","Snack Pack"],"acts_visited":["Exordium","TheCity"],"potions_floor_usage":[6,8,10,19,28,28,33],"damage_taken":[{"damage":1,"enemies":"Cultist","floor":1,"turns":4},{"damage":9,"enemies":"2 Louse","floor":3,"turns":3},{"damage":2,"enemies":"Jaw Worm","floor":4,"turns":5},{"damage":6,"enemies":"3 Louse","floor":5,"turns":4},{"damage":20,"enemies":"3 Sentries","floor":6,"turns":8},{"damage":6,"enemies":"Lagavulin","floor":8,"turns":6},{"damage":2,"enemies":"3 Sentries","floor":10,"turns":6},{"damage":26,"enemies":"Lots of Slimes","floor":11,"turns":6},{"damage":0,"enemies":"Blue Slaver","floor":12,"turns":4},{"damage":23,"enemies":"Exordium Thugs","floor":14,"turns":6},{"damage":15,"enemies":"Slime Boss","floor":16,"turns":8},{"damage":3,"enemies":"Chosen","floor":18,"turns":3},{"damage":14,"enemies":"2 Thieves","floor":19,"turns":5},{"damage":14,"enemies":"Cultist and Chosen","floor":20,"turns":6},{"damage":8,"enemies":"Centurion and Healer","floor":21,"turns":5},{"damage":4,"enemies":"Snecko","floor":25,"turns":4},{"damage":9,"enemies":"Cultist and Chosen","floor":27,"turns":6},{"damage":13,"enemies":"Replay:Snechameleon","floor":28,"turns":4},{"damage":29,"enemies":"Book of Stabbing","floor":30,"turns":3},{"damage":13,"enemies":"Snake Plant","floor":31,"turns":3},{"damage":57,"enemies":"Collector","floor":33,"turns":6}],"seed_played":"-5775546361922999102","potions_obtained":[{"floor":1,"key":"Block Potion"},{"floor":4,"key":"Doom Potion"},{"floor":6,"key":"Dexterity Potion"},{"floor":12,"key":"EssenceOfSteel"},{"floor":14,"key":"Swift Potion"},{"floor":20,"key":"ColorlessPotion"},{"floor":30,"key":"LifebloodPotion"},{"floor":31,"key":"Fruit Juice"}],"is_trial":false,"path_per_floor":["M","$","M","M","M","E","R","E","T","E","M","M","R","M","R","B",null,"M","M","M","M","$","R","?","M","T","M","E","R","E","M","R","B"],"character_chosen":"IRONCLAD","items_purchased":["Spot Weakness","Burning Pact"],"campfire_rested":0,"item_purchase_floors":[2,22],"current_hp_per_floor":[77,77,74,78,78,66,66,71,71,80,60,66,66,49,49,40,70,73,70,62,60,60,60,60,62,62,59,62,62,39,32,32,0,0],"gold":441,"neow_bonus":"RANDOM_COMMON_RELIC","is_daily":false,"chose_seed":false,"campfire_upgraded":5,"win_rate":0.0,"timestamp":1611030361,"path_taken":["M","$","M","M","M","E","R","E","T","E","M","M","R","M","R","BOSS","M","M","M","M","$","R","?","M","T","M","E","R","E","M","R","BOSS"],"items_purchased_type":["Card","Card"],"build_version":"2020-12-22","purchased_purges":1,"victory":false,"max_hp_per_floor":[80,80,80,80,80,80,80,80,80,80,80,80,80,80,80,80,80,80,80,80,80,80,80,80,80,80,80,80,80,80,80,80,80,80],"relic_stats":{"counters":[21,105],"PreservedInsect":115,"Juzu Bracelet":0,"obtain_stats":[{"Thread and Needle":6,"PreservedInsect":9,"Juzu Bracelet":10,"Bag of Marbles":26,"Snack Pack":30,"Replay:Wax Seal":8,"Burning Blood":0,"Toy Ornithopter":0,"Runic Pyramid":17,"Replay:Bottled Steam":28},{"Thread and Needle":5,"PreservedInsect":6,"Juzu Bracelet":7,"Bag of Marbles":16,"Snack Pack":19,"Replay:Wax Seal":6,"Burning Blood":0,"Toy Ornithopter":0,"Runic Pyramid":11,"Replay:Bottled Steam":18},{"Thread and Needle":24,"PreservedInsect":30,"Juzu Bracelet":36,"Bag of Marbles":83,"Snack Pack":96,"Replay:Wax Seal":30,"Burning Blood":0,"Toy Ornithopter":0,"Runic Pyramid":60,"Replay:Bottled Steam":93}],"Burning Blood":120,"Toy Ornithopter":32},"card_choices":[{"not_picked":["ReplayTheSpireMod:Corrosion Curse","Bloodletting"],"picked":"Ghostly Armor","floor":1},{"not_picked":["Perfected Strike","Heavy Blade"],"picked":"ReplayTheSpireMod:Limb From Limb","floor":3},{"not_picked":["Wild Strike","Clothesline"],"picked":"Anger","floor":4},{"not_picked":["Entrench","Body Slam"],"picked":"Headbutt","floor":5},{"not_picked":["Rampage","Perfected Strike","Body Slam"],"picked":"SKIP","floor":6},{"not_picked":["ReplayTheSpireMod:Corrosion Curse","Searing Blow","Clothesline"],"picked":"SKIP","floor":8},{"not_picked":["Havoc","Clothesline","Iron Wave"],"picked":"SKIP","floor":10},{"not_picked":["ReplayTheSpireMod:Strike From Hell","Searing Blow"],"picked":"Exhume","floor":11},{"not_picked":["Iron Wave","True Grit"],"picked":"Replay:Many Hands","floor":12},{"not_picked":["Anger","Dark Embrace"],"picked":"Whirlwind","floor":14},{"not_picked":["Barricade","Immolate"],"picked":"Double Tap","floor":16},{"not_picked":["Body Slam","Hemokinesis","Carnage"],"picked":"SKIP","floor":18},{"not_picked":["Warcry","Pummel","Havoc"],"picked":"SKIP","floor":19},{"not_picked":["ReplayReversal","Cleave","Uppercut"],"picked":"SKIP","floor":20},{"not_picked":["Rampage","Carnage+1"],"picked":"Feel No Pain","floor":21},{"not_picked":["Iron Wave","Twin Strike","Sword Boomerang"],"picked":"SKIP","floor":25},{"not_picked":["Replay:Undeath\u0027s Touch+1","Warcry"],"picked":"Inflame+1","floor":27},{"not_picked":["Run Through","Intimidate"],"picked":"Defy Death","floor":28},{"not_picked":["Wild Strike","Warcry"],"picked":"Seeing Red","floor":30},{"not_picked":["Pommel Strike","Flex","Perfected Strike"],"picked":"SKIP","floor":31}],"player_experience":355683,"relics_obtained":[{"floor":6,"key":"Thread and Needle"},{"floor":8,"key":"Replay:Wax Seal"},{"floor":9,"key":"PreservedInsect"},{"floor":10,"key":"Juzu Bracelet"},{"floor":26,"key":"Bag of Marbles"},{"floor":28,"key":"Replay:Bottled Steam"},{"floor":30,"key":"Snack Pack"}],"event_choices":[{"damage_healed":0,"gold_gain":0,"player_choice":"Upgraded","damage_taken":0,"max_hp_gain":0,"max_hp_loss":0,"event_name":"Upgrade Shrine","floor":24,"gold_loss":0,"cards_upgraded":["Replay:Many Hands"]}],"is_beta":false,"boss_relics":[{"not_picked":["Calling Bell","Empty Cage"],"picked":"Runic Pyramid"}],"items_purged_floors":[22],"is_endless":false,"potions_floor_spawned":[1,4,5,6,12,14,20,21,30,31],"killed_by":"Collector","ascension_level":13}}