{"host":"fm9e0lfunjlbhzxv","time":1611032423,"event":{"mods":["2.2 Compatiblity","Alarm Clock","Astrologer","BaseMod","Bestiary","Better Match","Better Skull","Better Third Choice","Colored Map","Colored Powertips","Downfall","Energized Spire","Good Game Mod","Key Reminder","Koishi","Minty Spire (QoL Compilation)","Permanent Neow","Random Character Button","Rare Cards Sparkle","Relic Stats","Remilia??????","Spicy Shops","StSLib","The Administrix","The Blue Laboratory","The Bug Knight","The Disciple","The Vixen","Trackpad","slay the spire mod where everything is the same but ironclad has a cowboy hat"],"gold_per_floor":[99,119,130,130,130,161,161,172,202,228,258,37,37,71,83,179,179,79,93,2,102,88,103,103,140,40,40,40],"floor_reached":27,"language":"ENG","playtime":1669,"items_purged":["downfall:Malfunctioning","sneckomod:Defend"],"score":321,"play_id":"b26b4cf0-bbc1-40ba-b8fa-e26fb5c05737","local_time":"20210118210023","is_ascension_mode":true,"campfire_choices":[{"data":"sneckomod:TailWhip","floor":1,"key":"SMITH"},{"floor":13,"key":"RECALL"},{"data":"sneckomod:UnknownUncommonPower","floor":18,"key":"SMITH"},{"data":"sneckomod:MasterEye","floor":26,"key":"SMITH"}],"circlet_count":0,"master_deck":["sneckomod:TailWhip+1","sneckomod:SnekBite","sneckomod:Unknown","sneckomod:Unknown","Feel No Pain","sneckomod:UnknownBlock","sneckomod:UnknownUncommonSkill","sneckomod:SnakeSap","sneckomod:UnknownVulnerable","sneckomod:UnknownStrength","sneckomod:UnknownUncommonAttack","Writhe","sneckomod:UnknownUncommonPower+1","sneckomod:QuickBite","sneckomod:UnknownCommonSkill","sneckomod:Unknown3Cost","sneckomod:UnknownClassBLUE","sneckomod:UnknownClassRED","J.A.X.","sneckomod:UnknownClassPURPLE","sneckomod:UnknownCommonAttack","sneckomod:UnknownClassPURPLE","sneckomod:UnknownDexterity","sneckomod:MasterEye+1","Pain","sneckomod:UnknownVulnerable","sneckomod:ImprovisedAttack","sneckomod:Unknown2Cost"],"relics":["REME:ComplimentaryCards","energizedSpire:DeadBattery","trackpad:RapidFire","trackpad:GuardianSpirit","trackpad:WritersBlock","Orichalcum","Juzu Bracelet","trackpad:Compendium","keyreminder:keyreminder","energizedSpire:NeverEndingSparkler","downfall:HeartBlessingRed","trackpad:PocketGalaxy","MutagenicStrength","trackpad:FieryHotPepper","Singing Bowl","downfall:HeartBlessingGreen"],"acts_visited":["Exordium","TheCity"],"potions_floor_usage":[],"damage_taken":[{"damage":12,"enemies":"Jaw Worm","floor":2,"turns":2},{"damage":7,"enemies":"Small Slimes","floor":3,"turns":3},{"damage":7,"enemies":"3 Sentries","floor":6,"turns":7},{"damage":0,"enemies":"Cultist","floor":8,"turns":4},{"damage":0,"enemies":"Lagavulin","floor":11,"turns":4},{"damage":0,"enemies":"downfall:FleeingMerchant","floor":12,"turns":4},{"damage":0,"enemies":"HollowMod:MossKnight","floor":14,"turns":5},{"damage":7,"enemies":"2 Fungi Beasts","floor":15,"turns":3},{"damage":12,"enemies":"DF_ARCHETYPE_STREAMLINE","floor":16,"turns":9},{"damage":16,"enemies":"3 Byrds","floor":19,"turns":2},{"damage":0,"enemies":"downfall:FleeingMerchant","floor":20,"turns":4},{"damage":20,"enemies":"downfall:Augmenter","floor":21,"turns":5},{"damage":37,"enemies":"downfall:FleeingMerchant","floor":22,"turns":4},{"damage":18,"enemies":"Shelled Parasite and Fungi","floor":23,"turns":3},{"damage":18,"enemies":"Chosen and Byrds","floor":25,"turns":5},{"damage":81,"enemies":"Book of Stabbing","floor":27,"turns":5}],"seed_played":"-7988025839448145819","potions_obtained":[{"floor":6,"key":"blueLaboratory:AbyssPotion"}],"is_trial":false,"path_per_floor":["R","M","M","?","?","E","T","M","?","T","E","$","R","E","M","B",null,"R","M","$","?","$","M","T","M","R","E"],"character_chosen":"THE_SNECKO","items_purchased":["trackpad:Compendium","sneckomod:UnknownUncommonPower","trackpad:PocketGalaxy","sneckomod:MasterEye","trackpad:FieryHotPepper","sneckomod:UnknownVulnerable"],"campfire_rested":0,"item_purchase_floors":[12,12,20,22,22,22],"current_hp_per_floor":[90,78,71,76,76,69,69,77,77,77,77,77,77,77,70,58,95,95,79,79,59,22,4,4,15,15,0,0],"gold":40,"neow_bonus":"BOSS_RELIC","is_daily":false,"chose_seed":false,"campfire_upgraded":3,"win_rate":0.0,"timestamp":1611032423,"path_taken":["R","M","M","?","?","E","T","?","?","?","E","$","R","E","M","BOSS","R","M","$","?","$","M","T","M","R","E"],"items_purchased_type":["Relic","Card","Relic","Card","Relic","Card"],"build_version":"2020-12-22","purchased_purges":2,"victory":false,"max_hp_per_floor":[90,90,90,95,95,95,95,95,95,95,95,95,95,95,95,95,95,95,95,95,95,95,95,95,95,95,95,95],"relic_stats":{"Singing Bowl":0,"counters":[16,69],"Juzu Bracelet":0,"Orichalcum":[120],"obtain_stats":[{"trackpad:GuardianSpirit":7,"downfall:HeartBlessingRed":18,"Singing Bowl":24,"downfall:HeartBlessingGreen":26,"Juzu Bracelet":11,"Orichalcum":10,"sneckomod:SneckoSoul":0,"energizedSpire:DeadBattery":0,"keyreminder:keyreminder":13,"trackpad:PocketGalaxy":20,"REME:ComplimentaryCards":0,"trackpad:RapidFire":6,"trackpad:FieryHotPepper":22,"energizedSpire:NeverEndingSparkler":17,"MutagenicStrength":21,"trackpad:WritersBlock":9,"trackpad:Compendium":12},{"trackpad:GuardianSpirit":3,"downfall:HeartBlessingRed":9,"Singing Bowl":14,"downfall:HeartBlessingGreen":15,"Juzu Bracelet":5,"Orichalcum":4,"sneckomod:SneckoSoul":0,"energizedSpire:DeadBattery":0,"keyreminder:keyreminder":6,"trackpad:PocketGalaxy":11,"REME:ComplimentaryCards":0,"trackpad:RapidFire":3,"trackpad:FieryHotPepper":13,"energizedSpire:NeverEndingSparkler":9,"MutagenicStrength":12,"trackpad:WritersBlock":4,"trackpad:Compendium":6},{"trackpad:GuardianSpirit":12,"downfall:HeartBlessingRed":41,"Singing Bowl":59,"downfall:HeartBlessingGreen":64,"Juzu Bracelet":20,"Orichalcum":16,"sneckomod:SneckoSoul":0,"energizedSpire:DeadBattery":0,"keyreminder:keyreminder":24,"trackpad:PocketGalaxy":47,"REME:ComplimentaryCards":0,"trackpad:RapidFire":12,"trackpad:FieryHotPepper":56,"energizedSpire:NeverEndingSparkler":41,"MutagenicStrength":52,"trackpad:WritersBlock":16,"trackpad:Compendium":24}]},"card_choices":[{"not_picked":["sneckomod:SoulCleanse","sneckomod:Nope"],"picked":"sneckomod:UnknownBlock","floor":2},{"not_picked":["sneckomod:WideSting","sneckomod:IronFang"],"picked":"sneckomod:UnknownUncommonSkill","floor":3},{"not_picked":["sneckomod:UnknownX","sneckomod:DiceBlock"],"picked":"sneckomod:SnakeSap","floor":6},{"not_picked":["sneckomod:Nope","sneckomod:DiceCrush"],"picked":"sneckomod:UnknownVulnerable","floor":8},{"not_picked":["sneckomod:SoulRoll","sneckomod:SoulCleanse"],"picked":"sneckomod:UnknownStrength","floor":11},{"not_picked":["sneckomod:RainOfDice","sneckomod:SoulDraw"],"picked":"sneckomod:UnknownUncommonAttack","floor":12},{"not_picked":["sneckomod:IronFang","sneckomod:SnakeSap"],"picked":"sneckomod:QuickBite","floor":14},{"not_picked":["sneckomod:IronFang","sneckomod:UnknownBlock"],"picked":"sneckomod:UnknownCommonSkill","floor":15},{"not_picked":["sneckomod:Cheat","sneckomod:UnlimitedRolls"],"picked":"sneckomod:Unknown3Cost","floor":16},{"not_picked":["sneckomod:QuickBite","sneckomod:UnknownBlock"],"picked":"sneckomod:UnknownClassBLUE","floor":19},{"not_picked":["sneckomod:QuickMove","sneckomod:DefensiveFlair"],"picked":"sneckomod:UnknownClassRED","floor":20},{"not_picked":[],"picked":"J.A.X.","floor":21},{"not_picked":["sneckomod:DiceCrush","sneckomod:UnknownClassRED"],"picked":"sneckomod:UnknownClassPURPLE","floor":21},{"not_picked":["sneckomod:UnknownExhaust","sneckomod:UnknownStrength"],"picked":"sneckomod:UnknownDexterity","floor":22},{"not_picked":["sneckomod:WideSting","sneckomod:DiceCrush+1"],"picked":"sneckomod:ImprovisedAttack","floor":23},{"not_picked":["sneckomod:DiceBlock","sneckomod:SoulDraw"],"picked":"sneckomod:Unknown2Cost","floor":25}],"player_experience":788492,"relics_obtained":[{"floor":6,"key":"trackpad:RapidFire"},{"floor":7,"key":"trackpad:GuardianSpirit"},{"floor":10,"key":"Orichalcum"},{"floor":11,"key":"Juzu Bracelet"},{"floor":21,"key":"MutagenicStrength"},{"floor":24,"key":"Singing Bowl"}],"event_choices":[{"damage_healed":0,"gold_gain":0,"player_choice":"Donut","damage_taken":0,"max_hp_gain":5,"max_hp_loss":0,"event_name":"Big Fish","floor":4,"gold_loss":0}],"is_beta":false,"boss_relics":[{"not_picked":["energizedSpire:MagnifyingGlass","Runic Dome"],"picked":"energizedSpire:NeverEndingSparkler"}],"items_purged_floors":[12,22],"is_endless":false,"potions_floor_spawned":[6,11,14,15,16,19,23],"killed_by":"Book of Stabbing","ascension_level":3}}