{"host":"5cnm2qapaqj5mmu7","time":1611076895,"event":{"mods":["BaseMod","Bestiary","Colored Map","Filter the Spire","Minty Spire (QoL Compilation)","StSLib"],"gold_per_floor":[116,81,97,115,115,115,140,140,189,204,235,253,353,365,365,465,465,478,492,511,312,312,312,312],"floor_reached":23,"language":"ENG","playtime":800,"items_purged":[],"score":296,"play_id":"94f1e6bf-d3da-46d7-87b5-e2811d5f3a8f","local_time":"20210119182135","is_ascension_mode":true,"campfire_choices":[{"data":"Bash","floor":6.0,"key":"SMITH"},{"data":"Fiend Fire","floor":8.0,"key":"SMITH"},{"data":"Demon Form","floor":15.0,"key":"SMITH"}],"circlet_count":0,"master_deck":["Strike_R","Strike_R","Strike_R","Strike_R","Strike_R","Defend_R","Defend_R","Defend_R","Defend_R","Bash+1","Wild Strike","Flex","Dark Embrace","Fiend Fire+1","Cleave","Demon Form+1","Shrug It Off","Corruption","Clothesline","Twin Strike","Berserk","Feel No Pain","True Grit","RitualDagger"],"relics":["Runic Pyramid","Blood Vial","Bronze Scales","Oddly Smooth Stone","SlaversCollar","Membership Card"],"acts_visited":["Exordium","TheCity"],"potions_floor_usage":[23,23],"damage_taken":[{"damage":13.0,"enemies":"Small Slimes","floor":1.0,"turns":4.0},{"damage":7.0,"enemies":"Jaw Worm","floor":3.0,"turns":3.0},{"damage":0.0,"enemies":"Cultist","floor":4.0,"turns":2.0},{"damage":10.0,"enemies":"Gremlin Nob","floor":7.0,"turns":3.0},{"damage":10.0,"enemies":"2 Fungi Beasts","floor":10.0,"turns":3.0},{"damage":0.0,"enemies":"Lagavulin","floor":11.0,"turns":2.0},{"damage":9.0,"enemies":"Blue Slaver","floor":12.0,"turns":3.0},{"damage":2.0,"enemies":"Exordium Thugs","floor":14.0,"turns":4.0},{"damage":27.0,"enemies":"Hexaghost","floor":16.0,"turns":6.0},{"damage":35.0,"enemies":"2 Thieves","floor":18.0,"turns":4.0},{"damage":7.0,"enemies":"Shell Parasite","floor":19.0,"turns":3.0},{"damage":7.0,"enemies":"Snecko","floor":20.0,"turns":4.0},{"damage":24,"enemies":"Book of Stabbing","floor":23,"turns":1}],"seed_played":"4388411997791724388","potions_obtained":[{"floor":1.0,"key":"Regen Potion"},{"floor":12.0,"key":"FearPotion"},{"floor":14.0,"key":"Fire Potion"},{"floor":19.0,"key":"ColorlessPotion"}],"is_trial":false,"path_per_floor":["M","?","M","M","$","R","E","R","T","M","E","M","?","M","R","B",null,"M","M","M","$","?","E"],"character_chosen":"IRONCLAD","items_purchased":["Membership Card","Feel No Pain","True Grit"],"campfire_rested":0,"item_purchase_floors":[21,21,21],"current_hp_per_floor":[59,79,72,72,72,72,62,62,62,54,61,54,54,54,54,29,67,34,29,24,24,18,0,0],"gold":312,"neow_bonus":"BOSS_RELIC","is_daily":false,"chose_seed":false,"campfire_upgraded":3,"win_rate":0.0,"timestamp":1611076895,"path_taken":["M","?","M","M","$","R","E","R","T","M","E","M","?","M","R","BOSS","M","M","?","$","?","E"],"items_purchased_type":["Relic","Card","Card"],"build_version":"2020-12-22","purchased_purges":0,"victory":false,"max_hp_per_floor":[80,80,80,80,80,80,80,80,80,80,80,80,80,80,80,80,80,80,80,80,80,80,80,80],"card_choices":[{"not_picked":["Burning Pact","Inflame"],"picked":"Wild Strike","floor":1.0},{"not_picked":["Headbutt","Twin Strike"],"picked":"Flex","floor":3.0},{"not_picked":["Headbutt","Iron Wave"],"picked":"Dark Embrace","floor":4.0},{"not_picked":["Flex","Sword Boomerang"],"picked":"Fiend Fire","floor":7.0},{"not_picked":["Thunderclap","True Grit"],"picked":"Cleave","floor":10.0},{"not_picked":["Seeing Red","Fire Breathing"],"picked":"Demon Form","floor":11.0},{"not_picked":["Perfected Strike","Warcry"],"picked":"Shrug It Off","floor":12.0},{"not_picked":["Shrug It Off","Headbutt","Fire Breathing"],"picked":"SKIP","floor":14.0},{"not_picked":["Offering","Juggernaut"],"picked":"Corruption","floor":16.0},{"not_picked":["Heavy Blade","Armaments"],"picked":"Clothesline","floor":18.0},{"not_picked":["Rupture+1","Perfected Strike"],"picked":"Twin Strike","floor":19.0},{"not_picked":["Rupture","Warcry"],"picked":"Berserk","floor":20.0}],"player_experience":568842,"relics_obtained":[{"floor":7.0,"key":"Blood Vial"},{"floor":9.0,"key":"Bronze Scales"},{"floor":11.0,"key":"Oddly Smooth Stone"}],"event_choices":[{"damage_healed":20.0,"max_hp_gain":0.0,"max_hp_loss":0.0,"gold_gain":0.0,"event_name":"The Cleric","player_choice":"Healed","floor":2.0,"gold_loss":35.0,"damage_taken":0.0},{"damage_healed":0.0,"max_hp_gain":0.0,"max_hp_loss":0.0,"gold_gain":100.0,"event_name":"Golden Shrine","player_choice":"Pray","floor":13.0,"gold_loss":0.0,"damage_taken":0.0},{"damage_healed":0.0,"max_hp_gain":0.0,"max_hp_loss":0.0,"gold_gain":0.0,"event_name":"Nest","player_choice":"Joined the Cult","floor":22.0,"gold_loss":0.0,"damage_taken":6.0,"cards_obtained":["RitualDagger"]}],"is_beta":false,"boss_relics":[{"not_picked":["Coffee Dripper","Busted Crown"],"picked":"SlaversCollar"}],"items_purged_floors":[],"is_endless":false,"potions_floor_spawned":[1,12,14,19],"killed_by":"Book of Stabbing","ascension_level":6}}