{"host":"Charlie","time":1611028939,"event":{"mods":["100% Spire Juice","Aspiration","BaseMod","Better Match","Better Skull","Better Third Choice","BetterRewards","ChefMod","Colored Map","Colored Powertips","Conspire","Curses Come First","Dota2Spire","Downfall","Ekko","Evolution","Fox Events","Friendly Minions","Halation","Hermit","HololiveMod","Hubris","Infinite Spire","Luminous","Melee Mod","Minty Spire (QoL Compilation)","Quick Restart","Rare Cards Sparkle","Relic Stats","Robot Space Explorer","Shade Mod","Spicy Shops","Spire Arcade","StSLib","SuperFastMode","Synergy Search","The Animator","The Blue Laboratory","The Caster","The Cursed","The Dragon Tamer","The Factory","The Gatherer","The Jungle","The Marked","The Necromancer","Unceasing Turn Reminder","vexMod"],"gold_per_floor":[116,116,130,30,30,61,61,80,80,93,132,132,132,147,147,271,271,296,296,296,374,387,387,410,423,447,447,447,481,212,228,228,356,356,372,372,372,393,6,6,45,45,45,45,79,100,114,14,14,14],"floor_reached":51,"language":"ENG","playtime":6089,"items_purged":["Injury","ekkoTheBoyWhoShatteredTime:Strike"],"score":733,"play_id":"16e8faa4-ef66-4be7-8bdd-ff9b6b34d824","local_time":"20210118200219","is_ascension_mode":false,"campfire_choices":[{"data":"Ghostly","floor":7,"key":"SMITH"},{"floor":12,"key":"REST"},{"floor":15,"key":"REST"},{"data":"ekkoTheBoyWhoShatteredTime:SandstormSympathy","floor":23,"key":"SMITH"},{"data":"ekkoTheBoyWhoShatteredTime:Periocharge","floor":27,"key":"SMITH"},{"floor":32,"key":"REST"},{"data":"ekkoTheBoyWhoShatteredTime:OverloadingWeapon","floor":40,"key":"SMITH"},{"data":"ekkoTheBoyWhoShatteredTime:TimeMaster","floor":49,"key":"SMITH"}],"circlet_count":0,"master_deck":["ekkoTheBoyWhoShatteredTime:SpHit","ekkoTheBoyWhoShatteredTime:SpHit","ekkoTheBoyWhoShatteredTime:Strike","ekkoTheBoyWhoShatteredTime:Strike","ekkoTheBoyWhoShatteredTime:Defend","ekkoTheBoyWhoShatteredTime:Defend","ekkoTheBoyWhoShatteredTime:Defend","ekkoTheBoyWhoShatteredTime:Defend","ekkoTheBoyWhoShatteredTime:TimeMaster+1","ekkoTheBoyWhoShatteredTime:Powered","ekkoTheBoyWhoShatteredTime:WideSlice","ekkoTheBoyWhoShatteredTime:NeedlesslyLargeRod","Ghostly+1","ekkoTheBoyWhoShatteredTime:ComeAtMe","ekkoTheBoyWhoShatteredTime:SandstormSympathy+1","ekkoTheBoyWhoShatteredTime:AfterimageTimeWrap","ekkoTheBoyWhoShatteredTime:Periocharge+1","ekkoTheBoyWhoShatteredTime:BansheesVeil+1","ekkoTheBoyWhoShatteredTime:ProjectPreference","ekkoTheBoyWhoShatteredTime:NeedlesslyLargeRod+1","ekkoTheBoyWhoShatteredTime:NeedlesslyLargeRod+1","ekkoTheBoyWhoShatteredTime:NeedlesslyLargeRod+1","ekkoTheBoyWhoShatteredTime:OverloadingWeapon+1","ekkoTheBoyWhoShatteredTime:NeedlesslyLargeRod+1","Panache+1","ekkoTheBoyWhoShatteredTime:PlayTheBeat","ekkoTheBoyWhoShatteredTime:NeedlesslyLargeRod+1","downfall:Malfunctioning","hubris:Despair","ekkoTheBoyWhoShatteredTime:Unleashed+1","ekkoTheBoyWhoShatteredTime:CatchUpTime","ekkoTheBoyWhoShatteredTime:Backtrack+1","ekkoTheBoyWhoShatteredTime:NeedlesslyLargeRod+1"],"relics":["ekkoTheBoyWhoShatteredTime:zDriveResonance","EVO:Axolotl","NeowsBlessing","Golden Idol","aspiration:ChemicalBlood","hubris:ToyBattleship","Turnip","Dota2Spire:BlackKingBar","Dream Catcher","Frozen Egg 2","Hololive_Finger","MutagenicStrength","Letter Opener","Juzu Bracelet","aspiration:Stabinomicon","Peace Pipe","MealTicket","halation:PinkAlligatorPlush","infinitespire:Lychee Nut","halation:AfternoonTea","Blue Candle","Dota2Spire:Mjollnir","infinitespire:EmpoweringShard"],"acts_visited":["Exordium","TheCity","TheBeyond"],"potions_floor_usage":[11,14,16,16,18,18,24,25,29,29,29,31,33,35,45,45,45,47,47,50,50,50,50,50],"damage_taken":[{"damage":0,"enemies":"Small Slimes","floor":1,"turns":1},{"damage":0,"enemies":"2 Louse","floor":3,"turns":1},{"damage":0,"enemies":"Gremlin Nob","floor":6,"turns":1},{"damage":0,"enemies":"Cultist","floor":8,"turns":3},{"damage":0,"enemies":"Large Slime","floor":10,"turns":6},{"damage":16,"enemies":"Lagavulin","floor":11,"turns":7},{"damage":11,"enemies":"Looter","floor":14,"turns":3},{"damage":16,"enemies":"The Guardian","floor":16,"turns":10},{"damage":23,"enemies":"3 Byrds","floor":18,"turns":5},{"damage":1,"enemies":"Chosen","floor":22,"turns":3},{"damage":8,"enemies":"Centurion and Healer","floor":24,"turns":4},{"damage":18,"enemies":"Snake Plant","floor":25,"turns":3},{"damage":14,"enemies":"Slavers","floor":29,"turns":4},{"damage":0,"enemies":"Snecko","floor":31,"turns":3},{"damage":13,"enemies":"Automaton","floor":33,"turns":6},{"damage":29,"enemies":"3 Darklings","floor":35,"turns":3},{"damage":22,"enemies":"3 Shapes","floor":38,"turns":4},{"damage":14,"enemies":"Giant Head","floor":41,"turns":5},{"damage":24,"enemies":"Nemesis","floor":45,"turns":3},{"damage":21,"enemies":"Transient","floor":46,"turns":5},{"damage":15,"enemies":"3 Darklings","floor":47,"turns":4},{"damage":34,"enemies":"Time Eater","floor":50,"turns":4}],"seed_played":"5422555835944815896","potions_obtained":[{"floor":1,"key":"Ancient Potion"},{"floor":3,"key":"AttackPotion"},{"floor":10,"key":"blueLaboratory:TrueEctoplasm"},{"floor":14,"key":"SkillPotion"},{"floor":18,"key":"blueLaboratory:FruitPunch"},{"floor":22,"key":"blueLaboratory:BottleOfRum"},{"floor":31,"key":"Energy Potion"},{"floor":45,"key":"CultistPotion"},{"floor":46,"key":"SteroidPotion"},{"floor":47,"key":"SteroidPotion"}],"is_trial":false,"path_per_floor":["M","?","M","?","?","E","R","M","T","M","E","R","?","M","R","B",null,"M","?","?","T","M","R","M","M","T","R","?","E","$","M","R","B",null,"M","?","?","M","$","R","E","?","T","?","E","M","M","$","R","B",null],"character_chosen":"EKKO_THE_BOY_WHO_SHATTERED_TIME","items_purchased":["ekkoTheBoyWhoShatteredTime:NeedlesslyLargeRod+1","MealTicket","infinitespire:Lychee Nut","ekkoTheBoyWhoShatteredTime:NeedlesslyLargeRod+1","PowerPotion"],"campfire_rested":3,"item_purchase_floors":[30,30,39,48,48],"current_hp_per_floor":[78,59,59,59,28,28,28,28,28,28,12,35,35,24,47,31,78,55,55,55,55,54,54,48,30,30,30,14,3,3,3,27,14,80,51,51,51,29,44,44,36,36,36,36,17,4,55,60,60,30],"gold":14,"neow_bonus":"THREE_ENEMY_KILL","is_daily":false,"chose_seed":false,"campfire_upgraded":5,"win_rate":0.0,"timestamp":1611028939,"path_taken":["M","?","M","?","?","E","R","?","T","M","E","R","?","M","R","BOSS","M","?","?","?","M","R","?","M","T","R","?","E","$","M","R","BOSS","M","?","?","M","$","R","E","?","T","?","E","M","M","$","R","BOSS"],"items_purchased_type":["Card","Relic","Relic","Card","Potion"],"build_version":"2020-12-18","purchased_purges":2,"victory":true,"max_hp_per_floor":[78,78,78,78,78,78,78,78,78,78,78,78,78,78,78,78,78,78,78,78,78,78,78,80,80,80,80,80,80,80,80,80,80,80,80,80,80,80,60,60,60,60,60,60,60,60,60,60,60,60],"relic_stats":{"Peace Pipe":0,"Dream Catcher":3,"counters":[22,85],"Golden Idol":158,"Blue Candle":[4],"MealTicket":20,"Turnip":[6],"Juzu Bracelet":1,"Letter Opener":[115],"obtain_stats":[{"NeowsBlessing":0,"Dota2Spire:BlackKingBar":9,"Golden Idol":2,"Blue Candle":42,"Juzu Bracelet":26,"aspiration:Stabinomicon":28,"EVO:Axolotl":0,"Letter Opener":21,"Frozen Egg 2":13,"Peace Pipe":29,"Dream Catcher":11,"infinitespire:Lychee Nut":39,"MutagenicStrength":20,"MealTicket":30,"Turnip":6,"Dota2Spire:Mjollnir":43,"hubris:ToyBattleship":5,"Hololive_Finger":17,"halation:PinkAlligatorPlush":34,"infinitespire:EmpoweringShard":45,"halation:AfternoonTea":41,"ekkoTheBoyWhoShatteredTime:zDriveResonance":0,"aspiration:ChemicalBlood":5},{"NeowsBlessing":0,"Dota2Spire:BlackKingBar":4,"Golden Idol":1,"Blue Candle":18,"Juzu Bracelet":12,"aspiration:Stabinomicon":12,"EVO:Axolotl":0,"Letter Opener":9,"Frozen Egg 2":6,"Peace Pipe":13,"Dream Catcher":6,"infinitespire:Lychee Nut":17,"MutagenicStrength":9,"MealTicket":13,"Turnip":3,"Dota2Spire:Mjollnir":18,"hubris:ToyBattleship":2,"Hololive_Finger":8,"halation:PinkAlligatorPlush":15,"infinitespire:EmpoweringShard":19,"halation:AfternoonTea":18,"ekkoTheBoyWhoShatteredTime:zDriveResonance":0,"aspiration:ChemicalBlood":2},{"NeowsBlessing":0,"Dota2Spire:BlackKingBar":6,"Golden Idol":1,"Blue Candle":69,"Juzu Bracelet":46,"aspiration:Stabinomicon":46,"EVO:Axolotl":0,"Letter Opener":36,"Frozen Egg 2":19,"Peace Pipe":50,"Dream Catcher":19,"infinitespire:Lychee Nut":64,"MutagenicStrength":36,"MealTicket":50,"Turnip":3,"Dota2Spire:Mjollnir":69,"hubris:ToyBattleship":2,"Hololive_Finger":31,"halation:PinkAlligatorPlush":57,"infinitespire:EmpoweringShard":72,"halation:AfternoonTea":69,"ekkoTheBoyWhoShatteredTime:zDriveResonance":0,"aspiration:ChemicalBlood":2}]},"card_choices":[{"not_picked":["ekkoTheBoyWhoShatteredTime:QuickBreak","ekkoTheBoyWhoShatteredTime:Backtrack"],"picked":"ekkoTheBoyWhoShatteredTime:WideSlice","floor":1},{"not_picked":["ekkoTheBoyWhoShatteredTime:AfterimageBait","ekkoTheBoyWhoShatteredTime:TimeRecall"],"picked":"ekkoTheBoyWhoShatteredTime:NeedlesslyLargeRod","floor":3},{"not_picked":["ekkoTheBoyWhoShatteredTime:HauntedAfterimage","ekkoTheBoyWhoShatteredTime:Disturblast"],"picked":"ekkoTheBoyWhoShatteredTime:ComeAtMe","floor":6},{"not_picked":["ekkoTheBoyWhoShatteredTime:PhaseDive","ekkoTheBoyWhoShatteredTime:AfterimageTease"],"picked":"ekkoTheBoyWhoShatteredTime:SandstormSympathy","floor":8},{"not_picked":["ekkoTheBoyWhoShatteredTime:Leap","ekkoTheBoyWhoShatteredTime:Greed"],"picked":"ekkoTheBoyWhoShatteredTime:AfterimageTimeWrap","floor":10},{"not_picked":["ekkoTheBoyWhoShatteredTime:AfterimageBait","ekkoTheBoyWhoShatteredTime:HauntedAfterimage"],"picked":"ekkoTheBoyWhoShatteredTime:Periocharge","floor":11},{"not_picked":["ekkoTheBoyWhoShatteredTime:SneakHit","ekkoTheBoyWhoShatteredTime:HauntingGuise","ekkoTheBoyWhoShatteredTime:Overflow"],"picked":"SKIP","floor":14},{"not_picked":["ekkoTheBoyWhoShatteredTime:AfterimageBait","ekkoTheBoyWhoShatteredTime:Greed"],"picked":"ekkoTheBoyWhoShatteredTime:BansheesVeil+1","floor":15},{"not_picked":["ekkoTheBoyWhoShatteredTime:URF","ekkoTheBoyWhoShatteredTime:ZhonyasHourglass"],"picked":"ekkoTheBoyWhoShatteredTime:ProjectPreference","floor":16},{"not_picked":["ekkoTheBoyWhoShatteredTime:DelayedWork","ekkoTheBoyWhoShatteredTime:AfterimageHit+1"],"picked":"ekkoTheBoyWhoShatteredTime:NeedlesslyLargeRod+1","floor":18},{"not_picked":["ekkoTheBoyWhoShatteredTime:KneeNSwordCombo","ekkoTheBoyWhoShatteredTime:SneakHit","ekkoTheBoyWhoShatteredTime:Leap"],"picked":"SKIP","floor":22},{"not_picked":["ekkoTheBoyWhoShatteredTime:PhaseDive","ekkoTheBoyWhoShatteredTime:AfterimageBait+1","ekkoTheBoyWhoShatteredTime:AfterimageTimeWrap"],"picked":"SKIP","floor":24},{"not_picked":["ekkoTheBoyWhoShatteredTime:QuickBreak+1","ekkoTheBoyWhoShatteredTime:CommittedStrike","ekkoTheBoyWhoShatteredTime:Greed"],"picked":"SKIP","floor":25},{"not_picked":["ekkoTheBoyWhoShatteredTime:Confident","ekkoTheBoyWhoShatteredTime:PhaseDive","ekkoTheBoyWhoShatteredTime:WaitForKeyTiming"],"picked":"SKIP","floor":29},{"not_picked":["ekkoTheBoyWhoShatteredTime:WideSlice+1","ekkoTheBoyWhoShatteredTime:PhaseDive"],"picked":"ekkoTheBoyWhoShatteredTime:NeedlesslyLargeRod+1","floor":31},{"not_picked":["ekkoTheBoyWhoShatteredTime:ProjectPreference","ekkoTheBoyWhoShatteredTime:TimeIndustry"],"picked":"ekkoTheBoyWhoShatteredTime:OverloadingWeapon","floor":33},{"not_picked":["ekkoTheBoyWhoShatteredTime:Backtrack","ekkoTheBoyWhoShatteredTime:IceBreak"],"picked":"ekkoTheBoyWhoShatteredTime:NeedlesslyLargeRod+1","floor":35},{"not_picked":["Apotheosis","Finesse"],"picked":"Panache+1","floor":37},{"not_picked":["ekkoTheBoyWhoShatteredTime:SneakHit+1","ekkoTheBoyWhoShatteredTime:HextechProtobelt+1"],"picked":"ekkoTheBoyWhoShatteredTime:PlayTheBeat","floor":38},{"not_picked":["ekkoTheBoyWhoShatteredTime:RecallingPunch+1","ekkoTheBoyWhoShatteredTime:SpHit"],"picked":"ekkoTheBoyWhoShatteredTime:NeedlesslyLargeRod+1","floor":41},{"not_picked":["ekkoTheBoyWhoShatteredTime:LevelUp+1","ekkoTheBoyWhoShatteredTime:Timewinder+1"],"picked":"ekkoTheBoyWhoShatteredTime:CatchUpTime","floor":45},{"not_picked":["ekkoTheBoyWhoShatteredTime:HauntedAfterimage","ekkoTheBoyWhoShatteredTime:NaggingBlow+1","ekkoTheBoyWhoShatteredTime:Backtrack"],"picked":"SKIP","floor":46},{"not_picked":["ekkoTheBoyWhoShatteredTime:Dash","ekkoTheBoyWhoShatteredTime:AfterimageHit+1"],"picked":"ekkoTheBoyWhoShatteredTime:Backtrack+1","floor":47}],"player_experience":481980,"relics_obtained":[{"floor":6,"key":"Turnip"},{"floor":9,"key":"Dota2Spire:BlackKingBar"},{"floor":11,"key":"Dream Catcher"},{"floor":21,"key":"Letter Opener"},{"floor":26,"key":"Juzu Bracelet"},{"floor":28,"key":"aspiration:Stabinomicon"},{"floor":29,"key":"Peace Pipe"},{"floor":41,"key":"halation:AfternoonTea"},{"floor":43,"key":"Dota2Spire:Mjollnir"},{"floor":45,"key":"infinitespire:EmpoweringShard"}],"event_choices":[{"damage_healed":0,"gold_gain":0,"player_choice":"Take Damage","damage_taken":19,"relics_obtained":["Golden Idol"],"max_hp_gain":0,"max_hp_loss":0,"event_name":"Golden Idol","floor":2,"gold_loss":0},{"damage_healed":0,"gold_gain":0,"player_choice":"Argue","damage_taken":0,"max_hp_gain":0,"max_hp_loss":0,"event_name":"conspire:LoneGhost","floor":4,"gold_loss":0},{"damage_healed":0,"gold_gain":0,"player_choice":"RE RE ","damage_taken":35,"relics_obtained":["aspiration:ChemicalBlood","hubris:ToyBattleship"],"max_hp_gain":0,"max_hp_loss":0,"event_name":"betterSkull:BetterSkull","floor":5,"gold_loss":0,"cards_upgraded":[]},{"damage_healed":0,"gold_gain":0,"player_choice":"Ignored","damage_taken":0,"max_hp_gain":0,"max_hp_loss":0,"event_name":"Vampires","floor":19,"gold_loss":0},{"damage_healed":0,"gold_gain":0,"player_choice":"Inject Mutagens","damage_taken":0,"relics_obtained":["MutagenicStrength"],"max_hp_gain":0,"max_hp_loss":0,"event_name":"Drug Dealer","floor":20,"gold_loss":0},{"damage_healed":0,"gold_gain":0,"player_choice":"Obtained Book","damage_taken":16,"max_hp_gain":0,"max_hp_loss":0,"event_name":"Cursed Tome","floor":28,"gold_loss":0},{"damage_healed":0,"gold_gain":0,"player_choice":"Ignored","damage_taken":0,"max_hp_gain":0,"max_hp_loss":0,"event_name":"NoteForYourself","floor":36,"gold_loss":0},{"damage_healed":0,"gold_gain":0,"player_choice":"Memory 1","damage_taken":0,"max_hp_gain":0,"max_hp_loss":0,"event_name":"SensoryStone","floor":37,"gold_loss":0},{"damage_healed":0,"gold_gain":0,"player_choice":"Forge","damage_taken":0,"max_hp_gain":0,"max_hp_loss":0,"event_name":"Accursed Blacksmith","floor":44,"gold_loss":0,"cards_upgraded":["ekkoTheBoyWhoShatteredTime:Unleashed"]}],"is_beta":true,"boss_relics":[{"not_picked":["vexMod:CursedCompass","halation:Yufonium"],"picked":"Hololive_Finger"},{"not_picked":["Fusion Hammer","halation:PlatinumPhoenix"],"picked":"halation:PinkAlligatorPlush"}],"items_purged_floors":[30,39],"is_endless":false,"potions_floor_spawned":[1,3,10,18,22,31,46,47],"ascension_level":0}}