{"host":"qgrlfjrqk9z96gfi","time":1611034683,"event":{"mods":["BaseMod","Block Reminder","Colored Map","Custom Start","DeckTracker","Minty Spire (QoL Compilation)"],"gold_per_floor":[115,115,10,10,10,10,40,58,129,129,160,160,190,205,205,284,284,297,166,166,181,181,181,181,207,207,207,207,227,13,13,13,87,87,103,114,8,8,8],"floor_reached":38,"language":"ENG","playtime":1194,"items_purged":["Strike_G","Strike_G","Strike_G"],"score":862,"play_id":"bdd6f77c-5040-4c74-9e92-ce56df435165","local_time":"20210118193803","is_ascension_mode":true,"campfire_choices":[{"data":"Dagger Spray","floor":6.0,"key":"SMITH"},{"data":"Dash","floor":12.0,"key":"SMITH"},{"data":"Neutralize","floor":15.0,"key":"SMITH"},{"data":"Ghostly","floor":23.0,"key":"SMITH"},{"data":"Ghostly","floor":28.0,"key":"SMITH"},{"floor":32.0,"key":"REST"}],"circlet_count":0,"master_deck":["AscendersBane","Strike_G+1","Defend_G","Defend_G","Defend_G","Defend_G+1","Defend_G","Survivor","Neutralize+1","Deadly Poison+1","Dagger Spray+1","Well Laid Plans","Crippling Poison","Deadly Poison","Dash+1","Flying Knee+1","Bullet Time","Catalyst","PiercingWail","Heel Hook+1","Leg Sweep","Ghostly+1","Ghostly+1","Ghostly","Calculated Gamble","Adrenaline","Noxious Fumes+1"],"relics":["Ring of the Snake","NeowsBlessing","White Beast Statue","Du-Vu Doll","Gremlin Horn","Bag of Marbles","Molten Egg 2","Velvet Choker","Frozen Egg 2","Turnip","Paper Crane","Membership Card","Cursed Key"],"acts_visited":["Exordium","TheCity","TheBeyond"],"potions_floor_usage":[38],"damage_taken":[{"damage":0.0,"enemies":"Cultist","floor":1.0,"turns":1.0},{"damage":0.0,"enemies":"3 Sentries","floor":7.0,"turns":1.0},{"damage":0.0,"enemies":"Jaw Worm","floor":8.0,"turns":1.0},{"damage":17.0,"enemies":"Lagavulin","floor":11.0,"turns":5.0},{"damage":11.0,"enemies":"3 Sentries","floor":13.0,"turns":6.0},{"damage":1.0,"enemies":"Small Slimes","floor":14.0,"turns":3.0},{"damage":13.0,"enemies":"The Guardian","floor":16.0,"turns":10.0},{"damage":23.0,"enemies":"2 Thieves","floor":18.0,"turns":4.0},{"damage":7.0,"enemies":"Spheric Guardian","floor":21.0,"turns":4.0},{"damage":1.0,"enemies":"Gremlin Leader","floor":25.0,"turns":4.0},{"damage":3.0,"enemies":"Chosen and Byrds","floor":29.0,"turns":7.0},{"damage":20.0,"enemies":"Automaton","floor":33.0,"turns":11.0},{"damage":0.0,"enemies":"3 Darklings","floor":35.0,"turns":4.0},{"damage":1.0,"enemies":"3 Shapes","floor":36.0,"turns":10.0},{"damage":28,"enemies":"2 Orb Walkers","floor":38,"turns":4}],"seed_played":"-1617580616076944446","potions_obtained":[{"floor":7.0,"key":"BlessingOfTheForge"},{"floor":8.0,"key":"Regen Potion"},{"floor":11.0,"key":"BlessingOfTheForge"},{"floor":13.0,"key":"PowerPotion"},{"floor":16.0,"key":"ColorlessPotion"},{"floor":18.0,"key":"DistilledChaos"},{"floor":29.0,"key":"Poison Potion"},{"floor":33.0,"key":"PowerPotion"},{"floor":35.0,"key":"Strength Potion"},{"floor":36.0,"key":"SpeedPotion"}],"is_trial":false,"path_per_floor":["M","?","$","T","$","R","E","M","T","?","E","R","E","M","R","B",null,"M","$","?","M","?","R","T","E","T","?","R","M","$","?","R","B",null,"M","M","$","?"],"character_chosen":"THE_SILENT","items_purchased":["Dagger Spray","Well Laid Plans","PiercingWail","Membership Card","Noxious Fumes+1"],"campfire_rested":1,"item_purchase_floors":[3,3,19,30,37],"current_hp_per_floor":[59,59,59,59,59,59,59,59,59,39,37,37,26,25,25,12,53,30,30,30,23,23,23,23,22,22,22,22,19,19,12,23,3,29,29,28,28,0,0],"gold":8,"neow_bonus":"THREE_ENEMY_KILL","is_daily":false,"chose_seed":false,"campfire_upgraded":5,"win_rate":0.0,"timestamp":1611034683,"path_taken":["M","?","$","?","?","R","E","?","T","?","E","R","E","M","R","BOSS","M","$","?","?","?","R","?","E","T","?","R","M","$","?","R","BOSS","M","M","$","?"],"items_purchased_type":["Card","Card","Card","Relic","Card"],"build_version":"2020-12-22","purchased_purges":3,"victory":false,"max_hp_per_floor":[66,66,66,66,66,66,66,66,66,66,66,66,66,66,66,66,66,66,66,66,66,33,33,33,33,33,33,33,33,33,38,38,38,38,38,38,38,38,38],"card_choices":[{"not_picked":["Bane","Dodge and Roll"],"picked":"Deadly Poison","floor":1.0},{"not_picked":["PiercingWail","Dagger Spray"],"picked":"Crippling Poison","floor":7.0},{"not_picked":["Quick Slash","Finisher"],"picked":"Deadly Poison","floor":8.0},{"not_picked":["Slice","Night Terror"],"picked":"Dash","floor":11.0},{"not_picked":["Underhanded Strike+1","Dodge and Roll"],"picked":"Flying Knee+1","floor":13.0},{"not_picked":["Flechettes+1","Cloak And Dagger","Slice+1"],"picked":"SKIP","floor":14.0},{"not_picked":["Doppelganger","Unload+1"],"picked":"Bullet Time","floor":16.0},{"not_picked":["Riddle With Holes+1","Backflip"],"picked":"Catalyst","floor":18.0},{"not_picked":["Slice+1","Infinite Blades"],"picked":"Leg Sweep","floor":21.0},{"not_picked":["Underhanded Strike+1","Flechettes+1","Crippling Poison"],"picked":"SKIP","floor":25.0},{"not_picked":["Blade Dance","Endless Agony+1","Dagger Spray+1"],"picked":"SKIP","floor":29.0},{"not_picked":["Glass Knife+1","Venomology"],"picked":"Adrenaline","floor":33.0},{"not_picked":["Underhanded Strike+1","Dagger Throw+1","Quick Slash+1"],"picked":"SKIP","floor":35.0},{"not_picked":["Blade Dance+1","Prepared+1","Underhanded Strike+1"],"picked":"SKIP","floor":36.0}],"player_experience":1032319,"relics_obtained":[{"floor":4.0,"key":"White Beast Statue"},{"floor":7.0,"key":"Du-Vu Doll"},{"floor":9.0,"key":"Gremlin Horn"},{"floor":11.0,"key":"Bag of Marbles"},{"floor":13.0,"key":"Molten Egg 2"},{"floor":24.0,"key":"Frozen Egg 2"},{"floor":25.0,"key":"Turnip"},{"floor":26.0,"key":"Paper Crane"}],"event_choices":[{"damage_healed":0.0,"max_hp_gain":0.0,"max_hp_loss":0.0,"gold_gain":0.0,"event_name":"Accursed Blacksmith","player_choice":"Forge","floor":2.0,"gold_loss":0.0,"damage_taken":0.0,"cards_upgraded":["Deadly Poison"]},{"damage_healed":0.0,"max_hp_gain":0.0,"max_hp_loss":0.0,"gold_gain":0.0,"event_name":"Shining Light","player_choice":"Entered Light","floor":10.0,"gold_loss":0.0,"damage_taken":20.0,"cards_upgraded":["Defend_G","Strike_G"]},{"damage_healed":0.0,"max_hp_gain":0.0,"max_hp_loss":0.0,"gold_gain":0.0,"cards_transformed":["Strike_G"],"event_name":"Transmorgrifier","player_choice":"Transformed","floor":20.0,"gold_loss":0.0,"damage_taken":0.0,"cards_obtained":["Heel Hook"]},{"damage_healed":0.0,"max_hp_gain":0.0,"max_hp_loss":33.0,"gold_gain":0.0,"event_name":"Ghosts","player_choice":"Became a Ghost","floor":22.0,"gold_loss":0.0,"damage_taken":0.0,"cards_obtained":["Ghostly","Ghostly","Ghostly"]},{"damage_healed":0.0,"max_hp_gain":0.0,"max_hp_loss":0.0,"gold_gain":0.0,"event_name":"The Library","player_choice":"Read","floor":27.0,"gold_loss":0.0,"damage_taken":0.0,"cards_obtained":["Calculated Gamble"]},{"damage_healed":0.0,"max_hp_gain":5.0,"max_hp_loss":0.0,"gold_gain":0.0,"event_name":"Forgotten Altar","player_choice":"Shed Blood","floor":31.0,"gold_loss":0.0,"damage_taken":12.0},{"damage_healed":0,"gold_gain":0,"player_choice":"Fight","damage_taken":0,"max_hp_gain":0,"max_hp_loss":0,"event_name":"Mysterious Sphere","floor":38,"gold_loss":0}],"is_beta":false,"boss_relics":[{"not_picked":["Runic Pyramid","Black Star"],"picked":"Velvet Choker"},{"not_picked":["Calling Bell","Empty Cage"],"picked":"Cursed Key"}],"items_purged_floors":[19,30,37],"is_endless":false,"potions_floor_spawned":[7,8,11,13,14,16,18,21,25,29,33,35,36],"killed_by":"2 Orb Walkers","ascension_level":20}}