{"host":"ifd7sfhtlbe34qll","time":1611037824,"event":{"mods":["2.2 Compatiblity","BaseMod","Block Reminder","Colored Map","Curses Come First","Highlight Path","Minty Spire (QoL Compilation)","Potion Indicator Mod","Quick Restart","Relic Stats","StSLib"],"gold_per_floor":[110,130,5,5,5,38,38,55,55,55,90,90,124,148,148,241,241,262,262,287,177,193,224,224,265,265,284,44,44,58,96,96,195,195,210,225,225,246,246,246],"floor_reached":39,"language":"ENG","playtime":1575,"items_purged":["Strike_B","Strike_B+1"],"score":968,"play_id":"a95e90ff-7e75-4e68-9862-2e78251c88c2","local_time":"20210119003024","is_ascension_mode":true,"campfire_choices":[{"data":"Zap","floor":7.0,"key":"SMITH"},{"data":"Static Discharge","floor":15.0,"key":"SMITH"},{"floor":24.0,"key":"REST"},{"data":"Defragment","floor":29.0,"key":"SMITH"},{"data":"Defragment","floor":32.0,"key":"SMITH"}],"circlet_count":0,"master_deck":["AscendersBane","Defend_B+1","Defend_B","Defend_B","Defend_B","Zap+1","Dualcast","Self Repair","Compile Driver","Ball Lightning+1","Darkness","Go for the Eyes","Buffer","FTL","Static Discharge+1","Static Discharge","Seek","Coolheaded","RitualDagger","Skim","Defragment+1","Coolheaded","Ball Lightning+1","Conserve Battery","Defragment+1","Sweeping Beam+1","Echo Form","Static Discharge","Amplify","Streamline+1","Glacier","Conserve Battery+1"],"relics":["Cracked Core","NeowsBlessing","Pantograph","Regal Pillow","Omamori","Whetstone","Golden Idol","MealTicket","Cursed Key","Molten Egg 2","Eternal Feather","Pen Nib","Incense Burner","Coffee Dripper","StrikeDummy"],"acts_visited":["Exordium","TheCity","TheBeyond"],"potions_floor_usage":[39],"damage_taken":[{"damage":0.0,"enemies":"Cultist","floor":1.0,"turns":1.0},{"damage":0.0,"enemies":"Jaw Worm","floor":2.0,"turns":1.0},{"damage":0.0,"enemies":"Lagavulin","floor":6.0,"turns":2.0},{"damage":1.0,"enemies":"2 Louse","floor":8.0,"turns":2.0},{"damage":11.0,"enemies":"Gremlin Nob","floor":11.0,"turns":4.0},{"damage":5.0,"enemies":"Lagavulin","floor":13.0,"turns":6.0},{"damage":8.0,"enemies":"Blue Slaver","floor":14.0,"turns":3.0},{"damage":37.0,"enemies":"The Guardian","floor":16.0,"turns":8.0},{"damage":4.0,"enemies":"3 Byrds","floor":18.0,"turns":1.0},{"damage":20.0,"enemies":"Spheric Guardian","floor":20.0,"turns":3.0},{"damage":21.0,"enemies":"Snake Plant","floor":22.0,"turns":3.0},{"damage":21.0,"enemies":"Book of Stabbing","floor":23.0,"turns":5.0},{"damage":19.0,"enemies":"Gremlin Leader","floor":25.0,"turns":4.0},{"damage":17.0,"enemies":"Snecko","floor":27.0,"turns":5.0},{"damage":9.0,"enemies":"Centurion and Healer","floor":30.0,"turns":4.0},{"damage":32.0,"enemies":"Slavers","floor":31.0,"turns":3.0},{"damage":51.0,"enemies":"Automaton","floor":33.0,"turns":8.0},{"damage":32.0,"enemies":"3 Darklings","floor":35.0,"turns":6.0},{"damage":25.0,"enemies":"Orb Walker","floor":36.0,"turns":4.0},{"damage":18.0,"enemies":"Sphere and 2 Shapes","floor":38.0,"turns":3.0},{"damage":11,"enemies":"Jaw Worm Horde","floor":39,"turns":4}],"seed_played":"2588089529349611165","potions_obtained":[{"floor":1.0,"key":"Regen Potion"},{"floor":8.0,"key":"SkillPotion"},{"floor":14.0,"key":"PowerPotion"},{"floor":22.0,"key":"FearPotion"},{"floor":27.0,"key":"Block Potion"},{"floor":33.0,"key":"BlessingOfTheForge"}],"is_trial":false,"path_per_floor":["M","M","$","?","$","E","R","M","T","?","E","?","E","M","R","B",null,"M","?","M","?","M","E","R","E","T","M","$","R","M","E","R","B",null,"M","M","?","M","M"],"character_chosen":"DEFECT","items_purchased":["Ball Lightning","Defragment","Sweeping Beam+1"],"campfire_rested":1,"item_purchase_floors":[3,28,28],"current_hp_per_floor":[64,64,64,59,59,66,66,71,71,71,67,64,64,63,63,27,55,51,45,44,44,30,23,57,38,38,28,43,58,56,24,39,20,53,35,24,24,6,0,0],"gold":246,"neow_bonus":"THREE_ENEMY_KILL","is_daily":false,"chose_seed":false,"campfire_upgraded":4,"win_rate":0.0,"timestamp":1611037824,"path_taken":["M","?","$","?","$","E","R","M","T","?","E","?","E","M","R","BOSS","M","?","M","?","M","E","R","E","T","M","$","R","?","E","R","BOSS","M","M","?","M","?"],"items_purchased_type":["Card","Card","Card"],"build_version":"2020-12-22","purchased_purges":2,"victory":false,"max_hp_per_floor":[71,71,71,71,71,71,71,71,71,71,71,64,64,64,64,64,64,64,64,64,64,64,64,64,64,64,64,64,64,64,64,64,64,64,64,64,64,64,64,64],"relic_stats":{"Regal Pillow":15,"counters":[21,80],"Golden Idol":102,"Pantograph":26,"MealTicket":15,"Eternal Feather":30,"Pen Nib":[5],"Whetstone":["Strike_B","Ball Lightning"],"Cursed Key":1,"obtain_stats":[{"Regal Pillow":6,"NeowsBlessing":0,"Golden Idol":12,"Eternal Feather":25,"Pen Nib":26,"Omamori":9,"Incense Burner":31,"Whetstone":11,"Cursed Key":17,"Pantograph":4,"MealTicket":13,"Molten Egg 2":23,"Coffee Dripper":34,"Cracked Core":0,"StrikeDummy":37},{"Regal Pillow":3,"NeowsBlessing":0,"Golden Idol":5,"Eternal Feather":13,"Pen Nib":13,"Omamori":4,"Incense Burner":16,"Whetstone":5,"Cursed Key":8,"Pantograph":2,"MealTicket":6,"Molten Egg 2":12,"Coffee Dripper":17,"Cracked Core":0,"StrikeDummy":19},{"Regal Pillow":4,"NeowsBlessing":0,"Golden Idol":10,"Eternal Feather":43,"Pen Nib":43,"Omamori":6,"Incense Burner":55,"Whetstone":10,"Cursed Key":27,"Pantograph":2,"MealTicket":16,"Molten Egg 2":39,"Coffee Dripper":63,"Cracked Core":0,"StrikeDummy":73}]},"card_choices":[{"not_picked":["Consume","Turbo"],"picked":"Self Repair","floor":1.0},{"not_picked":["Go for the Eyes","Conserve Battery"],"picked":"Compile Driver","floor":2.0},{"not_picked":["Double Energy","Reboot"],"picked":"Darkness","floor":6.0},{"not_picked":["Reprogram","Darkness"],"picked":"Go for the Eyes","floor":8.0},{"not_picked":["Sweeping Beam","Stack"],"picked":"FTL","floor":11.0},{"not_picked":["Rebound","Lockon"],"picked":"Static Discharge","floor":13.0},{"not_picked":["Redo","Steam"],"picked":"Static Discharge","floor":14.0},{"not_picked":["Rainbow","Meteor Strike"],"picked":"Seek","floor":16.0},{"not_picked":["Ball Lightning","Consume"],"picked":"Coolheaded","floor":18.0},{"not_picked":["Compile Driver","Gash"],"picked":"Skim","floor":20.0},{"not_picked":["Sweeping Beam+1","Ball Lightning"],"picked":"Defragment","floor":22.0},{"not_picked":["Doom and Gloom+1","Barrage+1"],"picked":"Coolheaded","floor":23.0},{"not_picked":["Fusion","Self Repair"],"picked":"Ball Lightning+1","floor":25.0},{"not_picked":["Turbo","Go for the Eyes+1"],"picked":"Conserve Battery","floor":27.0},{"not_picked":["Ball Lightning+1","Loop"],"picked":"Echo Form","floor":30.0},{"not_picked":["Rip and Tear+1","Self Repair"],"picked":"Static Discharge","floor":31.0},{"not_picked":["Rainbow","All For One+1"],"picked":"Amplify","floor":33.0},{"not_picked":["Gash+1","Go for the Eyes+1"],"picked":"Streamline+1","floor":35.0},{"not_picked":["Leap+1","Chill"],"picked":"Glacier","floor":36.0},{"not_picked":["Hello World","Gash+1"],"picked":"Conserve Battery+1","floor":38.0}],"player_experience":1425160,"relics_obtained":[{"floor":6.0,"key":"Regal Pillow"},{"floor":9.0,"key":"Omamori"},{"floor":11.0,"key":"Whetstone"},{"floor":13.0,"key":"MealTicket"},{"floor":23.0,"key":"Molten Egg 2"},{"floor":25.0,"key":"Eternal Feather"},{"floor":26.0,"key":"Pen Nib"},{"floor":31.0,"key":"Incense Burner"},{"floor":37.0,"key":"StrikeDummy"}],"event_choices":[{"damage_healed":0.0,"max_hp_gain":0.0,"max_hp_loss":0.0,"gold_gain":0.0,"event_name":"Scrap Ooze","player_choice":"Success","floor":4.0,"gold_loss":0.0,"damage_taken":5.0,"relics_obtained":["Pantograph"]},{"damage_healed":0.0,"max_hp_gain":0.0,"max_hp_loss":0.0,"gold_gain":0.0,"cards_transformed":["Strike_B"],"event_name":"Living Wall","player_choice":"Change","floor":10.0,"gold_loss":0.0,"damage_taken":0.0,"cards_obtained":["Buffer"]},{"damage_healed":0.0,"max_hp_gain":0.0,"max_hp_loss":7.0,"gold_gain":0.0,"event_name":"Golden Idol","player_choice":"Lose Max HP","floor":12.0,"gold_loss":0.0,"damage_taken":0.0,"relics_obtained":["Golden Idol"]},{"damage_healed":0.0,"max_hp_gain":0.0,"max_hp_loss":0.0,"gold_gain":0.0,"event_name":"Nest","player_choice":"Joined the Cult","floor":19.0,"gold_loss":0.0,"damage_taken":6.0,"cards_obtained":["RitualDagger"]},{"cards_removed":["Strike_B"],"damage_healed":0.0,"max_hp_gain":0.0,"max_hp_loss":0.0,"gold_gain":0.0,"event_name":"Designer","player_choice":"Upgrade and Remove","floor":21.0,"gold_loss":110.0,"damage_taken":0.0,"cards_upgraded":["Defend_B"]},{"damage_healed":0.0,"max_hp_gain":0.0,"max_hp_loss":0.0,"gold_gain":0.0,"event_name":"Wheel of Change","player_choice":"Relic","floor":37.0,"gold_loss":0.0,"damage_taken":0.0}],"is_beta":false,"boss_relics":[{"not_picked":["Fusion Hammer","Black Star"],"picked":"Cursed Key"},{"not_picked":["Philosopher\u0027s Stone","Sozu"],"picked":"Coffee Dripper"}],"items_purged_floors":[3,28],"is_endless":false,"potions_floor_spawned":[1,8,14,16,22,27,30,33,36],"killed_by":"Jaw Worm Horde","ascension_level":20}}