{"host":"dcj2yvrgcvh5dl2s","time":1611036700,"event":{"mods":["BaseMod","Bestiary","Better Note","Block Reminder","Colored Powertips","Curses Come First","DeckTracker","Minty Spire (QoL Compilation)","Quick Restart","Rare Cards Sparkle","Relic Stats","StSLib"],"gold_per_floor":[109,59,234,16,16,41,58,84,134,134,150,185,205,223,223,223,223],"floor_reached":16,"language":"ENG","playtime":583,"items_purged":["Doubt"],"score":156,"play_id":"c2f2f810-2715-4dcb-9ecc-cbca5b288af9","local_time":"20210119161140","is_ascension_mode":true,"campfire_choices":[{"floor":10,"key":"REST"},{"floor":15,"key":"REST"}],"circlet_count":0,"master_deck":["Strike_G","Strike_G","Strike_G","Strike_G","Defend_G","Defend_G","Defend_G","Defend_G","Defend_G","Survivor","Neutralize+1","Backstab","PiercingWail","Dagger Spray","Blade Dance","Accuracy","Footwork","Wraith Form v2"],"relics":["Fusion Hammer","Akabeko","Lantern","Snake Skull","Art of War","Kunai"],"acts_visited":["Exordium"],"potions_floor_usage":[16,16],"damage_taken":[{"damage":0,"enemies":"Small Slimes","floor":1,"turns":4},{"damage":33,"enemies":"Lagavulin","floor":6,"turns":10},{"damage":1,"enemies":"Jaw Worm","floor":7,"turns":2},{"damage":17,"enemies":"3 Sentries","floor":8,"turns":11},{"damage":4,"enemies":"Cultist","floor":11,"turns":3},{"damage":25,"enemies":"Gremlin Nob","floor":12,"turns":4},{"damage":0,"enemies":"Lots of Slimes","floor":13,"turns":2},{"damage":0,"enemies":"Exordium Thugs","floor":14,"turns":3},{"damage":25,"enemies":"Slime Boss","floor":16,"turns":6}],"seed_played":"-6951188527037719636","potions_obtained":[{"floor":8,"key":"DuplicationPotion"},{"floor":12,"key":"Poison Potion"},{"floor":14,"key":"AttackPotion"}],"is_trial":false,"path_per_floor":["M","?","?","$","?","E","M","E","T","R","M","E","M","M","R","B"],"character_chosen":"THE_SILENT","items_purchased":["Akabeko"],"campfire_rested":2,"item_purchase_floors":[4],"current_hp_per_floor":[63,63,63,63,63,30,29,12,12,33,29,4,4,4,25,0,0],"gold":223,"neow_bonus":"BOSS_RELIC","is_daily":false,"chose_seed":false,"campfire_upgraded":0,"win_rate":0.0,"timestamp":1611036700,"path_taken":["M","?","?","$","?","E","?","E","T","R","M","E","?","M","R","BOSS"],"items_purchased_type":["Relic"],"build_version":"2020-12-22","purchased_purges":1,"victory":false,"max_hp_per_floor":[70,70,70,70,70,70,70,70,70,70,70,70,70,70,70,70,70],"relic_stats":{"counters":[9,45],"Snake Skull":[0],"Art of War":[0],"Kunai":[8],"obtain_stats":[{"Lantern":6,"Fusion Hammer":0,"Snake Skull":8,"Art of War":9,"Kunai":12,"Akabeko":4,"Ring of the Snake":0},{"Lantern":2,"Fusion Hammer":0,"Snake Skull":4,"Art of War":4,"Kunai":6,"Akabeko":1,"Ring of the Snake":0},{"Lantern":14,"Fusion Hammer":0,"Snake Skull":27,"Art of War":27,"Kunai":34,"Akabeko":4,"Ring of the Snake":0}]},"card_choices":[{"not_picked":["Dagger Spray","Flying Knee"],"picked":"Backstab","floor":1},{"not_picked":["Dodge and Roll","Sucker Punch"],"picked":"PiercingWail","floor":6},{"not_picked":["Well Laid Plans","Masterful Stab"],"picked":"Dagger Spray","floor":7},{"not_picked":["Prepared","Backstab"],"picked":"Blade Dance","floor":8},{"not_picked":["Deflect","Underhanded Strike"],"picked":"Accuracy","floor":11},{"not_picked":["Quick Slash","Concentrate"],"picked":"Footwork","floor":12},{"not_picked":["Poisoned Stab","Outmaneuver","Tactician"],"picked":"SKIP","floor":13},{"not_picked":["Underhanded Strike","Prepared"],"picked":"Wraith Form v2","floor":14}],"player_experience":2256756,"relics_obtained":[{"floor":6,"key":"Lantern"},{"floor":8,"key":"Snake Skull"},{"floor":9,"key":"Art of War"},{"floor":12,"key":"Kunai"}],"event_choices":[{"cards_removed":["Strike_G"],"damage_healed":0,"gold_gain":0,"player_choice":"Card Removal","damage_taken":0,"max_hp_gain":0,"max_hp_loss":0,"event_name":"The Cleric","floor":2,"gold_loss":50},{"damage_healed":0,"gold_gain":175,"player_choice":"AGREE","damage_taken":0,"max_hp_gain":0,"max_hp_loss":0,"event_name":"Liars Game","floor":3,"gold_loss":0,"cards_obtained":["Doubt"]},{"damage_healed":0,"gold_gain":0,"player_choice":"Upgraded","damage_taken":0,"max_hp_gain":0,"max_hp_loss":0,"event_name":"Upgrade Shrine","floor":5,"gold_loss":0,"cards_upgraded":["Neutralize"]}],"is_beta":false,"boss_relics":[],"items_purged_floors":[4],"is_endless":false,"potions_floor_spawned":[8,12,14],"killed_by":"Slime Boss","ascension_level":6}}