{"host":"yii5it3292r9xs7s","time":1611063019,"event":{"mods":["100% Spire Juice","ATMod(阿瑾Mod)","Act Like it!","BaseMod","Colored Powertips","Downfall","Energized Spire","Minty Spire (QoL Compilation)","Pale of the Ancients","RumiaBox-露米娅的神秘盒子","StSLib","The Saiyan","The Servant 0.9.4","Waifu the Spire","noobMod","vexMod","【功能Mod】混沌之环修复补丁","【遗物卡牌】REMEMod","篝火指南"],"gold_per_floor":[118,135,154,167,180,194,194,294,324,324,359,359,11,23,23,122,122,135,135,149,160,173,73,73,73,73,73,84,84,94,106,124,223,223,23,34,46,96,147,147,147,159,176,187,0,0,0,38,56,56,56,84,6,6,6,6],"floor_reached":57,"language":"ZHS","playtime":3697,"items_purged":["Slimebound:Strike_Slimebound"],"score":1197,"play_id":"be03f09a-85cf-4219-9a1b-934be53bbb47","local_time":"20210119213019","is_ascension_mode":false,"campfire_choices":[{"floor":12.0,"key":"RECALL"},{"floor":15.0,"key":"REST"},{"data":"Slimebound:SelfFormingGoo","floor":23.0,"key":"SMITH"},{"data":"expansioncontent:QuickStudy","floor":25.0,"key":"SMITH"},{"data":"Slimebound:Split","floor":29.0,"key":"SMITH"},{"data":"Slimebound:SlimeBarrage","floor":35,"key":"SMITH"},{"data":"Slimebound:SlimeBrawl","floor":40,"key":"SMITH"},{"floor":54,"key":"REST"}],"circlet_count":0,"master_deck":["Slimebound:Tackle","Slimebound:Defend_Slimebound","Slimebound:Defend_Slimebound","Slimebound:Defend_Slimebound","Slimebound:Defend_Slimebound","Slimebound:Split+1","Slimebound:CorrosiveSpit","DeusExMachina","Slimebound:Gluttony","Slimebound:SplitMire","Slimebound:SlimeBarrage+1","Slimebound:SplitAcid","Slimebound:Repurpose","Slimebound:LevelUp","Slimebound:SlimeSpikes","Slimebound:Repurpose","Slimebound:SlimeTap","expansioncontent:QuickStudy+1","Slimebound:Grow","Slimebound:SelfFormingGoo+1","Slimebound:ProtectTheBoss","Bite","Bite","Bite","Bite","Bite","Slimebound:GoopSpray","Slimebound:ComboTackle","Slimebound:SplitBruiser+1","Slimebound:SlimeBrawl+1","Slimebound:SplitAcid","Slimebound:GoopSpray","Slimebound:SplitBruiser","Slimebound:LeechLife","Slimebound:SplitLeeching+1","Slimebound:SlimeSpikes+1","Slimebound:AcidTongue+1","Slimebound:SplitAcid+1","Slimebound:Repurpose","Parasite","Slimebound:RainOfGoop+1","Slimebound:SplitLeeching+1","expansioncontent:StudyTheSpire","Slimebound:SpikyOuterGoop+1","Slimebound:MinionMaster","Slimebound:RainOfGoop+1","Slimebound:LevelUp"],"relics":["Slimebound:AbsorbEndCombat","AT_ATBox","ice","AddBug","SecretRecord","SecretRecord","SecretRecord","SecretRecord","SecretRecord","SecretRecord"],"acts_visited":["Exordium","TheCity","TheBeyond","TheEnding"],"potions_floor_usage":[33,33,33,50,50,50,55],"damage_taken":[{"damage":3.0,"enemies":"Cultist","floor":1.0,"turns":4.0},{"damage":5.0,"enemies":"2 Louse","floor":2.0,"turns":3.0},{"damage":3.0,"enemies":"Small Slimes","floor":3.0,"turns":3.0},{"damage":1.0,"enemies":"3 Louse","floor":4.0,"turns":3.0},{"damage":10.0,"enemies":"Lots of Slimes","floor":5.0,"turns":2.0},{"damage":6.0,"enemies":"Large Slime","floor":6.0,"turns":4.0},{"damage":17.0,"enemies":"3 Sentries","floor":9.0,"turns":4.0},{"damage":44.0,"enemies":"Gremlin Nob","floor":11.0,"turns":4.0},{"damage":5.0,"enemies":"downfall:FleeingMerchant","floor":13.0,"turns":4.0},{"damage":14.0,"enemies":"Blue Slaver","floor":14.0,"turns":3.0},{"damage":26.0,"enemies":"WA_ARCHETYPE_RETAIN","floor":16.0,"turns":5.0},{"damage":28.0,"enemies":"3 Byrds","floor":18.0,"turns":3.0},{"damage":14.0,"enemies":"Spheric Guardian","floor":20.0,"turns":5.0},{"damage":0.0,"enemies":"Snake Plant","floor":21.0,"turns":4.0},{"damage":22.0,"enemies":"Centurion and Healer","floor":22.0,"turns":5.0},{"damage":21.0,"enemies":"Shelled Parasite and Fungi","floor":28.0,"turns":3.0},{"damage":23.0,"enemies":"3 Cultists","floor":30.0,"turns":5.0},{"damage":14.0,"enemies":"Snecko","floor":31.0,"turns":3.0},{"damage":21,"enemies":"Centurion and Healer","floor":32,"turns":4},{"damage":42,"enemies":"SI_MIRROR_ARCHETYPE","floor":33,"turns":9},{"damage":38,"enemies":"3 Darklings","floor":36,"turns":5},{"damage":11,"enemies":"3 Shapes","floor":37,"turns":2},{"damage":0,"enemies":"3 Shapes","floor":38,"turns":5},{"damage":20,"enemies":"2 Orb Walkers","floor":39,"turns":4},{"damage":26,"enemies":"Jaw Worm Horde","floor":42,"turns":3},{"damage":10,"enemies":"Writhing Mass","floor":43,"turns":4},{"damage":0,"enemies":"Maw","floor":44,"turns":4},{"damage":0,"enemies":"downfall:FleeingMerchant","floor":45,"turns":4},{"damage":0,"enemies":"downfall:FleeingMerchant","floor":48,"turns":4},{"damage":0,"enemies":"Transient","floor":49,"turns":5},{"damage":90,"enemies":"DF_ARCHETYPE_ORBS","floor":50,"turns":9},{"damage":52,"enemies":"downfall:CharBossMerchant","floor":52,"turns":7},{"damage":59,"enemies":"downfall:NeowBoss","floor":55,"turns":10},{"damage":103,"enemies":"downfall:NeowBossFinal","floor":56,"turns":9}],"seed_played":"-8570021023553290926","potions_obtained":[{"floor":1.0,"key":"Strength Potion"},{"floor":2.0,"key":"ColorlessPotion"},{"floor":11.0,"key":"BlessingOfTheForge"},{"floor":21.0,"key":"Dexterity Potion"},{"floor":32,"key":"champ:CounterPotion"},{"floor":33,"key":"Dexterity Potion"},{"floor":38,"key":"ColorlessPotion"},{"floor":42,"key":"bronze:BurnAndBuffPotion"},{"floor":52,"key":"CultistPotion"}],"is_trial":false,"path_per_floor":["M","M","M","M","M","M","T","?","E","?","E","R","$","M","R","B",null,"M","?","M","M","M","R","T","R","?","?","M","R","M","M","M","B",null,"R","M","M","?","?","R","T","M","M","M","$","R","?","$","M","B",null,"E","$","R","B","B",null],"character_chosen":"SLIMEBOUND","items_purchased":["expansioncontent:QuickStudy","Slimebound:Grow","expansioncontent:StudyTheSpire","Slimebound:MinionMaster","DollysMirror","Slimebound:LevelUp"],"campfire_rested":2,"item_purchase_floors":[13,13,45,48,48,53],"current_hp_per_floor":[68,65,66,67,61,63,63,63,50,50,12,12,13,1,22,4,71,43,43,47,49,45,55,55,55,39,39,40,40,43,34,27,18,59,59,45,42,59,59,59,59,55,59,59,59,59,59,59,59,20,59,23,23,40,59,53],"gold":6,"neow_bonus":"TEN_PERCENT_HP_BONUS","is_daily":false,"chose_seed":false,"campfire_upgraded":5,"win_rate":0.0,"timestamp":1611063019,"path_taken":["M","M","M","M","M","M","T","?","E","?","E","R","$","?","R","BOSS","M","?","M","M","M","R","T","R","?","?","M","R","M","?","R","BOSS","R","M","M","?","?","R","T","M","M","M","?","R","?","$","M","BOSS","E","$","R","BOSS","BOSS"],"items_purchased_type":["Card","Card","Card","Card","Relic","Card"],"build_version":"2020-12-22","purchased_purges":1,"victory":true,"max_hp_per_floor":[71,71,71,71,71,71,71,71,71,71,71,71,71,71,71,71,71,71,49,49,49,49,59,59,59,59,59,59,59,59,59,59,59,59,59,59,59,59,59,59,59,59,59,59,59,59,59,59,59,59,59,59,59,59,59,69],"card_choices":[{"not_picked":["Slimebound:LivingWall","Slimebound:RollThrough"],"picked":"Slimebound:Gluttony","floor":1.0},{"not_picked":["Slimebound:MegaLick","Slimebound:PressTheAttack"],"picked":"Slimebound:SplitMire","floor":2.0},{"not_picked":["Slimebound:HauntingLick","Slimebound:ComboTackle"],"picked":"Slimebound:SlimeBarrage","floor":3.0},{"not_picked":["Slimebound:PressTheAttack","Slimebound:SplitBruiser"],"picked":"Slimebound:SplitAcid","floor":4.0},{"not_picked":["Slimebound:ForwardTackle","Slimebound:FinishingTackle"],"picked":"Slimebound:Repurpose","floor":5.0},{"not_picked":["Slimebound:SlimeSpikes","Slimebound:Schlurp"],"picked":"Slimebound:LevelUp","floor":6.0},{"not_picked":["Slimebound:PressTheAttack","Slimebound:ForwardTackle"],"picked":"Slimebound:SlimeSpikes","floor":9.0},{"not_picked":["Slimebound:SpikyOuterGoop","Slimebound:OneTwoCombo"],"picked":"Slimebound:Repurpose","floor":11.0},{"not_picked":["Slimebound:LivingWall","Slimebound:SplitMire"],"picked":"Slimebound:SlimeTap","floor":13.0},{"not_picked":["Slimebound:Dissolve","Slimebound:LivingWall"],"picked":"Slimebound:MegaLick","floor":14.0},{"not_picked":["Slimebound:DouseInSlime","Slimebound:FirmFortitude"],"picked":"Slimebound:SelfFormingGoo","floor":16.0},{"not_picked":["Slimebound:ViciousTackle","Slimebound:SlimeSpikes"],"picked":"Slimebound:ProtectTheBoss","floor":18.0},{"not_picked":["Slimebound:LivingWall+1","Slimebound:GoopTackle"],"picked":"Slimebound:GoopSpray","floor":20.0},{"not_picked":["Slimebound:SlimeBarrage","Slimebound:Schlurp"],"picked":"Slimebound:ComboTackle","floor":21.0},{"not_picked":["Slimebound:Schlurp","Slimebound:SamplingLick"],"picked":"Slimebound:SplitBruiser+1","floor":22.0},{"not_picked":["Slimebound:ViciousTackle","Slimebound:SplitAcid"],"picked":"Slimebound:SlimeBrawl","floor":28.0},{"not_picked":["Slimebound:GoopTackle","Slimebound:FinishingTackle+1"],"picked":"Slimebound:SplitAcid","floor":30.0},{"not_picked":["Slimebound:GrowthPunch","Slimebound:Schlurp"],"picked":"Slimebound:GoopSpray","floor":31.0},{"not_picked":["Slimebound:OneTwoCombo","Slimebound:SamplingLick+1"],"picked":"Slimebound:SplitBruiser","floor":32},{"not_picked":["Slimebound:FirmFortitude","Slimebound:RallyTheTroops"],"picked":"Slimebound:LeechLife","floor":33},{"not_picked":["Slimebound:SplitAcid+1","Slimebound:ProtectTheBoss+1"],"picked":"Slimebound:SplitLeeching+1","floor":36},{"not_picked":["Slimebound:LeechingTouch+1","Slimebound:SplitMire"],"picked":"Slimebound:SlimeSpikes+1","floor":37},{"not_picked":["Slimebound:LivingWall+1","Slimebound:SplitMire+1"],"picked":"Slimebound:AcidTongue+1","floor":38},{"not_picked":["Slimebound:Schlurp","Slimebound:SamplingLick"],"picked":"Slimebound:SplitAcid+1","floor":39},{"not_picked":["Slimebound:Schlurp","Slimebound:DisruptingSlam+1"],"picked":"Slimebound:Repurpose","floor":42},{"not_picked":["Slimebound:SlimeTap+1","Slimebound:SplitBruiser+1"],"picked":"Slimebound:RainOfGoop+1","floor":43},{"not_picked":["Slimebound:ComboTackle+1","Slimebound:GoopTackle","Slimebound:RollThrough"],"picked":"SKIP","floor":44},{"not_picked":["Slimebound:Schlurp","Slimebound:Prepare"],"picked":"Slimebound:SplitLeeching+1","floor":45},{"not_picked":["Slimebound:SplitBruiser","Slimebound:RejuvenatingLick+1"],"picked":"Slimebound:SpikyOuterGoop+1","floor":48},{"not_picked":["Slimebound:PrepareCrush","Slimebound:DisruptingSlam+1"],"picked":"Slimebound:RainOfGoop+1","floor":49},{"not_picked":["Slimebound:WasteNot","Slimebound:Overexert","Slimebound:LeechingTouch"],"picked":"SKIP","floor":52}],"player_experience":29434,"relics_obtained":[{"floor":1.0,"key":"AddBug"},{"floor":9.0,"key":"Centennial Puzzle"},{"floor":11.0,"key":"SecretRecord"},{"floor":11.0,"key":"Happy Flower"},{"floor":20.0,"key":"SecretRecord"},{"floor":24.0,"key":"vexMod:ConsolationPrize"},{"floor":26.0,"key":"Necronomicon"},{"floor":33,"key":"SecretRecord"},{"floor":37,"key":"SecretRecord"},{"floor":38,"key":"Incense Burner"},{"floor":39,"key":"AT_GoldPhoenixTree"},{"floor":39,"key":"SecretRecord"},{"floor":41,"key":"Unceasing Top"},{"floor":52,"key":"Mercury Hourglass"}],"event_choices":[{"cards_removed":["Iron Wave"],"damage_healed":0.0,"max_hp_gain":0.0,"max_hp_loss":0.0,"gold_gain":0.0,"event_name":"NoteForYourself","player_choice":"Took Card","floor":10.0,"gold_loss":0.0,"damage_taken":0.0,"cards_obtained":["Iron Wave"]},{"damage_healed":0.0,"max_hp_gain":0.0,"max_hp_loss":22.0,"gold_gain":0.0,"event_name":"Vampires","player_choice":"Became a vampire","floor":19.0,"gold_loss":0.0,"damage_taken":0.0,"cards_obtained":["Bite","Bite","Bite","Bite","Bite"]},{"damage_healed":0,"gold_gain":0,"player_choice":"Fight","damage_taken":0,"max_hp_gain":0,"max_hp_loss":0,"event_name":"Mysterious Sphere","floor":39,"gold_loss":0},{"cards_removed":["Slimebound:MegaLick"],"damage_healed":0,"gold_gain":0,"player_choice":"Removed Skill","damage_taken":0,"max_hp_gain":0,"max_hp_loss":0,"event_name":"Falling","floor":47,"gold_loss":0}],"is_beta":false,"boss_relics":[{"not_picked":["Velvet Choker","vexMod:DeviousBotling"],"picked":"Slimebound:AbsorbEndCombatUpgraded"},{"not_picked":["energizedSpire:StickyHand","energizedSpire:HugeHouse"],"picked":"AT_TrinityForce"}],"items_purged_floors":[13],"is_endless":false,"potions_floor_spawned":[1,2,11,14,16,20,21,28,32,33,38,42,44,52],"ascension_level":0}}