{"host":"f5mjulaw5aqlqmd7","time":1611021176,"event":{"mods":["Act Like it!","BaseMod","Colored Map","GifTheSpireLib","Hallownest","Minty Spire (QoL Compilation)","StSLib","The Bug Knight"],"gold_per_floor":[109,109,127,35,48,83,83,83,153,153,166,176,192,212,212,212,212],"floor_reached":16,"language":"ENG","playtime":1395,"items_purged":[],"score":104,"play_id":"c48979ff-0593-4dc7-b625-647841452c18","local_time":"20210118205256","is_ascension_mode":false,"campfire_choices":[{"floor":7,"key":"REST"},{"floor":10,"key":"REST"},{"floor":15,"key":"REST"}],"circlet_count":0,"master_deck":["HollowMod:NailStrikeStart","HollowMod:NailStrikeStart","HollowMod:NailStrikeStart","HollowMod:NailStrikeStart","HollowMod:QuickDashStart","HollowMod:QuickDashStart","HollowMod:QuickDashStart","HollowMod:QuickDashStart","HollowMod:FocusHealStart","HollowMod:PogoStrike","HollowMod:WraithStrike+1","HollowMod:SharpenedShadows","HollowMod:WraithStrike","HollowMod:DescendingDark","HollowMod:DashSlash","HollowMod:AbyssShriek","Decay","HollowMod:ShadowDash+1","HollowMod:CloakDash+1","HollowMod:BlackTendrils"],"relics":["HollowMod:VesselMask","Bag of Preparation","Toxic Egg 2"],"acts_visited":["Exordium"],"potions_floor_usage":[16,16],"damage_taken":[{"damage":9,"enemies":"Jaw Worm","floor":1,"turns":4},{"damage":3,"enemies":"Cultist","floor":3,"turns":4},{"damage":0,"enemies":"Small Slimes","floor":5,"turns":2},{"damage":45,"enemies":"Lagavulin","floor":6,"turns":7},{"damage":11,"enemies":"Red Slaver","floor":11,"turns":3},{"damage":13,"enemies":"Blue Slaver","floor":12,"turns":3},{"damage":2,"enemies":"3 Louse","floor":13,"turns":3},{"damage":18,"enemies":"Large Slime","floor":14,"turns":4},{"damage":45,"enemies":"Hexaghost","floor":16,"turns":9}],"seed_played":"3466880328264011301","potions_obtained":[{"floor":1,"key":"Block Potion"},{"floor":3,"key":"DuplicationPotion"},{"floor":6,"key":"SteroidPotion"}],"is_trial":false,"path_per_floor":["M","?","M","$","M","E","R","?","T","R","M","M","M","M","R","B"],"character_chosen":"THE_BUGKNIGHT","items_purchased":["HollowMod:DescendingDark","HollowMod:DashSlash"],"campfire_rested":3,"item_purchase_floors":[4,4],"current_hp_per_floor":[66,66,63,63,63,18,40,40,40,62,51,38,36,18,40,0,0],"gold":212,"neow_bonus":"THREE_CARDS","is_daily":false,"chose_seed":false,"campfire_upgraded":0,"win_rate":0.0,"timestamp":1611021176,"path_taken":["M","?","M","$","?","E","R","?","T","R","M","M","M","?","R","BOSS"],"items_purchased_type":["Card","Card"],"build_version":"2020-12-22","purchased_purges":0,"victory":false,"max_hp_per_floor":[75,75,75,75,75,75,75,75,75,75,75,75,75,75,75,75,75],"card_choices":[{"not_picked":["HollowMod:CycloneSlash","HollowMod:InfectedAttack"],"picked":"HollowMod:WraithStrike","floor":0},{"not_picked":["HollowMod:FastStrike","HollowMod:NewLittleFool"],"picked":"HollowMod:SharpenedShadows","floor":1},{"not_picked":["HollowMod:LifebloodCocoon","HollowMod:SoulStrike"],"picked":"HollowMod:WraithStrike","floor":3},{"not_picked":["HollowMod:CrystalDash","HollowMod:FallenFury"],"picked":"HollowMod:AbyssShriek","floor":5},{"not_picked":["HollowMod:NewLittleFool","HollowMod:Grubsong","HollowMod:HornetsHelp"],"picked":"SKIP","floor":6},{"not_picked":["HollowMod:SoulEater","HollowMod:SharpenedNail"],"picked":"HollowMod:ShadowDash+1","floor":11},{"not_picked":["HollowMod:SharpenedShadows","HollowMod:QuirrelsAssistance"],"picked":"HollowMod:CloakDash+1","floor":12},{"not_picked":["HollowMod:InfectedCysts","HollowMod:SoulSplash+1","HollowMod:Grubsong"],"picked":"SKIP","floor":13},{"not_picked":["HollowMod:HeavyBlow","HollowMod:BaldurShell"],"picked":"HollowMod:BlackTendrils","floor":14}],"player_experience":30329,"relics_obtained":[{"floor":6,"key":"Bag of Preparation"},{"floor":9,"key":"Toxic Egg 2"}],"event_choices":[{"damage_healed":0,"gold_gain":0,"player_choice":"Upgraded","damage_taken":0,"max_hp_gain":0,"max_hp_loss":0,"event_name":"Upgrade Shrine","floor":2,"gold_loss":0,"cards_upgraded":["HollowMod:WraithStrike"]},{"damage_healed":0,"gold_gain":0,"player_choice":"Cursed","damage_taken":0,"max_hp_gain":0,"max_hp_loss":0,"event_name":"Wheel of Change","floor":8,"gold_loss":0,"cards_obtained":["Decay"]}],"is_beta":false,"boss_relics":[],"items_purged_floors":[],"is_endless":false,"potions_floor_spawned":[1,3,6,12,14],"killed_by":"Hexaghost","ascension_level":0}}