{"host":"ifrtxrfi0kt9ye6r","time":1611033633,"event":{"mods":["Act Like it!","BaseMod","BetterRewards","Friendly Minions","Gensokyo","Hubris","Infinite Spire","Koishi","Marisa£¨Ùöéë¡¡Øª×âÞÞ£©","Minty Spire (QoL Compilation)","Replay The Spire","StSLib","The Animator"],"gold_per_floor":[117,117,130,144,148,148,148],"floor_reached":6,"language":"ENG","playtime":1127,"items_purged":["animator:Strike","Delirium"],"score":41,"play_id":"5ddca8fe-e659-4aa4-98e7-1aad357baa76","local_time":"20210119142033","is_ascension_mode":true,"campfire_choices":[],"circlet_count":0,"master_deck":["animator:Strike_LogHorizon","animator:Defend_LogHorizon","animator:Strike","animator:Strike","animator:Defend","animator:Defend","animator:Defend","animator:Minori","animator:Marielle","animator:Kuroyukihime","animator:AyaShameimaru","animator:Tet","animator:Minori"],"relics":["animator:LivingPicture","animator:TheMissingPiece","animator:PurgingStone","Gambling Chip","Dream Catcher","Replay:Ringing Soul","Onion Ring","Happy Flower","ReplayTheSpireMod:CursedCoin"],"acts_visited":["Gensokyo:Gensokyo"],"potions_floor_usage":[4],"damage_taken":[{"damage":0,"enemies":"Gensokyo:Gryphon","floor":1,"turns":6},{"damage":0,"enemies":"Gensokyo:Python","floor":3,"turns":4},{"damage":0,"enemies":"Gensokyo:3_Fairies","floor":4,"turns":8},{"damage":0,"enemies":"Gensokyo:Aya","floor":6,"turns":17}],"seed_played":"4207042366793097048","potions_obtained":[{"floor":3,"key":"Regen Potion"}],"is_trial":false,"path_per_floor":["M","?","M","M","$","E"],"character_chosen":"THE_ANIMATOR","items_purchased":["animator:Marielle","Gambling Chip","Dream Catcher","animator:Kuroyukihime","Replay:Ringing Soul","Onion Ring","ReplayTheSpireMod:CursedCoin","animator:Minori"],"campfire_rested":0,"item_purchase_floors":[0,0,0,0,0,0,5,5],"current_hp_per_floor":[28,28,31,46,49,49,49],"gold":148,"neow_bonus":"","is_daily":false,"chose_seed":true,"campfire_upgraded":0,"win_rate":0.0,"timestamp":1611033633,"path_taken":["M","?","M","M","?","E"],"items_purchased_type":["Card","Relic","Relic","Card","Relic","Relic","Relic","Card"],"build_version":"2020-12-22","purchased_purges":2,"victory":false,"max_hp_per_floor":[69,69,72,72,75,75,75],"card_choices":[{"not_picked":["animator:Yusa","animator:ShinjiMatou"],"picked":"animator:AyaShameimaru","floor":1},{"not_picked":["animator:ChlammyZell","animator:KyokoSakura"],"picked":"animator:Tet","floor":3},{"not_picked":["animator:LuciaKonohana","animator:AyaShameimaru","animator:MasamiIwasawa"],"picked":"SKIP","floor":4}],"player_experience":304215,"relics_obtained":[],"event_choices":[],"is_beta":false,"boss_relics":[],"items_purged_floors":[0,5],"is_endless":false,"potions_floor_spawned":[3],"killed_by":"Gensokyo:Aya","ascension_level":3}}