{"host":"4hkuu26ltn0le3bk","time":1611026808,"event":{"mods":["100% Spire Juice","Arknights The Spire","Astrologer","BaseMod","BetterRewards","Clockwork Mod","Colored Map","Colored Powertips","Downfall","Friendly Minions","Gremlin Mod","Hermit","Marisa????????","Minty Spire (QoL Compilation)","Quick Restart","StSLib","Td1madao Mod","The Bug Knight","The Construct","The Cursed","The Disciple","The Factory","The Hierophant","The Jungle","The Servant 0.9.4"],"gold_per_floor":[114,132,95,170,125,125,125,125],"floor_reached":7,"language":"ENG","playtime":363,"items_purged":[],"score":39,"play_id":"4d1c001b-b0b2-4eb3-9b49-bcc5588d4cd3","local_time":"20210118222648","is_ascension_mode":false,"campfire_choices":[{"data":"TheCursedMod:CircleOfFocus","floor":6,"key":"SMITH"}],"circlet_count":0,"master_deck":["TheCursedMod:Strike_TheCursed","TheCursedMod:Strike_TheCursed","TheCursedMod:Strike_TheCursed","TheCursedMod:Strike_TheCursed","TheCursedMod:Defend_TheCursed","TheCursedMod:Defend_TheCursed","TheCursedMod:Defend_TheCursed","TheCursedMod:Defend_TheCursed","TheCursedMod:CursedWand","TheCursedMod:CleanUpWorkshop","TheCursedMod:Dregs","TheCursedMod:Dregs","TheCursedMod:DemonicPact","TheCursedMod:TroublousMinions","TheCursedMod:CircleOfFocus+1","TheCursedMod:LuckyCharm","TheCursedMod:CursedMace"],"relics":["TheCursedMod:BlackMagic101"],"acts_visited":["Exordium"],"potions_floor_usage":[7],"damage_taken":[{"damage":12,"enemies":"Jaw Worm","floor":1,"turns":5},{"damage":13,"enemies":"Cultist","floor":2,"turns":6},{"damage":43,"enemies":"Lagavulin","floor":7,"turns":14}],"seed_played":"29197163874348960","potions_obtained":[{"floor":1,"key":"SteroidPotion"},{"floor":2,"key":"construct:ShiftPotion"}],"is_trial":false,"path_per_floor":["M","M","$","?","$","R","E"],"character_chosen":"THE_CURSED","items_purchased":["TheCursedMod:LuckyCharm","TheCursedMod:CursedMace"],"campfire_rested":0,"item_purchase_floors":[3,5],"current_hp_per_floor":[63,50,50,39,39,39,0,0],"gold":125,"neow_bonus":"THREE_RARE_CARDS","is_daily":false,"chose_seed":false,"campfire_upgraded":1,"win_rate":0.0,"timestamp":1611026808,"path_taken":["M","M","$","?","$","R","E"],"items_purchased_type":["Card","Card"],"build_version":"2020-12-22","purchased_purges":0,"victory":false,"max_hp_per_floor":[75,75,75,75,75,75,75,75],"card_choices":[{"not_picked":["TheCursedMod:DemonSword","TheCursedMod:UltimatePain"],"picked":"TheCursedMod:DemonicPact","floor":0},{"not_picked":["TheCursedMod:CircleOfCorruption","TheCursedMod:Torture"],"picked":"TheCursedMod:TroublousMinions","floor":1},{"not_picked":["TheCursedMod:CursedBlade","TheCursedMod:ReleasedStrength"],"picked":"TheCursedMod:CircleOfFocus","floor":2}],"player_experience":232711,"relics_obtained":[],"event_choices":[{"damage_healed":0,"gold_gain":75,"player_choice":"Gather Gold","damage_taken":11,"max_hp_gain":0,"max_hp_loss":0,"event_name":"World of Goop","floor":4,"gold_loss":0}],"is_beta":false,"boss_relics":[],"items_purged_floors":[],"is_endless":false,"potions_floor_spawned":[1,2],"killed_by":"Lagavulin","ascension_level":0}}