{"host":"h4lp0eeso8a0ssq0","time":1611017188,"event":{"mods":["2.2 Compatiblity","AchievementEnabler","BaseMod","CapriCore","Colored Map","Minty Spire (QoL Compilation)","Replay The Spire","StSLib","SuperFastMode"],"gold_per_floor":[119,194,194,119,1,1,26,39,66,78,90,101,101,1,1,103,103,122,133,133,151,151,180,279,279,279,308,323,350,350,368,368,470,470,484,484,484,26,40,40,75,75,75,95,21,21,21,48,75,88,88,88],"floor_reached":53,"language":"KOR","playtime":1595,"items_purged":["Strike_R","Strike_R","Languid"],"score":848,"play_id":"65e4db51-6798-4cf6-a363-610cd29dc995","local_time":"20210119094628","is_ascension_mode":false,"campfire_choices":[{"data":"Whirlwind","floor":6.0,"key":"SMITH"},{"data":"Body Slam","floor":13.0,"key":"SMITH"},{"data":"Flame Barrier","floor":15.0,"key":"SMITH"},{"data":"Barricade","floor":25.0,"key":"SMITH"},{"floor":30.0,"key":"REST"},{"data":"Power Through","floor":32.0,"key":"SMITH"},{"data":"ReplayReversal","floor":40,"key":"SMITH"},{"data":"Offering","floor":51,"key":"SMITH"}],"circlet_count":0,"master_deck":["Bash","Flame Barrier+1","Clothesline","Whirlwind+1","Run Through","Sever Soul","Inflame","Body Slam+1","Barricade+1","Entrench","Battle Trance","Pummel","Impervious","Impervious","Battle Trance","Shrug It Off","Fire Breathing+1","Headbutt","Power Through+1","Anger+1","Replay:Parry","Replay:Parry","ReplayReversal+1","Blood for Blood+1","Flame Barrier","ReplayTheSpireMod:Stacked","Offering+1"],"relics":["Burning Blood","NeowsBlessing","Art of War","Boot","Pandora\u0027s Box","Mirror","HornCleat","Divine Protection","Snack Pack","Coffee Dripper","Ring of Searing","ReplayTheSpireMod:Ring of Addiction","White Beast Statue","SacredBark","Happy Flower","Bottled Tornado","Blood Vial","Oddly Smooth Stone"],"acts_visited":["Exordium","TheCity","TheBeyond"],"potions_floor_usage":[49],"damage_taken":[{"damage":0.0,"enemies":"2 Louse","floor":1.0,"turns":1.0},{"damage":0.0,"enemies":"Gremlin Nob","floor":7.0,"turns":1.0},{"damage":0.0,"enemies":"Jaw Worm","floor":8.0,"turns":1.0},{"damage":0.0,"enemies":"Cultist","floor":10.0,"turns":3.0},{"damage":18.0,"enemies":"Red Slaver","floor":11.0,"turns":5.0},{"damage":7.0,"enemies":"3 Louse","floor":12.0,"turns":2.0},{"damage":45.0,"enemies":"The Guardian","floor":16.0,"turns":14.0},{"damage":0.0,"enemies":"3 Byrds","floor":18.0,"turns":3.0},{"damage":0.0,"enemies":"2 Thieves","floor":19.0,"turns":3.0},{"damage":12.0,"enemies":"Centurion and Healer","floor":21.0,"turns":5.0},{"damage":28.0,"enemies":"Slavers","floor":23.0,"turns":6.0},{"damage":12.0,"enemies":"Book of Stabbing","floor":27.0,"turns":5.0},{"damage":6.0,"enemies":"3 Cultists","floor":28.0,"turns":6.0},{"damage":22.0,"enemies":"Gremlin Leader","floor":29.0,"turns":6.0},{"damage":0.0,"enemies":"Shelled Parasite and Fungi","floor":31.0,"turns":7.0},{"damage":13.0,"enemies":"Pondfish","floor":33.0,"turns":12.0},{"damage":0.0,"enemies":"3 Darklings","floor":35.0,"turns":5.0},{"damage":0,"enemies":"Orb Walker","floor":39,"turns":2},{"damage":24,"enemies":"Nemesis","floor":41,"turns":7},{"damage":7,"enemies":"Spire Growth","floor":44,"turns":5},{"damage":7,"enemies":"Giant Head","floor":49,"turns":4},{"damage":13,"enemies":"Writhing Mass","floor":50,"turns":4},{"damage":13,"enemies":"Replay:Hell Engine","floor":52,"turns":7}],"seed_played":"3370530993088023219","potions_obtained":[{"floor":1.0,"key":"LiquidMemories"},{"floor":11.0,"key":"SpeedPotion"},{"floor":18.0,"key":"ColorlessPotion"},{"floor":19.0,"key":"Swift Potion"},{"floor":36.0,"key":"SkillPotion"},{"floor":39,"key":"Adrenaline Potion"},{"floor":41,"key":"Weak Potion"},{"floor":49,"key":"BloodPotion"},{"floor":50,"key":"Dexterity Potion"}],"is_trial":false,"path_per_floor":["M","?","?","$","$","R","E","M","T","M","M","M","R","$","R","B",null,"M","M","?","M","?","E","?","R","T","E","M","E","R","M","R","B",null,"M","?","?","$","M","R","E","?","T","M","$","PTL","PTL","T","E","M","R","B",null],"character_chosen":"IRONCLAD","items_purchased":["Clothesline","Whirlwind","ReplayReversal","FairyPotion","Happy Flower","ReplayTheSpireMod:Stacked"],"campfire_rested":1,"item_purchase_floors":[5,5,38,38,38,45],"current_hp_per_floor":[80,69,69,69,69,69,75,80,80,80,68,67,67,67,67,28,80,80,80,80,74,74,52,52,52,52,46,46,30,54,60,60,57,80,80,80,70,70,76,76,60,60,60,61,61,61,61,61,66,63,63,60],"gold":88,"neow_bonus":"THREE_ENEMY_KILL","is_daily":false,"chose_seed":false,"campfire_upgraded":7,"win_rate":0.0,"timestamp":1611017188,"path_taken":["M","?","?","?","$","R","E","M","T","?","M","M","R","?","R","BOSS","M","M","?","M","?","E","?","R","T","E","M","E","R","?","R","BOSS","M","?","?","$","M","R","E","?","T","M","?","PTL","PTL","?","E","M","R","BOSS"],"items_purchased_type":["Card","Card","Card","Potion","Relic","Card"],"build_version":"2020-12-22","purchased_purges":3,"victory":true,"max_hp_per_floor":[80,80,80,80,80,80,80,80,80,80,80,80,80,80,80,80,80,80,80,80,80,80,80,80,80,80,80,80,80,80,80,80,80,80,80,80,80,80,80,80,78,78,78,76,76,76,74,74,74,74,74,74],"card_choices":[{"not_picked":["Inflame","Flex"],"picked":"Flame Barrier","floor":1.0},{"not_picked":["Cleave","Seeing Red"],"picked":"Run Through","floor":7.0},{"not_picked":["Dropkick","Perfected Strike"],"picked":"Sever Soul","floor":8.0},{"not_picked":["Havoc","Combust"],"picked":"Inflame","floor":10.0},{"not_picked":["Abandon","Infernal Blade"],"picked":"Body Slam","floor":11.0},{"not_picked":["True Grit","Iron Wave","Anger"],"picked":"SKIP","floor":12.0},{"not_picked":["Corruption","Replay:Many Hands"],"picked":"Barricade","floor":16.0},{"not_picked":["Perfected Strike","Flex"],"picked":"Battle Trance","floor":18.0},{"not_picked":["Abandon","Dropkick","Sword Boomerang"],"picked":"SKIP","floor":19.0},{"not_picked":["Flex","Twin Strike","Armaments+1"],"picked":"SKIP","floor":21.0},{"not_picked":["Cleave","Exhume"],"picked":"Fire Breathing+1","floor":23.0},{"not_picked":["Seeing Red","ReplayTheSpireMod:Muscle Training"],"picked":"Headbutt","floor":27.0},{"not_picked":["Cleave","True Grit","ReplayTheSpireMod:Muscle Training+1"],"picked":"SKIP","floor":28.0},{"not_picked":["ReplayTheSpireMod:Muscle Training","True Grit"],"picked":"Power Through","floor":29.0},{"not_picked":["Heavy Blade","Run Through","Clothesline"],"picked":"SKIP","floor":31.0},{"not_picked":["Feed","Bludgeon"],"picked":"Eclipse","floor":33.0},{"not_picked":["Sever Soul+1","Bloodletting"],"picked":"Anger+1","floor":35.0},{"not_picked":["Replay:Sssssssssshield","Enlightenment"],"picked":"Replay:Parry","floor":37.0},{"not_picked":["Secret Weapon","ReplayUltimateDefense"],"picked":"Replay:Parry","floor":37.0},{"not_picked":["True Grit+1","Thunderclap+1"],"picked":"Blood for Blood+1","floor":39},{"not_picked":["Anger+1","Havoc"],"picked":"Flame Barrier","floor":41},{"not_picked":["Anger+1","Sword Boomerang","Headbutt+1"],"picked":"SKIP","floor":44},{"not_picked":["Iron Wave+1","Battle Trance"],"picked":"Offering","floor":49},{"not_picked":["Perfected Strike+1","Iron Wave+1","Combust"],"picked":"SKIP","floor":50}],"player_experience":171139,"relics_obtained":[{"floor":7.0,"key":"Art of War"},{"floor":9.0,"key":"Boot"},{"floor":23.0,"key":"Mirror"},{"floor":26.0,"key":"HornCleat"},{"floor":27.0,"key":"Divine Protection"},{"floor":29.0,"key":"Snack Pack"},{"floor":36.0,"key":"Ring of Searing"},{"floor":36.0,"key":"ReplayTheSpireMod:Ring of Addiction"},{"floor":36.0,"key":"White Beast Statue"},{"floor":36.0,"key":"SacredBark"},{"floor":41,"key":"Bottled Tornado"},{"floor":48,"key":"Blood Vial"},{"floor":49,"key":"Oddly Smooth Stone"}],"event_choices":[{"damage_healed":0.0,"max_hp_gain":0.0,"max_hp_loss":0.0,"gold_gain":75.0,"event_name":"World of Goop","player_choice":"Gather Gold","floor":2.0,"gold_loss":0.0,"damage_taken":11.0},{"cards_removed":["Strike_R"],"damage_healed":0.0,"max_hp_gain":0.0,"max_hp_loss":0.0,"gold_gain":0.0,"event_name":"Living Wall","player_choice":"Forget","floor":3.0,"gold_loss":0.0,"damage_taken":0.0},{"cards_removed":["Clash"],"damage_healed":0.0,"max_hp_gain":0.0,"max_hp_loss":0.0,"gold_gain":0.0,"event_name":"Back to Basics","player_choice":"Elegance","floor":20.0,"gold_loss":0.0,"damage_taken":0.0},{"damage_healed":0.0,"max_hp_gain":0.0,"max_hp_loss":0.0,"gold_gain":0.0,"event_name":"The Library","player_choice":"Read","floor":22.0,"gold_loss":0.0,"damage_taken":0.0,"cards_obtained":["Shrug It Off"]},{"damage_healed":0.0,"max_hp_gain":0.0,"max_hp_loss":0.0,"gold_gain":99.0,"event_name":"Nest","player_choice":"Stole From Cult","floor":24.0,"gold_loss":0.0,"damage_taken":0.0},{"damage_healed":0.0,"max_hp_gain":0.0,"max_hp_loss":0.0,"gold_gain":0.0,"event_name":"SensoryStone","player_choice":"Memory 3","floor":37.0,"gold_loss":0.0,"damage_taken":10.0},{"cards_removed":["Eclipse"],"damage_healed":0,"gold_gain":0,"player_choice":"Removed Skill","damage_taken":0,"max_hp_gain":0,"max_hp_loss":0,"event_name":"Falling","floor":42,"gold_loss":0}],"is_beta":false,"boss_relics":[{"not_picked":["Empty Cage","Runic Dome"],"picked":"Pandora\u0027s Box"},{"not_picked":["Honey Jar","Snecko Eye"],"picked":"Coffee Dripper"}],"items_purged_floors":[4,14,38],"is_endless":false,"potions_floor_spawned":[1,11,18,19,31,35,39,41,44,49,50],"ascension_level":0}}