{"host":"ydg0vn0pu4pubmdt","time":1611093696,"event":{"mods":["AchievementEnabler","BaseMod","Colored Map","Gold Saver","Minty Spire (QoL Compilation)","Quick Restart","SuperFastMode"],"gold_per_floor":[612,141,141,141,141,141,176,176,176,186,221,221,233,253,253,330,330,340,340,240,155,165,165,178,178,178,193,193,27,27,59,59,137,187,202,202,215,65,85,111,124,124,148,148,194,194,221,234,234,234],"floor_reached":51,"language":"KOR","playtime":1771,"items_purged":["Strike_G","Strike_G","Strike_G","Caltrops"],"score":1546,"play_id":"3182867a-9b8f-43e7-a311-eb39e0d26ecc","local_time":"20210120070136","is_ascension_mode":true,"campfire_choices":[{"data":"Neutralize","floor":6.0,"key":"SMITH"},{"data":"Dagger Spray","floor":8.0,"key":"SMITH"},{"data":"Prepared","floor":15.0,"key":"SMITH"},{"data":"Prepared","floor":23.0,"key":"SMITH"},{"data":"Blade Dance","floor":25.0,"key":"SMITH"},{"data":"Eviscerate","floor":28.0,"key":"SMITH"},{"data":"Footwork","floor":30.0,"key":"SMITH"},{"floor":32.0,"key":"REST"},{"data":"Wraith Form v2","floor":42.0,"key":"SMITH"},{"data":"Tactician","floor":49,"key":"SMITH"}],"circlet_count":0,"master_deck":["AscendersBane","Strike_G","Defend_G","Defend_G","Defend_G","Survivor","Neutralize+1","Eviscerate+1","Backflip+1","Dagger Spray+1","Prepared+1","Crippling Poison","Blade Dance+1","Grand Finale","Prepared+1","Escape Plan","Footwork+1","Wraith Form v2+1","Escape Plan","Tactician+1","Panacea","Panacea"],"relics":["Ring of the Snake","NeowsBlessing","TheAbacus","Lantern","Pantograph","Happy Flower","Shuriken","StrikeDummy","Runic Pyramid","Strawberry","Ice Cream","Oddly Smooth Stone","Tiny House","Dream Catcher","Ancient Tea Set","FossilizedHelix","Kunai"],"acts_visited":["Exordium","TheCity","TheBeyond"],"potions_floor_usage":[50,50],"damage_taken":[{"damage":0.0,"enemies":"Jaw Worm","floor":1.0,"turns":1.0},{"damage":0.0,"enemies":"Gremlin Nob","floor":7.0,"turns":1.0},{"damage":0.0,"enemies":"Small Slimes","floor":10.0,"turns":1.0},{"damage":0.0,"enemies":"Lagavulin","floor":11.0,"turns":8.0},{"damage":0.0,"enemies":"Cultist","floor":13.0,"turns":3.0},{"damage":2.0,"enemies":"Exordium Wildlife","floor":14.0,"turns":3.0},{"damage":14.0,"enemies":"Hexaghost","floor":16.0,"turns":8.0},{"damage":2.0,"enemies":"Shell Parasite","floor":18.0,"turns":5.0},{"damage":7.0,"enemies":"2 Thieves","floor":22.0,"turns":2.0},{"damage":13.0,"enemies":"Sentry and Sphere","floor":24.0,"turns":4.0},{"damage":0.0,"enemies":"Snecko","floor":27.0,"turns":3.0},{"damage":7.0,"enemies":"Gremlin Leader","floor":31.0,"turns":4.0},{"damage":0.0,"enemies":"Champ","floor":33.0,"turns":6.0},{"damage":1.0,"enemies":"3 Shapes","floor":35.0,"turns":2.0},{"damage":0.0,"enemies":"Orb Walker","floor":37.0,"turns":2.0},{"damage":0.0,"enemies":"Spire Growth","floor":39.0,"turns":3.0},{"damage":0.0,"enemies":"Reptomancer","floor":40.0,"turns":5.0},{"damage":3.0,"enemies":"Jaw Worm Horde","floor":41.0,"turns":4.0},{"damage":0.0,"enemies":"2 Orb Walkers","floor":45.0,"turns":4.0},{"damage":0.0,"enemies":"Nemesis","floor":47.0,"turns":7.0},{"damage":0,"enemies":"4 Shapes","floor":48,"turns":3},{"damage":22,"enemies":"Donu and Deca","floor":50,"turns":11}],"seed_played":"5210048646454955315","potions_obtained":[{"floor":1.0,"key":"FearPotion"},{"floor":7.0,"key":"EssenceOfSteel"},{"floor":14.0,"key":"Explosive Potion"},{"floor":22.0,"key":"SpeedPotion"},{"floor":24.0,"key":"Fire Potion"},{"floor":31.0,"key":"Fruit Juice"},{"floor":34.0,"key":"DistilledChaos"},{"floor":39.0,"key":"Poison Potion"}],"is_trial":false,"path_per_floor":["M","$","?","?","?","R","E","R","T","M","E","?","M","M","R","B",null,"M","?","$","?","M","R","M","R","T","M","R","$","R","E","R","B",null,"M","?","M","$","M","E","M","R","T","$","?","?","E","M","R","B",null],"character_chosen":"THE_SILENT","items_purchased":["TheAbacus","Backflip","Lantern","Footwork"],"campfire_rested":1,"item_purchase_floors":[2,2,2,29],"current_hp_per_floor":[59,59,52,52,52,52,52,52,52,52,52,52,52,50,50,52,63,61,61,61,68,61,61,48,48,48,48,48,48,48,41,62,73,78,77,77,77,77,82,82,79,79,79,79,79,69,69,69,69,61],"gold":234,"neow_bonus":"THREE_ENEMY_KILL","is_daily":false,"chose_seed":false,"campfire_upgraded":9,"win_rate":0.0,"timestamp":1611093696,"path_taken":["M","$","?","?","?","R","E","R","T","?","E","?","M","?","R","BOSS","M","?","$","?","M","R","M","R","T","M","R","$","R","E","R","BOSS","M","?","?","$","M","E","M","R","T","$","?","?","E","M","R","BOSS"],"items_purchased_type":["Relic","Card","Relic","Card"],"build_version":"2020-12-22","purchased_purges":4,"victory":true,"max_hp_per_floor":[66,66,66,66,66,66,66,66,66,66,66,66,66,66,66,66,66,66,66,66,73,73,73,73,73,73,73,73,73,73,73,73,73,78,78,78,78,78,83,83,83,83,83,83,83,83,83,83,83,83],"card_choices":[{"not_picked":["Riddle With Holes","Dash"],"picked":"Eviscerate","floor":1.0},{"not_picked":["Footwork","Accuracy"],"picked":"Dagger Spray","floor":7.0},{"not_picked":["Underhanded Strike","Cloak And Dagger"],"picked":"Prepared","floor":10.0},{"not_picked":["Flechettes","Masterful Stab"],"picked":"Caltrops","floor":11.0},{"not_picked":["Distraction","Blur"],"picked":"Blade Dance","floor":13.0},{"not_picked":["Outmaneuver","Flying Knee","Crippling Poison"],"picked":"SKIP","floor":14.0},{"not_picked":["Phantasmal Killer","Venomology"],"picked":"Grand Finale","floor":16.0},{"not_picked":["Caltrops+1","Masterful Stab+1"],"picked":"Prepared","floor":18.0},{"not_picked":["Bane","Cloak And Dagger"],"picked":"Escape Plan","floor":22.0},{"not_picked":["Slice","Accuracy","Deadly Poison"],"picked":"SKIP","floor":24.0},{"not_picked":["Escape Plan","Flying Knee+1","Flechettes"],"picked":"SKIP","floor":27.0},{"not_picked":["Dagger Spray","Die Die Die","Dagger Throw"],"picked":"SKIP","floor":31.0},{"not_picked":["Corpse Explosion","Glass Knife"],"picked":"Wraith Form v2","floor":33.0},{"not_picked":["Flechettes","Dodge and Roll","Masterful Stab"],"picked":"SKIP","floor":35.0},{"not_picked":["Cloak And Dagger","Eviscerate+1","Outmaneuver+1"],"picked":"SKIP","floor":37.0},{"not_picked":["Backflip","Crippling Poison"],"picked":"Tactician","floor":39.0},{"not_picked":["Deflect+1","Cloak And Dagger","Backstab+1"],"picked":"SKIP","floor":40.0},{"not_picked":["Crippling Poison+1","Skewer","Backflip"],"picked":"SKIP","floor":41.0},{"not_picked":["Panache","Apotheosis"],"picked":"Panacea","floor":46.0},{"not_picked":["Secret Technique","Jack Of All Trades"],"picked":"Panacea","floor":46.0},{"not_picked":["Blade Dance","Tactician","Outmaneuver"],"picked":"SKIP","floor":47.0},{"not_picked":["PiercingWail+1","Underhanded Strike","Quick Slash+1"],"picked":"SKIP","floor":48}],"player_experience":498828,"relics_obtained":[{"floor":7.0,"key":"Happy Flower"},{"floor":9.0,"key":"Shuriken"},{"floor":11.0,"key":"StrikeDummy"},{"floor":26.0,"key":"Ice Cream"},{"floor":31.0,"key":"Oddly Smooth Stone"},{"floor":40.0,"key":"Dream Catcher"},{"floor":43.0,"key":"Ancient Tea Set"},{"floor":45.0,"key":"FossilizedHelix"},{"floor":47.0,"key":"Kunai"}],"event_choices":[{"cards_removed":["Strike_G"],"damage_healed":0.0,"max_hp_gain":0.0,"max_hp_loss":0.0,"gold_gain":0.0,"event_name":"Golden Wing","player_choice":"Card Removal","floor":3.0,"gold_loss":0.0,"damage_taken":7.0},{"cards_removed":["Defend_G"],"damage_healed":0.0,"max_hp_gain":0.0,"max_hp_loss":0.0,"gold_gain":0.0,"event_name":"Living Wall","player_choice":"Forget","floor":4.0,"gold_loss":0.0,"damage_taken":0.0},{"damage_healed":0.0,"max_hp_gain":0.0,"max_hp_loss":0.0,"gold_gain":0.0,"event_name":"WeMeetAgain","player_choice":"Gave Potion","floor":5.0,"gold_loss":0.0,"damage_taken":0.0,"relics_obtained":["Pantograph"]},{"damage_healed":0.0,"max_hp_gain":0.0,"max_hp_loss":0.0,"gold_gain":0.0,"cards_transformed":["Defend_G"],"event_name":"Transmorgrifier","player_choice":"Transformed","floor":12.0,"gold_loss":0.0,"damage_taken":0.0,"cards_obtained":["Crippling Poison"]},{"damage_healed":0.0,"max_hp_gain":0.0,"max_hp_loss":0.0,"gold_gain":0.0,"event_name":"The Mausoleum","player_choice":"Ignored","floor":19.0,"gold_loss":0.0,"damage_taken":0.0},{"damage_healed":0.0,"max_hp_gain":0.0,"max_hp_loss":0.0,"gold_gain":0.0,"event_name":"Addict","player_choice":"Obtained Relic","floor":21.0,"gold_loss":85.0,"damage_taken":0.0,"relics_obtained":["Strawberry"]},{"damage_healed":0.0,"max_hp_gain":0.0,"max_hp_loss":0.0,"gold_gain":0.0,"event_name":"Duplicator","player_choice":"Copied","floor":36.0,"gold_loss":0.0,"damage_taken":0.0,"cards_obtained":["Escape Plan"]},{"damage_healed":0.0,"max_hp_gain":0.0,"max_hp_loss":0.0,"gold_gain":0.0,"event_name":"Mysterious Sphere","player_choice":"Fight","floor":45.0,"gold_loss":0.0,"damage_taken":0.0},{"damage_healed":0.0,"max_hp_gain":0.0,"max_hp_loss":0.0,"gold_gain":0.0,"event_name":"SensoryStone","player_choice":"Memory 3","floor":46.0,"gold_loss":0.0,"damage_taken":10.0}],"is_beta":false,"boss_relics":[{"not_picked":["Cursed Key","Coffee Dripper"],"picked":"Runic Pyramid"},{"not_picked":["Busted Crown","Black Star"],"picked":"Tiny House"}],"items_purged_floors":[2,20,29,38],"is_endless":false,"potions_floor_spawned":[1,7,14,22,24,31,39,41,45,47],"ascension_level":16}}