{"host":"0awa854l6bexpjrv","time":1611027339,"event":{"mods":["BaseMod","Block Reminder","Colored Map","Colored Powertips","Downfall","Highlight Path","Minty Spire (QoL Compilation)","Quick Restart","Rare Cards Sparkle","StSLib","SuperFastMode"],"gold_per_floor":[116,127,127,13,26,26,12,12,12,12,29,44,55,55,55,151,201,214,214,75,85,10,42,42,55,55,55,55,4,4,24,24,127,127,144,0,0,0,0],"floor_reached":38,"language":"ENG","playtime":3916,"items_purged":["Strike_G","Strike_G"],"score":422,"play_id":"580a6b2b-ed52-4de7-af35-368eaeb6e71b","local_time":"20210118193539","is_ascension_mode":true,"campfire_choices":[{"data":"Leg Sweep","floor":6.0,"key":"SMITH"},{"data":"Wraith Form v2","floor":8.0,"key":"SMITH"},{"data":"Caltrops","floor":15.0,"key":"SMITH"},{"floor":24.0,"key":"REST"},{"floor":30,"key":"REST"},{"floor":32,"key":"REST"}],"circlet_count":0,"master_deck":["Strike_G","Defend_G","Defend_G","Defend_G","Defend_G","Defend_G","Survivor","Neutralize+1","Predator","Backflip","Dramatic Entrance","Leg Sweep+1","Well Laid Plans","Dagger Spray","Wraith Form v2+1","Caltrops+1","Predator+1","Terror","Bullet Time","Acrobatics","Infinite Blades+1","Footwork","Accuracy","Cloak And Dagger","Leg Sweep","Setup","Adrenaline","After Image","All Out Attack+1"],"relics":["Ring of the Serpent","Bottled Flame","Tiny House","Juzu Bracelet","Centennial Puzzle","Red Mask"],"acts_visited":["TheCity","TheBeyond"],"potions_floor_usage":[],"damage_taken":[{"damage":0.0,"enemies":"2 Louse","floor":1.0,"turns":3.0},{"damage":0.0,"enemies":"Cultist","floor":2.0,"turns":3.0},{"damage":0.0,"enemies":"Small Slimes","floor":5.0,"turns":2.0},{"damage":0.0,"enemies":"Exordium Thugs","floor":7.0,"turns":5.0},{"damage":3.0,"enemies":"Large Slime","floor":11.0,"turns":7.0},{"damage":5.0,"enemies":"Blue Slaver","floor":12.0,"turns":4.0},{"damage":3.0,"enemies":"Looter","floor":13.0,"turns":3.0},{"damage":29.0,"enemies":"Slime Boss","floor":16.0,"turns":12.0},{"damage":8.0,"enemies":"Chosen","floor":18.0,"turns":4.0},{"damage":13.0,"enemies":"Spheric Guardian","floor":21.0,"turns":4.0},{"damage":2.0,"enemies":"Book of Stabbing","floor":23.0,"turns":6.0},{"damage":31.0,"enemies":"Centurion and Healer","floor":25.0,"turns":7.0},{"damage":8,"enemies":"Snake Plant","floor":31,"turns":4},{"damage":38,"enemies":"Champ","floor":33,"turns":18},{"damage":5,"enemies":"Orb Walker","floor":35,"turns":4},{"damage":40,"enemies":"3 Darklings","floor":38,"turns":3}],"seed_played":"1308383319951385327","potions_obtained":[{"floor":1.0,"key":"Swift Potion"},{"floor":2.0,"key":"Swift Potion"},{"floor":10.0,"key":"SkillPotion"},{"floor":10.0,"key":"DistilledChaos"},{"floor":10.0,"key":"SmokeBomb"},{"floor":13.0,"key":"hexamod:SoulburnPotion"},{"floor":17.0,"key":"AttackPotion"},{"floor":35,"key":"champ:CounterPotion"}],"is_trial":false,"path_per_floor":["M","M","?","$","M","R","M","R","T","?","M","M","M","?","R","B",null,"M","?","$","M","?","E","R","M","T","?","?","$","R","M","R","B",null,"M","?","$","M"],"character_chosen":"THE_SILENT","items_purchased":["Well Laid Plans","Accuracy","Explosive Potion"],"campfire_rested":3,"item_purchase_floors":[4,20,29],"current_hp_per_floor":[70,70,70,70,70,70,70,70,70,70,67,62,59,59,59,30,75,67,67,67,54,54,52,74,43,43,43,43,43,65,57,75,37,75,70,70,70,30,30],"gold":0,"neow_bonus":"UPGRADE_CARD","is_daily":false,"chose_seed":false,"campfire_upgraded":3,"win_rate":0.0,"timestamp":1611027339,"path_taken":["M","M","?","?","M","R","M","R","T","?","M","M","?","?","R","BOSS","M","?","$","M","?","E","R","M","T","?","?","?","R","M","R","BOSS","M","?","$","M"],"items_purchased_type":["Card","Card","Potion"],"build_version":"2020-12-22","purchased_purges":2,"victory":false,"max_hp_per_floor":[70,70,70,70,70,70,70,70,70,70,70,70,70,70,70,70,75,75,75,75,75,75,75,75,75,75,75,75,75,75,75,75,75,75,75,75,75,75,75],"card_choices":[{"not_picked":["Skewer","Backflip"],"picked":"Predator","floor":1.0},{"not_picked":["Endless Agony","Expertise"],"picked":"Backflip","floor":2.0},{"not_picked":["Slice","PiercingWail"],"picked":"Dagger Spray","floor":5.0},{"not_picked":["Flechettes","Leg Sweep"],"picked":"Wraith Form v2","floor":7.0},{"not_picked":["Backflip","Quick Slash"],"picked":"Caltrops","floor":11.0},{"not_picked":["Underhanded Strike","Poisoned Stab"],"picked":"Predator","floor":12.0},{"not_picked":["PiercingWail","Catalyst"],"picked":"Terror","floor":13.0},{"not_picked":["A Thousand Cuts","Unload"],"picked":"Bullet Time","floor":16.0},{"not_picked":["Calculated Gamble","Riddle With Holes"],"picked":"Acrobatics","floor":17.0},{"not_picked":["Backflip+1","Blade Dance"],"picked":"Infinite Blades+1","floor":18.0},{"not_picked":["Cloak And Dagger","Endless Agony+1","Deadly Poison"],"picked":"SKIP","floor":21.0},{"not_picked":["Endless Agony+1","Deadly Poison"],"picked":"Cloak And Dagger","floor":21.0},{"not_picked":["Backflip","Sucker Punch"],"picked":"Leg Sweep","floor":23.0},{"not_picked":["Crippling Poison","Expertise+1"],"picked":"Setup","floor":25.0},{"not_picked":["Dash","Deflect"],"picked":"Adrenaline","floor":31},{"not_picked":["Phantasmal Killer","Night Terror"],"picked":"After Image","floor":33},{"not_picked":["Flying Knee","Tactician"],"picked":"All Out Attack+1","floor":35}],"player_experience":559776,"relics_obtained":[{"floor":9.0,"key":"Bottled Flame"},{"floor":23.0,"key":"Juzu Bracelet"},{"floor":26.0,"key":"Centennial Puzzle"}],"event_choices":[{"damage_healed":0.0,"max_hp_gain":0.0,"max_hp_loss":0.0,"gold_gain":0.0,"event_name":"Match and Keep!","player_choice":"2 cards matched","floor":3.0,"gold_loss":0.0,"damage_taken":0.0,"cards_obtained":["Dramatic Entrance","Leg Sweep"]},{"damage_healed":0.0,"max_hp_gain":0.0,"max_hp_loss":0.0,"gold_gain":0.0,"event_name":"Lab","player_choice":"Got Potions","floor":10.0,"gold_loss":0.0,"damage_taken":0.0},{"cards_removed":["Strike_G"],"damage_healed":0.0,"max_hp_gain":0.0,"max_hp_loss":0.0,"gold_gain":0.0,"event_name":"Living Wall","player_choice":"Forget","floor":14.0,"gold_loss":0.0,"damage_taken":0.0},{"damage_healed":0.0,"max_hp_gain":0.0,"max_hp_loss":0.0,"gold_gain":0.0,"event_name":"The Library","player_choice":"Read","floor":19.0,"gold_loss":0.0,"damage_taken":0.0,"cards_obtained":["Footwork"]},{"cards_removed":["Strike_G"],"damage_healed":0.0,"max_hp_gain":0.0,"max_hp_loss":0.0,"gold_gain":0.0,"event_name":"Beggar","player_choice":"Gave Gold","floor":22.0,"gold_loss":75.0,"damage_taken":0.0},{"damage_healed":0,"gold_gain":0,"player_choice":"Paid","damage_taken":0,"relics_obtained":["Red Mask"],"max_hp_gain":0,"max_hp_loss":0,"event_name":"Tomb of Lord Red Mask","floor":36,"gold_loss":144}],"is_beta":false,"boss_relics":[{"not_picked":["Fusion Hammer","Sozu"],"picked":"Tiny House"},{"not_picked":["Astrolabe","WristBlade"],"picked":"Ring of the Serpent"}],"items_purged_floors":[4,20],"is_endless":false,"potions_floor_spawned":[1,2,12,13,35],"killed_by":"3 Darklings","ascension_level":2}}