{"host":"z4nt7tdd4gjrinn7","time":1611079900,"event":{"mods":["100% Spire Juice","BaseMod","Minty Spire (QoL Compilation)","StSLib"],"gold_per_floor":[115,35,53,1,1,1,26,64,64,64,87,103,103,127,127,247,310,334,28,28,28,43,63,63,63,63,63,81,102,102,125,125,249,249,273,296,296,70,85,85,104,104,128,148,148,65,65,65,65,65,65],"floor_reached":50,"language":"ENG","playtime":4424,"items_purged":[],"score":594,"play_id":"048c75f9-a1d6-4f0e-b449-0978c5d40dcd","local_time":"20210119131140","is_ascension_mode":false,"campfire_choices":[{"floor":6,"key":"REST"},{"floor":10,"key":"REST"},{"floor":13,"key":"REST"},{"floor":15,"key":"REST"},{"floor":24,"key":"REST"},{"floor":30,"key":"REST"},{"floor":32,"key":"REST"},{"floor":40,"key":"REST"},{"floor":42,"key":"REST"},{"floor":49,"key":"REST"}],"circlet_count":0,"master_deck":["Strike_G+1","Strike_G+1","Strike_G+1","Strike_G+1","Strike_G+1","Defend_G+1","Defend_G+1","Defend_G+1","Defend_G+1","Defend_G+1","Survivor+1","Neutralize","Terror","PiercingWail+1","Blade Dance","Injury","After Image","Riddle With Holes","Poisoned Stab","PiercingWail","A Thousand Cuts","Die Die Die+1","Backstab","Blade Dance+1","Endless Agony","Masterful Stab+1","Dagger Spray","Writhe","Sucker Punch","Poisoned Stab","Outmaneuver+1","PiercingWail","Crippling Poison","Adrenaline","Deflect+1","Slice+1","Sucker Punch","Noxious Fumes","Bane","Outmaneuver+1","Distraction+1","Caltrops","Parasite","Dash","Caltrops","Writhe","Parasite","Choke"],"relics":["Ring of the Snake","Golden Idol","Meat on the Bone","Gremlin Horn","Tiny House","Lee\u0027s Waffle","Dream Catcher","Kunai","Bag of Preparation","Cursed Key","Lantern","War Paint","Darkstone Periapt"],"acts_visited":["Exordium","TheCity","TheBeyond"],"potions_floor_usage":[28,29,29,29,29,29,33,50,50,50],"damage_taken":[{"damage":4.0,"enemies":"Cultist","floor":1.0,"turns":3.0},{"damage":10,"enemies":"Small Slimes","floor":3,"turns":2},{"damage":5,"enemies":"Jaw Worm","floor":7,"turns":3},{"damage":32,"enemies":"Lagavulin","floor":8,"turns":11},{"damage":7,"enemies":"2 Fungi Beasts","floor":11,"turns":5},{"damage":5,"enemies":"Exordium Wildlife","floor":12,"turns":5},{"damage":1,"enemies":"Exordium Thugs","floor":14,"turns":3},{"damage":33,"enemies":"Slime Boss","floor":16,"turns":11},{"damage":3,"enemies":"3 Byrds","floor":18,"turns":5},{"damage":27,"enemies":"Spheric Guardian","floor":22,"turns":6},{"damage":63,"enemies":"Cultist and Chosen","floor":23,"turns":9},{"damage":34,"enemies":"Sentry and Sphere","floor":28,"turns":6},{"damage":4,"enemies":"Centurion and Healer","floor":29,"turns":4},{"damage":2,"enemies":"Snecko","floor":31,"turns":5},{"damage":57,"enemies":"Automaton","floor":33,"turns":11},{"damage":12,"enemies":"3 Shapes","floor":35,"turns":9},{"damage":0,"enemies":"Orb Walker","floor":36,"turns":3},{"damage":6,"enemies":"4 Shapes","floor":39,"turns":6},{"damage":44,"enemies":"Maw","floor":41,"turns":9},{"damage":30,"enemies":"Jaw Worm Horde","floor":44,"turns":5},{"damage":94,"enemies":"Donu and Deca","floor":50,"turns":10}],"seed_played":"-4207434387995565477","potions_obtained":[{"floor":0.0,"key":"SpeedPotion"},{"floor":0.0,"key":"FairyPotion"},{"floor":0.0,"key":"EntropicBrew"},{"floor":11,"key":"SteroidPotion"},{"floor":23,"key":"Dexterity Potion"},{"floor":28,"key":"Dexterity Potion"},{"floor":36,"key":"LiquidBronze"},{"floor":41,"key":"SteroidPotion"}],"is_trial":false,"path_per_floor":["M","$","M","$","?","R","M","E","T","R","M","M","R","M","R","B",null,"M","$","?","?","M","M","R","?","T","?","M","M","R","M","R","B",null,"M","M","?","$","M","R","M","R","T","M","?","$","?","T","R","B"],"character_chosen":"THE_SILENT","items_purchased":["Terror","Blade Dance","Lee\u0027s Waffle","Dream Catcher","Lantern","Noxious Fumes","Caltrops","Block Potion"],"campfire_rested":10,"item_purchase_floors":[2,4,19,19,38,38,46,46],"current_hp_per_floor":[66,66,56,56,56,70,65,33,33,54,47,42,63,62,70,37,75,72,82,82,82,55,36,60,60,60,60,38,46,70,68,82,37,82,70,70,70,70,64,82,50,74,74,44,44,44,65,65,82,0,0],"gold":65,"neow_bonus":"THREE_SMALL_POTIONS","is_daily":false,"chose_seed":false,"campfire_upgraded":0,"win_rate":0.0,"timestamp":1611079900,"path_taken":["M","?","M","$","?","R","?","E","T","R","M","M","R","M","R","BOSS","M","$","?","?","?","?","R","?","T","?","M","M","R","?","R","BOSS","M","M","?","$","M","R","M","R","T","?","?","?","?","?","R","BOSS"],"items_purchased_type":["Card","Card","Relic","Relic","Relic","Card","Card","Potion"],"build_version":"2020-12-22","purchased_purges":0,"victory":false,"max_hp_per_floor":[70,70,70,70,70,70,70,70,70,70,70,70,70,70,70,70,75,75,82,82,82,82,82,82,82,82,82,82,82,82,82,82,82,82,82,82,82,82,82,82,82,82,82,82,82,82,82,82,82,82,82],"card_choices":[{"not_picked":["Outmaneuver","Dodge and Roll"],"picked":"Eviscerate","floor":1},{"not_picked":["Flying Knee","Deflect"],"picked":"PiercingWail","floor":3},{"not_picked":["Dagger Spray","Flying Knee"],"picked":"After Image","floor":7},{"not_picked":["Well Laid Plans","Flechettes"],"picked":"Riddle With Holes","floor":8},{"not_picked":["Deadly Poison","Prepared"],"picked":"Poisoned Stab","floor":11},{"not_picked":["Dash","Deadly Poison"],"picked":"PiercingWail","floor":12},{"not_picked":["Eviscerate","Backflip"],"picked":"A Thousand Cuts","floor":14},{"not_picked":["Burst","After Image"],"picked":"Die Die Die","floor":16},{"not_picked":["Underhanded Strike","Deflect"],"picked":"Backstab","floor":17},{"not_picked":["Bane","Well Laid Plans"],"picked":"Blade Dance+1","floor":18},{"not_picked":["Slice+1","Flying Knee+1"],"picked":"Endless Agony","floor":22},{"not_picked":["Dagger Throw","Acrobatics+1"],"picked":"Masterful Stab+1","floor":23},{"not_picked":["Riddle With Holes","A Thousand Cuts"],"picked":"Dagger Spray","floor":24},{"not_picked":["Footwork","Backflip"],"picked":"Sucker Punch","floor":28},{"not_picked":["Slice","Sucker Punch+1"],"picked":"Poisoned Stab","floor":29},{"not_picked":["Distraction","Deadly Poison+1"],"picked":"Outmaneuver+1","floor":30},{"not_picked":["Footwork","Dagger Throw+1"],"picked":"PiercingWail","floor":31},{"not_picked":["Glass Knife","Prepared"],"picked":"Crippling Poison","floor":32},{"not_picked":["Envenom","Glass Knife"],"picked":"Adrenaline","floor":33},{"not_picked":["Dagger Spray","Deadly Poison"],"picked":"Deflect+1","floor":35},{"not_picked":["Eviscerate","Acrobatics+1"],"picked":"Slice+1","floor":36},{"not_picked":["Deflect","After Image"],"picked":"Bane","floor":39},{"not_picked":["Backflip+1","Dodge and Roll"],"picked":"Outmaneuver+1","floor":40},{"not_picked":["Eviscerate","Dagger Throw"],"picked":"Distraction+1","floor":41},{"not_picked":["Eviscerate","Leg Sweep+1"],"picked":"Caltrops","floor":42},{"not_picked":["Quick Slash+1","Deadly Poison"],"picked":"Dash","floor":44},{"not_picked":["Noxious Fumes+1","Expertise"],"picked":"Choke","floor":49}],"player_experience":108012,"relics_obtained":[{"floor":8,"key":"Meat on the Bone"},{"floor":9,"key":"Gremlin Horn"},{"floor":26,"key":"Kunai"},{"floor":43,"key":"War Paint"},{"floor":48,"key":"Darkstone Periapt"}],"event_choices":[{"damage_healed":0,"gold_gain":0,"player_choice":"Take Wound","damage_taken":0,"relics_obtained":["Golden Idol"],"max_hp_gain":0,"max_hp_loss":0,"event_name":"Golden Idol","floor":5,"gold_loss":0,"cards_obtained":["Injury"]},{"damage_healed":0,"gold_gain":0,"player_choice":"Ignored","damage_taken":0,"max_hp_gain":0,"max_hp_loss":0,"event_name":"Cursed Tome","floor":20,"gold_loss":0},{"damage_healed":0,"gold_gain":0,"player_choice":"Forge","damage_taken":0,"max_hp_gain":0,"max_hp_loss":0,"event_name":"Accursed Blacksmith","floor":21,"gold_loss":0,"cards_upgraded":["Die Die Die"]},{"damage_healed":0,"gold_gain":0,"player_choice":"Simplicity","damage_taken":0,"max_hp_gain":0,"max_hp_loss":0,"event_name":"Back to Basics","floor":25,"gold_loss":0,"cards_upgraded":["Strike_G","Strike_G","Strike_G","Strike_G","Strike_G","Defend_G","Defend_G","Defend_G","Defend_G","Defend_G"]},{"damage_healed":0,"gold_gain":0,"player_choice":"Opened","damage_taken":0,"relics_obtained":["Bag of Preparation"],"max_hp_gain":0,"max_hp_loss":0,"event_name":"The Mausoleum","floor":27,"gold_loss":0,"cards_obtained":["Writhe"]},{"damage_healed":0,"gold_gain":0,"cards_transformed":["Eviscerate"],"player_choice":"Transformed","damage_taken":0,"max_hp_gain":0,"max_hp_loss":0,"event_name":"Transmorgrifier","floor":37,"gold_loss":0,"cards_obtained":["Sucker Punch"]},{"damage_healed":0,"gold_gain":0,"player_choice":"Ignored","damage_taken":0,"max_hp_gain":0,"max_hp_loss":0,"event_name":"SecretPortal","floor":45,"gold_loss":0},{"damage_healed":21,"gold_gain":0,"player_choice":"Writhe","damage_taken":0,"max_hp_gain":0,"max_hp_loss":0,"event_name":"Winding Halls","floor":47,"gold_loss":0,"cards_obtained":["Writhe"]}],"is_beta":false,"boss_relics":[{"not_picked":["Velvet Choker","Black Star"],"picked":"Tiny House"},{"not_picked":["Coffee Dripper","Snecko Eye"],"picked":"Cursed Key"}],"items_purged_floors":[],"is_endless":false,"potions_floor_spawned":[7,11,22,23,28,36,41],"killed_by":"Donu and Deca","ascension_level":0}}