{"host":"ydg0vn0pu4pubmdt","time":1611055980,"event":{"mods":["AchievementEnabler","BaseMod","Colored Map","Gold Saver","Minty Spire (QoL Compilation)","Quick Restart","SuperFastMode"],"gold_per_floor":[960,398,418,437,449,449,466,497,522,522,540,141,153,167,167,242,242,255,152,170,185,195,223,239,250,275,1,28,48,48,59,59,130,130,145,18,31,44,60,60,91,91,91,136,0,15,31,66,66,66,66,66,16,48,48],"floor_reached":56,"language":"KOR","playtime":2037,"items_purged":["Strike_G","Strike_G","Strike_G","Strike_G","Defend_G"],"score":2510,"play_id":"f06cbb75-b3e0-4e70-acfc-3aafb816ccee","local_time":"20210119203300","is_ascension_mode":true,"campfire_choices":[{"data":"Apotheosis","floor":6.0,"key":"SMITH"},{"floor":10.0,"key":"REST"},{"data":"Calculated Gamble","floor":15.0,"key":"SMITH"},{"floor":32,"key":"RECALL"},{"data":"Calculated Gamble","floor":40,"key":"SMITH"},{"data":"Adrenaline","floor":42,"key":"SMITH"},{"data":"Reflex","floor":49,"key":"SMITH"},{"data":"Reflex","floor":52,"key":"SMITH"}],"circlet_count":0,"master_deck":["AscendersBane","Defend_G+1","Defend_G","Defend_G","Survivor","Neutralize","Eviscerate","Apotheosis+1","Calculated Gamble+1","Backflip+1","Acrobatics","Dagger Throw","Concentrate","Acrobatics","Grand Finale","Well Laid Plans","Blur","Calculated Gamble+1","Prepared","Reflex+1","Adrenaline+1","Reflex+1","Phantasmal Killer"],"relics":["Ring of the Snake","Tough Bandages","Lantern","War Paint","Membership Card","Bag of Preparation","Shuriken","Empty Cage","Anchor","Sundial","Tingsha","Smiling Mask","Ornamental Fan","Runic Dome","DollysMirror","Singing Bowl","PreservedInsect","Unceasing Top","Red Mask","Calipers","Strawberry"],"acts_visited":["Exordium","TheCity","TheBeyond","TheEnding"],"potions_floor_usage":[55,55,55],"damage_taken":[{"damage":7.0,"enemies":"Small Slimes","floor":1.0,"turns":5.0},{"damage":7.0,"enemies":"Cultist","floor":3.0,"turns":4.0},{"damage":0.0,"enemies":"Jaw Worm","floor":4.0,"turns":5.0},{"damage":0.0,"enemies":"Looter","floor":5.0,"turns":4.0},{"damage":0.0,"enemies":"3 Louse","floor":7.0,"turns":4.0},{"damage":4.0,"enemies":"Lagavulin","floor":8.0,"turns":8.0},{"damage":2.0,"enemies":"Large Slime","floor":11.0,"turns":4.0},{"damage":0.0,"enemies":"Looter","floor":13.0,"turns":1.0},{"damage":0.0,"enemies":"Red Slaver","floor":14.0,"turns":2.0},{"damage":0.0,"enemies":"The Guardian","floor":16.0,"turns":8.0},{"damage":0.0,"enemies":"Shell Parasite","floor":18.0,"turns":1.0},{"damage":0.0,"enemies":"Spheric Guardian","floor":20.0,"turns":1.0},{"damage":0.0,"enemies":"Snake Plant","floor":21.0,"turns":3.0},{"damage":0.0,"enemies":"Cultist and Chosen","floor":22.0,"turns":2.0},{"damage":0.0,"enemies":"Book of Stabbing","floor":23.0,"turns":3.0},{"damage":0.0,"enemies":"Shelled Parasite and Fungi","floor":24.0,"turns":2.0},{"damage":0.0,"enemies":"Sentry and Sphere","floor":25.0,"turns":1.0},{"damage":0,"enemies":"Gremlin Leader","floor":28,"turns":2},{"damage":0,"enemies":"3 Cultists","floor":29,"turns":1},{"damage":0,"enemies":"Centurion and Healer","floor":31,"turns":1},{"damage":0,"enemies":"Collector","floor":33,"turns":1},{"damage":0,"enemies":"3 Shapes","floor":35,"turns":1},{"damage":0,"enemies":"3 Darklings","floor":37,"turns":1},{"damage":0,"enemies":"Jaw Worm Horde","floor":38,"turns":1},{"damage":0,"enemies":"4 Shapes","floor":39,"turns":1},{"damage":0,"enemies":"Reptomancer","floor":41,"turns":1},{"damage":0,"enemies":"2 Orb Walkers","floor":44,"turns":1},{"damage":0,"enemies":"Maw","floor":46,"turns":1},{"damage":0,"enemies":"Sphere and 2 Shapes","floor":47,"turns":1},{"damage":0,"enemies":"Giant Head","floor":48,"turns":2},{"damage":0,"enemies":"Time Eater","floor":50,"turns":3},{"damage":0,"enemies":"Shield and Spear","floor":54,"turns":1},{"damage":0,"enemies":"The Heart","floor":55,"turns":4}],"seed_played":"6582261592833266256","potions_obtained":[{"floor":1.0,"key":"CunningPotion"},{"floor":4.0,"key":"PowerPotion"},{"floor":7.0,"key":"Block Potion"},{"floor":14.0,"key":"Strength Potion"},{"floor":16.0,"key":"EntropicBrew"},{"floor":24.0,"key":"Fruit Juice"},{"floor":28,"key":"CultistPotion"},{"floor":33,"key":"Weak Potion"},{"floor":54,"key":"PowerPotion"}],"is_trial":false,"path_per_floor":["M","$","M","M","M","R","M","E","T","R","M","$","M","M","R","B",null,"M","$","M","M","M","E","M","M","T","$","E","M","?","M","R","B",null,"M","$","M","M","M","R","E","R","T","?","?","M","M","E","R","B",null,"R","$","E","B",null],"character_chosen":"THE_SILENT","items_purchased":["Apotheosis","Tough Bandages","Membership Card","Bag of Preparation","Shuriken","Well Laid Plans","Sundial","Tingsha","DollysMirror"],"campfire_rested":1,"item_purchase_floors":[2,2,12,12,12,19,27,27,36],"current_hp_per_floor":[38,38,31,31,31,31,31,27,27,48,46,46,46,46,46,46,64,64,64,64,64,64,64,69,69,69,69,69,69,69,69,69,69,74,74,74,74,74,74,74,76,76,76,78,78,80,82,84,84,84,85,85,85,92,92],"gold":48,"neow_bonus":"TWO_FIFTY_GOLD","is_daily":false,"chose_seed":false,"campfire_upgraded":6,"win_rate":0.0,"timestamp":1611055980,"path_taken":["M","$","M","M","M","R","M","E","T","R","M","$","M","M","R","BOSS","M","$","M","M","M","E","M","M","T","$","E","M","?","?","R","BOSS","M","$","M","M","M","R","E","R","T","?","?","M","M","E","R","BOSS","R","$","E","BOSS"],"items_purchased_type":["Card","Relic","Relic","Relic","Relic","Card","Relic","Relic","Relic"],"build_version":"2020-12-22","purchased_purges":5,"victory":true,"max_hp_per_floor":[70,70,70,70,70,70,70,70,70,70,70,70,70,70,70,70,70,70,70,70,70,70,70,75,75,75,75,75,75,75,75,75,75,75,75,75,75,75,75,75,77,77,77,79,79,81,83,85,85,85,85,85,85,92,92],"card_choices":[{"not_picked":["Escape Plan","Deadly Poison"],"picked":"Eviscerate","floor":1.0},{"not_picked":["Escape Plan","Dodge and Roll"],"picked":"Calculated Gamble","floor":3.0},{"not_picked":["Deflect","Sucker Punch"],"picked":"Backflip","floor":4.0},{"not_picked":["Bane","Reflex"],"picked":"Acrobatics","floor":5.0},{"not_picked":["Slice","Deflect","Underhanded Strike"],"picked":"SKIP","floor":7.0},{"not_picked":["Deflect","Dash"],"picked":"Dagger Throw","floor":8.0},{"not_picked":["Quick Slash","Setup"],"picked":"Concentrate","floor":11.0},{"not_picked":["Dash","Backflip"],"picked":"Acrobatics","floor":13.0},{"not_picked":["Blade Dance","Dodge and Roll","Backflip"],"picked":"SKIP","floor":14.0},{"not_picked":["A Thousand Cuts","Glass Knife"],"picked":"Grand Finale","floor":16.0},{"not_picked":["Slice","Expertise","Underhanded Strike"],"picked":"SKIP","floor":18.0},{"not_picked":["Heel Hook","Dagger Throw"],"picked":"Blur","floor":20.0},{"not_picked":["Dodge and Roll","Acrobatics","Dagger Throw"],"picked":"SKIP","floor":21.0},{"not_picked":["Slice","Blade Dance","Malaise"],"picked":"SKIP","floor":22.0},{"not_picked":["Slice","Blade Dance","Malaise"],"picked":"SKIP","floor":22.0},{"not_picked":["Underhanded Strike","Cloak And Dagger+1"],"picked":"Calculated Gamble","floor":23.0},{"not_picked":["Deadly Poison","Slice+1"],"picked":"Prepared","floor":24.0},{"not_picked":["Flechettes","Flying Knee","PiercingWail"],"picked":"SKIP","floor":25.0},{"not_picked":["Blur","Outmaneuver"],"picked":"Reflex","floor":28},{"not_picked":["Heel Hook","Finisher","Sucker Punch"],"picked":"SKIP","floor":29},{"not_picked":["Finisher","Malaise","Quick Slash"],"picked":"SKIP","floor":31},{"not_picked":["Die Die Die","Doppelganger"],"picked":"Adrenaline","floor":33},{"not_picked":["Bane+1","Noxious Fumes+1","Backstab"],"picked":"SKIP","floor":35},{"not_picked":["Sucker Punch+1","Riddle With Holes","Blade Dance"],"picked":"SKIP","floor":37},{"not_picked":["Outmaneuver","Quick Slash","Dagger Spray"],"picked":"SKIP","floor":38},{"not_picked":["Flying Knee","Poisoned Stab","Slice"],"picked":"SKIP","floor":39},{"not_picked":["Backstab+1","Concentrate","Skewer"],"picked":"Singing Bowl","floor":41},{"not_picked":["Cloak And Dagger","Bane","Corpse Explosion"],"picked":"Singing Bowl","floor":44},{"not_picked":["Poisoned Stab","Sucker Punch+1","Dagger Spray+1"],"picked":"Singing Bowl","floor":46},{"not_picked":["Outmaneuver+1","Poisoned Stab","Bane"],"picked":"Singing Bowl","floor":47},{"not_picked":["Noxious Fumes","Deadly Poison+1","Calculated Gamble+1"],"picked":"Singing Bowl","floor":48},{"not_picked":["Deadly Poison","Prepared"],"picked":"Phantasmal Killer","floor":54}],"player_experience":491039,"relics_obtained":[{"floor":8.0,"key":"Lantern"},{"floor":9.0,"key":"War Paint"},{"floor":23.0,"key":"Anchor"},{"floor":28,"key":"Smiling Mask"},{"floor":41,"key":"Singing Bowl"},{"floor":43,"key":"PreservedInsect"},{"floor":44,"key":"Unceasing Top"},{"floor":48,"key":"Calipers"},{"floor":54,"key":"Strawberry"}],"event_choices":[{"damage_healed":0,"gold_gain":0,"player_choice":"Gave Potion","damage_taken":0,"relics_obtained":["Ornamental Fan"],"max_hp_gain":0,"max_hp_loss":0,"event_name":"WeMeetAgain","floor":30,"gold_loss":0},{"damage_healed":0,"gold_gain":0,"player_choice":"Fight","damage_taken":0,"max_hp_gain":0,"max_hp_loss":0,"event_name":"Mysterious Sphere","floor":44,"gold_loss":0},{"damage_healed":0,"gold_gain":0,"player_choice":"Paid","damage_taken":0,"relics_obtained":["Red Mask"],"max_hp_gain":0,"max_hp_loss":0,"event_name":"Tomb of Lord Red Mask","floor":45,"gold_loss":136}],"is_beta":false,"boss_relics":[{"not_picked":["Fusion Hammer","Runic Pyramid"],"picked":"Empty Cage"},{"not_picked":["WristBlade","Coffee Dripper"],"picked":"Runic Dome"}],"items_purged_floors":[2,12,19,36,53],"is_endless":false,"potions_floor_spawned":[1,4,7,14,16,20,23,24,28,29,33,37,41,48,54],"ascension_level":13}}