{"host":"c95txy58ipbu969e","time":1611042831,"event":{"mods":["100% Spire Juice","Act Like it!","BaseMod","Minty Spire (QoL Compilation)","Quick Restart","StSLib"],"gold_per_floor":[114,130,130,146,146,57,76,88,88,88,101,101,101,101],"floor_reached":13,"language":"ZHS","playtime":495,"items_purged":[],"score":91,"play_id":"bf5d60f1-75cc-4ef6-b588-86932c389edb","local_time":"20210119155351","is_ascension_mode":true,"campfire_choices":[{"data":"Moonworks:IndiscriminateFireSupport","floor":12,"key":"SMITH"}],"circlet_count":0,"master_deck":["Moonworks:Strike","Moonworks:Strike","Moonworks:Strike","Moonworks:Strike","Moonworks:Defend","Moonworks:Defend","Moonworks:Defend","Moonworks:Defend","Moonworks:Ambush","Moonworks:LongDistanceShot","Moonworks:IndiscriminateFireSupport+1","Moonworks:RedAndBlue","Moonworks:EvilSpyWorkPreparation","Moonworks:SakisCookie","Moonworks:ImOnFire","Moonworks:StiffCrystal","Moonworks:MixPhenomenon"],"relics":["Moonworks:BrokenBomb","Moonworks:Homemark","NeowsBlessing","Question Card","Nunchaku"],"acts_visited":["Exordium"],"potions_floor_usage":[],"damage_taken":[{"damage":0.0,"enemies":"2 Louse","floor":1.0,"turns":1.0},{"damage":0.0,"enemies":"Cultist","floor":2.0,"turns":1.0},{"damage":0,"enemies":"Small Slimes","floor":4,"turns":1},{"damage":26,"enemies":"3 Sentries","floor":6,"turns":7},{"damage":2,"enemies":"Gremlin Gang","floor":7,"turns":3},{"damage":0,"enemies":"3 Louse","floor":8,"turns":1},{"damage":7,"enemies":"Red Slaver","floor":11,"turns":3},{"damage":22,"enemies":"Gremlin Nob","floor":13,"turns":4}],"seed_played":"3841594756741724821","potions_obtained":[{"floor":2.0,"key":"SneckoOil"},{"floor":5,"key":"SkillPotion"},{"floor":5,"key":"AttackPotion"}],"is_trial":false,"path_per_floor":["M","M","?","M","?","E","M","M","T","$","M","R","E"],"character_chosen":"THE_STARBREAKER","items_purchased":[],"campfire_rested":0,"item_purchase_floors":[],"current_hp_per_floor":[60,60,60,60,60,34,32,32,32,32,25,25,3,3],"gold":101,"neow_bonus":"THREE_ENEMY_KILL","is_daily":false,"chose_seed":false,"campfire_upgraded":1,"win_rate":0.0,"timestamp":1611042831,"path_taken":["M","M","?","?","?","E","M","M","T","?","M","R","E"],"items_purchased_type":[],"build_version":"2020-12-22","purchased_purges":0,"victory":false,"max_hp_per_floor":[60,60,60,60,60,60,60,60,60,60,60,60,60,60],"card_choices":[{"not_picked":["Moonworks:SakisCookie","Moonworks:NicePresent"],"picked":"Moonworks:IndiscriminateFireSupport","floor":1.0},{"not_picked":["Moonworks:IndiscriminateFireSupport","Moonworks:CloudOfSeagulls"],"picked":"Moonworks:RedAndBlue","floor":2.0},{"not_picked":["Moonworks:NicePresent","Moonworks:FullSpeedAlicianrone"],"picked":"Moonworks:EvilSpyWorkPreparation","floor":4},{"not_picked":["Moonworks:HolyNight","Moonworks:NicePresent"],"picked":"Moonworks:SakisCookie","floor":6},{"not_picked":["Moonworks:FullSpeedAlicianrone","Moonworks:TreasureThief","Moonworks:BigMagnum"],"picked":"Moonworks:ImOnFire","floor":7},{"not_picked":["Moonworks:CompletionReward","Moonworks:BigMagnum","Moonworks:SakisCookie"],"picked":"Moonworks:StiffCrystal","floor":8},{"not_picked":["Moonworks:IndiscriminateFireSupport","Moonworks:SubspaceTunnel","Moonworks:LulusLuckyEgg"],"picked":"Moonworks:MixPhenomenon","floor":11}],"player_experience":257442,"relics_obtained":[{"floor":6,"key":"Question Card"},{"floor":9,"key":"Nunchaku"}],"event_choices":[{"damage_healed":0,"gold_gain":0,"player_choice":"Bought 0 Potions","damage_taken":0,"max_hp_gain":0,"max_hp_loss":0,"event_name":"The Woman in Blue","floor":3,"gold_loss":0},{"damage_healed":0,"gold_gain":0,"player_choice":"Got Potions","damage_taken":0,"max_hp_gain":0,"max_hp_loss":0,"event_name":"Lab","floor":5,"gold_loss":0}],"is_beta":false,"boss_relics":[],"items_purged_floors":[],"is_endless":false,"potions_floor_spawned":[2,8],"killed_by":"Gremlin Nob","ascension_level":1}}