{"host":"i9wanet4r0ff4t9y","time":1611071806,"event":{"mods":["2.2 Compatiblity","Act Like it!","BaseMod","Bestiary","Better Altar","Better Match","Better Note","Better Sensory Stone","Better Skull","Better Third Choice","Better Vampires","BetterRewards","CapriCore","Curses Come First","Downfall","Minty Spire (QoL Compilation)","Quick Restart","READ ME - Guardian Mod","READ ME - Snecko Mod","Relic Stats","Say the Spire","Spicy Shops","StSLib","The Disciple","Waifu the Spire"],"gold_per_floor":[109,109,121,121,136,136,146,161,184,184,214,248,248,321,321,321,321],"floor_reached":16,"language":"POL","playtime":340,"items_purged":[],"score":225,"play_id":"384479bf-6d8d-42e0-a3f7-7568e265a400","local_time":"20210119165646","is_ascension_mode":true,"campfire_choices":[{"data":"Blade Dance","floor":6,"key":"SMITH"},{"data":"Cloak And Dagger","floor":10,"key":"SMITH"},{"data":"Neutralize","floor":13,"key":"SMITH"},{"floor":15,"key":"REST"}],"circlet_count":0,"master_deck":["AscendersBane","Strike_G","Strike_G","Strike_G","Strike_G","Strike_G","Defend_G","Defend_G","Defend_G","Defend_G","Defend_G","Survivor","Neutralize+1","Bullet Time+1","Dash","Blade Dance+1","Blur","Bouncing Flask","Cloak And Dagger+1","Quick Slash"],"relics":["Ring of the Snake","PreservedInsect","CeramicFish","Ancient Tea Set","Toy Ornithopter"],"acts_visited":["Exordium"],"potions_floor_usage":[1,8,12],"damage_taken":[{"damage":0,"enemies":"2 Louse","floor":1,"turns":1},{"damage":1,"enemies":"Cultist","floor":3,"turns":4},{"damage":0,"enemies":"Small Slimes","floor":5,"turns":2},{"damage":0,"enemies":"2 Fungi Beasts","floor":7,"turns":3},{"damage":3,"enemies":"Looter","floor":8,"turns":3},{"damage":6,"enemies":"Gremlin Nob","floor":12,"turns":3},{"damage":66,"enemies":"The Guardian","floor":16,"turns":16}],"seed_played":"8225965886711757794","potions_obtained":[{"floor":1,"key":"hexamod:SoulburnPotion"},{"floor":3,"key":"FearPotion"}],"is_trial":false,"path_per_floor":["M","?","M","?","M","R","M","M","T","R","?","E","R","?","R","B"],"character_chosen":"THE_SILENT","items_purchased":["PreservedInsect","Bullet Time","Explosive Potion"],"campfire_rested":1,"item_purchase_floors":[0,0,0],"current_hp_per_floor":[51,51,50,50,50,50,50,47,47,47,47,41,41,41,62,0,0],"gold":321,"neow_bonus":"","is_daily":false,"chose_seed":false,"campfire_upgraded":3,"win_rate":0.0,"timestamp":1611071806,"path_taken":["M","?","?","?","M","R","M","M","T","R","?","E","R","?","R","BOSS"],"items_purchased_type":["Relic","Card","Potion"],"build_version":"2020-12-22","purchased_purges":0,"victory":false,"max_hp_per_floor":[70,70,70,70,70,70,70,70,70,70,70,70,70,70,70,70,70],"relic_stats":{"counters":[26,121],"CeramicFish":9,"PreservedInsect":22,"obtain_stats":[{"Regal Pillow":9,"Happy Flower":10,"CeramicFish":9,"Eternal Feather":26,"betterThird:NestCultRelic":28,"PreservedInsect":0,"Orichalcum":0,"Question Card":9,"Ancient Tea Set":11,"Cauldron":21,"sneckomod:BabySnecko":22,"Matryoshka":6,"Bronze Scales":9,"Philosopher\u0027s Stone":17,"Bottled Lightning":7,"Toy Ornithopter":12,"Ring of the Snake":0},{"Regal Pillow":10,"Happy Flower":11,"CeramicFish":24,"Eternal Feather":16,"betterThird:NestCultRelic":16,"PreservedInsect":19,"Orichalcum":7,"Question Card":6,"Ancient Tea Set":24,"Cauldron":16,"sneckomod:BabySnecko":16,"Matryoshka":6,"Bronze Scales":6,"Philosopher\u0027s Stone":14,"Bottled Lightning":10,"Toy Ornithopter":25,"Ring of the Snake":0},{"Regal Pillow":41,"Happy Flower":49,"CeramicFish":102,"Eternal Feather":72,"betterThird:NestCultRelic":72,"PreservedInsect":89,"Orichalcum":28,"Question Card":24,"Ancient Tea Set":102,"Cauldron":72,"sneckomod:BabySnecko":72,"Matryoshka":24,"Bronze Scales":24,"Philosopher\u0027s Stone":64,"Bottled Lightning":41,"Toy Ornithopter":105,"Ring of the Snake":0}],"Toy Ornithopter":0,"Ring of the Snake":[50]},"card_choices":[{"not_picked":["Deflect","Distraction"],"picked":"Dash","floor":1},{"not_picked":["Bane","Expertise"],"picked":"Blade Dance","floor":3},{"not_picked":["Dodge and Roll","Poisoned Stab"],"picked":"Blur","floor":5},{"not_picked":["Calculated Gamble","Dodge and Roll"],"picked":"Bouncing Flask","floor":7},{"not_picked":["Backflip","Dodge and Roll"],"picked":"Cloak And Dagger","floor":8},{"not_picked":["Acrobatics","Calculated Gamble"],"picked":"Quick Slash","floor":12}],"player_experience":414116,"relics_obtained":[{"floor":9,"key":"CeramicFish"},{"floor":12,"key":"Toy Ornithopter"}],"event_choices":[{"damage_healed":0,"gold_gain":0,"player_choice":"Ignored","damage_taken":0,"max_hp_gain":0,"max_hp_loss":0,"event_name":"Purifier","floor":2,"gold_loss":0},{"damage_healed":0,"gold_gain":0,"player_choice":"Grow","damage_taken":0,"max_hp_gain":0,"max_hp_loss":0,"event_name":"Living Wall","floor":4,"gold_loss":0,"cards_upgraded":["Bullet Time"]},{"damage_healed":0,"gold_gain":30,"player_choice":"Searched \u00272\u0027 times","damage_taken":0,"relics_obtained":["Ancient Tea Set"],"max_hp_gain":0,"max_hp_loss":0,"event_name":"Dead Adventurer","floor":11,"gold_loss":0},{"damage_healed":0,"gold_gain":73,"player_choice":"Gained Gold","damage_taken":0,"max_hp_gain":0,"max_hp_loss":0,"event_name":"Golden Wing","floor":14,"gold_loss":0}],"is_beta":false,"boss_relics":[],"items_purged_floors":[],"is_endless":false,"potions_floor_spawned":[1,3],"killed_by":"The Guardian","ascension_level":10}}