{"host":"o5jvvi5yapo90aia","time":1611047705,"event":{"mods":["BaseMod","CapriCore","Minty Spire (QoL Compilation)","MostiFishMod","Prisma Mod","Spicy Shops","StSLib","TestMod","The Immortal","Yakumo Yukari mod","【人物mod】游戏王New YuGiOh mod","【功能Mod】Neow奖励"],"gold_per_floor":[116,116,147,147,176,176,219,219,271,321,349,349,378,378,378,466,466,501,501,426,453,488,488,537,571,571,618,650,693,741,781,781,874,874,904,88,488,488,552,598,598,629,704,748,782,782,622,622,622,637,652,652,652,77,123,143],"floor_reached":57,"language":"ZHS","playtime":1474,"items_purged":["Strike_B"],"score":3817,"play_id":"77b9fa5f-0020-4a0e-a025-5f6be760ac75","local_time":"20210119171505","is_ascension_mode":true,"campfire_choices":[{"data":"Strike_B","floor":6,"key":"PURGE"},{"data":"Strike_B","floor":15,"key":"PURGE"},{"data":"Defend_B","floor":23,"key":"PURGE"},{"data":"Defend_B","floor":32,"key":"PURGE"},{"floor":41,"key":"RECALL"},{"data":"Defend_B+1","floor":49,"key":"PURGE"},{"data":"White Noise+1","floor":53,"key":"PURGE"}],"circlet_count":0,"master_deck":["AscendersBane","Coolheaded+1","Recycle+1","MostiFishMod:ReadyAimFire+1","MostiFishMod:LinkProtocol+1","Heatsinks+1","Creative AI+1","MostiFishMod:PerfectForm+1","Double Energy+1"],"relics":["testmod-TestBox","Nuclear Battery","BirthdayGift-Icosahedron","testmod-BouquetWithThorns","SynthV:TestCard","Juzu Bracelet","Matryoshka","SynthV:C4","testmod-AssaultLearning","Vajra","Nunchaku","Centennial Puzzle","testmod-BloodSacrificeSpiritualization","Anchor","testmod-ArcanaOfDestiny","testmod-Déjàvu","Red Mask","Pen Nib","Empty Cage","Lantern","testmod-Register","Du-Vu Doll","testmod-TheFather","HornCleat","MostiFishMod:Haymaker","Toolbox","Blood Vial","PrismaticShard","War Paint","Frozen Eye","testmod-TurbochargingSystem"],"acts_visited":["Exordium","TheCity","TheBeyond","TheEnding"],"potions_floor_usage":[30],"damage_taken":[{"damage":0,"enemies":"Cultist","floor":1,"turns":2},{"damage":0,"enemies":"Small Slimes","floor":3,"turns":1},{"damage":0,"enemies":"2 Louse","floor":5,"turns":1},{"damage":0,"enemies":"Lagavulin","floor":7,"turns":5},{"damage":0,"enemies":"Gremlin Nob","floor":10,"turns":2},{"damage":0,"enemies":"Looter","floor":11,"turns":1},{"damage":0,"enemies":"Large Slime","floor":13,"turns":1},{"damage":0,"enemies":"Slime Boss","floor":16,"turns":3},{"damage":0,"enemies":"3 Byrds","floor":18,"turns":1},{"damage":0,"enemies":"Shell Parasite","floor":21,"turns":1},{"damage":0,"enemies":"Snecko","floor":22,"turns":1},{"damage":0,"enemies":"Slavers","floor":24,"turns":1},{"damage":0,"enemies":"Snake Plant","floor":25,"turns":1},{"damage":0,"enemies":"Book of Stabbing","floor":27,"turns":1},{"damage":0,"enemies":"Sentry and Sphere","floor":28,"turns":1},{"damage":0,"enemies":"Slavers","floor":29,"turns":1},{"damage":0,"enemies":"Masked Bandits","floor":30,"turns":1},{"damage":0,"enemies":"Book of Stabbing","floor":31,"turns":1},{"damage":0,"enemies":"Automaton","floor":33,"turns":1},{"damage":0,"enemies":"3 Shapes","floor":35,"turns":1},{"damage":0,"enemies":"2 Orb Walkers","floor":39,"turns":1},{"damage":0,"enemies":"Nemesis","floor":40,"turns":1},{"damage":0,"enemies":"3 Darklings","floor":42,"turns":1},{"damage":0,"enemies":"Reptomancer","floor":44,"turns":1},{"damage":0,"enemies":"Spire Growth","floor":45,"turns":1},{"damage":0,"enemies":"Donu and Deca","floor":50,"turns":1},{"damage":0,"enemies":"Time Eater","floor":51,"turns":1},{"damage":0,"enemies":"Shield and Spear","floor":55,"turns":1},{"damage":0,"enemies":"The Heart","floor":56,"turns":3}],"seed_played":"243627032413489768","potions_obtained":[{"floor":3,"key":"SkillPotion"},{"floor":7,"key":"Regen Potion"},{"floor":29,"key":"testmod-SpacePotion"},{"floor":30,"key":"Swift Potion"},{"floor":39,"key":"Energy Potion"}],"is_trial":false,"path_per_floor":["M","?","M","?","M","R","E","?","T","E","M","?","M","T","R","B",null,"M","?","$","M","M","R","E","M","T","E","M","E","?","E","R","B",null,"M","$","?","?","?","E","R","M","T","E","M","?","$","?","R","B","B",null,"R","$","E","B",null],"character_chosen":"DEFECT","items_purchased":["Lantern","testmod-Register","MostiFishMod:PerfectForm","Toolbox","Blood Vial","PrismaticShard","War Paint","Frozen Eye"],"campfire_rested":0,"item_purchase_floors":[36,36,36,47,54,54,54,54],"current_hp_per_floor":[65,65,70,49,54,54,59,54,54,59,64,57,62,62,62,67,70,71,71,71,71,71,71,71,71,71,71,71,71,71,71,71,71,71,71,71,71,81,81,81,81,81,81,81,81,81,81,77,77,77,77,77,77,77,77,77],"gold":143,"neow_bonus":"BOSS_RELIC","is_daily":false,"chose_seed":false,"campfire_upgraded":0,"win_rate":0.0,"timestamp":1611047705,"path_taken":["M","?","?","?","M","R","E","?","T","E","M","?","M","?","R","BOSS","M","?","?","M","M","R","E","M","T","E","M","E","?","E","R","BOSS","M","$","?","?","?","E","R","M","T","E","M","?","$","?","R","BOSS","BOSS","R","$","E","BOSS"],"items_purchased_type":["Relic","Relic","Card","Relic","Relic","Relic","Relic","Relic"],"build_version":"2020-12-22","purchased_purges":1,"victory":true,"max_hp_per_floor":[71,71,71,71,71,71,71,71,71,71,71,71,71,71,71,71,71,71,71,71,71,71,71,71,71,71,71,71,71,71,71,71,71,71,71,71,71,81,81,81,81,81,81,81,81,81,81,77,77,77,77,77,77,77,77,77],"card_choices":[{"not_picked":["Barrage","BootSequence","Ball Lightning"],"picked":"SKIP","floor":1},{"not_picked":["MostiFishMod:PushDownKick","Gash","MostiFishMod:ReprogramOld","MostiFishMod:GatherIntelligence"],"picked":"Coolheaded","floor":3},{"not_picked":["Steam","Gash","Sunder","Compile Driver","Glacier"],"picked":"SKIP","floor":5},{"not_picked":["Heatsinks","Conserve Battery","Auto Shields","Defragment"],"picked":"Recycle","floor":7},{"not_picked":["Tempest","Coolheaded","Turbo","Barrage","Reboot"],"picked":"SKIP","floor":10},{"not_picked":["Redo","Hologram","Double Energy","Compile Driver"],"picked":"White Noise","floor":11},{"not_picked":["Leap","Steam","Stack","Lockon","MostiFishMod:PushDownKick"],"picked":"SKIP","floor":13},{"not_picked":["MostiFishMod:DawningShadow","Rainbow","MostiFishMod:InterfaceCompatibility","Meteor Strike"],"picked":"MostiFishMod:ReadyAimFire","floor":16},{"not_picked":["Aggregate","Turbo","Force Field","Steam","Sweeping Beam"],"picked":"SKIP","floor":18},{"not_picked":["Double Energy","Conserve Battery","Chaos","Recycle","MostiFishMod:Hijack"],"picked":"SKIP","floor":21},{"not_picked":["Aggregate","Turbo","MostiFishMod:GatherIntelligence+1","Beam Cell","Coolheaded"],"picked":"SKIP","floor":22},{"not_picked":["Ball Lightning","MostiFishMod:ReprogramOld","Recycle","Compile Driver","Coolheaded"],"picked":"SKIP","floor":24},{"not_picked":["MostiFishMod:FluxCapactior+1","Compile Driver","Tempest","Aggregate","Sunder"],"picked":"SKIP","floor":25},{"not_picked":["Meteor Strike","Undo","MostiFishMod:IntelligentEquipment","Sunder"],"picked":"MostiFishMod:LinkProtocol","floor":27},{"not_picked":["Storm","Hologram+1","Rebound","Ball Lightning"],"picked":"Heatsinks","floor":28},{"not_picked":["Consume","Recycle","Defragment","Turbo","Stack+1"],"picked":"SKIP","floor":29},{"not_picked":["Redo","Genetic Algorithm","Stack","Cold Snap"],"picked":"Biased Cognition","floor":31},{"not_picked":["MostiFishMod:ReadyAimFire","Rainbow","MostiFishMod:TalkingToTheRain","MostiFishMod:IntelligentEquipment"],"picked":"Creative AI","floor":33},{"not_picked":["MostiFishMod:PushDownKick","Blizzard","Aggregate","Sweeping Beam+1","Barrage"],"picked":"SKIP","floor":35},{"not_picked":["Barrage","MostiFishMod:PushDownKick","Melter","Conserve Battery","Turbo"],"picked":"SKIP","floor":40},{"not_picked":["Static Discharge+1","Redo","Ball Lightning","Glacier","Gash+1"],"picked":"SKIP","floor":42},{"not_picked":["Sweeping Beam","Beam Cell","Compile Driver","Redo","Storm"],"picked":"SKIP","floor":44},{"not_picked":["MostiFishMod:ReprogramOld","Coolheaded","MostiFishMod:Culaccino","Redo"],"picked":"Double Energy","floor":45},{"not_picked":["Pommel Strike","Go for the Eyes","MokouMod:ThermalPressure","MokouMod:Firecracker","PrismaMod:ChloeExhaustOne"],"picked":"SKIP","floor":55}],"player_experience":1468954,"relics_obtained":[{"floor":1,"key":"SynthV:TestCard"},{"floor":7,"key":"Juzu Bracelet"},{"floor":9,"key":"SynthV:C4"},{"floor":9,"key":"testmod-AssaultLearning"},{"floor":10,"key":"Vajra"},{"floor":14,"key":"Nunchaku"},{"floor":14,"key":"Centennial Puzzle"},{"floor":24,"key":"Anchor"},{"floor":27,"key":"testmod-ArcanaOfDestiny"},{"floor":29,"key":"testmod-Déjàvu"},{"floor":30,"key":"Red Mask"},{"floor":31,"key":"Pen Nib"},{"floor":39,"key":"Du-Vu Doll"},{"floor":40,"key":"testmod-TheFather"},{"floor":43,"key":"HornCleat"},{"floor":44,"key":"MostiFishMod:Haymaker"},{"floor":55,"key":"testmod-TurbochargingSystem"}],"event_choices":[{"damage_healed":0,"gold_gain":0,"player_choice":"Upgraded","damage_taken":0,"max_hp_gain":0,"max_hp_loss":0,"event_name":"Upgrade Shrine","floor":2,"gold_loss":0,"cards_upgraded":["Dualcast"]},{"damage_healed":0,"gold_gain":0,"player_choice":"Entered Light","damage_taken":21,"max_hp_gain":0,"max_hp_loss":0,"event_name":"Shining Light","floor":4,"gold_loss":0,"cards_upgraded":["Defend_B","Coolheaded"]},{"damage_healed":0,"gold_gain":0,"player_choice":"Success","damage_taken":5,"relics_obtained":["Matryoshka"],"max_hp_gain":0,"max_hp_loss":0,"event_name":"Scrap Ooze","floor":8,"gold_loss":0},{"cards_removed":["Strike_B"],"damage_healed":0,"gold_gain":0,"player_choice":"Card Removal","damage_taken":7,"max_hp_gain":0,"max_hp_loss":0,"event_name":"Golden Wing","floor":12,"gold_loss":0},{"damage_healed":0,"gold_gain":0,"player_choice":"Swap Relic","damage_taken":0,"relics_obtained":["Orrery"],"max_hp_gain":0,"max_hp_loss":0,"event_name":"给自己的盒子","floor":19,"relics_lost":["Orrery"],"gold_loss":0},{"damage_healed":0,"gold_gain":0,"player_choice":"Fought Bandits","damage_taken":0,"max_hp_gain":0,"max_hp_loss":0,"event_name":"Masked Bandits","floor":30,"gold_loss":0},{"damage_healed":0,"gold_gain":400,"player_choice":"Sell","damage_taken":0,"max_hp_gain":0,"max_hp_loss":0,"event_name":"恩洛斯的盘子","floor":37,"relics_lost":["DaveBox"],"gold_loss":0},{"cards_removed":["Biased Cognition"],"damage_healed":0,"gold_gain":0,"player_choice":"Offered Rare","damage_taken":0,"max_hp_gain":10,"max_hp_loss":0,"event_name":"Bonfire Elementals","floor":38,"gold_loss":0},{"damage_healed":0,"gold_gain":0,"player_choice":"Fight","damage_taken":0,"max_hp_gain":0,"max_hp_loss":0,"event_name":"Mysterious Sphere","floor":39,"gold_loss":0},{"cards_removed":["Dualcast"],"damage_healed":0,"gold_gain":0,"player_choice":"Removed Skill","damage_taken":0,"max_hp_gain":0,"max_hp_loss":0,"event_name":"Falling","floor":46,"gold_loss":0},{"damage_healed":0,"gold_gain":0,"player_choice":"Max HP","damage_taken":0,"max_hp_gain":0,"max_hp_loss":4,"event_name":"Winding Halls","floor":48,"gold_loss":0}],"is_beta":false,"boss_relics":[{"not_picked":["testmod-CardMagician","ExusiaiGun"],"picked":"testmod-BloodSacrificeSpiritualization"},{"not_picked":["testmod-Nine","Sozu"],"picked":"Empty Cage"}],"items_purged_floors":[20],"is_endless":false,"potions_floor_spawned":[3,7,11,18,24,27,29,30,39,45],"ascension_level":20}}