{"host":"pyvqvk2ltcevcwmf","time":1611054575,"event":{"mods":["BaseMod","BetterRewards","Good Game Mod","Marisa£®ÏF”Í°°ƒß¿Ì…≥£©","Minty Spire (QoL Compilation)","Rare Cards Sparkle","Shop Mod","Spicy Shops","StSLib","The Alterego","The Servant 0.9.4","Youmu£®ªÍ∆«—˝√Œ£©"],"gold_per_floor":[120,70,46,65,19,19,52,52,52,52,75,75,102,102,102,230,530,544,568,568,568],"floor_reached":20,"language":"ZHS","playtime":1168,"items_purged":[],"score":187,"play_id":"08892ede-d342-4b55-b472-c8b4888a2da8","local_time":"20210119190935","is_ascension_mode":true,"campfire_choices":[{"data":"alterego_mod:1TonWallop","floor":6.0,"key":"SMITH"},{"data":"alterego_mod:BigMeatyClaws","floor":8.0,"key":"SMITH"},{"floor":10.0,"key":"RECALL"},{"data":"alterego_mod:Impale","floor":12.0,"key":"SMITH"},{"data":"alterego_mod:BrynhildrRomantia","floor":15.0,"key":"SMITH"}],"circlet_count":0,"master_deck":["alterego_mod:Strike","alterego_mod:Strike","alterego_mod:Strike","alterego_mod:Defend","alterego_mod:Defend","alterego_mod:Defend","alterego_mod:Defend","alterego_mod:Impale+1","alterego_mod:BigMeatyClaws+1","alterego_mod:BrynhildrsRune","CollectingQuirk","alterego_mod:Stockings","alterego_mod:Birthday","alterego_mod:1TonWallop+1","alterego_mod:BiFurious","alterego_mod:PainIsPleasure","alterego_mod:BrynhildrRomantia+1","Injury","alterego_mod:Palingenesis","CurseOfTheBell","alterego_mod:TrashNCrash+1","alterego_mod:DiscoLights"],"relics":["alterego_mod:MasochisticConstitution","REME:ComplimentaryCards","NeowsBlessing","Regal Pillow","Blue Candle","Pen Nib","Golden Idol","Calling Bell","Old Coin","Anchor","Toxic Egg 2"],"acts_visited":["Exordium","TheCity"],"potions_floor_usage":[],"damage_taken":[{"damage":2.0,"enemies":"2 Louse","floor":1.0,"turns":2.0},{"damage":3.0,"enemies":"Jaw Worm","floor":4.0,"turns":2.0},{"damage":3.0,"enemies":"Lagavulin","floor":7.0,"turns":5.0},{"damage":22.0,"enemies":"Gremlin Nob","floor":13.0,"turns":5.0},{"damage":49.0,"enemies":"Hexaghost","floor":16.0,"turns":10.0},{"damage":4.0,"enemies":"Chosen","floor":18.0,"turns":3.0},{"damage":48.0,"enemies":"Spheric Guardian","floor":19.0,"turns":6.0},{"damage":34,"enemies":"Snake Plant","floor":20,"turns":5}],"seed_played":"4489739390319988760","potions_obtained":[{"floor":4.0,"key":"FearPotion"},{"floor":13.0,"key":"Dexterity Potion"}],"is_trial":false,"path_per_floor":["M","?","$","M","$","R","E","R","T","R","T","R","E","?","R","B",null,"M","M","M"],"character_chosen":"The_Alterego","items_purchased":["alterego_mod:Birthday","alterego_mod:BiFurious"],"campfire_rested":0,"item_purchase_floors":[3,5],"current_hp_per_floor":[71,71,71,72,72,72,70,70,70,70,70,70,51,51,51,16,79,76,31,0,0],"gold":568,"neow_bonus":"THREE_ENEMY_KILL","is_daily":false,"chose_seed":false,"campfire_upgraded":4,"win_rate":0.0,"timestamp":1611054575,"path_taken":["M","?","$","M","?","R","E","R","T","R","?","R","E","?","R","BOSS","M","M","M"],"items_purchased_type":["Card","Card"],"build_version":"2020-12-22","purchased_purges":0,"victory":false,"max_hp_per_floor":[71,71,71,72,72,72,73,73,73,73,73,73,74,74,74,79,79,80,81,81,81],"card_choices":[{"not_picked":["alterego_mod:Mirror","alterego_mod:Cycle"],"picked":"alterego_mod:Stockings","floor":1.0},{"not_picked":["alterego_mod:Jiggle","alterego_mod:Support"],"picked":"alterego_mod:1TonWallop","floor":4.0},{"not_picked":["alterego_mod:PurpleHair","alterego_mod:BiFurious"],"picked":"alterego_mod:PainIsPleasure","floor":7.0},{"not_picked":["alterego_mod:DiscoLights","alterego_mod:Cycle"],"picked":"alterego_mod:BrynhildrRomantia","floor":13.0},{"not_picked":["alterego_mod:RingBreak","alterego_mod:Lift"],"picked":"alterego_mod:Palingenesis","floor":16.0},{"not_picked":["alterego_mod:MagicResistance+1","alterego_mod:Cycle+1"],"picked":"alterego_mod:TrashNCrash+1","floor":18.0},{"not_picked":["alterego_mod:HighServant+1","alterego_mod:Jiggle+1"],"picked":"alterego_mod:DiscoLights","floor":19.0}],"player_experience":229099,"relics_obtained":[{"floor":7.0,"key":"Regal Pillow"},{"floor":9.0,"key":"Blue Candle"},{"floor":13.0,"key":"Pen Nib"},{"floor":17.0,"key":"Old Coin"},{"floor":17.0,"key":"Anchor"},{"floor":17.0,"key":"Toxic Egg 2"}],"event_choices":[{"cards_removed":["alterego_mod:Strike"],"damage_healed":0.0,"max_hp_gain":0.0,"max_hp_loss":0.0,"gold_gain":0.0,"event_name":"The Cleric","player_choice":"Card Removal","floor":2.0,"gold_loss":50.0,"damage_taken":0.0},{"damage_healed":0.0,"max_hp_gain":0.0,"max_hp_loss":0.0,"gold_gain":0.0,"event_name":"Golden Idol","player_choice":"Take Wound","floor":14.0,"gold_loss":0.0,"damage_taken":0.0,"relics_obtained":["Golden Idol"],"cards_obtained":["Injury"]}],"is_beta":false,"boss_relics":[{"not_picked":["Coffee Dripper","SacredBark"],"picked":"Calling Bell"}],"items_purged_floors":[],"is_endless":false,"potions_floor_spawned":[4,13],"killed_by":"Snake Plant","ascension_level":1}}