{"host":"dmp5wkeaoxsk0qwa","time":1611050002,"event":{"mods":["AchievementEnabler","BaseMod","BetterRewards","Colored Map","Colored Powertips","Curses Come First","Minty Spire (QoL Compilation)","Permanent Neow","Quick Restart","Replay The Spire","Shop Mod","StSLib"],"gold_per_floor":[120,143,143,143,143,143,192,218,243,273,297,297,318,370,370,493,493,544,469,519,519,568,568,630,630,630,672,672,720,720,198,198,325,325,369,369,27,27,52,52,24,24,24,54,119,155,202,236,236,192],"floor_reached":51,"language":"ENG","playtime":2450,"items_purged":["Languid","Parasite"],"score":1126,"play_id":"ab48e5fa-00f9-4d91-9edc-8c67fd65876a","local_time":"20210119105322","is_ascension_mode":false,"campfire_choices":[{"data":"Second Wind","floor":6,"key":"SMITH"},{"floor":15,"key":"REST"},{"data":"Double Tap","floor":23,"key":"SMITH"},{"floor":32,"key":"DIG"},{"data":"Heavy Blade","floor":40,"key":"SMITH"},{"data":"Reaper","floor":42,"key":"SMITH"}],"circlet_count":0,"master_deck":["Strike_R","Strike_R+1","Strike_R","Strike_R","Strike_R+2","Defend_R","Defend_R","Defend_R","Defend_R","Spot Weakness","ReplayTheSpireMod:Muscle Training","Pummel+1","Second Wind+1","Survivor","Neutralize+1","Heavy Blade+1","Pot Of Greed","Pot Of Greed","Sword Boomerang","Cleave+1","Cleave","Double Tap+1","Twin Strike","Heavy Blade+1","Pot Of Greed","Amnesia","Pummel+1","Twin Strike+1","Flex","Shame","Reaper+1","Feed","Cleave+1","Mayhem","Mayhem","Pot Of Greed","Trip","Sword Boomerang","Anger","Heavy Blade+1","Normality","Bloodletting","Sword Boomerang+1","Pummel","Pummel","Sword Boomerang+1","Amnesia","Pot Of Greed"],"relics":["Burning Blood","Replay:Bandana","Replay:Mystery Machine","TungstenRod","Bag of Preparation","Whetstone","Grinning Jar","Snack Pack","ChewingGum","Ring of Searing","Ring of Greed","MealTicket","Membership Card","NlothsMask","Anchor","MutagenicStrength","Replay:Rubber Ducky","Pet Ghost","WingedGreaves","Strange Spoon","MerchantsRug","Shuriken","SacredBark","Sundial","Dream Catcher","OrangePellets","Simple Rune","Regal Pillow","Ginger","Replay:Bottled Steam","Ice Cream"],"acts_visited":["Exordium","TheCity","TheBeyond"],"potions_floor_usage":[29,47,47],"damage_taken":[{"damage":7,"enemies":"Jaw Worm","floor":1,"turns":3},{"damage":20,"enemies":"2 Louse","floor":2,"turns":3},{"damage":13,"enemies":"3 Sentries","floor":7,"turns":7},{"damage":4,"enemies":"Small Slimes","floor":10,"turns":2},{"damage":0,"enemies":"Looter","floor":11,"turns":2},{"damage":0,"enemies":"3 Louse","floor":13,"turns":1},{"damage":17,"enemies":"Gremlin Nob","floor":14,"turns":4},{"damage":21,"enemies":"Fading Forest","floor":16,"turns":11},{"damage":19,"enemies":"2 Thieves","floor":18,"turns":3},{"damage":8,"enemies":"Spheric Guardian","floor":22,"turns":3},{"damage":18,"enemies":"Gremlin Leader","floor":24,"turns":4},{"damage":8,"enemies":"Centurion and Healer","floor":27,"turns":3},{"damage":11,"enemies":"Snecko","floor":29,"turns":4},{"damage":55,"enemies":"Champ","floor":33,"turns":5},{"damage":9,"enemies":"3 Darklings","floor":35,"turns":3},{"damage":12,"enemies":"3 Shapes","floor":44,"turns":4},{"damage":8,"enemies":"Nemesis","floor":45,"turns":3},{"damage":31,"enemies":"Maw","floor":47,"turns":5},{"damage":10,"enemies":"3 Darklings","floor":48,"turns":2},{"damage":68,"enemies":"Donu and Deca","floor":50,"turns":6}],"seed_played":"4836429902718538046","potions_obtained":[{"floor":2,"key":"Elixir"},{"floor":10,"key":"Milkshake"},{"floor":11,"key":"Regen Potion"},{"floor":13,"key":"FairyPotion"},{"floor":18,"key":"Cursed Concoction"},{"floor":29,"key":"PowerPotion"},{"floor":47,"key":"Fruit Juice"},{"floor":48,"key":"SteroidPotion"}],"is_trial":false,"path_per_floor":["M","M","?","T","?","R","E","T","T","M","M","?","M","E","R","B",null,"M","?","?","?","M","R","E","?","T","M","?","M","?","$","R_BF","B",null,"M","?","$","?","T","R","$","R","T","M","E","?","M","M","R_BF","B",null],"character_chosen":"IRONCLAD","items_purchased":["Replay:Bandana","Spot Weakness","ReplayTheSpireMod:Muscle Training","Pet Ghost","WingedGreaves","Strange Spoon","Inflame","MerchantsRug","Reaper","Sword Boomerang","Sundial","Dream Catcher","OrangePellets","Regal Pillow","Anger"],"campfire_rested":1,"item_purchase_floors":[0,0,0,31,31,31,31,31,31,37,37,37,37,41,41],"current_hp_per_floor":[71,57,57,57,57,57,50,50,50,52,58,43,49,38,62,53,80,71,71,71,71,73,73,65,65,65,67,55,61,61,76,76,47,80,80,71,77,77,77,77,77,77,77,73,75,75,70,70,87,43],"gold":192,"neow_bonus":"","is_daily":false,"chose_seed":false,"campfire_upgraded":4,"win_rate":0.0,"timestamp":1611050002,"path_taken":["M","M","?","?","?","R","E","?","T","M","?","?","M","E","R","BOSS","M","?","?","?","?","R","E","?","T","M","?","M","?","$","R_BF","BOSS","M","?","$","?","?","R","$","R","T","M","E","?","M","M","R_BF","BOSS"],"items_purchased_type":["Relic","Card","Card","Relic","Relic","Relic","Card","Relic","Card","Card","Relic","Relic","Relic","Relic","Card"],"build_version":"2020-12-22","purchased_purges":2,"victory":true,"max_hp_per_floor":[80,80,80,80,80,80,80,80,80,80,80,80,80,80,80,80,80,80,80,80,80,80,80,80,80,80,80,80,80,80,80,80,80,80,80,80,77,77,77,77,77,77,77,77,77,77,87,87,87,87],"card_choices":[{"not_picked":["Dropkick","True Grit"],"picked":"Pummel","floor":1},{"not_picked":["Run Through","Anger"],"picked":"Second Wind","floor":2},{"not_picked":["Iron Wave","Headbutt"],"picked":"Heavy Blade","floor":7},{"not_picked":["Flame Barrier","Clothesline"],"picked":"Sword Boomerang","floor":10},{"not_picked":["Clash","Disarm"],"picked":"Cleave","floor":11},{"not_picked":["Evolve","ReplayTheSpireMod:Stacked"],"picked":"Cleave","floor":13},{"not_picked":["ReplayReversal","Evolve","Body Slam"],"picked":"SKIP","floor":14},{"not_picked":["Exhume","Replay:Many Hands"],"picked":"Double Tap","floor":16},{"not_picked":["Rage","ReplayTheSpireMod:Limb From Limb"],"picked":"Twin Strike","floor":18},{"not_picked":["Warcry","Replay:Many Hands"],"picked":"Heavy Blade+1","floor":22},{"not_picked":["Pommel Strike+1","Havoc"],"picked":"Pummel+1","floor":24},{"not_picked":["Body Slam","Shrug It Off"],"picked":"Twin Strike+1","floor":27},{"not_picked":["Juggernaut","Second Wind+1"],"picked":"Flex","floor":29},{"not_picked":["Impervious","Offering"],"picked":"Feed","floor":33},{"not_picked":["Blood for Blood","ReplayTheSpireMod:Muscle Training+1"],"picked":"Cleave+1","floor":35},{"not_picked":["Specialist","PanicButton"],"picked":"Mayhem","floor":36},{"not_picked":["Chrysalis","Trip"],"picked":"Mayhem","floor":36},{"not_picked":["Madness","ReplayTheSpireMod:Necrogeddon"],"picked":"Trip","floor":36},{"not_picked":["Clothesline","Wild Strike+1"],"picked":"Heavy Blade","floor":44},{"not_picked":["Thunderclap","Disarm"],"picked":"Bloodletting","floor":45},{"not_picked":["Pommel Strike+1","Shrug It Off+1"],"picked":"Sword Boomerang+1","floor":46},{"not_picked":["Feel No Pain+1","Feed"],"picked":"Pummel","floor":47},{"not_picked":["ReplayTheSpireMod:LeadingStrike","Evolve"],"picked":"Pummel","floor":48},{"not_picked":["ReplayReversal","Warcry"],"picked":"Sword Boomerang+1","floor":49}],"player_experience":59409,"relics_obtained":[{"floor":4,"key":"TungstenRod"},{"floor":7,"key":"Bag of Preparation"},{"floor":8,"key":"Whetstone"},{"floor":9,"key":"Grinning Jar"},{"floor":14,"key":"Snack Pack"},{"floor":20,"key":"Ring of Searing"},{"floor":20,"key":"Ring of Greed"},{"floor":20,"key":"MealTicket"},{"floor":20,"key":"Membership Card"},{"floor":24,"key":"Anchor"},{"floor":28,"key":"Nilry\u0027s Codex"},{"floor":32,"key":"Shuriken"},{"floor":39,"key":"Simple Rune"},{"floor":43,"key":"Ginger"},{"floor":45,"key":"Replay:Bottled Steam"},{"floor":46,"key":"Ice Cream"}],"event_choices":[{"damage_healed":0,"gold_gain":0,"player_choice":"Box","damage_taken":0,"relics_obtained":["Replay:Mystery Machine"],"max_hp_gain":0,"max_hp_loss":0,"event_name":"Big Fish","floor":3,"gold_loss":0,"cards_obtained":["Regret"]},{"damage_healed":0,"gold_gain":0,"player_choice":"Entered Light","damage_taken":16,"max_hp_gain":0,"max_hp_loss":0,"event_name":"Shining Light","floor":12,"gold_loss":0,"cards_upgraded":["Cleave","Strike_R"]},{"cards_removed":["Regret"],"damage_healed":0,"gold_gain":0,"player_choice":"Gave Gold","damage_taken":0,"max_hp_gain":0,"max_hp_loss":0,"event_name":"Beggar","floor":19,"gold_loss":75},{"damage_healed":0,"gold_gain":0,"player_choice":"Trade","damage_taken":0,"relics_obtained":["NlothsMask"],"max_hp_gain":0,"max_hp_loss":0,"event_name":"FaceTrader","floor":21,"gold_loss":0},{"damage_healed":0,"gold_gain":0,"player_choice":"Inject Mutagens","damage_taken":0,"relics_obtained":["MutagenicStrength"],"max_hp_gain":0,"max_hp_loss":0,"event_name":"Drug Dealer","floor":25,"gold_loss":0},{"damage_healed":0,"gold_gain":0,"player_choice":"Obtained Book","damage_taken":16,"max_hp_gain":0,"max_hp_loss":0,"event_name":"Cursed Tome","floor":28,"gold_loss":0},{"damage_healed":0,"gold_gain":0,"player_choice":"Stole Relic","damage_taken":0,"relics_obtained":["Replay:Rubber Ducky"],"max_hp_gain":0,"max_hp_loss":0,"event_name":"Addict","floor":30,"gold_loss":0,"cards_obtained":["Shame"]},{"damage_healed":0,"gold_gain":0,"player_choice":"Memory 3","damage_taken":10,"max_hp_gain":0,"max_hp_loss":0,"event_name":"SensoryStone","floor":36,"gold_loss":0},{"cards_removed":["Inflame"],"damage_healed":0,"gold_gain":0,"player_choice":"Removed Power","damage_taken":0,"max_hp_gain":0,"max_hp_loss":0,"event_name":"Falling","floor":38,"gold_loss":0}],"is_beta":false,"boss_relics":[{"not_picked":["Runic Cube","Cursed Key"],"picked":"ChewingGum"},{"not_picked":["Busted Crown","Replay:Bronze Core"],"picked":"SacredBark"}],"items_purged_floors":[31,37],"is_endless":false,"potions_floor_spawned":[2,10,11,13,18,24,29,35,47,48],"ascension_level":0}}