{"host":"8is2j71l4wmybkoi","time":1611065589,"event":{"mods":["AchievementEnabler","BaseMod","Colored Map","Minty Spire (QoL Compilation)","Rare Cards Sparkle","StSLib","SuperFastMode"],"gold_per_floor":[111,131,56,67,79,79,93,126,173,173,205,205,205,43,43,121,121,135,35,46,46,46,81,93,105,144,156,186,215,237,276,288,371,383,415,26,26,45,55,85,85,85,111,158,185,199,218,218,218,218],"floor_reached":51,"language":"KOR","playtime":2305,"items_purged":["Strike_G","Strike_G"],"score":1498,"play_id":"732bda80-f866-4791-a77a-1ef5240ec03a","local_time":"20210119231309","is_ascension_mode":true,"campfire_choices":[{"data":"Blade Dance","floor":6.0,"key":"SMITH"},{"data":"Adrenaline","floor":10,"key":"SMITH"},{"data":"A Thousand Cuts","floor":15,"key":"SMITH"},{"floor":25,"key":"REST"},{"floor":27,"key":"REST"},{"floor":32,"key":"REST"},{"floor":42,"key":"REST"},{"floor":49,"key":"REST"}],"circlet_count":0,"master_deck":["AscendersBane","Strike_G","Strike_G","Defend_G","Defend_G","Defend_G+1","Defend_G","Defend_G","Survivor","Neutralize","Adrenaline+1","Predator","Blade Dance+1","Backflip","Flying Knee","Choke","Reflex+1","A Thousand Cuts+1","Noxious Fumes","Adrenaline","Bouncing Flask","Tactician","Caltrops","Venomology","Footwork","After Image","Acrobatics+1","Crippling Poison+1","Blur","Sucker Punch+1","PiercingWail+1","Magnetism","Enlightenment","Leg Sweep+1"],"relics":["Ring of the Snake","Anchor","Potion Belt","Mummified Hand","CultistMask","Fusion Hammer","Kunai","MawBank","War Paint","Ancient Tea Set","Snecko Eye","Bag of Preparation","Dream Catcher","Bronze Scales","Du-Vu Doll","Snake Skull"],"acts_visited":["Exordium","TheCity","TheBeyond"],"potions_floor_usage":[8,23,29,33,38,40,41,44,46,46,47,50],"damage_taken":[{"damage":0.0,"enemies":"Cultist","floor":1.0,"turns":4.0},{"damage":2.0,"enemies":"Small Slimes","floor":2.0,"turns":4.0},{"damage":0.0,"enemies":"Jaw Worm","floor":4.0,"turns":3.0},{"damage":8.0,"enemies":"Red Slaver","floor":5.0,"turns":6.0},{"damage":0.0,"enemies":"3 Louse","floor":7.0,"turns":3.0},{"damage":19,"enemies":"3 Sentries","floor":8,"turns":7},{"damage":22,"enemies":"Lagavulin","floor":11,"turns":5},{"damage":7,"enemies":"Hexaghost","floor":16,"turns":9},{"damage":6,"enemies":"Spheric Guardian","floor":18,"turns":3},{"damage":2,"enemies":"2 Thieves","floor":20,"turns":2},{"damage":19,"enemies":"Slavers","floor":23,"turns":4},{"damage":8,"enemies":"Snake Plant","floor":28,"turns":3},{"damage":7,"enemies":"3 Cultists","floor":29,"turns":3},{"damage":0,"enemies":"Centurion and Healer","floor":30,"turns":5},{"damage":47,"enemies":"Automaton","floor":33,"turns":9},{"damage":3,"enemies":"3 Darklings","floor":35,"turns":3},{"damage":3,"enemies":"3 Shapes","floor":38,"turns":4},{"damage":4,"enemies":"3 Darklings","floor":39,"turns":3},{"damage":0,"enemies":"Reptomancer","floor":40,"turns":3},{"damage":0,"enemies":"Writhing Mass","floor":41,"turns":4},{"damage":1,"enemies":"2 Orb Walkers","floor":44,"turns":3},{"damage":4,"enemies":"Nemesis","floor":45,"turns":3},{"damage":15,"enemies":"Spire Growth","floor":46,"turns":4},{"damage":0,"enemies":"4 Shapes","floor":47,"turns":2},{"damage":0,"enemies":"Donu and Deca","floor":50,"turns":6}],"seed_played":"-1619858876084280063","potions_obtained":[{"floor":1.0,"key":"CunningPotion"},{"floor":4.0,"key":"Weak Potion"},{"floor":5.0,"key":"BlessingOfTheForge"},{"floor":20,"key":"Ancient Potion"},{"floor":28,"key":"Fire Potion"},{"floor":30,"key":"SteroidPotion"},{"floor":39,"key":"SpeedPotion"},{"floor":46,"key":"BlessingOfTheForge"},{"floor":47,"key":"ColorlessPotion"}],"is_trial":false,"path_per_floor":["M","M","?","M","M","R","M","E","T","R","E","?","?","$","R","B",null,"M","$","M","?","T","E","?","R","T","R","M","M","M","T","R","B",null,"M","$","?","M","M","E","M","R","T","?","E","M","M","?","R","B",null],"character_chosen":"THE_SILENT","items_purchased":["Noxious Fumes","Bag of Preparation","Footwork","DistilledChaos","LiquidBronze"],"campfire_rested":5,"item_purchase_floors":[14,36,36,36,36],"current_hp_per_floor":[59,57,57,57,49,49,49,30,30,30,8,13,13,13,13,6,55,49,49,47,47,47,28,28,49,49,70,62,55,55,55,71,24,59,56,56,56,53,49,49,49,67,67,66,62,47,47,37,57,57],"gold":218,"neow_bonus":"ONE_RANDOM_RARE_CARD","is_daily":false,"chose_seed":false,"campfire_upgraded":3,"win_rate":0.0,"timestamp":1611065589,"path_taken":["M","M","?","M","M","R","M","E","T","R","E","?","?","$","R","BOSS","M","?","M","?","?","E","?","R","T","R","M","M","M","?","R","BOSS","M","$","?","M","M","E","M","R","T","?","E","M","M","?","R","BOSS"],"items_purchased_type":["Card","Relic","Card","Potion","Potion"],"build_version":"2020-12-22","purchased_purges":2,"victory":true,"max_hp_per_floor":[66,66,66,66,66,66,66,66,66,66,66,71,71,71,71,71,71,71,71,71,71,71,71,71,71,71,71,71,71,71,71,71,71,71,71,71,67,67,67,67,67,67,67,67,67,67,67,67,67,67],"card_choices":[{"not_picked":["Poisoned Stab","Setup"],"picked":"Predator","floor":1.0},{"not_picked":["Flechettes","Deflect"],"picked":"Blade Dance","floor":2.0},{"not_picked":["Prepared","Setup"],"picked":"Backflip","floor":4.0},{"not_picked":["Acrobatics","Outmaneuver"],"picked":"Flying Knee","floor":5.0},{"not_picked":["Prepared","Riddle With Holes"],"picked":"Choke","floor":7.0},{"not_picked":["Poisoned Stab","Slice"],"picked":"Reflex","floor":8},{"not_picked":["Dodge and Roll","Deflect"],"picked":"A Thousand Cuts","floor":11},{"not_picked":["Night Terror","Grand Finale"],"picked":"Adrenaline","floor":16},{"not_picked":["Sucker Punch","Riddle With Holes"],"picked":"Bouncing Flask","floor":18},{"not_picked":["Poisoned Stab","Dodge and Roll","Sucker Punch"],"picked":"SKIP","floor":20},{"not_picked":["Concentrate","Dagger Spray"],"picked":"Tactician","floor":23},{"not_picked":["Terror","Predator+1"],"picked":"Caltrops","floor":28},{"not_picked":["Quick Slash","Deflect","Flying Knee+1"],"picked":"SKIP","floor":29},{"not_picked":["Quick Slash","Deflect","Flying Knee+1"],"picked":"SKIP","floor":29},{"not_picked":["Cloak And Dagger","Riddle With Holes+1","Dodge and Roll"],"picked":"SKIP","floor":30},{"not_picked":["Burst","Die Die Die"],"picked":"Venomology","floor":33},{"not_picked":["Flying Knee+1","Sucker Punch","Deflect+1"],"picked":"SKIP","floor":35},{"not_picked":["Deadly Poison","Slice+1"],"picked":"After Image","floor":38},{"not_picked":["Riddle With Holes","Outmaneuver"],"picked":"Acrobatics+1","floor":39},{"not_picked":["Poisoned Stab","Acrobatics","Deadly Poison"],"picked":"SKIP","floor":40},{"not_picked":["Dagger Spray","Prepared"],"picked":"Crippling Poison+1","floor":44},{"not_picked":["Dagger Throw","After Image"],"picked":"Blur","floor":45},{"not_picked":["Distraction","Deflect"],"picked":"Sucker Punch+1","floor":46},{"not_picked":["Choke+1","Quick Slash+1"],"picked":"PiercingWail+1","floor":47},{"not_picked":["Secret Technique","Thinking Ahead"],"picked":"Magnetism","floor":48},{"not_picked":["Flash of Steel","Dark Shackles"],"picked":"Enlightenment","floor":48},{"not_picked":["Eviscerate+1","Prepared"],"picked":"Leg Sweep+1","floor":49}],"player_experience":770712,"relics_obtained":[{"floor":8,"key":"Anchor"},{"floor":9,"key":"Potion Belt"},{"floor":11,"key":"Mummified Hand"},{"floor":22,"key":"Kunai"},{"floor":23,"key":"MawBank"},{"floor":26,"key":"War Paint"},{"floor":31,"key":"Ancient Tea Set"},{"floor":40,"key":"Dream Catcher"},{"floor":43,"key":"Bronze Scales"},{"floor":44,"key":"Du-Vu Doll"},{"floor":45,"key":"Snake Skull"}],"event_choices":[{"cards_removed":["Strike_G"],"damage_healed":0.0,"max_hp_gain":0.0,"max_hp_loss":0.0,"gold_gain":0.0,"event_name":"The Cleric","player_choice":"Card Removal","floor":3.0,"gold_loss":75.0,"damage_taken":0.0},{"damage_healed":0,"gold_gain":0,"player_choice":"Donut","damage_taken":0,"max_hp_gain":5,"max_hp_loss":0,"event_name":"Big Fish","floor":12,"gold_loss":0},{"damage_healed":0,"gold_gain":0,"player_choice":"Trade","damage_taken":0,"relics_obtained":["CultistMask"],"max_hp_gain":0,"max_hp_loss":0,"event_name":"FaceTrader","floor":13,"gold_loss":0},{"damage_healed":0,"gold_gain":0,"player_choice":"Ignored","damage_taken":0,"max_hp_gain":0,"max_hp_loss":0,"event_name":"Vampires","floor":21,"gold_loss":0},{"damage_healed":0,"gold_gain":0,"player_choice":"Ignored","damage_taken":0,"max_hp_gain":0,"max_hp_loss":0,"event_name":"Ghosts","floor":24,"gold_loss":0},{"damage_healed":0,"gold_gain":0,"player_choice":"Max HP","damage_taken":0,"max_hp_gain":0,"max_hp_loss":4,"event_name":"Winding Halls","floor":37,"gold_loss":0},{"damage_healed":0,"gold_gain":0,"player_choice":"Fight","damage_taken":0,"max_hp_gain":0,"max_hp_loss":0,"event_name":"Mysterious Sphere","floor":44,"gold_loss":0},{"damage_healed":0,"gold_gain":0,"player_choice":"Memory 3","damage_taken":10,"max_hp_gain":0,"max_hp_loss":0,"event_name":"SensoryStone","floor":48,"gold_loss":0}],"is_beta":false,"boss_relics":[{"not_picked":["Black Star","Tiny House"],"picked":"Fusion Hammer"},{"not_picked":["Runic Pyramid","Ring of the Serpent"],"picked":"Snecko Eye"}],"items_purged_floors":[14,19],"is_endless":false,"potions_floor_spawned":[1,4,5,20,28,30,39,41,45,46,47],"ascension_level":18}}