{"host":"f5gffvlv6a66yqkd","time":1611073461,"event":{"mods":["2.2 Compatiblity","BaseMod","Colored Map","Custom Start","Dark Map","DeckTracker","Keyboard Shortcuts","Minty Spire (QoL Compilation)","Permanent Neow","Quick Restart","Relic Stats","StSLib","SuperFastMode"],"gold_per_floor":[118,39,39,39,39,39,60,84,162,205,205,220,233,254,254,345,345,360,275,302,314,347,359,371,383,419,431,467,515,0,0,0,79,79,93,108,128,141,141,141,141],"floor_reached":40,"language":"KOR","playtime":1387,"items_purged":["Strike_G"],"score":916,"play_id":"4c5a01d4-3702-43d3-962f-e694bc18fa3e","local_time":"20210120012421","is_ascension_mode":true,"campfire_choices":[{"data":"Blade Dance","floor":6.0,"key":"SMITH"},{"data":"Footwork","floor":11.0,"key":"SMITH"},{"data":"Phantasmal Killer","floor":15.0,"key":"SMITH"},{"floor":23.0,"key":"REST"},{"data":"Tactician","floor":25.0,"key":"SMITH"},{"floor":27.0,"key":"REST"},{"floor":32.0,"key":"REST"}],"circlet_count":0,"master_deck":["AscendersBane","Strike_G","Strike_G","Defend_G","Defend_G","Defend_G","Defend_G","Survivor","Neutralize","Blade Dance+1","Footwork+1","Caltrops","Prepared","Backflip","Footwork","Phantasmal Killer+1","Choke","Dagger Throw","Corpse Explosion","Tactician+1","Backflip","Dash","Escape Plan","Acrobatics","Adrenaline","Blade Dance","Blur","Acrobatics","Flash of Steel","Flash of Steel","Discovery"],"relics":["Ring of the Snake","NeowsBlessing","Akabeko","Bloody Idol","Lizard Tail","Philosopher\u0027s Stone","MawBank","Potion Belt","Toy Ornithopter","Meat on the Bone","WristBlade"],"acts_visited":["Exordium","TheCity","TheBeyond"],"potions_floor_usage":[33,33,40],"damage_taken":[{"damage":0.0,"enemies":"Cultist","floor":1.0,"turns":1.0},{"damage":0.0,"enemies":"Small Slimes","floor":7.0,"turns":1.0},{"damage":0.0,"enemies":"2 Louse","floor":8.0,"turns":1.0},{"damage":0.0,"enemies":"Gremlin Nob","floor":10.0,"turns":1.0},{"damage":2.0,"enemies":"Large Slime","floor":12.0,"turns":6.0},{"damage":2.0,"enemies":"Exordium Wildlife","floor":13.0,"turns":6.0},{"damage":6.0,"enemies":"Exordium Thugs","floor":14.0,"turns":5.0},{"damage":16.0,"enemies":"The Guardian","floor":16.0,"turns":10.0},{"damage":0.0,"enemies":"Spheric Guardian","floor":18.0,"turns":3.0},{"damage":26.0,"enemies":"Chosen","floor":20.0,"turns":5.0},{"damage":53.0,"enemies":"Shelled Parasite and Fungi","floor":22.0,"turns":6.0},{"damage":28.0,"enemies":"Snecko","floor":28.0,"turns":4.0},{"damage":15.0,"enemies":"Gremlin Leader","floor":29.0,"turns":7.0},{"damage":16,"enemies":"Automaton","floor":33,"turns":13},{"damage":3,"enemies":"Orb Walker","floor":35,"turns":4},{"damage":0,"enemies":"3 Darklings","floor":36,"turns":2},{"damage":10,"enemies":"4 Shapes","floor":37,"turns":12},{"damage":19,"enemies":"Spire Growth","floor":38,"turns":5},{"damage":50,"enemies":"Reptomancer","floor":40,"turns":3}],"seed_played":"-4783862568950739070","potions_obtained":[{"floor":8.0,"key":"Fire Potion"},{"floor":10.0,"key":"Energy Potion"},{"floor":14.0,"key":"CunningPotion"},{"floor":20.0,"key":"ColorlessPotion"},{"floor":22.0,"key":"Fire Potion"},{"floor":37,"key":"Strength Potion"}],"is_trial":false,"path_per_floor":["M","$","T","?","?","R","M","M","T","E","R","M","M","M","R","B",null,"M","?","M","?","M","R","?","R","T","R","M","E","$","?","R","B",null,"M","M","M","M","?","E"],"character_chosen":"THE_SILENT","items_purchased":["Footwork","Acrobatics","Meat on the Bone","PowerPotion","GhostInAJar"],"campfire_rested":3,"item_purchase_floors":[2,30,30,30,30],"current_hp_per_floor":[59,59,59,59,36,36,36,36,36,36,36,34,32,26,26,10,52,52,52,26,26,8,27,27,27,27,46,18,3,3,3,22,33,58,60,65,60,46,36,0,0],"gold":141,"neow_bonus":"THREE_ENEMY_KILL","is_daily":false,"chose_seed":false,"campfire_upgraded":4,"win_rate":0.0,"timestamp":1611073461,"path_taken":["M","$","?","?","?","R","M","M","T","E","R","M","M","M","R","BOSS","M","?","M","?","?","R","?","R","T","R","M","E","$","?","R","BOSS","M","M","M","M","?","E"],"items_purchased_type":["Card","Card","Relic","Potion","Potion"],"build_version":"2020-12-22","purchased_purges":1,"victory":false,"max_hp_per_floor":[66,66,66,66,66,66,66,66,66,66,66,66,66,66,66,66,66,66,66,66,66,66,66,66,66,66,66,66,66,66,66,66,66,66,66,66,66,66,66,66,66],"relic_stats":{"Lizard Tail":33,"counters":[19,95],"Bloody Idol":25,"MawBank":132,"obtain_stats":[{"Potion Belt":26,"NeowsBlessing":0,"Golden Idol":5,"MawBank":19,"Akabeko":3,"Lizard Tail":10,"WristBlade":34,"Bloody Idol":31,"Philosopher\u0027s Stone":17,"WingedGreaves":10,"Toy Ornithopter":29,"Ring of the Snake":0,"Meat on the Bone":30},{"Potion Belt":11,"NeowsBlessing":0,"Golden Idol":1,"MawBank":9,"Akabeko":1,"Lizard Tail":4,"WristBlade":14,"Bloody Idol":13,"Philosopher\u0027s Stone":8,"WingedGreaves":4,"Toy Ornithopter":13,"Ring of the Snake":0,"Meat on the Bone":13},{"Potion Belt":45,"NeowsBlessing":0,"Golden Idol":1,"MawBank":34,"Akabeko":1,"Lizard Tail":4,"WristBlade":69,"Bloody Idol":56,"Philosopher\u0027s Stone":31,"WingedGreaves":4,"Toy Ornithopter":56,"Ring of the Snake":0,"Meat on the Bone":56}],"Toy Ornithopter":15,"Ring of the Snake":[38],"Meat on the Bone":12},"card_choices":[{"not_picked":["PiercingWail","Bane"],"picked":"Blade Dance","floor":1.0},{"not_picked":["Backflip","Dodge and Roll"],"picked":"Prepared","floor":7.0},{"not_picked":["Slice","Deflect"],"picked":"Backflip","floor":8.0},{"not_picked":["Flying Knee","Infinite Blades"],"picked":"Footwork","floor":10.0},{"not_picked":["Bane","Prepared"],"picked":"Phantasmal Killer","floor":12.0},{"not_picked":["Catalyst","Eviscerate"],"picked":"Choke","floor":13.0},{"not_picked":["Flying Knee","Bouncing Flask"],"picked":"Dagger Throw","floor":14.0},{"not_picked":["After Image","Bullet Time"],"picked":"Corpse Explosion","floor":16.0},{"not_picked":["Dagger Spray+1","Dodge and Roll","Well Laid Plans"],"picked":"SKIP","floor":18.0},{"not_picked":["Prepared","Outmaneuver"],"picked":"Tactician","floor":20.0},{"not_picked":["Dodge and Roll","Eviscerate","Dash"],"picked":"SKIP","floor":22.0},{"not_picked":["Doppelganger","Masterful Stab","Sucker Punch"],"picked":"SKIP","floor":28.0},{"not_picked":["Concentrate","Bouncing Flask"],"picked":"Escape Plan","floor":29.0},{"not_picked":["Wraith Form v2","Die Die Die"],"picked":"Adrenaline","floor":33},{"not_picked":["Quick Slash+1","Deadly Poison+1"],"picked":"Blade Dance","floor":35},{"not_picked":["Deflect+1","Outmaneuver"],"picked":"Blur","floor":36},{"not_picked":["Blade Dance","PiercingWail"],"picked":"Acrobatics","floor":37},{"not_picked":["Backflip","Blade Dance","Dagger Throw"],"picked":"SKIP","floor":38},{"not_picked":["Panacea","Dark Shackles"],"picked":"Flash of Steel","floor":39},{"not_picked":["Chrysalis","Sadistic Nature"],"picked":"Flash of Steel","floor":39},{"not_picked":["Mind Blast","Bandage Up"],"picked":"Discovery","floor":39}],"player_experience":1603358,"relics_obtained":[{"floor":3.0,"key":"Akabeko"},{"floor":10.0,"key":"Lizard Tail"},{"floor":26.0,"key":"Potion Belt"},{"floor":29.0,"key":"Toy Ornithopter"}],"event_choices":[{"damage_healed":0.0,"max_hp_gain":0.0,"max_hp_loss":0.0,"gold_gain":0.0,"cards_transformed":["Defend_G"],"event_name":"Living Wall","player_choice":"Change","floor":4.0,"gold_loss":0.0,"damage_taken":0.0,"cards_obtained":["Caltrops"]},{"damage_healed":0.0,"max_hp_gain":0.0,"max_hp_loss":0.0,"gold_gain":0.0,"event_name":"Golden Idol","player_choice":"Take Damage","floor":5.0,"gold_loss":0.0,"damage_taken":23.0,"relics_obtained":["Golden Idol"]},{"damage_healed":0.0,"max_hp_gain":0.0,"max_hp_loss":0.0,"gold_gain":0.0,"event_name":"Addict","player_choice":"Obtained Relic","floor":19.0,"gold_loss":85.0,"damage_taken":0.0,"relics_obtained":["MawBank"]},{"damage_healed":0.0,"max_hp_gain":0.0,"max_hp_loss":0.0,"gold_gain":0.0,"cards_transformed":["Strike_G","Strike_G"],"event_name":"Drug Dealer","player_choice":"Became Test Subject","floor":21.0,"gold_loss":0.0,"damage_taken":0.0,"cards_obtained":["Backflip","Dash"]},{"damage_healed":0.0,"max_hp_gain":0.0,"max_hp_loss":0.0,"gold_gain":0.0,"event_name":"The Mausoleum","player_choice":"Ignored","floor":24.0,"gold_loss":0.0,"damage_taken":0.0},{"damage_healed":0.0,"max_hp_gain":0.0,"max_hp_loss":0.0,"gold_gain":0.0,"event_name":"Forgotten Altar","player_choice":"Gave Idol","floor":31.0,"relics_lost":["Golden Idol"],"gold_loss":0.0,"damage_taken":0.0,"relics_obtained":["Bloody Idol"]},{"damage_healed":0,"gold_gain":0,"player_choice":"Memory 3","damage_taken":10,"max_hp_gain":0,"max_hp_loss":0,"event_name":"SensoryStone","floor":39,"gold_loss":0}],"is_beta":false,"boss_relics":[{"not_picked":["SlaversCollar","Cursed Key"],"picked":"Philosopher\u0027s Stone"},{"not_picked":["Empty Cage","Ring of the Serpent"],"picked":"WristBlade"}],"items_purged_floors":[30],"is_endless":false,"potions_floor_spawned":[8,10,14,20,22,37],"killed_by":"Reptomancer","ascension_level":20}}