{"host":"bpkhhmvsfrvlto2l","time":1611064153,"event":{"mods":["2.2 Compatiblity","AchievementEnabler","Act Like it!","AlwaysNeverKeys","Aspiration","BaseMod","Better Silent Start","Challenge The Spire","Colored Map","Colored Powertips","Custom Start","Energized Spire","Friendly Minions","GifTheSpireLib","Halation","Hubris","Infinite Spire","Ironclad Rager","Mimic Mod","Minty Spire (QoL Compilation)","Permanent Neow","Quick Restart","Random Character Button","Relic Sorter","Replay The Spire","Spikes Relics","StSLib","Stuff the Spire","Swap Starting Deck Mod","Trackpad"],"gold_per_floor":[110,110,124,138,138,138,167,180,180,180,180,192,206,206,206,206,206],"floor_reached":16,"language":"ENG","playtime":342,"items_purged":[],"score":117,"play_id":"1b765a3a-527c-40ee-bb5e-afaa28f832c7","local_time":"20210119084913","is_ascension_mode":true,"campfire_choices":[{"data":"Rampage","floor":6,"key":"SMITH"},{"data":"Double Tap","floor":11,"key":"SMITH"},{"data":"Sword Boomerang","floor":15,"key":"SMITH"}],"circlet_count":0,"master_deck":["Strike_R","Strike_R","Strike_R","Strike_R","Strike_R","Defend_R","Defend_R","Defend_R","Defend_R","Sword Boomerang+1","Rampage+1","Double Tap+1","Survivor","Neutralize","StuffTheSpire:Rapture"],"relics":["Burning Blood","aspiration:TomeofQuesting"],"acts_visited":["Exordium"],"potions_floor_usage":[7,16,16,16],"damage_taken":[{"damage":12,"enemies":"Jaw Worm","floor":1,"turns":2},{"damage":7,"enemies":"2 Louse","floor":3,"turns":3},{"damage":7,"enemies":"Small Slimes","floor":4,"turns":3},{"damage":24,"enemies":"Gremlin Nob","floor":7,"turns":4},{"damage":0,"enemies":"Exordium Wildlife","floor":8,"turns":3},{"damage":11,"enemies":"Looter","floor":12,"turns":2},{"damage":12,"enemies":"Exordium Thugs","floor":13,"turns":6},{"damage":54,"enemies":"Slime Boss","floor":16,"turns":9}],"seed_played":"-1596813875943094376","potions_obtained":[{"floor":1,"key":"Weak Potion"},{"floor":3,"key":"Reflective Coating"},{"floor":7,"key":"FearPotion"},{"floor":12,"key":"LifebloodPotion"}],"is_trial":false,"path_per_floor":["M","$","M","M","?","R","E","M","T","?","R","M","M","?","R","B"],"character_chosen":"IRONCLAD","items_purchased":[],"campfire_rested":0,"item_purchase_floors":[],"current_hp_per_floor":[74,74,73,72,77,77,59,65,65,65,65,60,54,54,54,0,0],"gold":206,"neow_bonus":"RANDOM_COMMON_RELIC","is_daily":false,"chose_seed":false,"campfire_upgraded":3,"win_rate":0.0,"timestamp":1611064153,"path_taken":["M","$","M","M","?","R","E","M","T","?","R","M","M","?","R","BOSS"],"items_purchased_type":[],"build_version":"2020-12-22","purchased_purges":0,"victory":false,"max_hp_per_floor":[80,80,80,80,85,85,85,85,85,85,85,85,85,85,85,85,85],"card_choices":[{"not_picked":["Carnage","Replay:Undeath\u0027s Touch"],"picked":"Sword Boomerang","floor":1},{"not_picked":["StuffTheSpire:Slingshot","Run Through"],"picked":"Rampage","floor":4},{"not_picked":["ReplayTheSpireMod:LeadingStrike","Fire Breathing"],"picked":"Double Tap","floor":7},{"not_picked":["StuffTheSpire:Brawn","StuffTheSpire:Vigor"],"picked":"StuffTheSpire:Rapture","floor":14}],"player_experience":81786,"relics_obtained":[{"floor":9,"key":"StuffTheSpire:GrapeVine"}],"event_choices":[{"damage_healed":0,"gold_gain":0,"player_choice":"Donut","damage_taken":0,"max_hp_gain":5,"max_hp_loss":0,"event_name":"Big Fish","floor":5,"gold_loss":0}],"is_beta":false,"boss_relics":[],"items_purged_floors":[],"is_endless":false,"potions_floor_spawned":[1,3,7,12],"killed_by":"Slime Boss","ascension_level":3}}