{"host":"5f3w3xqo483bhjcu","time":1611067394,"event":{"mods":["Act Like it!","BaseMod","KinomotoSakuraMod(ƒæ÷Æ±æ”£)","Koishi","Marisa£®ÏF”Í°°ƒß¿Ì…≥£©","Minty Spire (QoL Compilation)","Reimu£®≤©¿ˆ¡È√Œ£©","Remilia£®¿Ÿ√◊¿Ú—«£©","StSLib","The Servant 0.9.4","Waifu the Spire","WarShipGirlsR/’ΩΩ¢…Ÿ≈ÆR mod","Yakumo Yukari mod","Youmu£®ªÍ∆«—˝√Œ£©","Yuyuko","[IsaacMod]“‘»ˆº‚À˛","°æ“≈ŒÔø®≈∆°øREMEMod"],"gold_per_floor":[117,129,304,304,48,48,86,105,105,105,129,129,144,159,159,288,288,307,322,247,121,134,134,158,158,181,181,181,216,230,309,309,429,429,442,442,462,462,325,325,368,308,390,472,472,514,609,696,696,714],"floor_reached":51,"language":"ZHS","playtime":2865,"items_purged":["Doubt","Dreamy Sakura","Fantasy Butterflies","Dreamy Sakura"],"score":970,"play_id":"3239742c-7920-4cda-93c1-2d1e9d3cb713","local_time":"20210119224314","is_ascension_mode":false,"campfire_choices":[{"data":"Fondling of Papilio","floor":6.0,"key":"SMITH"},{"data":"Faramita\u0027s Temptation","floor":12.0,"key":"SMITH"},{"data":"Deathly Ground","floor":15.0,"key":"SMITH"},{"data":"Monster Cherry Tree","floor":23,"key":"SMITH"},{"data":"Master of Strategy","floor":25,"key":"SMITH"},{"data":"Ghost Spot","floor":27,"key":"SMITH"},{"data":"Fantasy Butterflies","floor":32,"key":"SMITH"},{"data":"Fantasy Butterflies","floor":40,"key":"SMITH"},{"data":"1","floor":45,"key":"LIFT"},{"data":"2","floor":49,"key":"LIFT"}],"circlet_count":36,"master_deck":["Fantasy Butterflies+1","Fantasy Butterflies+1","Fantasy Butterflies+1","Fantasy Butterflies+1","Dreamy Sakura+1","Dreamy Sakura+1","Deathly Ground+1","Faramita\u0027s Temptation+1","Fondling of Papilio+1","Ghost Spot+1","Master of Strategy+1","Childlike+1","Sweet of Phantom+1","Song of Papilio+1","Bloom+1","Explore Ghostdom+1","Monster Cherry Tree+1","Bloom+1","Nihility+1","Fondling of Papilio+1"],"relics":["Coronal","Yuyuko\u0027s fan","REME_ComplimentaryCards","HushsDoor","SteamSale","Golden Idol","Obi","Toxic Egg 2","Anchor","RedLine:ReiMu","Tiny Chest","TheBean","Toy Ornithopter","White Beast Statue","MagicMushroom","Kunai","Bag of Marbles","The Courier","Membership Card","BookofShadows","FossilizedHelix","Frozen Egg 2","GuppysHead","Pen Nib","CrazyTorch:ReiMu","Ancient Tea Set","DoctorsRemote","GnawedLeaf","Unceasing Top","SalivaCoin","Question Card","Boot","UnicornStump","Trap Lamp","MealTicket","PureWhite:ReiMu","Bronze Scales","Ice Cream","Orichalcum","TheBible","Shuriken","Blue Candle","Bottled Tornado","REME_HourglassOfDeath","REME_ArchaeologicalTools","REME_LimitBreaker","SharpPlug","Akabeko","PillsDrop","Mastiff:ReiMu","Omamori","InkBottle","DeathBook","Oddly Smooth Stone","Dead Branch","Nunchaku","Centennial Puzzle","Eternal Feather","Meat on the Bone","Gremlin Horn","REME_PuzzleBoxRelic","Art of War","Torii","REME_HandOfSuture","Pear","Ghost Lamp","Dream Catcher","Lizard Tail","TungstenRod","Pantograph","Mercury Hourglass","Ornamental Fan","TuHaoJin","Lantern","Blood Vial","Potion Belt","Bag of Preparation","Gambling Chip","Vajra","Sundial","MoneyPower","Regal Pillow","PreservedInsect","Whetstone","AntiCross","Happy Flower","AnarchistCookbook","Singing Bowl","CeramicFish","BelialBook","StrikeDummy","Juzu Bracelet","Trip to Hell","Mummified Hand","BookOfRevelations","RuthlessExorcism:ReiMu","War Paint","Tea:ReiMu","HornCleat","Letter Opener","Molten Egg 2","Bottled Lightning","GuppysPaw","DeadEye","Darkstone Periapt","StoneCalendar","Ginger","Du-Vu Doll","Peace Pipe","Calipers","Prayer Wheel","Mango","CaptainsWheel","PunchingBag","Bird Faced Urn","EdensBlessing","BloodDonationMachine","BlankCard","Damocles","Turnip","Thread and Needle","GuppysTail","ScarletDevilRocket","Girya","REME_IWantAll","Void","D6","Incense Burner","D4","PokeGo","Leech","ForgetMeNow","Diplopia","Pocketwatch","Circlet"],"acts_visited":["Exordium","TheCity","TheBeyond"],"potions_floor_usage":[],"damage_taken":[{"damage":78.0,"enemies":"Cultist","floor":1.0,"turns":9.0},{"damage":11.0,"enemies":"Small Slimes","floor":2.0,"turns":2.0},{"damage":10.0,"enemies":"Gremlin Nob","floor":7.0,"turns":3.0},{"damage":9.0,"enemies":"Jaw Worm","floor":8.0,"turns":2.0},{"damage":4.0,"enemies":"Large Slime","floor":11.0,"turns":4.0},{"damage":17.0,"enemies":"Exordium Thugs","floor":13.0,"turns":3.0},{"damage":2.0,"enemies":"3 Louse","floor":14.0,"turns":2.0},{"damage":47,"enemies":"The Guardian","floor":16,"turns":8},{"damage":2,"enemies":"Chosen","floor":18,"turns":2},{"damage":3,"enemies":"3 Byrds","floor":19,"turns":3},{"damage":2,"enemies":"Centurion and Healer","floor":22,"turns":2},{"damage":13,"enemies":"Shelled Parasite and Fungi","floor":24,"turns":3},{"damage":2,"enemies":"Slavers","floor":29,"turns":2},{"damage":1,"enemies":"Snecko","floor":30,"turns":1},{"damage":3,"enemies":"Collector","floor":33,"turns":3},{"damage":1,"enemies":"3 Shapes","floor":35,"turns":1},{"damage":1,"enemies":"3 Darklings","floor":37,"turns":1},{"damage":1,"enemies":"Nemesis","floor":41,"turns":1},{"damage":0,"enemies":"4 Shapes","floor":44,"turns":1},{"damage":0,"enemies":"Sphere and 2 Shapes","floor":46,"turns":1},{"damage":0,"enemies":"2 Orb Walkers","floor":47,"turns":1},{"damage":0,"enemies":"Hiden Room Battle","floor":48,"turns":1},{"damage":0,"enemies":"Time Eater","floor":50,"turns":1}],"seed_played":"655467866851019472","potions_obtained":[{"floor":2.0,"key":"Explosive Potion"},{"floor":7.0,"key":"LiquidMemories"},{"floor":14.0,"key":"Strength Potion"},{"floor":16,"key":"Fire Potion"}],"is_trial":false,"path_per_floor":["M","M","?","?","$","R","E","M","T","?","M","R","M","M","R","B",null,"M","M","?","$","M","R","M","R","T","R","?","E","M","T","R","B",null,"M","?","M","T","$","R","E","$","T","M","R","M","?","?","R","B",null],"character_chosen":"YUYOKO","items_purchased":["Obi","Master of Strategy","Tiny Chest","Bag of Marbles","Membership Card","BookofShadows","FossilizedHelix","Frozen Egg 2","GuppysHead","Pen Nib","CrazyTorch:ReiMu","Ancient Tea Set","DoctorsRemote","GnawedLeaf","Unceasing Top","SalivaCoin","Question Card","Boot","UnicornStump","Trap Lamp","MealTicket","PureWhite:ReiMu","Bronze Scales","Ice Cream","Orichalcum","TheBible","Shuriken","Blue Candle","Bottled Tornado","REME_HourglassOfDeath","REME_ArchaeologicalTools","REME_LimitBreaker","SharpPlug","Akabeko","PillsDrop","Mastiff:ReiMu","Omamori","InkBottle","DeathBook","Oddly Smooth Stone","Dead Branch","Nunchaku","Centennial Puzzle","Eternal Feather","Meat on the Bone","Gremlin Horn","REME_PuzzleBoxRelic","Art of War","Torii","REME_HandOfSuture","Pear","Ghost Lamp","Dream Catcher","Lizard Tail","TungstenRod","Pantograph","Mercury Hourglass","Ornamental Fan","TuHaoJin","Lantern","Blood Vial","Potion Belt","Bag of Preparation","Gambling Chip","Vajra","Sundial","MoneyPower","Regal Pillow","PreservedInsect","Whetstone","AntiCross","Happy Flower","AnarchistCookbook","Singing Bowl","CeramicFish","BelialBook","StrikeDummy","Juzu Bracelet","Trip to Hell","Mummified Hand","BookOfRevelations","RuthlessExorcism:ReiMu","War Paint","Tea:ReiMu","HornCleat","Letter Opener","Molten Egg 2","Bottled Lightning","GuppysPaw","DeadEye","Darkstone Periapt","StoneCalendar","Ginger","Du-Vu Doll","Peace Pipe","Calipers","Prayer Wheel","Mango","CaptainsWheel","PunchingBag","Bird Faced Urn","EdensBlessing","BloodDonationMachine","BlankCard","Damocles","Turnip","Thread and Needle","GuppysTail","ScarletDevilRocket","Girya","REME_IWantAll","Void","D6","Incense Burner","D4","PokeGo","Leech","ForgetMeNow","Diplopia","Pocketwatch","Circlet","Circlet","Circlet","Circlet","Circlet","Circlet","Circlet","Circlet","Circlet","Circlet","Circlet","Circlet","Circlet","Circlet","Circlet","Circlet","Circlet","Circlet","Circlet","Circlet","Circlet","Circlet","Circlet","Circlet","Circlet","Circlet","Circlet","Circlet","Circlet"],"campfire_rested":0,"item_purchase_floors":[5,5,21,39,42,42,42,42,42,42,42,42,42,42,42,42,42,42,42,42,42,42,42,42,42,42,42,42,42,42,42,42,42,42,42,42,42,42,42,42,42,42,42,42,42,42,42,42,42,42,42,42,42,42,42,42,42,42,42,42,42,42,42,42,42,42,42,42,42,42,42,42,42,42,42,42,42,42,42,42,42,42,42,42,42,42,42,42,42,42,42,42,42,42,42,42,42,42,42,42,42,42,42,42,42,42,42,42,42,42,42,42,42,42,42,42,42,42,42,42,42,42,42,42,42,42,42,42,42,42,42,42,42,42,42,42,42,42,42,42,42,42,42,42,42,42,42,42,42],"current_hp_per_floor":[15,12,12,2,2,2,9,1,1,1,22,22,23,21,21,24,40,38,37,37,37,38,38,33,33,33,33,33,38,39,39,39,37,47,46,46,46,46,46,46,46,75,80,81,81,86,98,113,113,113],"gold":714,"neow_bonus":"TRANSFORM_CARD","is_daily":false,"chose_seed":false,"campfire_upgraded":8,"win_rate":0.0,"timestamp":1611067394,"path_taken":["M","?","?","?","$","R","E","?","T","?","M","R","M","M","R","BOSS","M","M","?","$","M","R","M","R","T","R","?","E","M","?","R","BOSS","M","?","M","?","$","R","E","$","T","M","R","M","?","?","R","BOSS"],"items_purchased_type":["Relic","Card","Relic","Relic","Relic","Relic","Relic","Relic","Relic","Relic","Relic","Relic","Relic","Relic","Relic","Relic","Relic","Relic","Relic","Card","Relic","Relic","Relic","Relic","Relic","Relic","Relic","Relic","Relic","Relic","Relic","Relic","Relic","Relic","Relic","Relic","Relic","Relic","Relic","Relic","Relic","Relic","Relic","Relic","Relic","Relic","Relic","Relic","Relic","Relic","Relic","Relic","Relic","Relic","Relic","Relic","Relic","Relic","Relic","Relic","Relic","Relic","Relic","Relic","Relic","Relic","Relic","Relic","Relic","Relic","Relic","Relic","Relic","Relic","Relic","Relic","Relic","Relic","Relic","Relic","Relic","Relic","Relic","Relic","Relic","Relic","Relic","Relic","Relic","Relic","Relic","Relic","Relic","Relic","Relic","Relic","Relic","Relic","Relic","Relic","Relic","Relic","Relic","Relic","Relic","Relic","Relic","Relic","Relic","Relic","Relic","Card","Relic","Relic","Relic","Relic","Relic","Relic","Relic","Relic","Undefined","Undefined","Undefined","Undefined","Undefined","Undefined","Undefined","Undefined","Undefined","Undefined","Undefined","Undefined","Undefined","Undefined","Undefined","Undefined","Undefined","Undefined","Undefined","Undefined","Undefined","Undefined","Undefined","Undefined","Undefined","Undefined","Undefined","Undefined","Undefined"],"build_version":"2020-12-22","purchased_purges":4,"victory":true,"max_hp_per_floor":[40,40,40,40,40,40,40,40,40,40,40,40,40,40,40,40,40,40,40,40,40,40,40,40,40,40,40,40,40,40,40,40,40,47,47,47,47,47,47,47,47,76,81,81,81,86,98,113,113,113],"card_choices":[{"not_picked":[],"picked":"SuicideKing","floor":0.0},{"not_picked":["Become Phantom","Redemption of Death"],"picked":"Fondling of Papilio","floor":1.0},{"not_picked":["Dying Sakura","Dark Wind"],"picked":"Ghost Spot","floor":2.0},{"not_picked":["Showy Withering","Triple Snow+1"],"picked":"Childlike+1","floor":7.0},{"not_picked":["City of Death+1","Dark Wind+1"],"picked":"Sweet of Phantom+1","floor":8.0},{"not_picked":["Monster Cherry Tree","Stifle"],"picked":"Song of Papilio+1","floor":11.0},{"not_picked":["Become Phantom","City of Death+1","Elegance+1"],"picked":"SKIP","floor":13.0},{"not_picked":["Bomb","Gauzy Sakura+1"],"picked":"Bloom+1","floor":14.0},{"not_picked":["Reunion after Death","Sakura Sakura+1"],"picked":"Explore Ghostdom+1","floor":16},{"not_picked":["The Forgotten Winter+1","Unpaved Way"],"picked":"Monster Cherry Tree","floor":18},{"not_picked":["Wandering Soul","Snow+1","Postpone Bloom+1"],"picked":"SKIP","floor":19},{"not_picked":["Unpaved Way","Wandering Soul","Linger over Flower+1"],"picked":"SKIP","floor":22},{"not_picked":["Final of Final","Dark Wind+1","Phantom Gift+1"],"picked":"SKIP","floor":24},{"not_picked":["The Forgotten Winter+1","Spear of Papilio"],"picked":"Nihility+1","floor":29},{"not_picked":["Phantom Village+1","Reunion after Death"],"picked":"Fondling of Papilio+1","floor":30},{"not_picked":["Dying Sakura+1","Monster Cherry Tree","Elegance+1"],"picked":"SKIP","floor":35},{"not_picked":["Elegance+1","Open The Fan+1","Spear of Papilio+1"],"picked":"SKIP","floor":37},{"not_picked":["Fondling of Papilio+1","Gone+1","Butterflies in Dream+1"],"picked":"SKIP","floor":41},{"not_picked":["Butterflies in Dream+1","Bloom+1","Phantom Butterflies+1","Chase The Sukhavati+1"],"picked":"SKIP","floor":44},{"not_picked":["Final of Final+1","Elegance+1","Spear of Papilio+1","Stifle+1"],"picked":"SKIP","floor":44},{"not_picked":["Sakura Ward+1","Gauzy Sakura+1","Unpaved Way+1","All Wander+1"],"picked":"SKIP","floor":46},{"not_picked":["City of Death+1","End of Faramita+1","Triple Snow+1","Immigrant Phantom+1"],"picked":"SKIP","floor":46},{"not_picked":["Unpaved Way+1","Steamed Phantom+1","Unreal+1","Final of Final+1"],"picked":"Singing Bowl","floor":47}],"player_experience":394523,"relics_obtained":[{"floor":7.0,"key":"Toxic Egg 2"},{"floor":9.0,"key":"Anchor"},{"floor":26,"key":"TheBean"},{"floor":29,"key":"Toy Ornithopter"},{"floor":31,"key":"White Beast Statue"},{"floor":38,"key":"Kunai"},{"floor":41,"key":"The Courier"},{"floor":43,"key":"Circlet"},{"floor":46,"key":"Circlet"},{"floor":47,"key":"Circlet"},{"floor":47,"key":"Circlet"},{"floor":48,"key":"Circlet"},{"floor":48,"key":"Circlet"},{"floor":48,"key":"Circlet"}],"event_choices":[{"damage_healed":0.0,"max_hp_gain":0.0,"max_hp_loss":0.0,"gold_gain":175.0,"event_name":"Liars Game","player_choice":"AGREE","floor":3.0,"gold_loss":0.0,"damage_taken":0.0,"cards_obtained":["Doubt"]},{"damage_healed":0.0,"max_hp_gain":0.0,"max_hp_loss":0.0,"gold_gain":0.0,"event_name":"Golden Idol","player_choice":"Take Damage","floor":4.0,"gold_loss":0.0,"damage_taken":10.0,"relics_obtained":["Golden Idol"]},{"cards_removed":["Dramatic Entrance"],"damage_healed":0,"gold_gain":0,"player_choice":"Gave Gold","damage_taken":0,"max_hp_gain":0,"max_hp_loss":0,"event_name":"Beggar","floor":20,"gold_loss":75},{"damage_healed":0,"gold_gain":0,"cards_transformed":["Dreamy Sakura"],"player_choice":"Transformed","damage_taken":0,"max_hp_gain":0,"max_hp_loss":0,"event_name":"Transmorgrifier","floor":28,"gold_loss":0,"cards_obtained":["Bloom"]},{"damage_healed":0,"gold_gain":0,"player_choice":"Fight","damage_taken":0,"max_hp_gain":0,"max_hp_loss":0,"event_name":"Mysterious Sphere","floor":47,"gold_loss":0},{"damage_healed":0,"gold_gain":0,"player_choice":"Fight","damage_taken":0,"max_hp_gain":0,"max_hp_loss":0,"event_name":"HidenRoomEvent","floor":48,"gold_loss":0}],"is_beta":false,"boss_relics":[{"not_picked":["Runic Pyramid","Calling Bell"],"picked":"RedLine:ReiMu"},{"not_picked":[]},{"not_picked":["Cursed Key","Coffee Dripper"],"picked":"MagicMushroom"},{"not_picked":[]}],"items_purged_floors":[5,21,39,42],"is_endless":false,"potions_floor_spawned":[2,7,14,16,18,19,22,33,35,37,41,44,46,47,48],"ascension_level":0}}