{"host":"a5lz0e76zb3fcwkm","time":1611061896,"event":{"mods":["AchievementEnabler","BaseMod","Colored Map","Colored Powertips","Minty Spire (QoL Compilation)","StSLib","SuperFastMode"],"gold_per_floor":[119,119,44,14,14,14,54,54,54,89,113,113,113,136,136,227,227,240,275,275,298,323,323,82,105,105,155,55,69,69,110,110,110,110],"floor_reached":33,"language":"KOR","playtime":1264,"items_purged":["Strike_B","Defend_B"],"score":642,"play_id":"7f68e1ac-961a-486e-bb7e-c1740f52d5e0","local_time":"20210119221136","is_ascension_mode":true,"campfire_choices":[{"data":"Defragment","floor":6.0,"key":"SMITH"},{"data":"Dualcast","floor":8.0,"key":"SMITH"},{"data":"Coolheaded","floor":12.0,"key":"SMITH"},{"data":"Coolheaded","floor":15.0,"key":"SMITH"},{"data":"Heatsinks","floor":23.0,"key":"SMITH"},{"floor":32,"key":"REST"}],"circlet_count":0,"master_deck":["AscendersBane","Strike_B+1","Strike_B+1","Defend_B","Defend_B","Defend_B","Zap","Dualcast+1","Defragment+1","Cold Snap","Coolheaded+1","Coolheaded+1","Ball Lightning","Core Surge","Heatsinks+1","Skim+1"],"relics":["Cracked Core","NeowsBlessing","Golden Idol","Mercury Hourglass","HornCleat","Strawberry","Runic Dome","Red Mask","ClockworkSouvenir","Ancient Tea Set","Centennial Puzzle"],"acts_visited":["Exordium","TheCity"],"potions_floor_usage":[31],"damage_taken":[{"damage":0.0,"enemies":"Small Slimes","floor":1.0,"turns":1.0},{"damage":0.0,"enemies":"Gremlin Nob","floor":7.0,"turns":1.0},{"damage":0.0,"enemies":"Lagavulin","floor":10.0,"turns":1.0},{"damage":2.0,"enemies":"Jaw Worm","floor":11.0,"turns":2.0},{"damage":0.0,"enemies":"2 Louse","floor":14.0,"turns":2.0},{"damage":23.0,"enemies":"Hexaghost","floor":16.0,"turns":8.0},{"damage":14.0,"enemies":"Shell Parasite","floor":18.0,"turns":5.0},{"damage":7.0,"enemies":"Masked Bandits","floor":19.0,"turns":5.0},{"damage":0.0,"enemies":"Chosen","floor":21.0,"turns":3.0},{"damage":0.0,"enemies":"Snecko","floor":22.0,"turns":4.0},{"damage":0.0,"enemies":"Chosen and Byrds","floor":25.0,"turns":5.0},{"damage":2.0,"enemies":"Cultist and Chosen","floor":29.0,"turns":4.0},{"damage":8,"enemies":"Book of Stabbing","floor":31,"turns":6},{"damage":60,"enemies":"Automaton","floor":33,"turns":10}],"seed_played":"4080034379846311990","potions_obtained":[{"floor":5.0,"key":"SmokeBomb"},{"floor":5.0,"key":"CultistPotion"},{"floor":7.0,"key":"EssenceOfSteel"},{"floor":14.0,"key":"ColorlessPotion"},{"floor":21.0,"key":"Weak Potion"},{"floor":25.0,"key":"Ancient Potion"},{"floor":29.0,"key":"Swift Potion"}],"is_trial":false,"path_per_floor":["M","?","?","$","?","R","E","R","T","E","M","R","?","M","R","B",null,"M","?","?","M","M","R","$","M","T","?","$","M","?","E","R","B"],"character_chosen":"DEFECT","items_purchased":["Cold Snap","ClockworkSouvenir"],"campfire_rested":1,"item_purchase_floors":[4,24],"current_hp_per_floor":[64,64,64,64,64,64,64,64,64,71,69,69,48,48,48,25,60,46,39,39,39,39,39,39,39,39,39,39,37,37,29,50,0,0],"gold":110,"neow_bonus":"THREE_ENEMY_KILL","is_daily":false,"chose_seed":false,"campfire_upgraded":5,"win_rate":0.0,"timestamp":1611061896,"path_taken":["M","?","?","?","?","R","E","R","T","E","?","R","?","M","R","BOSS","M","?","?","M","M","R","$","M","T","?","$","M","?","E","R","BOSS"],"items_purchased_type":["Card","Relic"],"build_version":"2020-12-22","purchased_purges":2,"victory":false,"max_hp_per_floor":[71,64,64,64,64,64,64,64,64,71,71,71,71,71,71,71,71,71,71,71,71,71,71,71,71,71,71,71,71,71,71,71,71,71],"card_choices":[{"not_picked":["Cold Snap","Coolheaded"],"picked":"Defragment","floor":1.0},{"not_picked":["BootSequence","Streamline"],"picked":"Coolheaded","floor":7.0},{"not_picked":["Aggregate","Conserve Battery"],"picked":"Coolheaded","floor":10.0},{"not_picked":["Turbo","Stack","Redo"],"picked":"SKIP","floor":11.0},{"not_picked":["Force Field","Sweeping Beam"],"picked":"Ball Lightning","floor":14.0},{"not_picked":["Thunder Strike","Fission"],"picked":"Core Surge","floor":16.0},{"not_picked":["Barrage","Turbo","Conserve Battery"],"picked":"SKIP","floor":18.0},{"not_picked":["Compile Driver","Rebound","Core Surge"],"picked":"SKIP","floor":21.0},{"not_picked":["Cold Snap+1","Go for the Eyes"],"picked":"Heatsinks","floor":22.0},{"not_picked":["Cold Snap","Sweeping Beam","Steam Power"],"picked":"SKIP","floor":25.0},{"not_picked":["Doom and Gloom","Hologram","Darkness"],"picked":"SKIP","floor":29.0},{"not_picked":["Gash","Hello World"],"picked":"Skim+1","floor":31}],"player_experience":1768769,"relics_obtained":[{"floor":7.0,"key":"Mercury Hourglass"},{"floor":9.0,"key":"HornCleat"},{"floor":10.0,"key":"Strawberry"},{"floor":19.0,"key":"Red Mask"},{"floor":26.0,"key":"Ancient Tea Set"},{"floor":31,"key":"Centennial Puzzle"}],"event_choices":[{"damage_healed":0.0,"max_hp_gain":0.0,"max_hp_loss":7.0,"gold_gain":0.0,"event_name":"Golden Idol","player_choice":"Lose Max HP","floor":2.0,"gold_loss":0.0,"damage_taken":0.0,"relics_obtained":["Golden Idol"]},{"cards_removed":["Strike_B"],"damage_healed":0.0,"max_hp_gain":0.0,"max_hp_loss":0.0,"gold_gain":0.0,"event_name":"The Cleric","player_choice":"Card Removal","floor":3.0,"gold_loss":75.0,"damage_taken":0.0},{"damage_healed":0.0,"max_hp_gain":0.0,"max_hp_loss":0.0,"gold_gain":0.0,"event_name":"Lab","player_choice":"Got Potions","floor":5.0,"gold_loss":0.0,"damage_taken":0.0},{"damage_healed":0.0,"max_hp_gain":0.0,"max_hp_loss":0.0,"gold_gain":0.0,"event_name":"Shining Light","player_choice":"Entered Light","floor":13.0,"gold_loss":0.0,"damage_taken":21.0,"cards_upgraded":["Strike_B","Strike_B"]},{"damage_healed":0.0,"max_hp_gain":0.0,"max_hp_loss":0.0,"gold_gain":0.0,"event_name":"Masked Bandits","player_choice":"Fought Bandits","floor":19.0,"gold_loss":0.0,"damage_taken":0.0},{"damage_healed":0.0,"max_hp_gain":0.0,"max_hp_loss":0.0,"gold_gain":0.0,"event_name":"Vampires","player_choice":"Ignored","floor":20.0,"gold_loss":0.0,"damage_taken":0.0},{"damage_healed":0.0,"max_hp_gain":0.0,"max_hp_loss":0.0,"gold_gain":50.0,"event_name":"Nest","player_choice":"Stole From Cult","floor":27.0,"gold_loss":0.0,"damage_taken":0.0}],"is_beta":false,"boss_relics":[{"not_picked":["Fusion Hammer","Runic Pyramid"],"picked":"Runic Dome"}],"items_purged_floors":[24,28],"is_endless":false,"potions_floor_spawned":[7,14,21,25,29],"killed_by":"Automaton","ascension_level":20}}