{"host":"5c3kjl7nos5i2inu","time":1611014450,"event":{"mods":["AchievementEnabler","BaseMod","Dark Map","Downfall","Hermit","Minty Spire (QoL Compilation)","StSLib"],"gold_per_floor":[113,63,81,81,95,95,38,64,64,64,77,87,87,87,87,190,190,210,229,44,64,75,75,109,109,136,16,16,26,42,62,62,160,160,175,187,39,49,49,49,60,60,60,77,91,91,102,121,121,121],"floor_reached":51,"language":"ENG","playtime":3577,"items_purged":["Strike_G","Strike_G"],"score":675,"play_id":"413a5ce5-3551-4a3a-939a-82f7d4128c31","local_time":"20210118190050","is_ascension_mode":false,"campfire_choices":[{"data":"Poisoned Stab","floor":6,"key":"SMITH"},{"floor":13,"key":"REST"},{"data":"Poisoned Stab","floor":15,"key":"SMITH"},{"data":"Backstab","floor":23,"key":"SMITH"},{"data":"Dagger Spray","floor":25,"key":"SMITH"},{"floor":32,"key":"REST"},{"data":"Slice","floor":40,"key":"SMITH"},{"floor":42,"key":"REST"},{"data":"Cloak And Dagger","floor":46,"key":"SMITH"},{"floor":49,"key":"REST"}],"circlet_count":0,"master_deck":["Strike_G","Strike_G","Defend_G","Defend_G","Defend_G","Defend_G","Defend_G","Survivor","Neutralize","Poisoned Stab+1","Sucker Punch","Dagger Throw","Backstab+1","Poisoned Stab+1","Leg Sweep","Dagger Throw","Cloak And Dagger+1","Phantasmal Killer","Die Die Die","CurseOfTheBell","Dagger Spray+1","Deflect+1","Blur+1","Bouncing Flask+1","Sucker Punch","Dodge and Roll+1","Backflip+1","Quick Slash","Dash","Deflect+1","Deadly Poison+1","Adrenaline+1","Slice+1","Good Instincts+1","Parasite","Cloak And Dagger+1"],"relics":["Ring of the Snake","Lizard Tail","The Courier","FossilizedHelix","Kunai","Art of War","Calling Bell","Vajra","Toxic Egg 2","TungstenRod","Oddly Smooth Stone","White Beast Statue","Dream Catcher","Letter Opener","WristBlade","Question Card"],"acts_visited":["Exordium","TheCity","TheBeyond"],"potions_floor_usage":[5,16,22,24,31,33,33,47,50,50,50],"damage_taken":[{"damage":0,"enemies":"Cultist","floor":1,"turns":4},{"damage":4,"enemies":"Jaw Worm","floor":3,"turns":6},{"damage":0,"enemies":"2 Louse","floor":5,"turns":3},{"damage":13,"enemies":"Gremlin Nob","floor":8,"turns":4},{"damage":0,"enemies":"Looter","floor":11,"turns":4},{"damage":0,"enemies":"Lots of Slimes","floor":12,"turns":4},{"damage":9,"enemies":"Hexaghost","floor":16,"turns":12},{"damage":12,"enemies":"Shell Parasite","floor":18,"turns":5},{"damage":0,"enemies":"Chosen","floor":19,"turns":5},{"damage":0,"enemies":"Snake Plant","floor":21,"turns":7},{"damage":0,"enemies":"Chosen and Byrds","floor":22,"turns":6},{"damage":16,"enemies":"Gremlin Leader","floor":24,"turns":6},{"damage":0,"enemies":"Snecko","floor":29,"turns":5},{"damage":0,"enemies":"Shelled Parasite and Fungi","floor":30,"turns":4},{"damage":0,"enemies":"3 Cultists","floor":31,"turns":3},{"damage":68,"enemies":"Automaton","floor":33,"turns":17},{"damage":8,"enemies":"3 Shapes","floor":35,"turns":4},{"damage":0,"enemies":"Orb Walker","floor":36,"turns":3},{"damage":0,"enemies":"Jaw Worm Horde","floor":38,"turns":4},{"damage":13,"enemies":"Writhing Mass","floor":41,"turns":8},{"damage":9,"enemies":"Transient","floor":44,"turns":5},{"damage":7,"enemies":"4 Shapes","floor":45,"turns":5},{"damage":0,"enemies":"Spire Growth","floor":47,"turns":4},{"damage":0,"enemies":"Maw","floor":48,"turns":7},{"damage":86,"enemies":"Time Eater","floor":50,"turns":17}],"seed_played":"-6784717753317832871","potions_obtained":[{"floor":3,"key":"Fruit Juice"},{"floor":8,"key":"CunningPotion"},{"floor":11,"key":"AttackPotion"},{"floor":18,"key":"BlessingOfTheForge"},{"floor":19,"key":"champ:CounterPotion"},{"floor":29,"key":"EssenceOfSteel"},{"floor":30,"key":"champ:CounterPotion"},{"floor":31,"key":"FearPotion"},{"floor":33,"key":"Block Potion"},{"floor":35,"key":"CultistPotion"},{"floor":47,"key":"SpeedPotion"}],"is_trial":false,"path_per_floor":["M","?","M","?","M","R","$","E","T","?","M","M","R","?","R","B",null,"M","M","$","M","M","R","E","R","T","$","?","M","M","M","R","B",null,"M","M","$","M","$","R","M","R","T","M","M","R","M","M","R","B",null],"character_chosen":"THE_SILENT","items_purchased":["Backstab","Blur+1","Oddly Smooth Stone","Backflip+1","Quick Slash","Good Instincts+1"],"campfire_rested":4,"item_purchase_floors":[7,20,20,27,27,37],"current_hp_per_floor":[49,49,45,45,50,50,50,37,37,30,30,30,52,52,52,43,75,63,63,63,63,63,63,47,47,47,47,47,47,47,47,69,1,75,67,67,67,67,67,67,54,75,75,66,59,59,59,59,75,37],"gold":121,"neow_bonus":"ONE_RARE_RELIC","is_daily":false,"chose_seed":false,"campfire_upgraded":6,"win_rate":0.0,"timestamp":1611014450,"path_taken":["M","?","M","?","?","R","$","E","T","?","M","M","R","?","R","BOSS","M","M","$","M","?","R","E","R","T","$","?","M","M","?","R","BOSS","M","M","$","M","$","R","M","R","T","M","M","R","M","?","R","BOSS"],"items_purchased_type":["Card","Card","Relic","Card","Card","Card"],"build_version":"2020-12-22","purchased_purges":2,"victory":true,"max_hp_per_floor":[70,70,70,70,75,75,75,75,75,75,75,75,75,75,75,75,75,75,75,75,75,75,75,75,75,75,75,75,75,75,75,75,75,75,75,75,75,75,75,75,75,75,75,75,75,75,75,75,75,75],"card_choices":[{"not_picked":["Flying Knee","Bane"],"picked":"Poisoned Stab","floor":1},{"not_picked":["Choke","Masterful Stab"],"picked":"Sucker Punch","floor":3},{"not_picked":["Skewer","Predator"],"picked":"Dagger Throw","floor":5},{"not_picked":["Well Laid Plans","Heel Hook"],"picked":"Poisoned Stab","floor":8},{"not_picked":["Dash","Blur"],"picked":"Leg Sweep","floor":11},{"not_picked":["Night Terror","PiercingWail"],"picked":"Dagger Throw","floor":12},{"not_picked":["Phantasmal Killer","Wraith Form v2"],"picked":"Die Die Die","floor":16},{"not_picked":["Deadly Poison+1","Skewer"],"picked":"Dagger Spray","floor":18},{"not_picked":["Sucker Punch+1","PiercingWail+1"],"picked":"Deflect+1","floor":19},{"not_picked":["Quick Slash","Calculated Gamble+1"],"picked":"Bouncing Flask+1","floor":21},{"not_picked":["Tools of the Trade","Dagger Spray"],"picked":"Sucker Punch","floor":22},{"not_picked":["Calculated Gamble+1","Underhanded Strike+1"],"picked":"Dodge and Roll+1","floor":24},{"not_picked":["Blade Dance+1","Cloak And Dagger+1"],"picked":"Dash","floor":29},{"not_picked":["Flying Knee","Outmaneuver+1"],"picked":"Deflect+1","floor":30},{"not_picked":["Catalyst+1","Bane+1"],"picked":"Deadly Poison+1","floor":31},{"not_picked":["Night Terror+1","Malaise+1"],"picked":"Adrenaline+1","floor":33},{"not_picked":["Backflip+1","Deflect+1"],"picked":"Slice","floor":35},{"not_picked":["Flying Knee","Expertise+1","Dagger Spray+1"],"picked":"SKIP","floor":36},{"not_picked":["Quick Slash+1","Eviscerate+1","Dodge and Roll+1"],"picked":"SKIP","floor":38},{"not_picked":["Prepared+1","Backflip+1","PiercingWail+1"],"picked":"SKIP","floor":41},{"not_picked":["Infinite Blades","Sucker Punch","Acrobatics+1"],"picked":"Cloak And Dagger+1","floor":44},{"not_picked":["Caltrops","Endless Agony","Blur+1","Concentrate+1"],"picked":"SKIP","floor":45},{"not_picked":["Slice+1","Dodge and Roll+1","Underhanded Strike","Dagger Spray+1"],"picked":"SKIP","floor":47},{"not_picked":["Poisoned Stab","Quick Slash","Dagger Throw+1","Deflect+1"],"picked":"SKIP","floor":48}],"player_experience":104317,"relics_obtained":[{"floor":4,"key":"The Courier"},{"floor":8,"key":"FossilizedHelix"},{"floor":9,"key":"Kunai"},{"floor":17,"key":"Vajra"},{"floor":17,"key":"Toxic Egg 2"},{"floor":17,"key":"TungstenRod"},{"floor":24,"key":"White Beast Statue"},{"floor":26,"key":"Dream Catcher"},{"floor":28,"key":"Letter Opener"},{"floor":43,"key":"Question Card"}],"event_choices":[{"cards_removed":["Strike_G"],"damage_healed":0,"gold_gain":0,"player_choice":"Card Removal","damage_taken":0,"max_hp_gain":0,"max_hp_loss":0,"event_name":"The Cleric","floor":2,"gold_loss":50},{"damage_healed":0,"gold_gain":0,"player_choice":"Relic","damage_taken":0,"max_hp_gain":0,"max_hp_loss":0,"event_name":"Wheel of Change","floor":4,"gold_loss":0},{"damage_healed":0,"gold_gain":0,"player_choice":"Success","damage_taken":7,"relics_obtained":["Art of War"],"max_hp_gain":0,"max_hp_loss":0,"event_name":"Scrap Ooze","floor":10,"gold_loss":0},{"damage_healed":0,"gold_gain":0,"player_choice":"2 cards matched","damage_taken":0,"max_hp_gain":0,"max_hp_loss":0,"event_name":"Match and Keep!","floor":14,"gold_loss":0,"cards_obtained":["Cloak And Dagger","Phantasmal Killer"]},{"damage_healed":0,"gold_gain":0,"player_choice":"Relic","damage_taken":0,"max_hp_gain":0,"max_hp_loss":0,"event_name":"Wheel of Change","floor":28,"gold_loss":0}],"is_beta":false,"boss_relics":[{"not_picked":["Coffee Dripper","Black Star"],"picked":"Calling Bell"},{"not_picked":["Velvet Choker","Busted Crown"],"picked":"WristBlade"}],"items_purged_floors":[27,37],"is_endless":false,"potions_floor_spawned":[3,8,11,18,19,29,30,31,33,35,36,38,41,44,45,47,48],"ascension_level":0}}