{"host":"gqw4el7xk6pl8jgw","time":1611100743,"event":{"mods":["BaseMod","BetterRewards","Colored Map","Hermit","Highlight Path","Minty Spire (QoL Compilation)","Spicy Shops","StSLib","SuperFastMode","The Cursed","The Hierophant"],"gold_per_floor":[110,128,141,141,26,26,26,26,26,45,45,59,70,70,70,172,172,182,182,107,122,122,157,169,182,208,226,79,94,104,117,117,213,213,231,231,144,154,172,172,186,198,224,242,242,242,262,282,282,282,282],"floor_reached":50,"language":"ENG","playtime":739,"items_purged":[],"score":444,"play_id":"1bdb449b-bf77-4532-a2c7-75d0d998d9fa","local_time":"20210120005903","is_ascension_mode":false,"campfire_choices":[{"data":"Armaments","floor":6,"key":"SMITH"},{"data":"Whirlwind","floor":8,"key":"SMITH"},{"data":"Inflame","floor":11,"key":"SMITH"},{"data":"Thunderclap","floor":15,"key":"SMITH"},{"floor":32,"key":"REST"},{"data":"Inflame","floor":40,"key":"SMITH"},{"data":"Offering","floor":46,"key":"SMITH"},{"floor":49,"key":"REST"}],"circlet_count":0,"master_deck":["Strike_R+1","Strike_R+1","Strike_R+1","Strike_R+1","Defend_R+1","Defend_R+1","Defend_R+1","Defend_R+1","Bash","Cleave","Thunderclap+1","Armaments+1","Inflame+1","Whirlwind+1","Offering+1","Whirlwind+1","Inflame+1","Offering","Finesse","Flex+1","Doubt","Parasite"],"relics":["Burning Blood","Gremlin Horn","Philosopher\u0027s Stone","Red Mask","Centennial Puzzle","Brimstone","Mark of Pain","Oddly Smooth Stone"],"acts_visited":["Exordium","TheCity","TheBeyond"],"potions_floor_usage":[26],"damage_taken":[{"damage":1,"enemies":"Cultist","floor":1,"turns":4},{"damage":0,"enemies":"Small Slimes","floor":2,"turns":3},{"damage":6,"enemies":"Jaw Worm","floor":3,"turns":3},{"damage":12,"enemies":"Blue Slaver","floor":10,"turns":3},{"damage":8,"enemies":"3 Louse","floor":12,"turns":2},{"damage":9,"enemies":"Exordium Wildlife","floor":13,"turns":3},{"damage":57,"enemies":"Slime Boss","floor":16,"turns":8},{"damage":16,"enemies":"3 Byrds","floor":18,"turns":2},{"damage":18,"enemies":"Chosen","floor":21,"turns":3},{"damage":0,"enemies":"Masked Bandits","floor":23,"turns":2},{"damage":6,"enemies":"3 Cultists","floor":24,"turns":2},{"damage":24,"enemies":"Snake Plant","floor":25,"turns":4},{"damage":0,"enemies":"Centurion and Healer","floor":27,"turns":2},{"damage":2,"enemies":"Cultist and Chosen","floor":29,"turns":3},{"damage":5,"enemies":"Snake Plant","floor":30,"turns":2},{"damage":24,"enemies":"Shelled Parasite and Fungi","floor":31,"turns":2},{"damage":33,"enemies":"Collector","floor":33,"turns":3},{"damage":10,"enemies":"3 Shapes","floor":35,"turns":1},{"damage":0,"enemies":"3 Darklings","floor":38,"turns":1},{"damage":0,"enemies":"Jaw Worm Horde","floor":39,"turns":1},{"damage":6,"enemies":"Sphere and 2 Shapes","floor":41,"turns":1},{"damage":38,"enemies":"Writhing Mass","floor":42,"turns":3},{"damage":18,"enemies":"Maw","floor":44,"turns":4},{"damage":9,"enemies":"Sphere and 2 Shapes","floor":47,"turns":1},{"damage":30,"enemies":"Writhing Mass","floor":48,"turns":3},{"damage":94,"enemies":"Time Eater","floor":50,"turns":5}],"seed_played":"-6292803660674865651","potions_obtained":[{"floor":1,"key":"ElixirPotion"},{"floor":3,"key":"Block Potion"},{"floor":13,"key":"Dexterity Potion"},{"floor":21,"key":"BloodPotion"},{"floor":27,"key":"SkillPotion"},{"floor":48,"key":"Energy Potion"}],"is_trial":false,"path_per_floor":["M","M","M","?","$","R","$","R","T","M","R","M","M","$","R","B",null,"M","?","?","M","?","?","M","M","T","M","$","M","M","M","R","B",null,"M","?","$","M","M","R","M","M","T","M","?","R","M","M","R","B"],"character_chosen":"IRONCLAD","items_purchased":["Inflame","Whirlwind","Brimstone","Finesse"],"campfire_rested":2,"item_purchase_floors":[5,5,28,37],"current_hp_per_floor":[80,80,80,80,80,80,80,80,80,74,74,72,69,69,69,18,80,70,70,70,58,58,64,64,46,62,68,68,72,73,55,79,52,80,76,73,73,79,80,80,80,48,48,36,80,80,77,53,77,0,0],"gold":282,"neow_bonus":"THREE_CARDS","is_daily":false,"chose_seed":false,"campfire_upgraded":6,"win_rate":0.0,"timestamp":1611100743,"path_taken":["M","?","M","?","$","R","?","R","T","M","R","?","M","$","R","BOSS","M","?","?","M","?","?","?","M","T","M","$","M","M","M","R","BOSS","M","?","$","?","M","R","M","M","T","M","?","R","M","M","R","BOSS"],"items_purchased_type":["Card","Card","Relic","Card"],"build_version":"2020-12-22","purchased_purges":0,"victory":false,"max_hp_per_floor":[80,80,80,80,80,80,80,80,80,80,80,80,80,80,80,80,80,80,80,80,80,80,80,80,80,80,80,80,80,80,80,80,80,80,80,80,80,80,80,80,80,80,80,80,80,80,80,80,80,80,80],"card_choices":[{"not_picked":["Clothesline","Warcry"],"picked":"Cleave","floor":0},{"not_picked":["Reckless Charge","Clothesline"],"picked":"Thunderclap","floor":1},{"not_picked":["Shockwave","Warcry","Dark Embrace"],"picked":"SKIP","floor":2},{"not_picked":["Anger","Wild Strike"],"picked":"Armaments","floor":3},{"not_picked":["Havoc","Perfected Strike","Burning Pact"],"picked":"SKIP","floor":10},{"not_picked":["Cleave","Armaments","Clothesline"],"picked":"SKIP","floor":12},{"not_picked":["Corruption","Shrug It Off","Twin Strike"],"picked":"SKIP","floor":13},{"not_picked":["Fiend Fire","Brutality"],"picked":"Offering","floor":16},{"not_picked":["Iron Wave","Anger"],"picked":"Whirlwind+1","floor":18},{"not_picked":["Bloodletting","Iron Wave"],"picked":"Inflame","floor":21},{"not_picked":["Body Slam+1","Disarm","Pommel Strike"],"picked":"SKIP","floor":24},{"not_picked":["Clothesline","Cleave"],"picked":"Offering","floor":25},{"not_picked":["Body Slam","Dual Wield","Clash"],"picked":"SKIP","floor":27},{"not_picked":["Clothesline","Sword Boomerang+1","Dropkick"],"picked":"SKIP","floor":29},{"not_picked":["Anger+1","Shockwave","Twin Strike"],"picked":"SKIP","floor":30},{"not_picked":["Uppercut","Barricade","Thunderclap"],"picked":"SKIP","floor":31},{"not_picked":["Perfected Strike+1","Clash","Battle Trance"],"picked":"SKIP","floor":35},{"not_picked":["Clash+1","Flame Barrier","Second Wind+1"],"picked":"SKIP","floor":38},{"not_picked":["Hemokinesis","True Grit+1"],"picked":"Flex+1","floor":39},{"not_picked":["Sword Boomerang+1","Warcry+1","Combust+1"],"picked":"SKIP","floor":41},{"not_picked":["Heavy Blade+1","Sword Boomerang+1","Thunderclap+1"],"picked":"SKIP","floor":42},{"not_picked":["Pommel Strike","Anger","Combust"],"picked":"SKIP","floor":44},{"not_picked":["Entrench","Havoc+1","Anger+1"],"picked":"SKIP","floor":47},{"not_picked":["Entrench","Havoc+1","Anger+1"],"picked":"SKIP","floor":47},{"not_picked":["Metallicize","Twin Strike","Inflame"],"picked":"SKIP","floor":48}],"player_experience":713701,"relics_obtained":[{"floor":9,"key":"Gremlin Horn"},{"floor":23,"key":"Red Mask"},{"floor":26,"key":"Centennial Puzzle"},{"floor":43,"key":"Oddly Smooth Stone"}],"event_choices":[{"damage_healed":0,"gold_gain":0,"player_choice":"Full Heal","damage_taken":0,"max_hp_gain":0,"max_hp_loss":0,"event_name":"Wheel of Change","floor":4,"gold_loss":0},{"damage_healed":0,"gold_gain":0,"player_choice":"Simplicity","damage_taken":0,"max_hp_gain":0,"max_hp_loss":0,"event_name":"Back to Basics","floor":19,"gold_loss":0,"cards_upgraded":["Strike_R","Strike_R","Strike_R","Strike_R","Strike_R","Defend_R","Defend_R","Defend_R","Defend_R"]},{"cards_removed":["Strike_R"],"damage_healed":0,"gold_gain":0,"player_choice":"Gave Gold","damage_taken":0,"max_hp_gain":0,"max_hp_loss":0,"event_name":"Beggar","floor":20,"gold_loss":75},{"damage_healed":0,"gold_gain":0,"player_choice":"Ignored","damage_taken":0,"max_hp_gain":0,"max_hp_loss":0,"event_name":"The Mausoleum","floor":22,"gold_loss":0},{"damage_healed":0,"gold_gain":0,"player_choice":"Fought Bandits","damage_taken":0,"max_hp_gain":0,"max_hp_loss":0,"event_name":"Masked Bandits","floor":23,"gold_loss":0},{"damage_healed":0,"gold_gain":0,"player_choice":"Punched","damage_taken":3,"max_hp_gain":0,"max_hp_loss":0,"event_name":"Designer","floor":36,"gold_loss":0},{"damage_healed":44,"gold_gain":0,"player_choice":"Heal","damage_taken":0,"max_hp_gain":0,"max_hp_loss":0,"event_name":"MindBloom","floor":45,"gold_loss":0,"cards_obtained":["Doubt"]}],"is_beta":false,"boss_relics":[{"not_picked":["Fusion Hammer","Black Star"],"picked":"Philosopher\u0027s Stone"},{"not_picked":["Snecko Eye","Coffee Dripper"],"picked":"Mark of Pain"}],"items_purged_floors":[],"is_endless":false,"potions_floor_spawned":[1,3,13,18,21,27,29,35,39,42,48],"killed_by":"Time Eater","ascension_level":0}}