{"host":"9tzam4717zt8ei1o","time":1611072882,"event":{"mods":["BaseMod","Colored Map","Keyboard Shortcuts","Minty Spire (QoL Compilation)","Quick Restart","StSLib","SuperFastMode"],"gold_per_floor":[113,188,204,154,154,154,168,168,191,220,236,236,149,196,196,325,325,340,365,388,401,326,366,378,423,514,544,556,254,272,295,295,424,424,447,447,470,489,510,545,545,579,579,618,321,16,16,16,16,16,16,16,16,57,57,57],"floor_reached":55,"language":"KOR","playtime":1686,"items_purged":["Defend_G","Strike_G","Defend_G"],"score":1348,"play_id":"45ad7a75-c039-4c68-b3a9-4e802cc19ac6","local_time":"20210120011442","is_ascension_mode":true,"campfire_choices":[{"floor":6.0,"key":"REST"},{"data":"Neutralize","floor":8.0,"key":"SMITH"},{"data":"Noxious Fumes","floor":15.0,"key":"SMITH"},{"data":"Footwork","floor":24.0,"key":"SMITH"},{"floor":32.0,"key":"REST"},{"data":"A Thousand Cuts","floor":41.0,"key":"SMITH"},{"data":"Finesse","floor":47.0,"key":"SMITH"},{"floor":49.0,"key":"RECALL"},{"floor":52.0,"key":"REST"}],"circlet_count":0,"master_deck":["Defend_G","Defend_G","Survivor","Neutralize+1","Dagger Throw+1","Endless Agony+1","Footwork+1","Noxious Fumes+1","After Image","Masterful Stab+1","Expertise+1","Well Laid Plans+1","PiercingWail","Acrobatics+1","Leg Sweep+1","Deflect+1","Blade Dance+1","Finesse+1","Cloak And Dagger+1","Cloak And Dagger+1","Infinite Blades","Footwork+1","Endless Agony+1","A Thousand Cuts+1","Acrobatics+1","Swift Strike"],"relics":["Ring of the Snake","NeowsBlessing","Shuriken","Smiling Mask","FossilizedHelix","Golden Idol","Lantern","Astrolabe","MawBank","White Beast Statue","Bottled Flame","HoveringKite","Omamori","Ninja Scroll","Whetstone","TwistedFunnel","Bag of Preparation","PreservedInsect","Toy Ornithopter"],"acts_visited":["Exordium","TheCity","TheBeyond","TheEnding"],"potions_floor_usage":[55,55],"damage_taken":[{"damage":0.0,"enemies":"Jaw Worm","floor":1.0,"turns":1.0},{"damage":0.0,"enemies":"Small Slimes","floor":3.0,"turns":1.0},{"damage":0.0,"enemies":"2 Louse","floor":7.0,"turns":1.0},{"damage":23.0,"enemies":"Lagavulin","floor":10.0,"turns":7.0},{"damage":0.0,"enemies":"Gremlin Gang","floor":11.0,"turns":5.0},{"damage":0.0,"enemies":"Hexaghost","floor":16.0,"turns":10.0},{"damage":6.0,"enemies":"Chosen","floor":18.0,"turns":4.0},{"damage":0.0,"enemies":"Shell Parasite","floor":19.0,"turns":6.0},{"damage":1.0,"enemies":"Centurion and Healer","floor":20.0,"turns":8.0},{"damage":0.0,"enemies":"Cultist and Chosen","floor":21.0,"turns":6.0},{"damage":10.0,"enemies":"Gremlin Leader","floor":23.0,"turns":9.0},{"damage":28.0,"enemies":"Slavers","floor":25.0,"turns":10.0},{"damage":0.0,"enemies":"Chosen and Byrds","floor":27.0,"turns":6.0},{"damage":0.0,"enemies":"Colosseum Slavers","floor":28.0,"turns":6.0},{"damage":0.0,"enemies":"Centurion and Healer","floor":30.0,"turns":5.0},{"damage":1.0,"enemies":"Snecko","floor":31.0,"turns":5.0},{"damage":0.0,"enemies":"Champ","floor":33.0,"turns":9.0},{"damage":0.0,"enemies":"3 Shapes","floor":35.0,"turns":3.0},{"damage":0.0,"enemies":"Orb Walker","floor":37.0,"turns":3.0},{"damage":2.0,"enemies":"Writhing Mass","floor":38.0,"turns":6.0},{"damage":0.0,"enemies":"Transient","floor":39.0,"turns":5.0},{"damage":0.0,"enemies":"Giant Head","floor":40.0,"turns":7.0},{"damage":0.0,"enemies":"Nemesis","floor":42.0,"turns":7.0},{"damage":0.0,"enemies":"Giant Head","floor":44.0,"turns":6.0},{"damage":40.0,"enemies":"Donu and Deca","floor":50.0,"turns":7.0},{"damage":6.0,"enemies":"Shield and Spear","floor":54.0,"turns":5.0},{"damage":68,"enemies":"The Heart","floor":55,"turns":5}],"seed_played":"6581719826815659429","potions_obtained":[{"floor":3.0,"key":"SpeedPotion"},{"floor":7.0,"key":"Dexterity Potion"},{"floor":16.0,"key":"SteroidPotion"},{"floor":18.0,"key":"Fire Potion"},{"floor":21.0,"key":"Dexterity Potion"},{"floor":23.0,"key":"Ancient Potion"},{"floor":27.0,"key":"Fire Potion"},{"floor":31.0,"key":"SpeedPotion"},{"floor":35.0,"key":"Swift Potion"},{"floor":37.0,"key":"CunningPotion"},{"floor":38.0,"key":"Regen Potion"},{"floor":39.0,"key":"Weak Potion"},{"floor":40.0,"key":"Block Potion"},{"floor":54.0,"key":"SkillPotion"}],"is_trial":false,"path_per_floor":["M","?","M","?","?","R","M","R","T","E","M","?","$","T","R","B",null,"M","M","M","M","?","E","R","E","T","M","?","$","M","M","R","B",null,"M","?","M","M","M","E","R","E","T","E","$","$","R","?","R","B",null,"R","$","E","B"],"character_chosen":"THE_SILENT","items_purchased":["Noxious Fumes","Blade Dance","Finesse","Swift Potion","DistilledChaos","TwistedFunnel","Swift Strike","Bag of Preparation","PreservedInsect"],"campfire_rested":3,"item_purchase_floors":[13,29,29,29,29,45,45,46,46],"current_hp_per_floor":[63,52,52,52,10,31,31,31,31,8,8,8,8,8,8,8,51,45,45,44,44,44,34,34,6,6,6,6,6,6,5,24,24,55,55,55,55,53,53,53,53,53,53,53,53,53,53,53,53,13,50,62,62,56,0,0],"gold":57,"neow_bonus":"THREE_ENEMY_KILL","is_daily":false,"chose_seed":false,"campfire_upgraded":5,"win_rate":0.0,"timestamp":1611072882,"path_taken":["M","?","M","?","?","R","M","R","T","E","M","?","$","?","R","BOSS","M","M","?","M","?","E","R","E","T","M","?","$","?","M","R","BOSS","M","?","M","M","M","E","R","E","T","E","?","$","R","?","R","BOSS","R","$","E","BOSS"],"items_purchased_type":["Card","Card","Card","Potion","Potion","Relic","Card","Relic","Relic"],"build_version":"2020-12-22","purchased_purges":3,"victory":false,"max_hp_per_floor":[70,70,70,70,70,70,70,70,70,70,70,65,65,65,65,65,65,65,65,65,65,65,65,65,65,65,65,65,65,65,65,65,65,65,65,65,65,65,65,65,65,65,65,65,65,65,65,62,62,62,62,62,62,62,62,62],"card_choices":[{"not_picked":["Deadly Poison","Caltrops"],"picked":"Dagger Throw","floor":1.0},{"not_picked":["Leg Sweep","Predator","Blade Dance"],"picked":"SKIP","floor":3.0},{"not_picked":["Flechettes","Backflip"],"picked":"Endless Agony","floor":7.0},{"not_picked":["Catalyst","Crippling Poison","Outmaneuver"],"picked":"SKIP","floor":10.0},{"not_picked":["Poisoned Stab","Blur"],"picked":"Footwork","floor":11.0},{"not_picked":["Malaise","Grand Finale"],"picked":"After Image","floor":16.0},{"not_picked":["Dagger Throw+1","Backflip"],"picked":"PiercingWail","floor":18.0},{"not_picked":["PiercingWail","Underhanded Strike","Sucker Punch"],"picked":"SKIP","floor":19.0},{"not_picked":["Outmaneuver","Bane","Quick Slash"],"picked":"SKIP","floor":20.0},{"not_picked":["PiercingWail","Caltrops"],"picked":"Acrobatics+1","floor":21.0},{"not_picked":["Unload","Slice+1"],"picked":"Leg Sweep+1","floor":23.0},{"not_picked":["Underhanded Strike+1","Skewer","Dodge and Roll+1"],"picked":"SKIP","floor":25.0},{"not_picked":["Sucker Punch","Acrobatics"],"picked":"Deflect+1","floor":27.0},{"not_picked":["Dodge and Roll","Quick Slash+1"],"picked":"Cloak And Dagger+1","floor":30.0},{"not_picked":["Outmaneuver","Finisher"],"picked":"Cloak And Dagger+1","floor":31.0},{"not_picked":["Flying Knee","Deadly Poison","Infinite Blades"],"picked":"SKIP","floor":35.0},{"not_picked":["Flying Knee","Deadly Poison"],"picked":"Infinite Blades","floor":35.0},{"not_picked":["Prepared","Dagger Throw+1"],"picked":"Footwork+1","floor":37.0},{"not_picked":["PiercingWail","Well Laid Plans+1","Catalyst+1"],"picked":"SKIP","floor":38.0},{"not_picked":["Outmaneuver","PiercingWail+1"],"picked":"Endless Agony+1","floor":39.0},{"not_picked":["Underhanded Strike","Dagger Spray+1"],"picked":"A Thousand Cuts","floor":40.0},{"not_picked":["Eviscerate+1","Dagger Throw"],"picked":"Acrobatics+1","floor":42.0},{"not_picked":["Underhanded Strike+1","Blade Dance","Outmaneuver+1"],"picked":"SKIP","floor":44.0},{"not_picked":["Noxious Fumes","Slice","Corpse Explosion"],"picked":"SKIP","floor":54.0}],"player_experience":87468,"relics_obtained":[{"floor":9.0,"key":"Smiling Mask"},{"floor":10.0,"key":"FossilizedHelix"},{"floor":14.0,"key":"Lantern"},{"floor":23.0,"key":"MawBank"},{"floor":25.0,"key":"White Beast Statue"},{"floor":26.0,"key":"Bottled Flame"},{"floor":40.0,"key":"Omamori"},{"floor":42.0,"key":"Ninja Scroll"},{"floor":44.0,"key":"Whetstone"},{"floor":54.0,"key":"Toy Ornithopter"}],"event_choices":[{"damage_healed":0.0,"max_hp_gain":0.0,"max_hp_loss":0.0,"gold_gain":75.0,"event_name":"World of Goop","player_choice":"Gather Gold","floor":2.0,"gold_loss":0.0,"damage_taken":11.0},{"cards_removed":["Strike_G"],"damage_healed":0.0,"max_hp_gain":0.0,"max_hp_loss":0.0,"gold_gain":0.0,"event_name":"The Cleric","player_choice":"Card Removal","floor":4.0,"gold_loss":50.0,"damage_taken":0.0},{"damage_healed":0.0,"max_hp_gain":0.0,"max_hp_loss":0.0,"gold_gain":0.0,"event_name":"Scrap Ooze","player_choice":"Success","floor":5.0,"gold_loss":0.0,"damage_taken":42.0,"relics_obtained":["Shuriken"]},{"damage_healed":0.0,"max_hp_gain":0.0,"max_hp_loss":5.0,"gold_gain":0.0,"event_name":"Golden Idol","player_choice":"Lose Max HP","floor":12.0,"gold_loss":0.0,"damage_taken":0.0,"relics_obtained":["Golden Idol"]},{"cards_removed":["Strike_G"],"damage_healed":0.0,"max_hp_gain":0.0,"max_hp_loss":0.0,"gold_gain":0.0,"event_name":"Beggar","player_choice":"Gave Gold","floor":22.0,"gold_loss":75.0,"damage_taken":0.0},{"damage_healed":0.0,"max_hp_gain":0.0,"max_hp_loss":0.0,"gold_gain":0.0,"event_name":"Colosseum","player_choice":"Fight","floor":28.0,"gold_loss":0.0,"damage_taken":0.0},{"damage_healed":0.0,"max_hp_gain":0.0,"max_hp_loss":0.0,"gold_gain":0.0,"event_name":"Colosseum","player_choice":"Fled From Nobs","floor":28.0,"gold_loss":0.0,"damage_taken":0.0},{"damage_healed":0.0,"max_hp_gain":0.0,"max_hp_loss":0.0,"gold_gain":0.0,"event_name":"Upgrade Shrine","player_choice":"Upgraded","floor":36.0,"gold_loss":0.0,"damage_taken":0.0,"cards_upgraded":["Blade Dance"]},{"damage_healed":0.0,"max_hp_gain":0.0,"max_hp_loss":3.0,"gold_gain":0.0,"event_name":"Winding Halls","player_choice":"Max HP","floor":48.0,"gold_loss":0.0,"damage_taken":0.0}],"is_beta":false,"boss_relics":[{"not_picked":["SlaversCollar","Runic Pyramid"],"picked":"Astrolabe"},{"not_picked":["Calling Bell","Fusion Hammer"],"picked":"HoveringKite"}],"items_purged_floors":[13,29,45],"is_endless":false,"potions_floor_spawned":[3,7,16,18,21,23,27,28,30,31,33,35,37,38,39,40,42,44,54],"killed_by":"The Heart","ascension_level":8}}