{"host":"x5f1tqaeuayhyra6","time":1611081672,"event":{"mods":["Bartender","BaseMod","Card Filter","CatGirl Mod","Colored Map","Custom Start","Downfall","GifTheSpireLib","Halation","Hermit","Hubris","Infinite Spire","Marisa????????","Minty Spire (QoL Compilation)","Random Character Button","Relic Filter","StSLib","The Administrix","The Animator","The Construct","The Cursed","The Disciple","The Runesmith"],"gold_per_floor":[110,57,73,348,118,153,153,187,187,197,232,250,264,291,291,393,393,428,428,428,97,97,97,97],"floor_reached":23,"language":"ENG","playtime":1154,"items_purged":["hermit:Strike_Hermit"],"score":239,"play_id":"3b2a5ddb-f61d-4c66-9cdf-08a32f92c86f","local_time":"20210119154112","is_ascension_mode":true,"campfire_choices":[{"floor":7,"key":"RECALL"},{"floor":15,"key":"REST"}],"circlet_count":0,"master_deck":["hermit:Strike_Hermit","hermit:Strike_Hermit","hermit:Strike_Hermit","hermit:Defend_Hermit","hermit:Defend_Hermit","hermit:Defend_Hermit","hermit:Defend_Hermit","hermit:Snapshot","hermit:Covet","hermit:NoHoldsBarred","hermit:SprayPray","Regret","Trip","hermit:GhostlyPresence","hermit:Magnum","hermit:Vantage","hermit:Glare","hermit:BigShot","hermit:Dive","hermit:DeadOrAlive","hermit:Dive","Writhe"],"relics":["hermit:Momento","Vajra","Anchor","Runesmith:AutoHammer","halation:WeightlessCrab","hubris:TenFootPole","Strawberry","Black Star","hubris:Icosahedron","infinitespire:WardingShard","Ancient Tea Set"],"acts_visited":["Exordium","TheCity"],"potions_floor_usage":[8,11,13],"damage_taken":[{"damage":10,"enemies":"Small Slimes","floor":1,"turns":3},{"damage":0,"enemies":"Cultist","floor":3,"turns":2},{"damage":16,"enemies":"Gremlin Nob","floor":6,"turns":3},{"damage":6,"enemies":"3 Sentries","floor":8,"turns":3},{"damage":2,"enemies":"Jaw Worm","floor":10,"turns":2},{"damage":10,"enemies":"Lagavulin","floor":11,"turns":6},{"damage":0,"enemies":"2 Fungi Beasts","floor":12,"turns":2},{"damage":0,"enemies":"3 Louse","floor":13,"turns":2},{"damage":21,"enemies":"3 Sentries","floor":14,"turns":6},{"damage":16,"enemies":"The Guardian","floor":16,"turns":14},{"damage":5,"enemies":"Shell Parasite","floor":18,"turns":5},{"damage":80,"enemies":"Gremlin Leader","floor":23,"turns":10}],"seed_played":"-7467221539690626712","potions_obtained":[{"floor":1,"key":"DuplicationPotion"},{"floor":3,"key":"infinitespire:BlackPotion"},{"floor":8,"key":"Explosive Potion"},{"floor":10,"key":"Guardian:BlockOnCardUsePotion"}],"is_trial":false,"path_per_floor":["M","$","M","?","$","E","R","E","T","M","E","M","M","E","R","B",null,"M","?","?","$","?","E"],"character_chosen":"HERMIT","items_purchased":["hermit:SprayPray","Trip","Anchor","infinitespire:WardingShard"],"campfire_rested":1,"item_purchase_floors":[2,5,5,21],"current_hp_per_floor":[65,65,65,65,65,49,49,43,43,41,31,31,31,17,41,25,82,77,72,72,72,72,0,0],"gold":97,"neow_bonus":"RANDOM_COMMON_RELIC","is_daily":false,"chose_seed":false,"campfire_upgraded":0,"win_rate":0.0,"timestamp":1611081672,"path_taken":["M","$","M","?","?","E","R","E","T","M","E","M","M","E","R","BOSS","M","?","?","$","?","E"],"items_purchased_type":["Card","Card","Relic","Relic"],"build_version":"2020-12-22","purchased_purges":1,"victory":false,"max_hp_per_floor":[75,75,75,75,75,75,75,75,75,75,75,75,75,82,82,82,82,82,87,87,87,87,87,87],"card_choices":[{"not_picked":["hermit:CalledShot","hermit:ItchyTrigger"],"picked":"hermit:NoHoldsBarred","floor":1},{"not_picked":["hermit:SprayPray","hermit:Dive","hermit:TrackingShot"],"picked":"SKIP","floor":3},{"not_picked":["hermit:SprayPray","hermit:Dive","hermit:TrackingShot"],"picked":"SKIP","floor":3},{"not_picked":["hermit:SprayPray","hermit:Cheat"],"picked":"hermit:GhostlyPresence","floor":6},{"not_picked":["hermit:Manifest","hermit:Showdown"],"picked":"hermit:Magnum","floor":8},{"not_picked":["hermit:Brawl","hermit:PistolWhip","hermit:Cheat"],"picked":"SKIP","floor":10},{"not_picked":["hermit:Enervate","hermit:CalledShot"],"picked":"hermit:Vantage","floor":11},{"not_picked":["hermit:Snipe","hermit:TrackingShot"],"picked":"hermit:Glare","floor":12},{"not_picked":["hermit:Misfire","hermit:Snipe"],"picked":"hermit:BigShot","floor":13},{"not_picked":["hermit:Combo","hermit:NoHoldsBarred"],"picked":"hermit:Dive","floor":14},{"not_picked":["hermit:Adapt","hermit:Roughhouse"],"picked":"hermit:DeadOrAlive","floor":16},{"not_picked":["hermit:HighCaliber","hermit:CalledShot"],"picked":"hermit:Dive","floor":18}],"player_experience":235819,"relics_obtained":[{"floor":6,"key":"Runesmith:AutoHammer"},{"floor":8,"key":"halation:WeightlessCrab"},{"floor":11,"key":"hubris:TenFootPole"},{"floor":14,"key":"Strawberry"}],"event_choices":[{"damage_healed":0,"gold_gain":275,"player_choice":"Desecrate","damage_taken":0,"max_hp_gain":0,"max_hp_loss":0,"event_name":"Golden Shrine","floor":4,"gold_loss":0,"cards_obtained":["Regret"]},{"damage_healed":0,"gold_gain":0,"player_choice":"Shed Blood","damage_taken":21,"max_hp_gain":5,"max_hp_loss":0,"event_name":"Forgotten Altar","floor":19,"gold_loss":0},{"damage_healed":0,"gold_gain":0,"player_choice":"Opened","damage_taken":0,"relics_obtained":["Ancient Tea Set"],"max_hp_gain":0,"max_hp_loss":0,"event_name":"The Mausoleum","floor":22,"gold_loss":0,"cards_obtained":["Writhe"]}],"is_beta":false,"boss_relics":[{"not_picked":["Busted Crown","construct:ClawGrip"],"picked":"Black Star"}],"items_purged_floors":[21],"is_endless":false,"potions_floor_spawned":[1,3,8,10],"killed_by":"Gremlin Leader","ascension_level":2}}