{"host":"jyuuog6ydc2s7nd8","time":1611063213,"event":{"mods":["BaseMod","Better Vampires","Minty Spire (QoL Compilation)","Shop Mod","StSLib","The Hierophant","The Servant 0.9.4","TheBandit","[IsaacMod]ÒÔÈö¼âËþ"],"gold_per_floor":[110,110,72,72,86,86,117,117,117,117,131,169,188,203,203,302,302,316,316,266,266,266,300,350,350,401,401,427,235,235,268,268,268,268],"floor_reached":33,"language":"ZHS","playtime":742,"items_purged":["Strike_G","Strike_G","Strike_G","BloodyBrimstone"],"score":774,"play_id":"866e1c9a-f938-4fbd-956f-8af0854203f1","local_time":"20210119213333","is_ascension_mode":true,"campfire_choices":[{"data":"Neutralize","floor":6.0,"key":"SMITH"},{"data":"Acrobatics","floor":8.0,"key":"SMITH"},{"data":"Expertise","floor":10.0,"key":"SMITH"},{"data":"Tactician","floor":15.0,"key":"SMITH"},{"data":"Underhanded Strike","floor":25.0,"key":"SMITH"},{"data":"Backflip","floor":27.0,"key":"SMITH"},{"data":"Reflex","floor":30.0,"key":"SMITH"},{"data":"Masterful Stab","floor":32,"key":"SMITH"}],"circlet_count":0,"master_deck":["AscendersBane","Defend_G","Defend_G","Defend_G","Defend_G","Defend_G","Survivor","Neutralize+1","Underhanded Strike+1","Dagger Throw","Acrobatics+1","Expertise+1","Tactician+1","Masterful Stab+1","Backflip+1","Finisher+1","Reflex+1"],"relics":["Ring of the Snake","HushsDoor","NeowsBlessing","SteamSale","Golden Idol","Darkstone Periapt","Orichalcum","Coffee Dripper","GuppysPaw","GuppysCollar","Damocles","StrikeDummy","Boot","PillsDrop","Toy Ornithopter","Bronze Scales","BFFS","Meat on the Bone","Toxic Egg 2"],"acts_visited":["Exordium","TheCity"],"potions_floor_usage":[],"damage_taken":[{"damage":0.0,"enemies":"Jaw Worm","floor":1.0,"turns":1.0},{"damage":0.0,"enemies":"Cultist","floor":5.0,"turns":1.0},{"damage":0.0,"enemies":"Lagavulin","floor":7.0,"turns":1.0},{"damage":1.0,"enemies":"Small Slimes","floor":11.0,"turns":3.0},{"damage":2.0,"enemies":"Gremlin Nob","floor":12.0,"turns":3.0},{"damage":6.0,"enemies":"2 Fungi Beasts","floor":13.0,"turns":3.0},{"damage":17.0,"enemies":"Red Slaver","floor":14.0,"turns":5.0},{"damage":0.0,"enemies":"Hexaghost","floor":16.0,"turns":4.0},{"damage":0.0,"enemies":"2 Thieves","floor":18.0,"turns":5.0},{"damage":0.0,"enemies":"Gremlin Leader","floor":23.0,"turns":4.0},{"damage":16,"enemies":"Slavers","floor":31,"turns":8},{"damage":6,"enemies":"Collector","floor":33,"turns":2}],"seed_played":"1063716973757945823","potions_obtained":[{"floor":11.0,"key":"AttackPotion"},{"floor":12.0,"key":"SteroidPotion"},{"floor":14.0,"key":"GamblersBrew"},{"floor":16.0,"key":"PowerPotion"},{"floor":31,"key":"Weak Potion"}],"is_trial":false,"path_per_floor":["M","?","$","?","M","R","E","R","T","R","M","E","M","M","R","B",null,"M","?","$","?","?","E","?","R","T","R","T","$","R","E","R","B"],"character_chosen":"THE_SILENT","items_purchased":["GuppysPaw","GuppysCollar","Damocles","Reflex","BFFS"],"campfire_rested":0,"item_purchase_floors":[17,17,17,29,29],"current_hp_per_floor":[59,59,59,36,36,36,36,36,36,36,35,33,27,10,10,10,19,19,19,19,19,19,16,16,16,16,16,16,16,16,1,1,0,0],"gold":268,"neow_bonus":"THREE_ENEMY_KILL","is_daily":false,"chose_seed":false,"campfire_upgraded":8,"win_rate":0.0,"timestamp":1611063213,"path_taken":["M","?","$","?","M","R","E","R","T","R","M","E","M","M","R","BOSS","M","?","$","?","?","E","?","R","T","R","?","$","R","E","R","BOSS"],"items_purchased_type":["Relic","Relic","Relic","Card","Relic"],"build_version":"2020-12-22","purchased_purges":4,"victory":false,"max_hp_per_floor":[66,66,66,66,66,66,66,66,66,66,66,63,63,63,63,60,22,19,19,19,19,19,16,16,16,16,16,16,16,16,16,16,16,16],"card_choices":[{"not_picked":[],"picked":"BloodyBrimstone","floor":0.0},{"not_picked":["Leg Sweep","Dodge and Roll"],"picked":"Underhanded Strike","floor":1.0},{"not_picked":["Dodge and Roll","Crippling Poison"],"picked":"Acrobatics","floor":5.0},{"not_picked":["Leg Sweep","Deadly Poison"],"picked":"Expertise","floor":7.0},{"not_picked":["Blade Dance","Well Laid Plans","Flying Knee"],"picked":"SKIP","floor":11.0},{"not_picked":["Unload","Poisoned Stab"],"picked":"Tactician","floor":12.0},{"not_picked":["Bouncing Flask","All Out Attack","Dodge and Roll"],"picked":"SKIP","floor":13.0},{"not_picked":["Skewer","Blade Dance"],"picked":"Masterful Stab","floor":14.0},{"not_picked":["Blur","Outmaneuver"],"picked":"Backflip","floor":18.0},{"not_picked":["Bane","Backflip"],"picked":"Finisher+1","floor":23.0},{"not_picked":["Underhanded Strike+1","Dash","Bane"],"picked":"SKIP","floor":31}],"player_experience":1848263,"relics_obtained":[{"floor":7.0,"key":"Darkstone Periapt"},{"floor":12.0,"key":"Orichalcum"},{"floor":18.0,"key":"StrikeDummy"},{"floor":23.0,"key":"Boot"},{"floor":23.0,"key":"PillsDrop"},{"floor":26.0,"key":"Toy Ornithopter"},{"floor":28.0,"key":"Bronze Scales"},{"floor":31,"key":"Meat on the Bone"},{"floor":31,"key":"Toxic Egg 2"}],"event_choices":[{"damage_healed":0.0,"max_hp_gain":0.0,"max_hp_loss":0.0,"gold_gain":0.0,"cards_transformed":["Strike_G"],"event_name":"Transmorgrifier","player_choice":"Transformed","floor":2.0,"gold_loss":0.0,"damage_taken":0.0,"cards_obtained":["Dagger Throw"]},{"damage_healed":0.0,"max_hp_gain":0.0,"max_hp_loss":0.0,"gold_gain":0.0,"event_name":"Golden Idol","player_choice":"Take Damage","floor":4.0,"gold_loss":0.0,"damage_taken":23.0,"relics_obtained":["Golden Idol"]},{"cards_removed":["Strike_G"],"damage_healed":0.0,"max_hp_gain":0.0,"max_hp_loss":0.0,"gold_gain":0.0,"event_name":"Back to Basics","player_choice":"Elegance","floor":19.0,"gold_loss":0.0,"damage_taken":0.0},{"damage_healed":0.0,"max_hp_gain":0.0,"max_hp_loss":0.0,"gold_gain":0.0,"event_name":"Cursed Tome","player_choice":"Ignored","floor":21.0,"gold_loss":0.0,"damage_taken":0.0},{"damage_healed":0.0,"max_hp_gain":0.0,"max_hp_loss":0.0,"gold_gain":0.0,"event_name":"Vampires","player_choice":"Ignored","floor":22.0,"gold_loss":0.0,"damage_taken":0.0},{"damage_healed":0.0,"max_hp_gain":0.0,"max_hp_loss":0.0,"gold_gain":50.0,"event_name":"Nest","player_choice":"Stole From Cult","floor":24.0,"gold_loss":0.0,"damage_taken":0.0}],"is_beta":false,"boss_relics":[{"not_picked":["WristBlade","MagicMushroom"],"picked":"Coffee Dripper"},{"not_picked":[]}],"items_purged_floors":[3,17,20,29],"is_endless":false,"potions_floor_spawned":[11,12,14,16,31],"killed_by":"Collector","ascension_level":20}}