{"host":"t9zjxed0utvsfjwc","time":1611045787,"event":{"mods":["2.2 Compatiblity","Aspiration","BaseMod","Better Altar","Better Match","Better Note","Better Sensory Stone","Better Skull","Better Third Choice","Block Reminder","Colored Map","Colored Powertips","Hermit","Highlight Path","Hubris","Infinite Spire","Minty Spire (QoL Compilation)","Quick Restart","Rare Cards Sparkle","Replay The Spire","Shade Mod","StSLib","The Bug Knight","The Cursed","The Marked","Unceasing Turn Reminder","everything is the same but u backflip on backflip"],"gold_per_floor":[114,114,114,114,74,102,102,128,153,153,188,198,216,232,232,332,332,342,353,503,521,537,570,104,104,130,130,405,431,431,182,182,182,182],"floor_reached":33,"language":"ENG","playtime":1714,"items_purged":["Strike_R","Defend_R","Strike_R"],"score":415,"play_id":"8585fa7b-ca23-4965-8189-f853b1f5b988","local_time":"20210119084307","is_ascension_mode":true,"campfire_choices":[{"data":"Metallicize","floor":7,"key":"SMITH"},{"data":"Armaments","floor":10,"key":"SMITH"},{"floor":15,"key":"RECALL"},{"floor":30,"key":"REST"},{"data":"True Grit","floor":32,"key":"SMITH"}],"circlet_count":0,"master_deck":["Strike_R","Strike_R+1","Strike_R+1","Defend_R","Defend_R","Bash+1","Armaments+1","Metallicize+1","ReplayTheSpireMod:Muscle Training+1","Pommel Strike","True Grit+1","Feed","Cleave","Shrug It Off"],"relics":["Burning Blood","NeowsBlessing","Omamori","hubris:OldNail","Red Skull","Whetstone","Centennial Puzzle","SacredBark","ReplayTheSpireMod:CursedCoin","aspiration:PoetsPen_weak","infinitespire:Satchel","King of Hearts","Self Forming Clay","aspiration:ChemicalBlood","Matryoshka","hubris:SlimyHat"],"acts_visited":["Exordium","TheCity"],"potions_floor_usage":[5,11,11,14,16,22,23,27,27,33,33],"damage_taken":[{"damage":0,"enemies":"Small Slimes","floor":1,"turns":1},{"damage":0,"enemies":"Lagavulin","floor":6,"turns":1},{"damage":0,"enemies":"3 Sentries","floor":8,"turns":2},{"damage":34,"enemies":"Lagavulin","floor":11,"turns":6},{"damage":0,"enemies":"Jaw Worm","floor":12,"turns":4},{"damage":0,"enemies":"2 Louse","floor":13,"turns":2},{"damage":1,"enemies":"Large Slime","floor":14,"turns":5},{"damage":35,"enemies":"The Guardian","floor":16,"turns":12},{"damage":36,"enemies":"Shell Parasite","floor":18,"turns":7},{"damage":28,"enemies":"3 Byrds","floor":19,"turns":8},{"damage":14,"enemies":"Sentry and Sphere","floor":21,"turns":5},{"damage":15,"enemies":"Centurion and Healer","floor":22,"turns":4},{"damage":2,"enemies":"HollowMod:Nosk","floor":23,"turns":7},{"damage":0,"enemies":"Slavers","floor":27,"turns":1},{"damage":26,"enemies":"Gremlin Leader","floor":29,"turns":5},{"damage":60,"enemies":"Automaton","floor":33,"turns":6}],"seed_played":"-7092410155933798232","potions_obtained":[{"floor":5,"key":"Toxic Potion"},{"floor":5,"key":"Fruit Juice"},{"floor":5,"key":"SmokeBomb"},{"floor":6,"key":"Energy Potion"},{"floor":11,"key":"Strength Potion"},{"floor":12,"key":"SkillPotion"},{"floor":13,"key":"Adrenaline Potion"},{"floor":21,"key":"Adrenaline Potion"},{"floor":22,"key":"Dexterity Potion"},{"floor":23,"key":"SneckoOil"}],"is_trial":false,"path_per_floor":["M","?","?","?","?","E","R","E","T","R","E","M","M","M","R_BF","B",null,"M","M","AVR","M","M","E","$","?","T","E","?","E","R","$","R","B"],"character_chosen":"IRONCLAD","items_purchased":["King of Hearts","Self Forming Clay","hubris:SlimyHat"],"campfire_rested":1,"item_purchase_floors":[24,24,31],"current_hp_per_floor":[80,80,80,80,85,85,85,85,85,85,57,63,69,74,74,45,85,58,40,40,36,31,35,35,35,35,41,41,21,51,51,51,0,0],"gold":182,"neow_bonus":"THREE_ENEMY_KILL","is_daily":false,"chose_seed":false,"campfire_upgraded":3,"win_rate":0.0,"timestamp":1611045787,"path_taken":["M","?","?","?","?","E","R","E","T","R","E","M","M","M","R_BF","BOSS","M","?","AVR","M","M","E","$","?","T","E","?","E","R","$","R","BOSS"],"items_purchased_type":["Relic","Relic","Relic"],"build_version":"2020-12-22","purchased_purges":3,"victory":false,"max_hp_per_floor":[80,80,80,80,85,85,85,85,85,85,85,85,85,85,85,85,85,88,92,92,96,100,100,100,100,100,100,100,100,100,100,100,100,100],"card_choices":[{"not_picked":["Abandon","Dropkick"],"picked":"Armaments","floor":1},{"not_picked":["Entrench","Perfected Strike"],"picked":"Metallicize","floor":6},{"not_picked":["Headbutt","Dark Embrace","Abandon"],"picked":"SKIP","floor":8},{"not_picked":["Havoc","Dropkick"],"picked":"ReplayTheSpireMod:Muscle Training","floor":11},{"not_picked":["Clothesline","hubris:StunningStrike"],"picked":"Pommel Strike","floor":12},{"not_picked":["hubris:ReadiedAction","ReplayTheSpireMod:LeadingStrike"],"picked":"True Grit","floor":13},{"not_picked":["Havoc","Defy Death","Armaments"],"picked":"SKIP","floor":14},{"not_picked":["Hemogenesis","Fiend Fire"],"picked":"Feed","floor":16},{"not_picked":["Flex+1","Anger","Burning Pact"],"picked":"SKIP","floor":18},{"not_picked":["Searing Blow","Anger"],"picked":"Cleave","floor":19},{"not_picked":["Dual Wield","Fire Breathing+1","Warcry"],"picked":"SKIP","floor":21},{"not_picked":["Shockwave","Burning Pact"],"picked":"Shrug It Off","floor":22},{"not_picked":["Pommel Strike","Replay:Undeath\u0027s Touch","Immolate"],"picked":"SKIP","floor":23},{"not_picked":["Dropkick+1","Battle Trance","Feel No Pain"],"picked":"SKIP","floor":29}],"player_experience":383520,"relics_obtained":[{"floor":4,"key":"Omamori"},{"floor":6,"key":"hubris:OldNail"},{"floor":8,"key":"Red Skull"},{"floor":9,"key":"Whetstone"},{"floor":11,"key":"Centennial Puzzle"},{"floor":23,"key":"infinitespire:Satchel"},{"floor":26,"key":"aspiration:ChemicalBlood"},{"floor":29,"key":"Matryoshka"}],"event_choices":[{"cards_removed":["Defend_R"],"damage_healed":0,"gold_gain":0,"player_choice":"Forget","damage_taken":0,"max_hp_gain":0,"max_hp_loss":0,"event_name":"Living Wall","floor":3,"gold_loss":0},{"damage_healed":0,"gold_gain":0,"player_choice":"Bought 3 Potions","damage_taken":0,"max_hp_gain":0,"max_hp_loss":0,"event_name":"The Woman in Blue","floor":5,"gold_loss":0},{"damage_healed":0,"gold_gain":0,"player_choice":"Upgraded","damage_taken":0,"max_hp_gain":0,"max_hp_loss":0,"event_name":"Upgrade Shrine","floor":25,"gold_loss":0,"cards_upgraded":["ReplayTheSpireMod:Muscle Training"]},{"damage_healed":0,"gold_gain":275,"player_choice":"Desecrate","damage_taken":0,"max_hp_gain":0,"max_hp_loss":0,"event_name":"Golden Shrine","floor":28,"gold_loss":0,"cards_obtained":["Regret"]}],"is_beta":false,"boss_relics":[{"not_picked":["Snecko Eye","Painkiller Herb"],"picked":"SacredBark"}],"items_purged_floors":[20,24,31],"is_endless":false,"potions_floor_spawned":[6,11,12,13,21,22,23],"killed_by":"Automaton","ascension_level":1}}