{"host":"2l3i55whvwk76mom","time":1611090578,"event":{"mods":["BaseMod","Googly Eyes","Hermit","Hubris","Minty Spire (QoL Compilation)","Replay The Spire","StSLib","The Cursed","The Disciple","The Hierophant","The Jungle","The Necromancer"],"gold_per_floor":[117,131,131,131,131,131,157,177,246,246,1,35,35,35,35,139,139,152,152,171,84,100,100,127,127,127,138,138,158,172,204,204,204,204],"floor_reached":33,"language":"ENG","playtime":1826,"items_purged":["hubris:Despair"],"score":366,"play_id":"c8842183-8109-4b6b-be75-b438eb14df33","local_time":"20210119130938","is_ascension_mode":true,"campfire_choices":[{"data":"m_Survivalism","floor":6,"key":"SMITH"},{"data":"Deadly Poison","floor":10,"key":"SMITH"},{"floor":13,"key":"REST"},{"data":"Replay:Bag of Tricks","floor":23,"key":"SMITH"},{"floor":25,"key":"REST"},{"data":"ReplayTheSpireMod:Necrosis","floor":28,"key":"SMITH"},{"floor":32,"key":"REST"}],"circlet_count":0,"master_deck":["Strike_G","Strike_G","Strike_G","Strike_G","Strike_G","Defend_G","Defend_G","Defend_G","Defend_G","Defend_G","Neutralize","Deadly Poison+1","Bane","m_Survivalism+1","Backflip","Flying Knee","Slice","Deadly Poison","ReplayTheSpireMod:Necrosis+1","Escape Plan+1","Replay:Bag of Tricks+1","Dagger Spray","Leg Sweep+1","Backflip+1","Poisoned Stab","hubris:NaturalOne"],"relics":["Ring of the Snake","NeowsBlessing","hubris:Icosahedron","Replay:Mystery Machine","hubris:MysteriousPyramids","Singing Bowl","Replay:Wax Seal","hubris:Towel","hubris:ScarierMask","Replay:Bottled Snecko","ReplayTheSpireMod:CursedCoin","hubris:AncientText","Ice Cream","Replay:WaspNest"],"acts_visited":["Exordium","Exordium"],"potions_floor_usage":[24,30],"damage_taken":[{"damage":0,"enemies":"Jaw Worm","floor":1,"turns":1},{"damage":0,"enemies":"2 Louse","floor":2,"turns":1},{"damage":0,"enemies":"3 Sentries","floor":7,"turns":2},{"damage":10,"enemies":"Small Slimes","floor":8,"turns":3},{"damage":22,"enemies":"Gremlin Nob","floor":12,"turns":3},{"damage":26,"enemies":"The Guardian","floor":16,"turns":9},{"damage":5,"enemies":"theJungle:MUSHROOMGANG","floor":18,"turns":4},{"damage":12,"enemies":"theJungle:GiantWrat","floor":20,"turns":4},{"damage":13,"enemies":"theJungle:2_Snecko_Cultists","floor":22,"turns":3},{"damage":8,"enemies":"theJungle:Cassacara","floor":24,"turns":5},{"damage":0,"enemies":"theJungle:2_Flameangoes","floor":27,"turns":4},{"damage":7,"enemies":"Snake Plant","floor":29,"turns":4},{"damage":22,"enemies":"theJungle:SlimyTreeVines","floor":30,"turns":7},{"damage":3,"enemies":"theJungle:2_Phrogs","floor":31,"turns":4},{"damage":61,"enemies":"theJungle:FunGuy","floor":33,"turns":10}],"seed_played":"-1842082756269408190","potions_obtained":[{"floor":12,"key":"GamblersBrew"},{"floor":18,"key":"Weak Potion"},{"floor":20,"key":"Poison Potion"},{"floor":29,"key":"CunningPotion"}],"is_trial":false,"path_per_floor":["M","M","?","?","?","R","E","M","T","R","$","E","R","$","R","B",null,"M","?","M","$","M","R","E","R","T","M","R","M","M","E","R","B"],"character_chosen":"THE_SILENT","items_purchased":["Singing Bowl","ReplayTheSpireMod:CursedCoin","Replay:Bag of Tricks"],"campfire_rested":3,"item_purchase_floors":[11,21,21],"current_hp_per_floor":[70,70,70,70,70,70,70,60,60,60,60,38,59,59,59,33,70,67,67,55,55,42,42,34,55,55,55,55,50,34,33,55,0,0],"gold":204,"neow_bonus":"THREE_ENEMY_KILL","is_daily":false,"chose_seed":false,"campfire_upgraded":4,"win_rate":0.0,"timestamp":1611090578,"path_taken":["M","M","?","?","?","R","E","M","T","R","$","E","R","$","R","BOSS","M","?","M","$","M","R","E","R","T","M","R","M","?","E","R","BOSS"],"items_purchased_type":["Relic","Relic","Card"],"build_version":"2020-12-22","purchased_purges":1,"victory":false,"max_hp_per_floor":[70,70,70,70,70,70,70,70,70,70,70,70,70,70,70,70,70,72,72,72,72,72,72,72,72,72,72,72,74,74,76,76,76,76],"card_choices":[{"not_picked":["Deflect","Sucker Punch"],"picked":"Deadly Poison","floor":1},{"not_picked":["Outmaneuver","Skewer"],"picked":"Bane","floor":2},{"not_picked":["Prepared","Flechettes"],"picked":"Flying Knee","floor":7},{"not_picked":["ReplayTheSpireMod:Exploit Weakness","Bane"],"picked":"Slice","floor":8},{"not_picked":["Bullet Time","All Out Attack"],"picked":"Deadly Poison","floor":12},{"not_picked":["Night Terror","Die Die Die"],"picked":"ReplayTheSpireMod:Necrosis","floor":16},{"not_picked":["ReplayTheSpireMod:Scrap Shanks","Prepared","ReplayTheSpireMod:Exploit Weakness"],"picked":"Singing Bowl","floor":18},{"not_picked":["PiercingWail+1","Dodge and Roll"],"picked":"Escape Plan+1","floor":20},{"not_picked":["Outmaneuver+1","Slice"],"picked":"Dagger Spray","floor":22},{"not_picked":["Infinite Blades","Dagger Throw"],"picked":"Leg Sweep+1","floor":24},{"not_picked":["Underhanded Strike","Fluid Movement"],"picked":"Backflip+1","floor":27},{"not_picked":["Terror","Setup","Riddle With Holes"],"picked":"Singing Bowl","floor":29},{"not_picked":["Cloak And Dagger","Outmaneuver"],"picked":"Poisoned Stab","floor":30},{"not_picked":["Sucker Punch+1","Masterful Stab+1","Acrobatics+1"],"picked":"Singing Bowl","floor":31}],"player_experience":295272,"relics_obtained":[{"floor":7,"key":"Replay:Mystery Machine"},{"floor":9,"key":"hubris:MysteriousPyramids"},{"floor":12,"key":"Replay:Wax Seal"},{"floor":24,"key":"hubris:AncientText"},{"floor":26,"key":"Ice Cream"},{"floor":31,"key":"Replay:WaspNest"}],"event_choices":[{"damage_healed":0,"gold_gain":0,"player_choice":"Gave Potion","damage_taken":0,"relics_obtained":["Replay:Bottled Snecko"],"max_hp_gain":0,"max_hp_loss":0,"event_name":"WeMeetAgain","floor":19,"gold_loss":0}],"is_beta":false,"boss_relics":[{"not_picked":["Empty Cage","Replay:Bronze Core"],"picked":"hubris:ScarierMask"}],"items_purged_floors":[21],"is_endless":false,"potions_floor_spawned":[12,18,20,29],"killed_by":"theJungle:FunGuy","ascension_level":3}}