{"host":"Jinnai","time":1611028030,"event":{"mods":["BaseMod","Bestiary","Block Reminder","Colored Map","Colored Powertips","Highlight Path","Minty Spire (QoL Compilation)","Quick Restart","Relic Stats","StSLib"],"gold_per_floor":[115,133,146,146,165,165,198,218,218,218,218,218],"floor_reached":11,"language":"ENG","playtime":391,"items_purged":[],"score":146,"play_id":"34159e64-91c1-4f59-ba26-f17ea6b33818","local_time":"20210118224710","is_ascension_mode":true,"campfire_choices":[{"floor":6,"key":"REST"},{"floor":10,"key":"REST"}],"circlet_count":0,"master_deck":["AscendersBane","Strike_P","Strike_P","Strike_P","Strike_P","Defend_P","Defend_P","Defend_P","Eruption","Vigilance","Panache","FlurryOfBlows","CutThroughFate","Consecrate","Perseverance","LessonLearned+1","Vengeance+1"],"relics":["PureWater","Toxic Egg 2","The Courier"],"acts_visited":["Exordium"],"potions_floor_usage":[7,11,11],"damage_taken":[{"damage":2,"enemies":"Cultist","floor":1,"turns":3},{"damage":12,"enemies":"Small Slimes","floor":2,"turns":3},{"damage":1,"enemies":"2 Louse","floor":3,"turns":4},{"damage":13,"enemies":"2 Fungi Beasts","floor":5,"turns":2},{"damage":32,"enemies":"Lagavulin","floor":7,"turns":6},{"damage":2,"enemies":"3 Louse","floor":8,"turns":2},{"damage":32,"enemies":"Gremlin Nob","floor":11,"turns":3}],"seed_played":"-3639612276257503108","potions_obtained":[{"floor":1,"key":"Swift Potion"},{"floor":7,"key":"LiquidBronze"},{"floor":8,"key":"GamblersBrew"}],"is_trial":false,"path_per_floor":["M","M","M","?","M","R","E","M","T","R","E"],"character_chosen":"WATCHER","items_purchased":[],"campfire_rested":2,"item_purchase_floors":[],"current_hp_per_floor":[59,47,46,39,26,44,12,10,10,28,0,0],"gold":218,"neow_bonus":"RANDOM_COLORLESS_2","is_daily":false,"chose_seed":false,"campfire_upgraded":0,"win_rate":0.0,"timestamp":1611028030,"path_taken":["M","?","M","?","M","R","E","M","T","R","E"],"items_purchased_type":[],"build_version":"2020-12-18","purchased_purges":0,"victory":false,"max_hp_per_floor":[62,62,62,62,62,62,62,62,62,62,62,62],"relic_stats":{"counters":[7,23],"obtain_stats":[{"The Courier":9,"PureWater":0,"Toxic Egg 2":7},{"The Courier":6,"PureWater":0,"Toxic Egg 2":5},{"The Courier":20,"PureWater":0,"Toxic Egg 2":18}]},"card_choices":[{"not_picked":["Chrysalis","The Bomb"],"picked":"Panache","floor":0},{"not_picked":["PathToVictory","Halt"],"picked":"FlurryOfBlows","floor":1},{"not_picked":["Protect","JustLucky"],"picked":"CutThroughFate","floor":2},{"not_picked":["Prostrate","PathToVictory"],"picked":"Consecrate","floor":3},{"not_picked":["Pray","ThirdEye"],"picked":"Perseverance","floor":5},{"not_picked":["FollowUp","EmptyFist"],"picked":"LessonLearned","floor":7},{"not_picked":["FlyingSleeves","ForeignInfluence+1"],"picked":"Vengeance+1","floor":8}],"player_experience":1529850,"relics_obtained":[{"floor":7,"key":"Toxic Egg 2"},{"floor":9,"key":"The Courier"}],"event_choices":[{"cards_removed":["Defend_P"],"damage_healed":0,"gold_gain":0,"player_choice":"Card Removal","damage_taken":7,"max_hp_gain":0,"max_hp_loss":0,"event_name":"Golden Wing","floor":4,"gold_loss":0}],"is_beta":true,"boss_relics":[],"items_purged_floors":[],"is_endless":false,"potions_floor_spawned":[1,7,8],"killed_by":"Gremlin Nob","ascension_level":19}}