{"host":"qgrlfjrqk9z96gfi","time":1611027409,"event":{"mods":["BaseMod","Block Reminder","Colored Map","Custom Start","DeckTracker","Minty Spire (QoL Compilation)"],"gold_per_floor":[113,26,101,101,101,101,134,134,134,134,148,179,196,31,31,105,105,115,40,65,115,132,132,465,465,465,465,477,507,520,554,554,633,633,644,644,663,678,311,343,368,368,368],"floor_reached":42,"language":"ENG","playtime":1690,"items_purged":["Strike_G","Strike_G"],"score":1255,"play_id":"8df37483-0fea-4faf-921e-a0ef65c67975","local_time":"20210118173649","is_ascension_mode":true,"campfire_choices":[{"data":"Bouncing Flask","floor":6.0,"key":"SMITH"},{"floor":8.0,"key":"REST"},{"data":"Neutralize","floor":10.0,"key":"SMITH"},{"data":"Catalyst","floor":15.0,"key":"SMITH"},{"floor":23.0,"key":"REST"},{"floor":25.0,"key":"REST"},{"floor":27.0,"key":"REST"},{"floor":32.0,"key":"REST"}],"circlet_count":0,"master_deck":["AscendersBane","Strike_G","Defend_G","Defend_G+1","Defend_G","Defend_G","Defend_G+1","Survivor","Neutralize+1","PiercingWail","Bouncing Flask+1","Blade Dance","Catalyst+1","Footwork","Catalyst","Leg Sweep","Well Laid Plans","Venomology","CurseOfTheBell","Acrobatics","Backflip","Noxious Fumes","Dodge and Roll+1","Heel Hook+1","Blur","Adrenaline","Panacea","Master of Strategy","Calculated Gamble","Leg Sweep"],"relics":["Velvet Choker","Molten Egg 2","Pocketwatch","Ice Cream","Calling Bell","Centennial Puzzle","Gremlin Horn","Thread and Needle","Red Mask","Old Coin","Mercury Hourglass","Tiny Chest","Pen Nib","Empty Cage","Pantograph","Eternal Feather","Girya"],"acts_visited":["Exordium","TheCity","TheBeyond"],"potions_floor_usage":[42,42],"damage_taken":[{"damage":1.0,"enemies":"2 Louse","floor":1.0,"turns":3.0},{"damage":26.0,"enemies":"3 Sentries","floor":7.0,"turns":9.0},{"damage":1.0,"enemies":"Small Slimes","floor":11.0,"turns":3.0},{"damage":0.0,"enemies":"Lagavulin","floor":12.0,"turns":7.0},{"damage":4.0,"enemies":"Jaw Worm","floor":13.0,"turns":4.0},{"damage":0.0,"enemies":"Slime Boss","floor":16.0,"turns":6.0},{"damage":0.0,"enemies":"Spheric Guardian","floor":18.0,"turns":2.0},{"damage":53.0,"enemies":"Masked Bandits","floor":20.0,"turns":6.0},{"damage":1.0,"enemies":"2 Thieves","floor":22.0,"turns":4.0},{"damage":12.0,"enemies":"Book of Stabbing","floor":24.0,"turns":5.0},{"damage":0.0,"enemies":"Chosen and Byrds","floor":28.0,"turns":6.0},{"damage":16.0,"enemies":"Gremlin Leader","floor":29.0,"turns":5.0},{"damage":0.0,"enemies":"Snake Plant","floor":30.0,"turns":5.0},{"damage":3.0,"enemies":"Book of Stabbing","floor":31.0,"turns":5.0},{"damage":24.0,"enemies":"Collector","floor":33.0,"turns":7.0},{"damage":3.0,"enemies":"Orb Walker","floor":35.0,"turns":3.0},{"damage":3.0,"enemies":"3 Shapes","floor":37.0,"turns":5.0},{"damage":15.0,"enemies":"Writhing Mass","floor":38.0,"turns":6.0},{"damage":0.0,"enemies":"Nemesis","floor":40.0,"turns":7.0},{"damage":0.0,"enemies":"Mind Bloom Boss Battle","floor":41.0,"turns":5.0},{"damage":70,"enemies":"Reptomancer","floor":42,"turns":3}],"seed_played":"-5949800469553531303","potions_obtained":[{"floor":1.0,"key":"Energy Potion"},{"floor":16.0,"key":"Explosive Potion"},{"floor":20.0,"key":"SteroidPotion"},{"floor":24.0,"key":"Block Potion"}],"is_trial":false,"path_per_floor":["M","$","?","?","?","R","E","R","T","R","M","E","M","$","R","B",null,"M","$","?","?","M","R","E","R","T","R","M","E","M","E","R","B",null,"M","?","M","M","$","E","?","E"],"character_chosen":"THE_SILENT","items_purchased":["Bouncing Flask","Leg Sweep","Well Laid Plans","Pantograph"],"campfire_rested":5,"item_purchase_floors":[2,14,14,39],"current_hp_per_floor":[58,58,47,27,49,49,23,42,42,42,41,41,37,37,37,37,59,59,59,6,6,5,24,12,31,31,50,50,34,34,31,50,26,56,53,48,45,30,30,45,66,0,0],"gold":368,"neow_bonus":"BOSS_RELIC","is_daily":false,"chose_seed":false,"campfire_upgraded":3,"win_rate":0.0,"timestamp":1611027409,"path_taken":["M","$","?","?","?","R","E","R","T","R","M","E","M","$","R","BOSS","M","$","?","?","M","R","E","R","T","R","M","E","?","E","R","BOSS","M","?","M","M","$","E","?","E"],"items_purchased_type":["Card","Card","Card","Relic"],"build_version":"2020-12-22","purchased_purges":2,"victory":false,"max_hp_per_floor":[66,66,66,66,66,66,66,66,66,66,66,66,66,66,66,66,66,66,66,66,66,66,66,66,66,66,66,66,66,66,66,66,66,66,66,66,66,66,66,66,66,66,66],"card_choices":[{"not_picked":["Distraction","Acrobatics"],"picked":"PiercingWail","floor":1.0},{"not_picked":["Prepared","Bouncing Flask"],"picked":"Blade Dance","floor":7.0},{"not_picked":["Caltrops","Expertise"],"picked":"Catalyst","floor":11.0},{"not_picked":["Riddle With Holes+1","Catalyst"],"picked":"Footwork","floor":12.0},{"not_picked":["Cloak And Dagger","Choke+1"],"picked":"Catalyst","floor":13.0},{"not_picked":["Grand Finale+1","Storm of Steel"],"picked":"Venomology","floor":16.0},{"not_picked":["Quick Slash+1","Tactician+1"],"picked":"Acrobatics","floor":18.0},{"not_picked":["Dagger Spray+1","Venomology"],"picked":"Backflip","floor":20.0},{"not_picked":["Dodge and Roll+1","Blade Dance"],"picked":"Noxious Fumes","floor":22.0},{"not_picked":["Choke+1","Acrobatics+1","Outmaneuver"],"picked":"SKIP","floor":24.0},{"not_picked":["Blade Dance","Acrobatics"],"picked":"Dodge and Roll+1","floor":28.0},{"not_picked":["Slice+1","Choke+1","Dodge and Roll"],"picked":"SKIP","floor":29.0},{"not_picked":["Distraction","Backstab+1"],"picked":"Heel Hook+1","floor":30.0},{"not_picked":["Acrobatics","Deflect"],"picked":"Blur","floor":31.0},{"not_picked":["Unload+1","Glass Knife+1"],"picked":"Adrenaline","floor":33.0},{"not_picked":["Dagger Throw+1","Sucker Punch+1","All Out Attack+1"],"picked":"SKIP","floor":35.0},{"not_picked":["PanicButton","Panache"],"picked":"Panacea","floor":36.0},{"not_picked":["Sadistic Nature","Impatience"],"picked":"Master of Strategy","floor":36.0},{"not_picked":["Prepared","Dodge and Roll","Sucker Punch+1"],"picked":"SKIP","floor":37.0},{"not_picked":["Choke+1","Deflect"],"picked":"Calculated Gamble","floor":38.0},{"not_picked":["Unload+1","Poisoned Stab+1","Outmaneuver+1"],"picked":"SKIP","floor":40.0},{"not_picked":["Predator+1","Dash+1"],"picked":"Leg Sweep","floor":41.0}],"player_experience":1028041,"relics_obtained":[{"floor":7.0,"key":"Molten Egg 2"},{"floor":9.0,"key":"Pocketwatch"},{"floor":12.0,"key":"Ice Cream"},{"floor":17.0,"key":"Centennial Puzzle"},{"floor":17.0,"key":"Gremlin Horn"},{"floor":17.0,"key":"Thread and Needle"},{"floor":20.0,"key":"Red Mask"},{"floor":24.0,"key":"Old Coin"},{"floor":26.0,"key":"Mercury Hourglass"},{"floor":29.0,"key":"Tiny Chest"},{"floor":31.0,"key":"Pen Nib"},{"floor":40.0,"key":"Eternal Feather"},{"floor":41.0,"key":"Girya"}],"event_choices":[{"damage_healed":0.0,"max_hp_gain":0.0,"max_hp_loss":0.0,"gold_gain":75.0,"event_name":"World of Goop","player_choice":"Gather Gold","floor":3.0,"gold_loss":0.0,"damage_taken":11.0},{"damage_healed":0.0,"max_hp_gain":0.0,"max_hp_loss":0.0,"gold_gain":0.0,"event_name":"Shining Light","player_choice":"Entered Light","floor":4.0,"gold_loss":0.0,"damage_taken":20.0,"cards_upgraded":["Defend_G","Defend_G"]},{"damage_healed":22.0,"max_hp_gain":0.0,"max_hp_loss":0.0,"gold_gain":0.0,"event_name":"Big Fish","player_choice":"Banana","floor":5.0,"gold_loss":0.0,"damage_taken":0.0},{"damage_healed":0.0,"max_hp_gain":0.0,"max_hp_loss":0.0,"gold_gain":0.0,"event_name":"Masked Bandits","player_choice":"Fought Bandits","floor":20.0,"gold_loss":0.0,"damage_taken":0.0},{"damage_healed":0.0,"max_hp_gain":0.0,"max_hp_loss":0.0,"gold_gain":50.0,"event_name":"Golden Shrine","player_choice":"Pray","floor":21.0,"gold_loss":0.0,"damage_taken":0.0},{"damage_healed":0.0,"max_hp_gain":0.0,"max_hp_loss":0.0,"gold_gain":0.0,"event_name":"SensoryStone","player_choice":"Memory 2","floor":36.0,"gold_loss":0.0,"damage_taken":5.0},{"damage_healed":0.0,"max_hp_gain":0.0,"max_hp_loss":0.0,"gold_gain":0.0,"event_name":"MindBloom","player_choice":"Fight","floor":41.0,"gold_loss":0.0,"damage_taken":0.0}],"is_beta":false,"boss_relics":[{"not_picked":["Ectoplasm","SacredBark"],"picked":"Calling Bell"},{"not_picked":["Black Star","Tiny House"],"picked":"Empty Cage"}],"items_purged_floors":[19,39],"is_endless":false,"potions_floor_spawned":[1,16,18,20,24,28,35,40,41],"killed_by":"Reptomancer","ascension_level":20}}