{"host":"cw25u8qal1h0d7ia","time":1611017813,"event":{"mods":["BaseMod","Downfall","Minty Spire (QoL Compilation)","StSLib"],"gold_per_floor":[99,274,274,274,287,287,312,48,77,24,40,53,78,95,115,115,115,115],"floor_reached":16,"language":"ENG","playtime":1222,"items_purged":[],"score":116,"play_id":"25b6d7c6-5427-4628-ad2c-40214520b8e3","local_time":"20210119015653","is_ascension_mode":true,"campfire_choices":[{"data":"Guardian:CurlUp","floor":1,"key":"SMITH"}],"circlet_count":0,"master_deck":["Guardian:Strike_Guardian","Guardian:Strike_Guardian","Guardian:Strike_Guardian","Guardian:Strike_Guardian","Guardian:Defend_Guardian","Guardian:Defend_Guardian","Guardian:Defend_Guardian","Guardian:Defend_Guardian","Guardian:CurlUp+1","Guardian:TwinSlam","Doubt","Guardian:Gem_Cyan","Guardian:Gem_Crimson","Guardian:Gem_White","Guardian:ArmoredProtocol","Guardian:BodySlam","Guardian:EvasiveProtocol+1","Guardian:ShieldCharger","Guardian:PrimingBeam","Guardian:SentryBeam"],"relics":["Guardian:ModeShifter","Lantern","Guardian:PickAxe","Akabeko","Frozen Egg 2","Tiny Chest","Art of War"],"acts_visited":["Exordium"],"potions_floor_usage":[10,16,16],"damage_taken":[{"damage":5,"floor":4,"turns":9},{"damage":0,"enemies":"2 Louse","floor":5,"turns":3},{"damage":5,"enemies":"downfall:FleeingMerchant","floor":8,"turns":4},{"damage":17,"enemies":"Lagavulin","floor":9,"turns":10},{"damage":0,"enemies":"downfall:FleeingMerchant","floor":10,"turns":4},{"damage":3,"enemies":"Jaw Worm","floor":11,"turns":3},{"damage":1,"enemies":"Cultist","floor":12,"turns":3},{"damage":13,"enemies":"Gremlin Nob","floor":13,"turns":6},{"damage":6,"enemies":"3 Louse","floor":14,"turns":5},{"damage":13,"enemies":"Red Slaver","floor":15,"turns":2},{"damage":30,"enemies":"IC_STATUS_ARCHETYPE","floor":16,"turns":8}],"seed_played":"9151899509899711091","potions_obtained":[{"floor":5,"key":"SpeedPotion"},{"floor":9,"key":"SkillPotion"},{"floor":13,"key":"Regen Potion"},{"floor":15,"key":"SteroidPotion"}],"is_trial":false,"path_per_floor":["R","?","?","?","M","R","T","$","E","$","M","M","E","M","M","B"],"character_chosen":"GUARDIAN","items_purchased":["Frozen Egg 2","Guardian:EvasiveProtocol+1"],"campfire_rested":0,"item_purchase_floors":[8,10],"current_hp_per_floor":[88,88,76,71,71,71,71,66,49,49,46,45,32,26,13,0,0,0],"gold":115,"neow_bonus":"TEN_PERCENT_HP_BONUS","is_daily":false,"chose_seed":false,"campfire_upgraded":1,"win_rate":0.0,"timestamp":1611017813,"path_taken":["R","?","?","?","M","R","T","?","E","$","?","M","E","M","M","BOSS"],"items_purchased_type":["Relic","Card"],"build_version":"2020-12-22","purchased_purges":0,"victory":false,"max_hp_per_floor":[88,88,88,88,88,88,88,88,88,88,88,88,88,88,88,88,88,88],"card_choices":[{"not_picked":["Guardian:Emergency","Guardian:Orbwalk","Guardian:FloatingOrbs"],"picked":"SKIP","floor":5},{"not_picked":["Guardian:Incinerate","Guardian:TemporalShield"],"picked":"Guardian:ArmoredProtocol","floor":8},{"not_picked":["Guardian:Gem_Red","Guardian:Gem_Green","Guardian:PolyBeam"],"picked":"SKIP","floor":9},{"not_picked":["Guardian:GemFinder+1","Guardian:TimeSifter+1"],"picked":"Guardian:BodySlam","floor":10},{"not_picked":["Guardian:Recover","Guardian:ChargeCore","Guardian:EvasiveProtocol+1"],"picked":"SKIP","floor":11},{"not_picked":["Guardian:Clone","Guardian:TemporalShield","Guardian:DecasProtection"],"picked":"SKIP","floor":12},{"not_picked":["Guardian:ShieldSpikes","Guardian:DonusPower"],"picked":"Guardian:ShieldCharger","floor":13},{"not_picked":["Guardian:Gem_Cyan","Guardian:BodySlam"],"picked":"Guardian:PrimingBeam","floor":14},{"not_picked":["Guardian:Suspension","Guardian:CrystalBeam"],"picked":"Guardian:SentryBeam","floor":15}],"player_experience":604236,"relics_obtained":[{"floor":7,"key":"Akabeko"},{"floor":9,"key":"Tiny Chest"},{"floor":13,"key":"Art of War"}],"event_choices":[{"damage_healed":0,"gold_gain":0,"player_choice":"Success","damage_taken":12,"relics_obtained":["Lantern"],"max_hp_gain":0,"max_hp_loss":0,"event_name":"Scrap Ooze","floor":3,"gold_loss":0}],"is_beta":false,"boss_relics":[],"items_purged_floors":[],"is_endless":false,"potions_floor_spawned":[5,9,13,15],"killed_by":"IC_STATUS_ARCHETYPE","ascension_level":1}}