{"host":"tw5nadds0x0wro7l","time":1611093389,"event":{"mods":["AchievementEnabler","Aspiration","BaseMod","Better Altar","Better Match","Better Skull","Block Reminder","Card Forge","CatGirl Mod","Conspire","DNKmod","Displayed Cursed Tome","Dota2Spire","Downfall","Energized Spire","Friendly Minions","Gold Saver","Grow up Mod","GungeonMod","Highlight Path","Hubris","Infinite Spire","Luminous","Minty Spire (QoL Compilation)","Practice Mode","Relic Sorter","Spicy Shops","StS++","StSLib","The Alterego","The Animator","The Death Knight","The Marked","The Senshi","TheSwordswoman","Transform Curses","UnlockEverythingMod","Waifu the Spire","WarShipGirlsR/????R mod","vexMod"],"gold_per_floor":[1012,1012,1025,1025,1035,1035,1045,1059,1059,1075,1089,1102,1119,1194,1194,1299,1299,1317,1328,1342,1342,1082,1082,1082,1140,1140,1167,1167],"floor_reached":27,"language":"ENG","playtime":2782,"items_purged":[],"score":381,"play_id":"72e14f09-4f55-4505-86ea-9304690d4614","local_time":"20210119165629","is_ascension_mode":false,"campfire_choices":[{"floor":6,"key":"RECALL"},{"floor":15,"key":"REST"},{"floor":23,"key":"REST"}],"circlet_count":0,"master_deck":["Zap+1","Zap+1","Tempest+1","Storm+1","StSpp:TargetLocked+1","Static Discharge+1","conspire:SharedLibrary+1","Self Repair+1","hubris:SpecializedCircuitry+1","animator:Emilia+1","animator:Cirno+1","aspiration:Polymerization+1","Genetic Algorithm+1","Defragment+1","StSpp:CopyPaste+1","Cold Snap+1","Chill+1","Capacitor+1","Ball Lightning+1","Blizzard+1","infinitespire:Oblivion+1","infinitespire:UltimateForm+1","Barricade+1","Noxious Fumes+1","After Image+1","Capacitor+1","StSpp:Igniter+1","Defragment+1","Echo Form+1","Loop+1","downfall:Aged","Cold Snap+1"],"relics":["Cracked Core","Anvil of the Gods","Hammer of Thor","Seething Fire","aspiration:Nostalgia","theCatGirl:TrainedRelic","Molten Egg 2","hubris:FunFungus","Cursed Key","vexMod:ConsolationPrize","MutagenicStrength","DemoMod:GlassGuonStoneRelic","vexMod:BerryBomb","Orichalcum"],"acts_visited":["Exordium","TheCity"],"potions_floor_usage":[],"damage_taken":[{"damage":0,"enemies":"conspire:RoseBush","floor":1,"turns":3},{"damage":0,"enemies":"2 Louse","floor":3,"turns":1},{"damage":3,"enemies":"Cultist","floor":5,"turns":3},{"damage":5,"enemies":"3 Louse","floor":7,"turns":2},{"damage":0,"enemies":"Exordium Wildlife","floor":8,"turns":4},{"damage":4,"enemies":"conspire:2 RoseBushes","floor":10,"turns":3},{"damage":10,"enemies":"Looter","floor":11,"turns":2},{"damage":9,"enemies":"3 Louse","floor":12,"turns":4},{"damage":1,"enemies":"Exordium Wildlife","floor":13,"turns":5},{"damage":0,"enemies":"Slime Boss","floor":16,"turns":8},{"damage":0,"enemies":"Spheric Guardian","floor":18,"turns":3},{"damage":35,"enemies":"2 Thieves","floor":19,"turns":2},{"damage":0,"enemies":"conspire:HollyBat","floor":20,"turns":10},{"damage":39,"enemies":"Centurion and Healer","floor":25,"turns":4},{"damage":0,"enemies":"Nightmare","floor":27,"turns":9}],"seed_played":"7270357329518475941","potions_obtained":[{"floor":1,"key":"PotionOfCapacity"},{"floor":5,"key":"Dota2Spire:Clarity"},{"floor":12,"key":"PowerPotion"}],"is_trial":false,"path_per_floor":["M","?","M","?","M","R","M","M","T","M","M","M","M","?","R","B",null,"M","M","M","?","?","R","?","M","T","NM"],"character_chosen":"DEFECT","items_purchased":[],"campfire_rested":2,"item_purchase_floors":[],"current_hp_per_floor":[120,130,140,150,157,167,172,182,192,200,210,221,240,239,260,270,280,290,266,294,304,314,340,350,324,340,360,360],"gold":1167,"neow_bonus":"NOSTALGIA","is_daily":false,"chose_seed":false,"campfire_upgraded":0,"win_rate":0.0,"timestamp":1611093389,"path_taken":["M","?","M","?","M","R","M","?","T","M","M","M","M","?","R","BOSS","M","M","M","?","?","R","?","M","T","NM"],"items_purchased_type":[],"build_version":"2020-12-22","purchased_purges":0,"victory":false,"max_hp_per_floor":[120,130,140,150,160,170,180,190,200,210,220,230,240,250,260,270,280,290,300,310,320,330,340,350,360,376,376,376],"card_choices":[{"not_picked":["Barrage","Double Energy","Conserve Battery"],"picked":"SKIP","floor":1},{"not_picked":["Coolheaded","Conserve Battery","Leap"],"picked":"SKIP","floor":3},{"not_picked":["Steam","Auto Shields","Loop"],"picked":"SKIP","floor":5},{"not_picked":["Cold Snap+1","Stack","Steam"],"picked":"SKIP","floor":7},{"not_picked":["Conserve Battery","Cold Snap+1","aspiration:Polymerization"],"picked":"SKIP","floor":8},{"not_picked":["Double Energy","Go for the Eyes+1","Stack"],"picked":"SKIP","floor":10},{"not_picked":["StSpp:Igniter","StSpp:Channeliser","conspire:SharedLibrary"],"picked":"SKIP","floor":11},{"not_picked":["Genetic Algorithm","Rebound+1","Reprogram"],"picked":"SKIP","floor":12},{"not_picked":["Darkness","Gash+1","Redo"],"picked":"SKIP","floor":13},{"not_picked":["Turbo","Coolheaded","Rebound+1"],"picked":"SKIP","floor":18},{"not_picked":["conspire:Rain","Core Surge+1","Redo+1"],"picked":"SKIP","floor":19},{"not_picked":["Rebound+1","Tempest","Conserve Battery"],"picked":"SKIP","floor":20},{"not_picked":["Beam Cell+1","Reprogram","FTL+1"],"picked":"SKIP","floor":25},{"not_picked":["Go for the Eyes+1","Doom and Gloom+1"],"picked":"Cold Snap+1","floor":27}],"player_experience":105999,"relics_obtained":[{"floor":9,"key":"hubris:FunFungus"},{"floor":26,"key":"vexMod:BerryBomb"},{"floor":27,"key":"Orichalcum"}],"event_choices":[{"cards_removed":["Injury"],"damage_healed":0,"gold_gain":0,"player_choice":"Removed Curses","damage_taken":0,"max_hp_gain":0,"max_hp_loss":0,"event_name":"Fountain of Cleansing","floor":4,"gold_loss":0},{"damage_healed":0,"gold_gain":75,"player_choice":"Gather Gold","damage_taken":11,"max_hp_gain":0,"max_hp_loss":0,"event_name":"World of Goop","floor":14,"gold_loss":0},{"damage_healed":0,"gold_gain":0,"player_choice":"Simplicity","damage_taken":0,"max_hp_gain":0,"max_hp_loss":0,"event_name":"Back to Basics","floor":21,"gold_loss":0,"cards_upgraded":[]},{"damage_healed":0,"gold_gain":0,"player_choice":"Inject Mutagens","damage_taken":0,"relics_obtained":["MutagenicStrength"],"max_hp_gain":0,"max_hp_loss":0,"event_name":"Drug Dealer","floor":24,"gold_loss":0}],"is_beta":false,"boss_relics":[{"not_picked":["vexMod:EndlessSickness","aspiration:WatcherSkillbook"],"picked":"Cursed Key"}],"items_purged_floors":[],"is_endless":false,"potions_floor_spawned":[1,5,12,19,20],"killed_by":"Nightmare","ascension_level":0}}