{"host":"wshh0nphwn6jv7vj","time":1611089125,"event":{"mods":["BaseMod","Bestiary","Minty Spire (QoL Compilation)","Relic Stats"],"gold_per_floor":[113,132,132,57,22,66,66,109,109,59,98,98,48,48,48,137,137,156,175,100,121,136,136,136,136],"floor_reached":24,"language":"ENG","playtime":1300,"items_purged":["Strike_B","Dualcast","Zap"],"score":392,"play_id":"66d65b3e-34da-491f-b177-0d000b730069","local_time":"20210119154525","is_ascension_mode":true,"campfire_choices":[{"floor":7,"key":"REST"},{"data":"Capacitor","floor":15,"key":"SMITH"},{"floor":23,"key":"REST"}],"circlet_count":0,"master_deck":["AscendersBane","Strike_B","Strike_B","Defend_B","Defend_B","Defend_B","Defend_B","Core Surge","Glacier","Cold Snap","Streamline","Capacitor+1","Creative AI","Doom and Gloom+1","Compile Driver+1","Cold Snap","Turbo"],"relics":["Cracked Core","Golden Idol","Pantograph","Juzu Bracelet","Smiling Mask","Gambling Chip","Velvet Choker"],"acts_visited":["Exordium","TheCity"],"potions_floor_usage":[11,11,24,24],"damage_taken":[{"damage":2,"enemies":"Small Slimes","floor":1,"turns":3},{"damage":0,"enemies":"2 Louse","floor":2,"turns":3},{"damage":43,"enemies":"3 Sentries","floor":6,"turns":16},{"damage":24,"enemies":"Gremlin Nob","floor":8,"turns":5},{"damage":3,"enemies":"3 Sentries","floor":11,"turns":9},{"damage":57,"enemies":"The Guardian","floor":16,"turns":20},{"damage":10,"enemies":"Shell Parasite","floor":18,"turns":9},{"damage":4,"enemies":"Spheric Guardian","floor":19,"turns":6},{"damage":1,"enemies":"Snecko","floor":21,"turns":6},{"damage":23,"enemies":"Snake Plant","floor":22,"turns":4},{"damage":34,"enemies":"Slavers","floor":24,"turns":4}],"seed_played":"8439217361027924947","potions_obtained":[{"floor":2,"key":"Block Potion"},{"floor":6,"key":"Block Potion"},{"floor":11,"key":"Strength Potion"},{"floor":18,"key":"Fire Potion"},{"floor":22,"key":"Dexterity Potion"}],"is_trial":false,"path_per_floor":["M","M","?","$","?","E","R","E","T","$","E","?","$","?","R","B",null,"M","M","?","M","M","R","E"],"character_chosen":"DEFECT","items_purchased":[],"campfire_rested":2,"item_purchase_floors":[],"current_hp_per_floor":[44,44,44,44,60,17,36,12,12,12,9,64,64,64,64,7,50,40,36,36,35,12,31,0,0],"gold":136,"neow_bonus":"THREE_RARE_CARDS","is_daily":false,"chose_seed":false,"campfire_upgraded":1,"win_rate":0.0,"timestamp":1611089125,"path_taken":["M","M","?","$","?","E","R","E","T","$","E","?","?","?","R","BOSS","M","M","?","M","M","R","E"],"items_purchased_type":[],"build_version":"2020-12-22","purchased_purges":3,"victory":false,"max_hp_per_floor":[71,71,64,64,64,64,64,64,64,64,64,64,64,64,64,64,64,64,64,64,64,64,64,64,64],"relic_stats":{"counters":[11,85],"Golden Idol":59,"Pantograph":0,"Gambling Chip":[20],"Juzu Bracelet":1,"Smiling Mask":125,"obtain_stats":[{"Golden Idol":3,"Pantograph":6,"Gambling Chip":11,"Velvet Choker":17,"Juzu Bracelet":8,"Cracked Core":0,"Smiling Mask":9},{"Golden Idol":2,"Pantograph":3,"Gambling Chip":5,"Velvet Choker":6,"Juzu Bracelet":4,"Cracked Core":0,"Smiling Mask":4},{"Golden Idol":6,"Pantograph":22,"Gambling Chip":36,"Velvet Choker":56,"Juzu Bracelet":27,"Cracked Core":0,"Smiling Mask":27}]},"card_choices":[{"not_picked":["Creative AI","All For One"],"picked":"Core Surge","floor":0},{"not_picked":["Hologram","Recycle"],"picked":"Glacier","floor":1},{"not_picked":["Steam","Streamline"],"picked":"Cold Snap","floor":2},{"not_picked":["Rip and Tear","Ball Lightning"],"picked":"Streamline","floor":6},{"not_picked":["Redo","Doom and Gloom"],"picked":"Capacitor","floor":8},{"not_picked":["Gash","Tempest"],"picked":"Capacitor","floor":11},{"not_picked":["Electrodynamics","Reboot"],"picked":"Creative AI","floor":16},{"not_picked":["Rip and Tear+1","Sweeping Beam"],"picked":"Doom and Gloom+1","floor":18},{"not_picked":["Reprogram","Conserve Battery"],"picked":"Compile Driver+1","floor":19},{"not_picked":["Glacier","Skim"],"picked":"Cold Snap","floor":21},{"not_picked":["Beam Cell+1","Stack"],"picked":"Turbo","floor":22}],"player_experience":1590035,"relics_obtained":[{"floor":6,"key":"Pantograph"},{"floor":8,"key":"Juzu Bracelet"},{"floor":9,"key":"Smiling Mask"},{"floor":11,"key":"Gambling Chip"}],"event_choices":[{"damage_healed":0,"gold_gain":0,"player_choice":"Lose Max HP","damage_taken":0,"relics_obtained":["Golden Idol"],"max_hp_gain":0,"max_hp_loss":7,"event_name":"Golden Idol","floor":3,"gold_loss":0},{"damage_healed":16,"gold_gain":0,"player_choice":"Healed","damage_taken":0,"max_hp_gain":0,"max_hp_loss":0,"event_name":"The Cleric","floor":5,"gold_loss":35},{"cards_removed":["Capacitor"],"damage_healed":55,"gold_gain":0,"player_choice":"Offered Uncommon","damage_taken":0,"max_hp_gain":0,"max_hp_loss":0,"event_name":"Bonfire Elementals","floor":12,"gold_loss":0},{"damage_healed":0,"gold_gain":0,"player_choice":"Ignored","damage_taken":0,"max_hp_gain":0,"max_hp_loss":0,"event_name":"Liars Game","floor":14,"gold_loss":0},{"cards_removed":["Strike_B"],"damage_healed":0,"gold_gain":0,"player_choice":"Gave Gold","damage_taken":0,"max_hp_gain":0,"max_hp_loss":0,"event_name":"Beggar","floor":20,"gold_loss":75}],"is_beta":false,"boss_relics":[{"not_picked":["Tiny House","SlaversCollar"],"picked":"Velvet Choker"}],"items_purged_floors":[4,10,13],"is_endless":false,"potions_floor_spawned":[2,6,11,18,22],"killed_by":"Slavers","ascension_level":17}}