{"host":"rewczy2ihmzhwqlt","time":1611099642,"event":{"mods":["2.2 Compatiblity","Act Like it!","BaseMod","Gensokyo","Minty Spire (QoL Compilation)","Permanent Neow","Quick Restart","Rare Cards Sparkle","Replay The Spire","StSLib"],"gold_per_floor":[16,211,240,256,256,256,289,289,289,300,311,311,337,337,197,302,302,312,312,330,110,60,60,90,121,133,74,103,65,65,25,25,120,170,170],"floor_reached":34,"language":"ZHS","playtime":2391,"items_purged":["Defend_P","Strike_P"],"score":693,"play_id":"0d910c87-e47a-4585-90dd-e7aa17ded3e8","local_time":"20210120074042","is_ascension_mode":true,"campfire_choices":[{"data":"Eruption","floor":6.0,"key":"SMITH"},{"data":"Adaptation","floor":8.0,"key":"SMITH"},{"data":"Adaptation","floor":23.0,"key":"SMITH"}],"circlet_count":0,"master_deck":["AscendersBane","Strike_P","Strike_P","Defend_P+1","Defend_P","Defend_P","Eruption+1","Vigilance","Tantrum","Prostrate+1","CutThroughFate+1","Adaptation+1","Prostrate","InnerPeace+1","Clumsy","Writhe","Adaptation+1","Wallop","Gensokyo:TarnishedGold","Meditate"],"relics":["PureWater","Replay:Purple Gloves","Letter Opener","Torii","Kunai","Lizard Tail","Gensokyo:NagashiBinaDoll","Mango","VioletLotus","Membership Card","MawBank","Bottled Lightning","MealTicket","Tiny House"],"acts_visited":["Exordium","Gensokyo:Gensokyo"],"potions_floor_usage":[],"damage_taken":[{"damage":0.0,"enemies":"Gensokyo:3_Fairies","floor":1.0,"turns":3.0},{"damage":19.0,"enemies":"Gensokyo:Aya","floor":3.0,"turns":8.0},{"damage":11.0,"enemies":"Gensokyo:Gryphon","floor":4.0,"turns":5.0},{"damage":0.0,"enemies":"Gensokyo:Mamizou","floor":7.0,"turns":8.0},{"damage":0.0,"enemies":"Gensokyo:2_Kodama","floor":10.0,"turns":2.0},{"damage":1.0,"enemies":"Gensokyo:2_Rabbits","floor":11.0,"turns":3.0},{"damage":6.0,"enemies":"Gensokyo:Cirno","floor":13.0,"turns":5.0},{"damage":34.0,"enemies":"Gensokyo:Kokoro","floor":16.0,"turns":10.0},{"damage":14.0,"enemies":"Gensokyo:Chomper","floor":18.0,"turns":5.0},{"damage":2.0,"enemies":"Gensokyo:CosmicMonolith","floor":20.0,"turns":3.0},{"damage":24.0,"enemies":"Gensokyo:Tenshi","floor":24.0,"turns":2.0},{"damage":0.0,"enemies":"Gensokyo:3_Gloops","floor":25.0,"turns":3.0},{"damage":9.0,"enemies":"Gensokyo:Chomper_and_Gloop","floor":28.0,"turns":4.0},{"damage":18.0,"enemies":"Gensokyo:Kaguya","floor":33.0,"turns":4.0}],"seed_played":"-2634875642825018690","potions_obtained":[{"floor":1.0,"key":"Fire Potion"},{"floor":10.0,"key":"FearPotion"},{"floor":13.0,"key":"SmokeBomb"},{"floor":20.0,"key":"ColorlessPotion"},{"floor":34,"key":"Ambrosia"}],"is_trial":false,"path_per_floor":["M","?","?","M","?","R","E","R","T","M","M","?","E","?","R","B",null,"M","?","M","$","?","R","E","M","T","COS","M","$","?","?","R","B",null],"character_chosen":"WATCHER","items_purchased":["Membership Card","Adaptation"],"campfire_rested":0,"item_purchase_floors":[21,21],"current_hp_per_floor":[65,65,46,35,57,57,57,57,57,57,56,56,50,50,64,30,72,58,58,56,56,63,63,39,39,39,39,30,30,30,30,57,39,44,44],"gold":170,"neow_bonus":"ONE_RARE_RELIC","is_daily":false,"chose_seed":false,"campfire_upgraded":3,"win_rate":0.0,"timestamp":1611099642,"path_taken":["M","?","?","M","?","R","E","R","T","M","?","?","E","?","R","BOSS","M","?","?","?","?","R","E","?","T","COS","M","$","?","?","R","BOSS"],"items_purchased_type":["Relic","Card"],"build_version":"2020-12-22","purchased_purges":2,"victory":false,"max_hp_per_floor":[72,72,72,72,72,72,72,72,72,72,72,72,72,72,86,86,86,86,86,86,86,93,93,93,93,93,93,93,93,93,93,93,93,98,98],"card_choices":[{"not_picked":["Meditate","Consecrate"],"picked":"Tantrum","floor":1.0},{"not_picked":["Replay:ManipulateFuture","Evaluate"],"picked":"Prostrate","floor":2.0},{"not_picked":["SandsOfTime","Replay:Cycle"],"picked":"CutThroughFate","floor":3.0},{"not_picked":["Establishment","Perseverance"],"picked":"Adaptation","floor":4.0},{"not_picked":["Protect","SignatureMove","SashWhip"],"picked":"SKIP","floor":7.0},{"not_picked":["ThirdEye","Indignation","EmptyBody"],"picked":"SKIP","floor":10.0},{"not_picked":["ThirdEye","Replay:ManipulateFuture"],"picked":"Prostrate","floor":11.0},{"not_picked":["Vengeance","Replay:DivineShield","Replay:BluntJabs"],"picked":"SKIP","floor":13.0},{"not_picked":["Evaluate","JustLucky","Prostrate"],"picked":"SKIP","floor":18.0},{"not_picked":["Fasting2","Crescendo","Wireheading"],"picked":"SKIP","floor":20.0},{"not_picked":["PathToVictory","CutThroughFate"],"picked":"Wallop","floor":24.0},{"not_picked":["WindmillStrike","Perseverance","CutThroughFate"],"picked":"SKIP","floor":25.0},{"not_picked":["Judgement","Replay:AtTheReady","Crescendo"],"picked":"SKIP","floor":28.0}],"player_experience":597800,"relics_obtained":[{"floor":3.0,"key":"Letter Opener"},{"floor":7.0,"key":"Torii"},{"floor":9.0,"key":"Kunai"},{"floor":13.0,"key":"Lizard Tail"},{"floor":24.0,"key":"MawBank"},{"floor":26.0,"key":"Bottled Lightning"}],"event_choices":[],"is_beta":false,"boss_relics":[{"not_picked":["Black Star","Cursed Key"],"picked":"VioletLotus"},{"not_picked":["Astrolabe","Busted Crown"],"picked":"Tiny House"}],"items_purged_floors":[21,29],"is_endless":false,"potions_floor_spawned":[1,10,13,20,24,25],"ascension_level":12}}