{"host":"9tzam4717zt8ei1o","time":1611070505,"event":{"mods":["BaseMod","Colored Map","Keyboard Shortcuts","Minty Spire (QoL Compilation)","Quick Restart","StSLib","SuperFastMode"],"gold_per_floor":[361,53,63,73,73,73,36,36,87,130,130,130,145,145,145,264,264,282,298,114,114,155,195,41,84,108,45,91,103,115,148,160,296,308,334,362,249,268,490,534,615,615,641,641,662,687,721,224,224,224,224,224,10,53,53],"floor_reached":56,"language":"KOR","playtime":1825,"items_purged":["Injury","Strike_G","Strike_G+1","Defend_G","Defend_G"],"score":1957,"play_id":"05d0201d-b2c9-4936-897d-daa36f32522b","local_time":"20210120003505","is_ascension_mode":true,"campfire_choices":[{"data":"Flechettes","floor":6,"key":"SMITH"},{"data":"Footwork","floor":8,"key":"SMITH"},{"data":"Neutralize","floor":15,"key":"SMITH"},{"data":"Acrobatics","floor":30,"key":"SMITH"},{"data":"After Image","floor":32,"key":"SMITH"},{"data":"Adrenaline","floor":42,"key":"SMITH"},{"floor":49,"key":"RECALL"},{"data":"Blur","floor":52,"key":"SMITH"}],"circlet_count":0,"master_deck":["Defend_G","Defend_G","Defend_G","Survivor","Neutralize+1","Acrobatics+1","Flechettes+1","Escape Plan","Blur+1","Dagger Throw+1","Blur","Footwork+1","A Thousand Cuts+1","Heel Hook+1","After Image+1","Acrobatics+1","Heel Hook+1","Finesse","Dodge and Roll+1","Adrenaline+1","Escape Plan+1","Escape Plan","Footwork","Calculated Gamble+1"],"relics":["Ring of the Snake","Golden Idol","Tiny Chest","Toy Ornithopter","Philosopher\u0027s Stone","Red Mask","Bag of Preparation","Medical Kit","Meat on the Bone","MawBank","Whetstone","Blue Candle","Question Card","Oddly Smooth Stone","Orichalcum","Mercury Hourglass","FossilizedHelix","Tough Bandages"],"acts_visited":["Exordium","TheCity","TheBeyond","TheEnding"],"potions_floor_usage":[10,23,25,28,33,47,55,55,55],"damage_taken":[{"damage":4,"enemies":"Jaw Worm","floor":1,"turns":4},{"damage":5,"enemies":"Small Slimes","floor":3,"turns":3},{"damage":0,"enemies":"Cultist","floor":4,"turns":4},{"damage":0,"enemies":"3 Sentries","floor":10,"turns":11},{"damage":0,"enemies":"Looter","floor":13,"turns":3},{"damage":0,"enemies":"Hexaghost","floor":16,"turns":14},{"damage":0,"enemies":"Shell Parasite","floor":18,"turns":8},{"damage":7,"enemies":"Spheric Guardian","floor":19,"turns":6},{"damage":8,"enemies":"Masked Bandits","floor":22,"turns":3},{"damage":9,"enemies":"Slavers","floor":23,"turns":6},{"damage":36,"enemies":"Gremlin Leader","floor":25,"turns":9},{"damage":0,"enemies":"Book of Stabbing","floor":28,"turns":6},{"damage":0,"enemies":"3 Cultists","floor":31,"turns":4},{"damage":27,"enemies":"Collector","floor":33,"turns":8},{"damage":13,"enemies":"3 Darklings","floor":35,"turns":5},{"damage":6,"enemies":"3 Shapes","floor":36,"turns":5},{"damage":2,"enemies":"Spire Growth","floor":38,"turns":3},{"damage":12,"enemies":"Nemesis","floor":40,"turns":6},{"damage":0,"enemies":"4 Shapes","floor":45,"turns":3},{"damage":16,"enemies":"Transient","floor":46,"turns":5},{"damage":0,"enemies":"Reptomancer","floor":47,"turns":9},{"damage":0,"enemies":"Awakened One","floor":50,"turns":15},{"damage":8,"enemies":"Shield and Spear","floor":54,"turns":7},{"damage":0,"enemies":"The Heart","floor":55,"turns":14}],"seed_played":"6436992565233084640","potions_obtained":[{"floor":1,"key":"FearPotion"},{"floor":4,"key":"SkillPotion"},{"floor":10,"key":"SteroidPotion"},{"floor":16,"key":"PowerPotion"},{"floor":18,"key":"Fire Potion"},{"floor":25,"key":"SpeedPotion"},{"floor":28,"key":"Dexterity Potion"},{"floor":33,"key":"ColorlessPotion"},{"floor":35,"key":"SteroidPotion"},{"floor":36,"key":"Dexterity Potion"},{"floor":45,"key":"Swift Potion"},{"floor":54,"key":"GamblersBrew"}],"is_trial":false,"path_per_floor":["M","$","M","M","?","R","$","R","T","E","?","?","M","?","R","B",null,"M","M","$","T","?","E","$","E","T","?","E","$","R","M","R","B",null,"M","M","$","M","?","E","T","R","T","?","M","M","E","$","R","B",null,"R","$","E","B",null],"character_chosen":"THE_SILENT","items_purchased":["Flechettes","Escape Plan","Blur","Footwork","Finesse","Medical Kit","FossilizedHelix","Dexterity Potion","Footwork"],"campfire_rested":0,"item_purchase_floors":[2,2,2,7,20,24,48,48,53],"current_hp_per_floor":[59,59,54,54,37,37,37,37,37,37,30,16,16,16,16,16,57,57,50,50,50,42,38,38,7,7,7,24,24,24,36,36,26,59,46,40,40,38,38,38,38,38,38,38,38,34,39,39,39,39,62,62,62,54,69],"gold":53,"neow_bonus":"TWO_FIFTY_GOLD","is_daily":false,"chose_seed":false,"campfire_upgraded":7,"win_rate":0.0,"timestamp":1611070505,"path_taken":["M","$","M","M","?","R","$","R","T","E","?","?","M","?","R","BOSS","M","M","$","?","?","E","$","E","T","?","E","$","R","M","R","BOSS","M","M","$","M","?","E","?","R","T","?","?","M","E","?","R","BOSS","R","$","E","BOSS"],"items_purchased_type":["Card","Card","Card","Card","Card","Relic","Relic","Potion","Card"],"build_version":"2020-12-22","purchased_purges":5,"victory":true,"max_hp_per_floor":[70,70,70,70,70,70,70,70,70,70,70,70,70,70,70,70,70,70,70,70,70,70,70,70,70,70,70,70,70,70,70,70,70,70,70,70,70,70,70,70,70,70,70,70,70,70,70,70,70,70,70,70,70,70,70],"card_choices":[{"not_picked":["Skewer","All Out Attack"],"picked":"Acrobatics","floor":1},{"not_picked":["Expertise","Noxious Fumes"],"picked":"Dagger Throw","floor":3},{"not_picked":["All Out Attack","Deadly Poison"],"picked":"Blur","floor":4},{"not_picked":["Cloak And Dagger","PiercingWail"],"picked":"A Thousand Cuts","floor":10},{"not_picked":["Backstab","Dodge and Roll"],"picked":"Heel Hook","floor":13},{"not_picked":["Venomology","Adrenaline"],"picked":"After Image","floor":16},{"not_picked":["Blade Dance","Dagger Spray"],"picked":"Acrobatics+1","floor":18},{"not_picked":["Leg Sweep+1","Dodge and Roll"],"picked":"Heel Hook+1","floor":19},{"not_picked":["Expertise","Cloak And Dagger"],"picked":"Dodge and Roll+1","floor":23},{"not_picked":["Backflip","Flechettes","Noxious Fumes"],"picked":"SKIP","floor":25},{"not_picked":["Choke","Cloak And Dagger+1","All Out Attack"],"picked":"SKIP","floor":28},{"not_picked":["Tools of the Trade","Deadly Poison","Sucker Punch+1"],"picked":"SKIP","floor":31},{"not_picked":["Tools of the Trade","Storm of Steel"],"picked":"Adrenaline","floor":33},{"not_picked":["Deadly Poison+1","Slice","Infinite Blades"],"picked":"SKIP","floor":35},{"not_picked":["Flechettes","Outmaneuver","Blade Dance"],"picked":"SKIP","floor":36},{"not_picked":["Finisher","Cloak And Dagger+1"],"picked":"Escape Plan+1","floor":38},{"not_picked":["Outmaneuver+1","Bane","Cloak And Dagger"],"picked":"SKIP","floor":40},{"not_picked":["Backflip","Leg Sweep+1","Deadly Poison+1","Sucker Punch+1"],"picked":"SKIP","floor":45},{"not_picked":["Sucker Punch","Skewer+1","Flying Knee+1","PiercingWail+1"],"picked":"SKIP","floor":46},{"not_picked":["Poisoned Stab+1","Outmaneuver+1","Deflect+1"],"picked":"Escape Plan","floor":47},{"not_picked":["Infinite Blades+1","Cloak And Dagger+1","Well Laid Plans"],"picked":"Calculated Gamble+1","floor":54}],"player_experience":85643,"relics_obtained":[{"floor":9,"key":"Tiny Chest"},{"floor":10,"key":"Toy Ornithopter"},{"floor":22,"key":"Red Mask"},{"floor":23,"key":"Bag of Preparation"},{"floor":25,"key":"Meat on the Bone"},{"floor":26,"key":"MawBank"},{"floor":28,"key":"Whetstone"},{"floor":40,"key":"Blue Candle"},{"floor":41,"key":"Question Card"},{"floor":43,"key":"Oddly Smooth Stone"},{"floor":47,"key":"Mercury Hourglass"},{"floor":54,"key":"Tough Bandages"}],"event_choices":[{"damage_healed":0,"gold_gain":0,"player_choice":"Take Damage","damage_taken":17,"relics_obtained":["Golden Idol"],"max_hp_gain":0,"max_hp_loss":0,"event_name":"Golden Idol","floor":5,"gold_loss":0},{"cards_removed":["Strike_G"],"damage_healed":0,"gold_gain":0,"player_choice":"Card Removal","damage_taken":7,"max_hp_gain":0,"max_hp_loss":0,"event_name":"Golden Wing","floor":11,"gold_loss":0},{"damage_healed":0,"gold_gain":0,"player_choice":"Entered Light","damage_taken":14,"max_hp_gain":0,"max_hp_loss":0,"event_name":"Shining Light","floor":12,"gold_loss":0,"cards_upgraded":["Strike_G","A Thousand Cuts"]},{"cards_removed":["Strike_G"],"damage_healed":0,"gold_gain":0,"player_choice":"Purged","damage_taken":0,"max_hp_gain":0,"max_hp_loss":0,"event_name":"Purifier","floor":14,"gold_loss":0},{"damage_healed":0,"gold_gain":0,"player_choice":"Fought Bandits","damage_taken":0,"max_hp_gain":0,"max_hp_loss":0,"event_name":"Masked Bandits","floor":22,"gold_loss":0},{"cards_removed":["Strike_G"],"damage_healed":0,"gold_gain":0,"player_choice":"Gave Gold","damage_taken":0,"max_hp_gain":0,"max_hp_loss":0,"event_name":"Beggar","floor":27,"gold_loss":75},{"damage_healed":0,"gold_gain":222,"player_choice":"Wore Mask","damage_taken":0,"max_hp_gain":0,"max_hp_loss":0,"event_name":"Tomb of Lord Red Mask","floor":39,"gold_loss":0},{"damage_healed":0,"gold_gain":0,"player_choice":"Gave Potion","damage_taken":0,"relics_obtained":["Orichalcum"],"max_hp_gain":0,"max_hp_loss":0,"event_name":"WeMeetAgain","floor":44,"gold_loss":0}],"is_beta":false,"boss_relics":[{"not_picked":["SacredBark","Tiny House"],"picked":"Philosopher\u0027s Stone"},{"not_picked":["Snecko Eye","Ring of the Serpent","Runic Pyramid"]}],"items_purged_floors":[2,20,37,48,53],"is_endless":false,"potions_floor_spawned":[1,4,10,16,18,19,25,28,33,35,36,45,54],"ascension_level":7}}