{"host":"k2qahyfnbpqixgl3","time":1611069418,"event":{"mods":["Act Like it!","Ascension Reborn","BaseMod","Card Forge","Colored Powertips","Highlight Path","HololiveMod","KinomotoSakuraMod(木之本?)","Minty Spire (QoL Compilation)","Pale of the Ancients","Remilia（蕾米莉?）","Replay The Spire","RumiaBox-露米?的神秘盒子","StSLib","The Animator","The Jungle","Unceasing Turn Reminder","Youmu（魂魄妖?）","【角色mod】十八桐人"],"gold_per_floor":[89,89,101,117,117,162,162,209,285,300,300,318,361,436,436,581,581,585,585,585,604,146,210,283,345,345,382,159,159,248,248,248,472,472,512,564,138,269,315,410,410,410,410,532,647,647,755,837,837,947],"floor_reached":51,"language":"ZHS","playtime":2327,"items_purged":[],"score":1681,"play_id":"61614b34-f690-496b-a5f3-1b3d9ce8bcce","local_time":"20210119231658","daily_mods":["Flight"],"is_ascension_mode":false,"campfire_choices":[{"data":"Hololive_CallAZKi","floor":7,"key":"SMITH"},{"data":"Hololive_SoulCatcher","floor":29,"key":"SMITH"},{"data":"Hololive_Rebound","floor":32,"key":"SMITH"},{"data":"Hololive_HuntDinosaur","floor":41,"key":"SMITH"},{"data":"Attacker_Black","floor":46,"key":"SMITH"},{"data":"Hololive_CandyCastle","floor":49,"key":"SMITH"}],"circlet_count":0,"master_deck":["Hololive_Strike","Hololive_Strike+1","Hololive_Defend","Hololive_Defend+1","Hololive_Rebound+1","Hololive_CallAZKi+1","Hololive_CallDoris+1","Hololive_CallMoonaHoshinova+1","Hololive_CallSakuraMiko+1","Hololive_CallNakiriAyame+1","Hololive_LuckPotion","Hololive_StrengthChampion+2","Hololive_CallHimemoriLuna+1","SharpCut_Black+1","Attacker_Black+1","Hololive_CandyCastle","Hololive_SoulCatcher+1","Hololive_Spy","Hololive_CandyCastle+1","Hololive_SummonFox+1","Hololive_CallMomosuzuNene+3","Hololive_CallRosalyn","Hololive_HuntDinosaur+1"],"relics":["Hololive_TheStar","Hammer of Thor","Seething Fire","Anvil of the Gods","Ring of Hypnosis","Ring of Fury","PrismaticShard","ChaoDraw","SSSystem","Pantograph","GodSword3","Hololive_TopUpMoneyS","Enchiridion","Meat on the Bone","Frozen Eye","Replay:Bandana","Omamori","Replay:Mystery Machine","Counterbalance","Question Card","Medical Kit","MagicDraw2","SoulBox","Regal Pillow","War Paint","Snack Pack","GodSword5","Frozen Egg 2","Unceasing Top","MagicDraw4"],"acts_visited":["Exordium","TheCity","TheBeyond"],"potions_floor_usage":[],"damage_taken":[{"damage":0,"enemies":"Cultist","floor":1,"turns":3},{"damage":0,"enemies":"Small Slimes","floor":3,"turns":2},{"damage":0,"enemies":"2 Louse","floor":4,"turns":2},{"damage":0,"enemies":"Lagavulin","floor":6,"turns":3},{"damage":0,"enemies":"Gremlin Nob","floor":8,"turns":2},{"damage":0,"enemies":"Large Slime","floor":10,"turns":2},{"damage":0,"enemies":"Blue Slaver","floor":12,"turns":2},{"damage":0,"enemies":"Lagavulin","floor":13,"turns":2},{"damage":0,"enemies":"Fading Forest","floor":16,"turns":8},{"damage":0,"enemies":"Chosen","floor":18,"turns":1},{"damage":0,"enemies":"Spheric Guardian","floor":21,"turns":1},{"damage":0,"enemies":"Replay:Snechameleon","floor":23,"turns":2},{"damage":0,"enemies":"Book of Stabbing","floor":24,"turns":2},{"damage":0,"enemies":"Slavers","floor":25,"turns":2},{"damage":0,"enemies":"Snake Plant","floor":27,"turns":2},{"damage":0,"enemies":"Book of Stabbing","floor":30,"turns":2},{"damage":0,"enemies":"Pondfish","floor":33,"turns":5},{"damage":0,"enemies":"3 Shapes","floor":35,"turns":1},{"damage":0,"enemies":"3 Darklings","floor":36,"turns":2},{"damage":0,"enemies":"Transient","floor":38,"turns":5},{"damage":0,"enemies":"Spire Growth","floor":39,"turns":2},{"damage":0,"enemies":"Nemesis","floor":40,"turns":3},{"damage":0,"enemies":"Giant Head","floor":44,"turns":3},{"damage":0,"enemies":"Mind Bloom Boss Battle","floor":45,"turns":3},{"damage":0,"enemies":"R_Hoarder","floor":47,"turns":4},{"damage":0,"enemies":"Maw","floor":48,"turns":3},{"damage":0,"enemies":"Awakened One","floor":50,"turns":5}],"seed_played":"4208219258302602268","potions_obtained":[{"floor":1,"key":"EssenceOfSteel"},{"floor":8,"key":"FearPotion"},{"floor":16,"key":"LiquidMemories"},{"floor":27,"key":"Block Potion"},{"floor":48,"key":"AttackPotion"}],"is_trial":true,"path_per_floor":["M","?","M","M","?","E","R","E","T","M","?","M","E","?","R","B",null,"M","?","?","M","$","E","E","E","T","M","$","R","E","?","R","B",null,"M","M","$","M","M","E","R","?","T","E","?","R","E","M","R","B",null],"character_chosen":"Hololive_HololiveCharacter","items_purchased":["Frozen Eye","Hololive_CandyCastle","Hololive_SoulCatcher","Replay:Bandana","Medical Kit","Hololive_Spy","Regal Pillow","War Paint","Hololive_CallRosalyn","Hololive_HuntDinosaur"],"campfire_rested":0,"item_purchase_floors":[22,22,22,22,28,28,37,37,37,37],"current_hp_per_floor":[35,35,35,35,35,35,35,35,35,35,35,35,35,24,34,35,35,35,19,19,19,19,19,19,19,19,19,19,19,19,19,19,35,35,35,35,35,35,35,35,35,35,35,35,35,35,35,35,35,35],"gold":947,"neow_bonus":"","is_daily":false,"chose_seed":false,"campfire_upgraded":6,"win_rate":0.0,"timestamp":1611069418,"path_taken":["M","?","M","M","?","E","R","E","T","M","?","?","E","?","R","BOSS","M","?","?","M","$","E","E","E","T","?","$","R","E","?","R","BOSS","M","M","$","M","M","E","R","?","T","E","?","R","E","M","R","BOSS"],"items_purchased_type":["Relic","Card","Card","Relic","Relic","Card","Relic","Relic","Card","Card"],"build_version":"2020-12-22","purchased_purges":0,"victory":true,"max_hp_per_floor":[35,35,35,35,35,35,35,35,35,35,35,35,35,35,35,35,35,35,35,35,35,35,35,35,35,35,35,35,35,35,35,35,35,35,35,35,35,35,35,35,35,35,35,35,35,35,35,35,35,35],"card_choices":[{"not_picked":["Hololive_CallOkamiMio","Hololive_Drill","Hololive_HuntDinosaur"],"picked":"Hololive_LuckPotion","floor":1},{"not_picked":["Hololive_Spy","Hololive_DurableLive","Hololive_CocoNews"],"picked":"Hololive_StrengthChampion","floor":3},{"not_picked":["Hololive_Trident","Hololive_CocoNews","Hololive_StrengthChampion"],"picked":"Hololive_CallHimemoriLuna","floor":4},{"not_picked":["PathToVictory","Hololive_Drill","Prostrate"],"picked":"SharpCut_Black","floor":6},{"not_picked":["HorizontalSquareChopping_Black","HiganSword","ForecastOfChange","animator:Priestess"],"picked":"SKIP","floor":8},{"not_picked":["TwelveNightmare","Steam","animator:ElricEdward"],"picked":"SlashOfMeditation","floor":10},{"not_picked":["Masterful Stab","SelfCongested_Black","HunterOfTheNight"],"picked":"Attacker_Black","floor":12},{"not_picked":["Glass Knife","animator:LeleiLaLalena","PhosphoricSlash","animator:RinTohsaka"],"picked":"SKIP","floor":13}],"player_experience":594476,"relics_obtained":[{"floor":2,"key":"Ring of Hypnosis"},{"floor":2,"key":"Ring of Fury"},{"floor":6,"key":"ChaoDraw"},{"floor":8,"key":"SSSystem"},{"floor":9,"key":"Pantograph"},{"floor":13,"key":"GodSword3"},{"floor":19,"key":"Enchiridion"},{"floor":23,"key":"Omamori"},{"floor":24,"key":"Replay:Mystery Machine"},{"floor":25,"key":"Counterbalance"},{"floor":26,"key":"Question Card"},{"floor":30,"key":"MagicDraw2"},{"floor":40,"key":"Snack Pack"},{"floor":43,"key":"GodSword5"},{"floor":44,"key":"Frozen Egg 2"},{"floor":45,"key":"Unceasing Top"},{"floor":47,"key":"MagicDraw4"}],"event_choices":[{"cards_removed":["SlashOfMeditation"],"damage_healed":0,"gold_gain":0,"player_choice":"Purged","damage_taken":0,"max_hp_gain":0,"max_hp_loss":0,"event_name":"Purifier","floor":11,"gold_loss":0},{"damage_healed":0,"gold_gain":75,"player_choice":"Gather Gold","damage_taken":11,"max_hp_gain":0,"max_hp_loss":0,"event_name":"World of Goop","floor":14,"gold_loss":0},{"damage_healed":0,"gold_gain":0,"player_choice":"Obtained Book","damage_taken":16,"max_hp_gain":0,"max_hp_loss":0,"event_name":"Cursed Tome","floor":19,"gold_loss":0},{"damage_healed":0,"gold_gain":0,"player_choice":"Opened","damage_taken":0,"relics_obtained":["Meat on the Bone"],"max_hp_gain":0,"max_hp_loss":0,"event_name":"The Mausoleum","floor":20,"gold_loss":0},{"damage_healed":0,"gold_gain":0,"player_choice":"Ignored","damage_taken":0,"max_hp_gain":0,"max_hp_loss":0,"event_name":"Ghosts","floor":31,"gold_loss":0},{"damage_healed":0,"gold_gain":0,"player_choice":"Ignored","damage_taken":0,"max_hp_gain":0,"max_hp_loss":0,"event_name":"Tomb of Lord Red Mask","floor":42,"gold_loss":0},{"damage_healed":0,"gold_gain":0,"player_choice":"Fight","damage_taken":0,"max_hp_gain":0,"max_hp_loss":0,"event_name":"MindBloom","floor":45,"gold_loss":0}],"is_beta":false,"boss_relics":[{"not_picked":["Snecko Eye","Runic Dome"],"picked":"Hololive_TopUpMoneyS"},{"not_picked":["Philosopher\u0027s Stone","Empty Cage"],"picked":"SoulBox"}],"items_purged_floors":[],"is_endless":false,"potions_floor_spawned":[1,8,16,21,23,24,27,36,39,44,48],"ascension_level":0}}