{"host":"ip2n7evpd0qt0hgd","time":1611016511,"event":{"mods":["BaseMod","Downfall","Minty Spire (QoL Compilation)","Quick Restart","StSLib"],"gold_per_floor":[99,115,133,146,146,160,160,193,193,209,209,220,130,152,171,171,171],"floor_reached":16,"language":"ENG","playtime":947,"items_purged":["bronze:Strike"],"score":104,"play_id":"2de7dc37-c90a-4beb-a495-c4873ed92d4c","local_time":"20210118193511","is_ascension_mode":false,"campfire_choices":[{"data":"bronze:Replicate","floor":1,"key":"SMITH"},{"data":"bronze:Fortify","floor":9,"key":"SMITH"},{"data":"bronze:Goto","floor":11,"key":"SMITH"}],"circlet_count":0,"master_deck":["bronze:Strike","bronze:Strike","bronze:Defend","bronze:Defend","bronze:Defend","bronze:Defend","bronze:Replicate+1","bronze:Goto+1","bronze:Repair","bronze:CutThrough","bronze:CloningBeam","bronze:Iterate","bronze:Fortify+1","bronze:Return","bronze:DelayedSlice"],"relics":["bronze:BronzeCore","Darkstone Periapt","Singing Bowl","Odd Mushroom"],"acts_visited":["Exordium"],"potions_floor_usage":[16,16,16],"damage_taken":[{"damage":5,"enemies":"Small Slimes","floor":2,"turns":3},{"damage":0,"enemies":"Cultist","floor":3,"turns":3},{"damage":3,"enemies":"Jaw Worm","floor":4,"turns":4},{"damage":7,"enemies":"3 Louse","floor":6,"turns":4},{"damage":31,"enemies":"Lagavulin","floor":8,"turns":7},{"damage":11,"enemies":"Lots of Slimes","floor":10,"turns":5},{"damage":18,"enemies":"Gremlin Gang","floor":12,"turns":4},{"damage":1,"enemies":"downfall:FleeingMerchant","floor":13,"turns":4},{"damage":9,"enemies":"The Mushroom Lair","floor":14,"turns":5},{"damage":0,"enemies":"3 Louse","floor":15,"turns":3},{"damage":50,"enemies":"SI_SHIV_ARCHETYPE","floor":16,"turns":5}],"seed_played":"4728102058417032088","potions_obtained":[{"floor":4,"key":"champ:CounterPotion"},{"floor":12,"key":"Ancient Potion"},{"floor":14,"key":"LiquidBronze"},{"floor":15,"key":"PowerPotion"}],"is_trial":false,"path_per_floor":["R","M","M","M","?","M","T","E","R","M","R","M","$","?","M","B"],"character_chosen":"THE_AUTOMATON","items_purchased":[],"campfire_rested":0,"item_purchase_floors":[],"current_hp_per_floor":[77,72,77,77,77,77,77,46,46,44,44,35,41,39,48,0,0],"gold":171,"neow_bonus":"TEN_PERCENT_HP_BONUS","is_daily":false,"chose_seed":false,"campfire_upgraded":3,"win_rate":0.0,"timestamp":1611016511,"path_taken":["R","M","M","M","?","M","T","E","R","M","R","?","?","?","M","BOSS"],"items_purchased_type":[],"build_version":"2020-12-22","purchased_purges":1,"victory":false,"max_hp_per_floor":[77,77,77,77,77,77,77,77,77,79,79,81,81,81,83,83,83],"card_choices":[{"not_picked":["bronze:Deprecate","bronze:Invalidate"],"picked":"bronze:Repair","floor":2},{"not_picked":["bronze:WildBeam","bronze:BitShift"],"picked":"bronze:CutThrough","floor":3},{"not_picked":["bronze:Invalidate","bronze:BitShift"],"picked":"bronze:CloningBeam","floor":4},{"not_picked":["bronze:BronzeArmor","bronze:DigitalCarnage"],"picked":"bronze:Iterate","floor":6},{"not_picked":["bronze:DelayedGuard","bronze:Shell"],"picked":"bronze:Fortify","floor":8},{"not_picked":["bronze:Frontload","bronze:BuggyMess","bronze:WildBeam"],"picked":"Singing Bowl","floor":10},{"not_picked":["bronze:Shield","bronze:BronzeArmor","bronze:Philosophize"],"picked":"Singing Bowl","floor":12},{"not_picked":["bronze:CloningBeam","bronze:Fortify"],"picked":"bronze:Return","floor":13},{"not_picked":["bronze:Frontload","bronze:Return"],"picked":"bronze:DelayedSlice","floor":14},{"not_picked":["bronze:Repulsor","bronze:Branch","bronze:ChosenStrike"],"picked":"Singing Bowl","floor":15}],"player_experience":338813,"relics_obtained":[{"floor":7,"key":"Darkstone Periapt"},{"floor":8,"key":"Singing Bowl"},{"floor":14,"key":"Odd Mushroom"}],"event_choices":[{"damage_healed":0,"gold_gain":0,"player_choice":"Fought Mushrooms","damage_taken":0,"max_hp_gain":0,"max_hp_loss":0,"event_name":"Mushrooms","floor":14,"gold_loss":0}],"is_beta":false,"boss_relics":[],"items_purged_floors":[13],"is_endless":false,"potions_floor_spawned":[4,12,14,15],"killed_by":"SI_SHIV_ARCHETYPE","ascension_level":0}}