{"host":"4bbalj7r5kimsnho","time":1611081792,"event":{"mods":["AchievementEnabler","BaseMod","Colored Powertips","Hermit","Minty Spire (QoL Compilation)","StSLib"],"gold_per_floor":[111,36,51,63,74,74,93,93,93,120,120,20,33,53,53,151,151,161,178,205,225,225,225,225],"floor_reached":23,"language":"ENG","playtime":1359,"items_purged":["Doubt","Strike_R"],"score":240,"play_id":"e26c8d79-192f-4105-a3c0-a447277e96ca","local_time":"20210119184312","is_ascension_mode":true,"campfire_choices":[{"data":"Body Slam","floor":6,"key":"SMITH"},{"data":"Body Slam","floor":8,"key":"SMITH"},{"data":"Barricade","floor":11,"key":"SMITH"},{"data":"Burning Pact","floor":15,"key":"SMITH"}],"circlet_count":0,"master_deck":["Strike_R","Strike_R","Strike_R","Strike_R","Defend_R","Defend_R","Defend_R","Defend_R","Bash","Headbutt","Body Slam+1","Ghostly Armor","Body Slam+1","Barricade+1","Burning Pact+1","Juggernaut","Wild Strike","Carnage+1","Clothesline"],"relics":["Burning Blood","Toy Ornithopter","Juzu Bracelet","Velvet Choker","Red Mask","Pear"],"acts_visited":["Exordium","TheCity"],"potions_floor_usage":[5,16,19,20,21,23],"damage_taken":[{"damage":15,"enemies":"Cultist","floor":1,"turns":5},{"damage":14,"enemies":"Jaw Worm","floor":3,"turns":3},{"damage":6,"enemies":"2 Louse","floor":4,"turns":3},{"damage":11,"enemies":"Looter","floor":5,"turns":2},{"damage":6,"enemies":"Blue Slaver","floor":7,"turns":3},{"damage":30,"enemies":"3 Sentries","floor":10,"turns":10},{"damage":14,"enemies":"Red Slaver","floor":13,"turns":3},{"damage":10,"enemies":"Gremlin Gang","floor":14,"turns":5},{"damage":12,"enemies":"Hexaghost","floor":16,"turns":11},{"damage":7,"enemies":"Chosen","floor":18,"turns":4},{"damage":33,"enemies":"Shell Parasite","floor":19,"turns":5},{"damage":56,"enemies":"Masked Bandits","floor":20,"turns":5},{"damage":9,"enemies":"Snake Plant","floor":21,"turns":4},{"damage":48,"enemies":"Gremlin Leader","floor":23,"turns":6}],"seed_played":"8502936742691915228","potions_obtained":[{"floor":3,"key":"BlessingOfTheForge"},{"floor":4,"key":"AttackPotion"},{"floor":10,"key":"LiquidMemories"},{"floor":13,"key":"SkillPotion"},{"floor":16,"key":"SpeedPotion"},{"floor":20,"key":"Swift Potion"},{"floor":21,"key":"SpeedPotion"}],"is_trial":false,"path_per_floor":["M","$","M","M","M","R","M","R","T","E","R","$","M","M","R","B",null,"M","M","?","M","T","E"],"character_chosen":"IRONCLAD","items_purchased":[],"campfire_rested":0,"item_purchase_floors":[],"current_hp_per_floor":[87,87,79,79,74,74,74,74,74,50,50,50,42,38,38,37,96,95,73,28,30,40,0,0],"gold":225,"neow_bonus":"TWENTY_PERCENT_HP_BONUS","is_daily":false,"chose_seed":false,"campfire_upgraded":4,"win_rate":0.0,"timestamp":1611081792,"path_taken":["M","$","M","M","M","R","?","R","T","E","R","?","M","M","R","BOSS","M","M","?","M","?","E"],"items_purchased_type":[],"build_version":"2020-12-22","purchased_purges":2,"victory":false,"max_hp_per_floor":[96,96,96,96,96,96,96,96,96,96,96,96,96,96,96,96,96,96,96,96,96,106,106,106],"card_choices":[{"not_picked":["Dual Wield","Intimidate"],"picked":"Headbutt","floor":1},{"not_picked":["Warcry","Burning Pact"],"picked":"Body Slam","floor":3},{"not_picked":["Shrug It Off","Thunderclap"],"picked":"Ghostly Armor","floor":4},{"not_picked":["Heavy Blade","Burning Pact"],"picked":"Body Slam","floor":5},{"not_picked":["Flex","Dropkick","Reckless Charge"],"picked":"SKIP","floor":7},{"not_picked":["Combust","Power Through"],"picked":"Barricade","floor":10},{"not_picked":["Sword Boomerang","Flex","Dual Wield"],"picked":"SKIP","floor":13},{"not_picked":["Heavy Blade","True Grit"],"picked":"Burning Pact","floor":14},{"not_picked":["Reaper","Offering"],"picked":"Juggernaut","floor":16},{"not_picked":["Searing Blow+1","Rupture"],"picked":"Wild Strike","floor":18},{"not_picked":["Clash","Heavy Blade"],"picked":"Carnage+1","floor":19},{"not_picked":["Whirlwind","Wild Strike"],"picked":"Clothesline","floor":20},{"not_picked":["Body Slam","Wild Strike+1","Anger"],"picked":"SKIP","floor":21}],"player_experience":98074,"relics_obtained":[{"floor":9,"key":"Toy Ornithopter"},{"floor":10,"key":"Juzu Bracelet"},{"floor":20,"key":"Red Mask"},{"floor":22,"key":"Pear"}],"event_choices":[{"damage_healed":0,"gold_gain":0,"player_choice":"Fought Bandits","damage_taken":0,"max_hp_gain":0,"max_hp_loss":0,"event_name":"Masked Bandits","floor":20,"gold_loss":0}],"is_beta":false,"boss_relics":[{"not_picked":["Philosopher\u0027s Stone","Empty Cage"],"picked":"Velvet Choker"}],"items_purged_floors":[2,12],"is_endless":false,"potions_floor_spawned":[3,4,10,13,16,18,20,21],"killed_by":"Gremlin Leader","ascension_level":2}}