{"host":"684z1xpuwaoqmmh1","time":1611041219,"event":{"mods":["Bard","BaseMod","Downfall","Hermit","Jorbs\u0027s Wanderer Trilogy","Marisa????????","Minty Spire (QoL Compilation)","Robot Space Explorer","Shade Mod","StSLib","The Bug Knight","The Cursed","The Hayseed","The Hierophant","The Marked","The Mystic","The Runesmith","The Senshi","The Spell Scribe"],"gold_per_floor":[109,123,134,134,61,96,109,137,164,194,194,194,194,213,213,311,311,323,226,244,298,298,298,324,340,340,365,399,254,254,289,289,396,396,419,440,440,464,488,488,305,305,330,357,390,409,449,449,449,449,449,449,40,74,74,74],"floor_reached":55,"language":"ENG","playtime":3453,"items_purged":["Shade:Strike_Shade","Shade:OneIsEnough"],"score":866,"play_id":"aa7cf1a1-29f2-41e1-8e2d-c6f8c0880004","local_time":"20210119092659","is_ascension_mode":true,"campfire_choices":[{"floor":12.0,"key":"REST"},{"data":"Shade:TouchOfTheGrave","floor":15.0,"key":"SMITH"},{"data":"Shade:PressTheAttack","floor":23,"key":"SMITH"},{"data":"Shade:Carnophage","floor":32,"key":"SMITH"},{"floor":40,"key":"RECALL"},{"floor":49,"key":"REST"},{"data":"Shade:OpenGraves","floor":52,"key":"SMITH"}],"circlet_count":0,"master_deck":["Shade:Strike_Shade","Shade:Defend_Shade","Shade:Defend_Shade","Shade:Defend_Shade","Shade:AnimateDead","Shade:CarefulCut","Shade:FeralStrike","Shade:AuraOfUnlife","Shade:FreshBones","Shade:Carnophage+1","Shade:Doomsay","Shade:Brains","Shade:TouchOfTheGrave+1","Shade:WallOfFlesh","Shade:FleshToFlesh","Shade:ExtraLimbs","Shade:ExtraLimbs","Shade:PressTheAttack+1","Shade:RavenousHorde","Shade:CommandSoldier+1","Shade:LoseControl","Shade:Brains+1","Shade:FleshLikeOak","Shade:Tombstone","Shade:FreshBones+1","Shade:OpenGraves+1","Shade:Bonestorm+1","Parasite","Shade:PoundOfFlesh","Shade:FuneraryArmor+1","Shade:CloudOfShrapnel+1","Shade:OpenGraves","Shade:CallOfTheGrave"],"relics":["Shade:YorickSkull","Happy Flower","Bag of Preparation","Akabeko","Tiny Chest","Vajra","Empty Cage","Ancient Tea Set","theSenshi:SpiralHeartMoonRodRelic","Potion Belt","Red Mask","Gremlin Horn","CeramicFish","bronze:MakeshiftBattery","Letter Opener","Chemical X","Toy Ornithopter","Strawberry","PreservedInsect","Runesmith:Nanobots","Bottled Lightning"],"acts_visited":["Exordium","TheCity","TheBeyond","TheEnding"],"potions_floor_usage":[24,39,45,47,50,55,55,55,55,55],"damage_taken":[{"damage":0.0,"enemies":"Jaw Worm","floor":1.0,"turns":4.0},{"damage":2.0,"enemies":"2 Louse","floor":2.0,"turns":2.0},{"damage":0.0,"enemies":"Small Slimes","floor":3.0,"turns":4.0},{"damage":18.0,"enemies":"Lagavulin","floor":6.0,"turns":7.0},{"damage":0.0,"enemies":"Gremlin Gang","floor":7.0,"turns":3.0},{"damage":1.0,"enemies":"3 Sentries","floor":8.0,"turns":6.0},{"damage":22.0,"enemies":"Lagavulin","floor":10.0,"turns":4.0},{"damage":13.0,"enemies":"Blue Slaver","floor":14.0,"turns":3.0},{"damage":3.0,"enemies":"The Guardian","floor":16.0,"turns":15.0},{"damage":0,"enemies":"Shell Parasite","floor":18,"turns":9},{"damage":0,"enemies":"3 Byrds","floor":20,"turns":3},{"damage":9,"enemies":"Gremlin Leader","floor":24,"turns":9},{"damage":11,"enemies":"Snake Plant","floor":25,"turns":6},{"damage":11,"enemies":"HollowMod:Nosk","floor":27,"turns":7},{"damage":8,"enemies":"Masked Bandits","floor":28,"turns":4},{"damage":10,"enemies":"Gremlin Leader","floor":31,"turns":4},{"damage":17,"enemies":"Automaton","floor":33,"turns":9},{"damage":18,"enemies":"3 Shapes","floor":35,"turns":4},{"damage":0,"enemies":"3 Darklings","floor":36,"turns":2},{"damage":8,"enemies":"Maw","floor":38,"turns":9},{"damage":29,"enemies":"Writhing Mass","floor":39,"turns":7},{"damage":0,"enemies":"Transient","floor":44,"turns":5},{"damage":36,"enemies":"Reptomancer","floor":45,"turns":5},{"damage":2,"enemies":"4 Shapes","floor":46,"turns":4},{"damage":39,"enemies":"Nemesis","floor":47,"turns":5},{"damage":9,"enemies":"Awakened One","floor":50,"turns":17},{"damage":42,"enemies":"Shield and Spear","floor":54,"turns":6},{"damage":57,"enemies":"The Heart","floor":55,"turns":5}],"seed_played":"-4289437332446840375","potions_obtained":[{"floor":1.0,"key":"Explosive Potion"},{"floor":6.0,"key":"sneckomod:MuddlingPotion"},{"floor":10.0,"key":"BlessingOfTheForge"},{"floor":13.0,"key":"DistilledChaos"},{"floor":13.0,"key":"PowerPotion"},{"floor":13.0,"key":"hexamod:SoulburnPotion"},{"floor":27,"key":"Dexterity Potion"},{"floor":31,"key":"LiquidBronze"},{"floor":38,"key":"AttackPotion"},{"floor":44,"key":"SpeedPotion"},{"floor":46,"key":"Explosive Potion"},{"floor":47,"key":"Explosive Potion"},{"floor":54,"key":"hexamod:SoulburnPotion"}],"is_trial":false,"path_per_floor":["M","M","M","?","$","E","M","E","T","E","?","R","?","M","R","B",null,"M","$","M","T","?","R","E","M","T","E","?","$","T","E","R","B",null,"M","M","T","M","M","R","$","?","T","M","E","M","E","?","R","B",null,"R","$","E","B"],"character_chosen":"SHADE","items_purchased":["Shade:Carnophage","Shade:ExtraLimbs","Shade:StitchTogether","Shade:FleshLikeOak","Chemical X","Shade:PoundOfFlesh","Shade:OpenGraves","Runesmith:Nanobots"],"campfire_rested":2,"item_purchase_floors":[5,19,29,29,41,41,53,53],"current_hp_per_floor":[65,63,63,56,56,38,38,37,37,15,15,34,34,21,21,18,65,65,65,65,65,65,65,56,45,45,36,34,34,34,33,33,25,65,51,63,63,61,41,41,41,41,41,50,35,48,23,23,43,49,69,69,69,31,0,0],"gold":74,"neow_bonus":"RANDOM_COMMON_RELIC","is_daily":false,"chose_seed":false,"campfire_upgraded":4,"win_rate":0.0,"timestamp":1611041219,"path_taken":["M","M","M","?","$","E","M","E","T","E","?","R","?","M","R","BOSS","M","$","?","?","?","R","E","M","T","E","?","?","?","E","R","BOSS","M","M","?","M","M","R","$","?","T","M","E","M","E","?","R","BOSS","R","$","E","BOSS"],"items_purchased_type":["Card","Card","Card","Card","Relic","Card","Card","Relic"],"build_version":"2020-12-22","purchased_purges":2,"victory":false,"max_hp_per_floor":[65,65,65,65,65,65,65,65,65,65,65,65,65,65,65,65,65,65,65,65,65,65,65,65,65,65,65,65,65,65,65,65,65,65,65,65,65,65,65,65,65,62,62,62,69,69,69,69,69,69,69,69,69,69,69,69],"card_choices":[{"not_picked":["Shade:SanguineRitual","Shade:ClawBack"],"picked":"Shade:FeralStrike","floor":1.0},{"not_picked":["Shade:StitchTogether","Shade:Frenzy"],"picked":"Shade:AuraOfUnlife","floor":2.0},{"not_picked":["Shade:CommandSoldier","Shade:LyeBath"],"picked":"Shade:FreshBones","floor":3.0},{"not_picked":["Shade:Bonestorm","Shade:Asphyxiate"],"picked":"Shade:Doomsay","floor":6.0},{"not_picked":["Shade:FuneraryArmor","Shade:GraveStillness"],"picked":"Shade:Brains","floor":7.0},{"not_picked":["Shade:OneIsEnough","Shade:Brains"],"picked":"Shade:TouchOfTheGrave","floor":8.0},{"not_picked":["Shade:Doomsay","Shade:Brains"],"picked":"Shade:WallOfFlesh","floor":10.0},{"not_picked":["Shade:Trample","Shade:FreshBones"],"picked":"Shade:FleshToFlesh","floor":14.0},{"not_picked":["Shade:DarkOfNight","Shade:SoulPierce"],"picked":"Shade:OneIsEnough","floor":16.0},{"not_picked":["Shade:GraveStillness","Shade:Patience+1"],"picked":"Shade:ExtraLimbs","floor":18},{"not_picked":["Shade:Bonestorm","Shade:FingerOfDeath"],"picked":"Shade:PressTheAttack","floor":20},{"not_picked":["Shade:Haruspicy","Shade:FleshToFlesh"],"picked":"Shade:RavenousHorde","floor":24},{"not_picked":["Shade:SkeletonHug","Shade:SanguineRitual"],"picked":"Shade:CommandSoldier+1","floor":25},{"not_picked":["Shade:Coordination","Shade:GraveStillness+1"],"picked":"Shade:LoseControl","floor":27},{"not_picked":["Shade:Trample","Shade:Asphyxiate"],"picked":"Shade:Brains+1","floor":28},{"not_picked":["Shade:RitualOffering","Shade:Frenzy+1","Shade:ClawBack"],"picked":"SKIP","floor":31},{"not_picked":["Shade:OminousRitual","Shade:DarkOfNight"],"picked":"Shade:Tombstone","floor":33},{"not_picked":["Shade:PressTheAttack","Shade:Frenzy"],"picked":"Shade:FreshBones+1","floor":35},{"not_picked":["Shade:ClawBack+1","Shade:GoDigging+1"],"picked":"Shade:OpenGraves","floor":36},{"not_picked":["Shade:Brains+1","Shade:FreshBones+1"],"picked":"Shade:Bonestorm+1","floor":38},{"not_picked":["Shade:CommandSoldier+1","Shade:PotionOfRestlessness","Shade:SkeletonHug+1"],"picked":"SKIP","floor":39},{"not_picked":["Shade:FreshBones","Shade:Asphyxiate"],"picked":"Shade:FuneraryArmor+1","floor":44},{"not_picked":["Shade:PoundOfFlesh","Shade:SoulPierce","Shade:Frenzy"],"picked":"SKIP","floor":45},{"not_picked":["Shade:SpectralStrikes","Shade:Frenzy","Shade:Trample"],"picked":"SKIP","floor":46},{"not_picked":["Shade:SpectralStrikes","Shade:Frenzy","Shade:Trample"],"picked":"SKIP","floor":46},{"not_picked":["Shade:FeralStrike","Shade:FleshToFlesh"],"picked":"Shade:CloudOfShrapnel+1","floor":47},{"not_picked":["Shade:ExtraLimbs+1","Shade:ClawBack"],"picked":"Shade:CallOfTheGrave","floor":54}],"player_experience":2911691,"relics_obtained":[{"floor":6.0,"key":"Bag of Preparation"},{"floor":8.0,"key":"Akabeko"},{"floor":9.0,"key":"Tiny Chest"},{"floor":10.0,"key":"Vajra"},{"floor":24,"key":"Ancient Tea Set"},{"floor":26,"key":"theSenshi:SpiralHeartMoonRodRelic"},{"floor":27,"key":"Potion Belt"},{"floor":28,"key":"Red Mask"},{"floor":30,"key":"Gremlin Horn"},{"floor":31,"key":"CeramicFish"},{"floor":37,"key":"Letter Opener"},{"floor":43,"key":"Toy Ornithopter"},{"floor":45,"key":"Strawberry"},{"floor":47,"key":"PreservedInsect"},{"floor":54,"key":"Bottled Lightning"}],"event_choices":[{"cards_removed":["Shade:Strike_Shade"],"damage_healed":0.0,"max_hp_gain":0.0,"max_hp_loss":0.0,"gold_gain":0.0,"event_name":"Golden Wing","player_choice":"Card Removal","floor":4.0,"gold_loss":0.0,"damage_taken":7.0},{"damage_healed":0.0,"max_hp_gain":0.0,"max_hp_loss":0.0,"gold_gain":0.0,"event_name":"Lab","player_choice":"Got Potions","floor":13.0,"gold_loss":0.0,"damage_taken":0.0},{"damage_healed":0,"gold_gain":0,"player_choice":"Fought Bandits","damage_taken":0,"max_hp_gain":0,"max_hp_loss":0,"event_name":"Masked Bandits","floor":28,"gold_loss":0},{"damage_healed":0,"gold_gain":0,"player_choice":"Max HP","damage_taken":0,"max_hp_gain":0,"max_hp_loss":3,"event_name":"Winding Halls","floor":42,"gold_loss":0},{"cards_removed":["Shade:StitchTogether"],"damage_healed":0,"gold_gain":0,"player_choice":"Removed Power","damage_taken":0,"max_hp_gain":0,"max_hp_loss":0,"event_name":"Falling","floor":48,"gold_loss":0}],"is_beta":false,"boss_relics":[{"not_picked":["Ectoplasm","Pandora\u0027s Box"],"picked":"Empty Cage"},{"not_picked":["Velvet Choker","Astrolabe"],"picked":"bronze:MakeshiftBattery"}],"items_purged_floors":[19,53],"is_endless":false,"potions_floor_spawned":[1,6,10,14,18,20,27,31,38,44,46,47,54],"killed_by":"The Heart","ascension_level":3}}