{"host":"od5czx9kemjopzpf","time":1611061132,"event":{"mods":["Aspiration","BaseMod","Defuse TimeMaze Blight","Downfall","Minty Spire (QoL Compilation)","Spicy Shops","StSLib"],"gold_per_floor":[99,117,117,117,65,85,85,85,98,113,19,38,38,58,75,75,75,75],"floor_reached":16,"language":"ZHS","playtime":776,"items_purged":[],"score":94,"play_id":"9e91ddb2-81cb-4007-9633-2b99dbfb2468","local_time":"20210119205852","is_ascension_mode":false,"campfire_choices":[{"data":"hexamod:Float","floor":1,"key":"SMITH"},{"floor":8,"key":"RECALL"},{"data":"hexamod:ExtraCrispy","floor":13,"key":"SMITH"}],"circlet_count":0,"master_deck":["hexamod:Strike","hexamod:Strike","hexamod:Strike","hexamod:Strike","hexamod:Defend","hexamod:Defend","hexamod:Defend","hexamod:Defend","hexamod:Sear","hexamod:Float+1","hexamod:BurningTouch","Injury","hexamod:BurningTouch","hexamod:ExtraCrispy+1","hexamod:Incineration+1","hexamod:ThermalTransfer+1","hexamod:RainOfEmbers+1","hexamod:ThermalTransfer+1","hexamod:ShieldOfDarkness","hexamod:SoulSteal","hexamod:SwordOfDarkness+1","hexamod:HeatMetal+1","hexamod:FastForward"],"relics":["hexamod:SpiritBrand","Molten Egg 2"],"acts_visited":["Exordium"],"potions_floor_usage":[16],"damage_taken":[{"damage":7,"enemies":"Jaw Worm","floor":2,"turns":6},{"damage":0,"enemies":"downfall:FleeingMerchant","floor":5,"turns":4},{"damage":0,"enemies":"2 Louse","floor":6,"turns":2},{"damage":0,"enemies":"Cultist","floor":9,"turns":3},{"damage":0,"enemies":"Exordium Wildlife","floor":10,"turns":3},{"damage":5,"enemies":"downfall:FleeingMerchant","floor":11,"turns":4},{"damage":0,"enemies":"Blue Slaver","floor":12,"turns":3},{"damage":17,"enemies":"3 Louse","floor":14,"turns":4},{"damage":13,"enemies":"Lots of Slimes","floor":15,"turns":3},{"damage":35,"enemies":"WA_ARCHETYPE_RETAIN","floor":16,"turns":4}],"seed_played":"1166888797606810767","potions_obtained":[{"floor":9,"key":"BlessingOfTheForge"},{"floor":10,"key":"champ:CounterPotion"},{"floor":12,"key":"GamblersBrew"}],"is_trial":false,"path_per_floor":["R","M","?","?","$","M","T","R","M","M","$","M","R","M","M","B"],"character_chosen":"THE_SPIRIT","items_purchased":["hexamod:Incineration+1","hexamod:SoulSteal"],"campfire_rested":0,"item_purchase_floors":[5,11],"current_hp_per_floor":[77,70,70,70,70,70,70,70,70,70,65,65,65,48,35,0,0,0],"gold":75,"neow_bonus":"TEN_PERCENT_HP_BONUS","is_daily":false,"chose_seed":false,"campfire_upgraded":2,"win_rate":0.0,"timestamp":1611061132,"path_taken":["R","M","?","?","$","M","T","R","M","?","$","M","R","M","M","BOSS"],"items_purchased_type":["Card","Card"],"build_version":"2020-12-22","purchased_purges":0,"victory":false,"max_hp_per_floor":[77,77,77,77,77,77,77,77,77,77,77,77,77,77,77,77,77,77],"card_choices":[{"not_picked":["hexamod:HeatMetal","hexamod:Hexaguard"],"picked":"hexamod:BurningTouch","floor":2},{"not_picked":["hexamod:ShieldOfDarkness","hexamod:InspiringFlames"],"picked":"hexamod:ExtraCrispy","floor":5},{"not_picked":["hexamod:SpectersWail+1","hexamod:ChargedBarrage"],"picked":"hexamod:ThermalTransfer+1","floor":6},{"not_picked":["hexamod:Haunt","hexamod:HauntingEcho+1"],"picked":"hexamod:RainOfEmbers+1","floor":9},{"not_picked":["hexamod:GhostShield","hexamod:SpectersWail+1"],"picked":"hexamod:ThermalTransfer+1","floor":10},{"not_picked":["hexamod:GhostflameInferno","hexamod:NightmareStrike+1"],"picked":"hexamod:ShieldOfDarkness","floor":11},{"not_picked":["hexamod:EtherealExpedition","hexamod:GhostLash+1"],"picked":"hexamod:SwordOfDarkness+1","floor":12},{"not_picked":["hexamod:NecessarySacrifice","hexamod:Hexaguard"],"picked":"hexamod:HeatMetal+1","floor":14},{"not_picked":["hexamod:SpectersWail+1","hexamod:NecessarySacrifice"],"picked":"hexamod:FastForward","floor":15}],"player_experience":46525,"relics_obtained":[],"event_choices":[],"is_beta":false,"boss_relics":[],"items_purged_floors":[],"is_endless":false,"potions_floor_spawned":[9,10,12],"killed_by":"WA_ARCHETYPE_RETAIN","ascension_level":0}}