{"host":"l8n56n8abrvcftzc","time":1611033730,"event":{"mods":["Aspiration","BaseMod","Better Note","Better Third Choice","Colored Map","DeckTracker","Googly Eyes","Highlight Path","Hubris","Minty Spire (QoL Compilation)","Permanent Neow","Relic Stats","Replay The Spire","StSLib","SuperFastMode","Uncapped"],"gold_per_floor":[114,114,114,127,52,87,106,138,161,161,178,178,178,196,196,300,350,362,120,120,130,143,143,143,178,205,205,225,237,237,266,266,361,361,373,248,262,262,312,344,344,67,67,15,15,27,44,75,75,75,75],"floor_reached":50,"language":"ENG","playtime":5900,"items_purged":["Defend_G","Strike_G","Strike_G","Defend_G"],"score":848,"play_id":"cff27349-b3a0-473b-ac4d-e7e4e628eb69","local_time":"20210118212210","is_ascension_mode":false,"campfire_choices":[{"data":"Neutralize","floor":10.0,"key":"SMITH"},{"data":"Blade Dance","floor":13.0,"key":"SMITH"},{"data":"Accuracy","floor":15.0,"key":"SMITH"},{"data":"Cloak And Dagger","floor":23.0,"key":"SMITH"},{"data":"Adrenaline","floor":27.0,"key":"SMITH"},{"data":"Backflip","floor":27.0,"key":"SMITH"},{"data":"Dodge and Roll","floor":32.0,"key":"SMITH"},{"data":"Acrobatics","floor":32.0,"key":"SMITH"},{"floor":45,"key":"REST"},{"data":"Madness","floor":49,"key":"SMITH"},{"data":"Madness","floor":49,"key":"SMITH"}],"circlet_count":0,"master_deck":["Strike_G","Defend_G","Defend_G","Defend_G+1","Survivor","Neutralize+1","A Thousand Cuts+1","Blade Dance+1","Crippling Poison+1","Accuracy+1","Backflip+1","Dodge and Roll+1","Adrenaline+1","ReplayTheSpireMod:Scrap Shanks","Concentrate+1","Cloak And Dagger+1","Backflip+1","Acrobatics+1","Escape Plan","Doppelganger","Accuracy+1","Accuracy+1","Madness+1","Madness+1","Tactician","Backflip","Hidden Blade","Footwork+1","Footwork"],"relics":["Ring of the Snake","NeowsBlessing","hubris:ToyBattleship","PreservedInsect","Tiny House","Replay:Arrowhead","hubris:SlimyHat","hubris:PeanutButter","Gremlin Food","hubris:Backtick","Charon\u0027s Ashes","TungstenRod","ReplayFunnel","hubris:BottledRain","Potion Belt"],"acts_visited":["Exordium","TheCity","TheBeyond"],"potions_floor_usage":[40],"damage_taken":[{"damage":0.0,"enemies":"Small Slimes","floor":1.0,"turns":1.0},{"damage":0.0,"enemies":"2 Louse","floor":4.0,"turns":1.0},{"damage":0.0,"enemies":"3 Sentries","floor":6.0,"turns":1.0},{"damage":0.0,"enemies":"Jaw Worm","floor":7.0,"turns":4.0},{"damage":17.0,"enemies":"Gremlin Nob","floor":8.0,"turns":4.0},{"damage":1.0,"enemies":"Large Slime","floor":11.0,"turns":5.0},{"damage":2.0,"enemies":"Looter","floor":14.0,"turns":2.0},{"damage":2.0,"enemies":"Slime Boss","floor":16.0,"turns":9.0},{"damage":2.0,"enemies":"Chosen","floor":18.0,"turns":5.0},{"damage":0.0,"enemies":"2 Thieves","floor":21.0,"turns":2.0},{"damage":2.0,"enemies":"Snecko","floor":22.0,"turns":6.0},{"damage":4.0,"enemies":"Slavers","floor":25.0,"turns":5.0},{"damage":0.0,"enemies":"Centurion and Healer","floor":28.0,"turns":2.0},{"damage":1.0,"enemies":"Shelled Parasite and Fungi","floor":29.0,"turns":2.0},{"damage":5.0,"enemies":"Book of Stabbing","floor":31.0,"turns":6.0},{"damage":0.0,"enemies":"Pondfish","floor":33.0,"turns":7.0},{"damage":0.0,"enemies":"Orb Walker","floor":35.0,"turns":2.0},{"damage":0.0,"enemies":"3 Darklings","floor":37.0,"turns":2.0},{"damage":0,"enemies":"Mind Bloom Boss Battle","floor":39,"turns":2},{"damage":25,"enemies":"Reptomancer","floor":40,"turns":5},{"damage":4,"enemies":"Writhing Mass","floor":46,"turns":4},{"damage":0,"enemies":"Maw","floor":47,"turns":6},{"damage":0,"enemies":"Giant Head","floor":48,"turns":5},{"damage":0,"enemies":"Time Eater","floor":50,"turns":1}],"seed_played":"-3834821899588076449","potions_obtained":[{"floor":1.0,"key":"LifebloodPotion"},{"floor":4.0,"key":"Weak Potion"},{"floor":14.0,"key":"Poison Potion"},{"floor":16.0,"key":"Adrenaline Potion"},{"floor":22.0,"key":"FearPotion"},{"floor":25.0,"key":"SkillPotion"},{"floor":31.0,"key":"DuplicationPotion"},{"floor":47,"key":"Death Potion"}],"is_trial":false,"path_per_floor":["M","?","?","M","$","E","M","E","T","R","M","?","R","M","R","B",null,"M","$","?","M","M","R","?","E","T","R","M","M","T","E","R","B",null,"M","$","M","?","?","E","?","$","T","$","R","M","M","E","R","B"],"character_chosen":"THE_SILENT","items_purchased":["ReplayTheSpireMod:Scrap Shanks","Concentrate+1","Tactician","Backflip","Hidden Blade"],"campfire_rested":1,"item_purchase_floors":[19,19,42,42,44],"current_hp_per_floor":[70,70,63,63,63,63,63,46,46,46,45,45,45,43,43,41,75,73,73,75,75,73,73,73,69,69,69,69,68,68,63,63,63,75,75,75,75,75,75,50,42,42,42,42,64,60,60,60,60,60,60],"gold":75,"neow_bonus":"THREE_ENEMY_KILL","is_daily":false,"chose_seed":false,"campfire_upgraded":10,"win_rate":0.0,"timestamp":1611033730,"path_taken":["M","?","?","M","$","E","M","E","T","R","M","?","R","M","R","BOSS","M","$","?","M","M","R","?","E","T","R","?","M","?","E","R","BOSS","M","$","M","?","?","E","?","?","T","$","R","M","?","E","R","BOSS"],"items_purchased_type":["Card","Card","Card","Card","Card"],"build_version":"2020-12-22","purchased_purges":4,"victory":false,"max_hp_per_floor":[70,70,70,70,70,70,70,70,70,70,70,70,70,70,70,70,75,75,75,75,75,75,75,75,75,75,75,75,75,75,75,75,75,75,75,75,75,75,75,75,75,75,75,75,75,75,75,75,75,75,75],"relic_stats":{"counters":[24,89],"PreservedInsect":263,"Charon\u0027s Ashes":[291],"obtain_stats":[{"Gremlin Food":31,"ReplayFunnel":40,"Potion Belt":48,"Tiny House":17,"NeowsBlessing":0,"PreservedInsect":8,"Charon\u0027s Ashes":34,"hubris:SlimyHat":26,"Replay:Arrowhead":25,"hubris:Backtick":34,"hubris:PeanutButter":30,"hubris:ToyBattleship":6,"TungstenRod":39,"Ring of the Snake":0,"hubris:BottledRain":43},{"Gremlin Food":15,"ReplayFunnel":20,"Potion Belt":23,"Tiny House":8,"NeowsBlessing":0,"PreservedInsect":5,"Charon\u0027s Ashes":16,"hubris:SlimyHat":12,"Replay:Arrowhead":12,"hubris:Backtick":16,"hubris:PeanutButter":14,"hubris:ToyBattleship":3,"TungstenRod":19,"Ring of the Snake":0,"hubris:BottledRain":20},{"Gremlin Food":55,"ReplayFunnel":73,"Potion Belt":88,"Tiny House":27,"NeowsBlessing":0,"PreservedInsect":11,"Charon\u0027s Ashes":62,"hubris:SlimyHat":45,"Replay:Arrowhead":45,"hubris:Backtick":62,"hubris:PeanutButter":49,"hubris:ToyBattleship":3,"TungstenRod":68,"Ring of the Snake":0,"hubris:BottledRain":73}],"TungstenRod":6,"Ring of the Snake":[48]},"card_choices":[{"not_picked":["hubris:Counter","Slice"],"picked":"Cloak And Dagger","floor":1.0},{"not_picked":["Calculated Gamble","Quick Slash"],"picked":"Noxious Fumes","floor":4.0},{"not_picked":["Fluid Movement","Slice"],"picked":"Blade Dance","floor":6.0},{"not_picked":["Finisher","Outmaneuver"],"picked":"Crippling Poison","floor":7.0},{"not_picked":["ReplayTheSpireMod:Tripwire","Dagger Spray"],"picked":"Accuracy","floor":8.0},{"not_picked":["Dodge and Roll","Outmaneuver"],"picked":"Backflip","floor":11.0},{"not_picked":["Prepared","Outmaneuver"],"picked":"Dodge and Roll","floor":14.0},{"not_picked":["Wraith Form v2","Poison Darts"],"picked":"Adrenaline","floor":16.0},{"not_picked":["Bane+1","Outmaneuver","Underhanded Strike+1"],"picked":"SKIP","floor":18.0},{"not_picked":["ReplayTheSpireMod:The Works","Prepared"],"picked":"Cloak And Dagger","floor":21.0},{"not_picked":["Riddle With Holes","Corpse Explosion"],"picked":"Backflip","floor":22.0},{"not_picked":["PiercingWail","Replay:Poison Smokescreen+1","Sucker Punch"],"picked":"SKIP","floor":25.0},{"not_picked":["Distraction","Flying Knee"],"picked":"Acrobatics","floor":28.0},{"not_picked":["Bouncing Flask","Tools of the Trade"],"picked":"Escape Plan","floor":29.0},{"not_picked":["Quick Slash","Bane","hubris:SlightOfHand"],"picked":"SKIP","floor":31.0},{"not_picked":["ReplayTheSpireMod:From All Sides","Poison Darts"],"picked":"Doppelganger","floor":33.0},{"not_picked":["Dagger Throw","PiercingWail+1"],"picked":"Accuracy+1","floor":35.0},{"not_picked":["hubris:SlightOfHand","Setup+1"],"picked":"Finisher+1","floor":37},{"not_picked":["Backflip","Bane+1"],"picked":"Accuracy+1","floor":39},{"not_picked":["Deflect+1","Deadly Poison","Poisoned Stab+1"],"picked":"SKIP","floor":40},{"not_picked":["Riddle With Holes","Dodge and Roll+1"],"picked":"Footwork+1","floor":46},{"not_picked":["ReplayTheSpireMod:Shiv Toss+1","Endless Agony+1"],"picked":"Footwork","floor":47},{"not_picked":["Expertise","Sucker Punch","Sneak Up"],"picked":"SKIP","floor":48}],"player_experience":747597,"relics_obtained":[{"floor":6.0,"key":"hubris:ToyBattleship"},{"floor":8.0,"key":"PreservedInsect"},{"floor":25.0,"key":"Replay:Arrowhead"},{"floor":26.0,"key":"hubris:SlimyHat"},{"floor":30.0,"key":"hubris:PeanutButter"},{"floor":31.0,"key":"Gremlin Food"},{"floor":39,"key":"TungstenRod"},{"floor":40,"key":"ReplayFunnel"},{"floor":43,"key":"hubris:BottledRain"},{"floor":48,"key":"Potion Belt"}],"event_choices":[{"cards_removed":["Strike_G"],"damage_healed":0.0,"max_hp_gain":0.0,"max_hp_loss":0.0,"gold_gain":0.0,"event_name":"Golden Wing","player_choice":"Card Removal","floor":3.0,"gold_loss":0.0,"damage_taken":7.0},{"cards_removed":["Noxious Fumes"],"damage_healed":2.0,"max_hp_gain":0.0,"max_hp_loss":0.0,"gold_gain":0.0,"event_name":"Bonfire Elementals","player_choice":"Offered Uncommon","floor":20.0,"gold_loss":0.0,"damage_taken":0.0},{"cards_removed":["Strike_G"],"damage_healed":0.0,"max_hp_gain":0.0,"max_hp_loss":0.0,"gold_gain":0.0,"event_name":"Purifier","player_choice":"Purged","floor":24.0,"gold_loss":0.0,"damage_taken":0.0},{"cards_removed":["Finisher"],"damage_healed":0,"gold_gain":0,"player_choice":"Removed Attack","damage_taken":0,"max_hp_gain":0,"max_hp_loss":0,"event_name":"Falling","floor":38,"gold_loss":0},{"damage_healed":0,"gold_gain":0,"player_choice":"Fight","damage_taken":0,"max_hp_gain":0,"max_hp_loss":0,"event_name":"MindBloom","floor":39,"gold_loss":0},{"damage_healed":0,"gold_gain":0,"player_choice":"Embrace Madness","damage_taken":9,"max_hp_gain":0,"max_hp_loss":0,"event_name":"Winding Halls","floor":41,"gold_loss":0,"cards_obtained":["Madness","Madness"]}],"is_beta":false,"boss_relics":[{"not_picked":["Honey Jar","SacredBark"],"picked":"Tiny House"},{"not_picked":["Replay:Wanted Poster","Ring of the Serpent"],"picked":"hubris:Backtick"}],"items_purged_floors":[5,19,36,42],"is_endless":false,"potions_floor_spawned":[1,4,14,16,22,25,28,31,37,39,47],"killed_by":"Time Eater","ascension_level":0}}