{"host":"opgesw7sb5n0ordz","time":1611039165,"event":{"mods":["BaseMod","Better Note","Colored Powertips","Minty Spire (QoL Compilation)","Relic Stats","Shedinja","StSLib","Unceasing Turn Reminder"],"gold_per_floor":[114,126,145,161,176,176,176],"floor_reached":6,"language":"ENG","playtime":199,"items_purged":[],"score":44,"play_id":"639c8491-7797-46e4-a4ae-360312c61ff6","local_time":"20210119015245","is_ascension_mode":true,"campfire_choices":[],"circlet_count":0,"master_deck":["Shedinja:Scratch","Shedinja:Scratch","Shedinja:Scratch","Shedinja:Scratch","Shedinja:Scratch","Shedinja:Endure","Shedinja:Endure","Shedinja:Endure","Shedinja:Endure","Shedinja:Endure","Shedinja:FocusSash","Shedinja:FocusSash","Shedinja:SuckerPunch","Shedinja:ConfuseRay","Shedinja:GigaDrain","Shedinja:StringShot","Shedinja:SuckerPunch"],"relics":["Shedinja:WonderGuard","NeowsBlessing"],"acts_visited":["Exordium"],"potions_floor_usage":[],"damage_taken":[{"damage":0,"enemies":"Jaw Worm","floor":1,"turns":1},{"damage":0,"enemies":"Cultist","floor":2,"turns":1},{"damage":0,"enemies":"Small Slimes","floor":3,"turns":1},{"damage":0,"enemies":"Blue Slaver","floor":4,"turns":5},{"damage":0,"enemies":"Exordium Thugs","floor":5,"turns":7},{"damage":22,"enemies":"Gremlin Nob","floor":6,"turns":6}],"seed_played":"-3328771912088955925","potions_obtained":[{"floor":1,"key":"LiquidBronze"},{"floor":3,"key":"FairyPotion"}],"is_trial":false,"path_per_floor":["M","M","M","M","M","E"],"character_chosen":"THE_DEFAULT","items_purchased":[],"campfire_rested":0,"item_purchase_floors":[],"current_hp_per_floor":[1,1,1,1,1,0,0],"gold":176,"neow_bonus":"THREE_ENEMY_KILL","is_daily":false,"chose_seed":false,"campfire_upgraded":0,"win_rate":0.0,"timestamp":1611039165,"path_taken":["M","M","M","M","M","E"],"items_purchased_type":[],"build_version":"2020-12-22","purchased_purges":0,"victory":false,"max_hp_per_floor":[1,1,1,1,1,1,1],"relic_stats":{"counters":[6,21],"obtain_stats":[{"NeowsBlessing":0,"Shedinja:WonderGuard":0},{"NeowsBlessing":0,"Shedinja:WonderGuard":0},{"NeowsBlessing":0,"Shedinja:WonderGuard":0}]},"card_choices":[{"not_picked":["Shedinja:ArtifactCard","Shedinja:SafetyGoggles"],"picked":"Shedinja:SuckerPunch","floor":1},{"not_picked":["Shedinja:Ether","Shedinja:ArtifactCard"],"picked":"Shedinja:ConfuseRay","floor":2},{"not_picked":["Shedinja:Agility","Shedinja:RockyHelmet"],"picked":"Shedinja:GigaDrain","floor":3},{"not_picked":["Shedinja:ShadowBall","Shedinja:Substitute"],"picked":"Shedinja:StringShot","floor":4},{"not_picked":["Shedinja:RockyHelmet","Shedinja:NightSlash"],"picked":"Shedinja:SuckerPunch","floor":5}],"player_experience":689663,"relics_obtained":[],"event_choices":[],"is_beta":false,"boss_relics":[],"items_purged_floors":[],"is_endless":false,"potions_floor_spawned":[1,3],"killed_by":"Gremlin Nob","ascension_level":2}}