{"host":"9n6i2vl93jt4o42q","time":1611061653,"event":{"mods":["BaseMod","Minty Spire (QoL Compilation)","Relic Stats"],"gold_per_floor":[111,111,5,17,35,35,60,60,86,99,99,99,0,44,44,140,140,163,113,13,28,28,68,68,107,130,143,143,143,170,220,220,293,293,306,2,20,36,1035,1035,1035,1055,1055,199,215,215,247,227,227,227,227],"floor_reached":50,"language":"ENG","playtime":4590,"items_purged":["Injury","Strike_B","Strike_B","Normality"],"score":1384,"play_id":"82b2981d-f954-4d60-9dc6-1488734a760f","local_time":"20210119140733","is_ascension_mode":true,"campfire_choices":[{"data":"Zap","floor":6.0,"key":"SMITH"},{"data":"Electrodynamics","floor":8.0,"key":"SMITH"},{"floor":15.0,"key":"REST"},{"floor":24.0,"key":"RECALL"},{"floor":29.0,"key":"REST"},{"data":"Multi-Cast","floor":32.0,"key":"SMITH"},{"data":"BootSequence","floor":40.0,"key":"SMITH"},{"floor":49.0,"key":"REST"}],"circlet_count":0,"master_deck":["AscendersBane","Strike_B+1","Defend_B","Defend_B+1","Defend_B","Zap+1","Dualcast","Sunder+1","Gash","Steam","Coolheaded+1","Electrodynamics+1","BootSequence+1","Conserve Battery","Turbo","Buffer+1","Biased Cognition+1","Buffer+1","Multi-Cast+1","Cold Snap+1","CurseOfTheBell","Compile Driver+1","Chrysalis","Melter+1","Defragment+1","Normality","Creative AI+1"],"relics":["Cracked Core","NeowsBlessing","Whetstone","Pen Nib","Bloody Idol","Frozen Egg 2","Singing Bowl","Snecko Eye","Blue Candle","Juzu Bracelet","StrikeDummy","Calling Bell","Centennial Puzzle","Darkstone Periapt","TungstenRod","Symbiotic Virus","Bag of Preparation","Vajra","Medical Kit","Omamori"],"acts_visited":["Exordium","TheCity","TheBeyond"],"potions_floor_usage":[50],"damage_taken":[{"damage":0.0,"enemies":"Jaw Worm","floor":1.0,"turns":1.0},{"damage":0.0,"enemies":"Cultist","floor":4.0,"turns":1.0},{"damage":0.0,"enemies":"2 Louse","floor":5.0,"turns":1.0},{"damage":11.0,"enemies":"Gremlin Nob","floor":7.0,"turns":3.0},{"damage":1.0,"enemies":"Large Slime","floor":10.0,"turns":4.0},{"damage":19.0,"enemies":"Lagavulin","floor":14.0,"turns":5.0},{"damage":0.0,"enemies":"Slime Boss","floor":16.0,"turns":9.0},{"damage":8.0,"enemies":"3 Byrds","floor":18.0,"turns":3.0},{"damage":0.0,"enemies":"Spheric Guardian","floor":21.0,"turns":3.0},{"damage":7.0,"enemies":"Book of Stabbing","floor":23.0,"turns":5.0},{"damage":0.0,"enemies":"Gremlin Leader","floor":25.0,"turns":5.0},{"damage":24.0,"enemies":"Snake Plant","floor":27.0,"turns":3.0},{"damage":0.0,"enemies":"Book of Stabbing","floor":30.0,"turns":5.0},{"damage":0.0,"enemies":"Collector","floor":33.0,"turns":8.0},{"damage":2.0,"enemies":"3 Darklings","floor":35.0,"turns":4.0},{"damage":0.0,"enemies":"3 Shapes","floor":37.0,"turns":4.0},{"damage":22.0,"enemies":"Spire Growth","floor":38.0,"turns":6.0},{"damage":0.0,"enemies":"Sphere and 2 Shapes","floor":42.0,"turns":3.0},{"damage":16.0,"enemies":"Jaw Worm Horde","floor":45.0,"turns":4.0},{"damage":51.0,"enemies":"Nemesis","floor":47.0,"turns":11.0},{"damage":118,"enemies":"Awakened One","floor":50,"turns":8}],"seed_played":"-5212362170962253947","potions_obtained":[{"floor":4.0,"key":"Fire Potion"},{"floor":14.0,"key":"BlessingOfTheForge"},{"floor":16.0,"key":"BlessingOfTheForge"},{"floor":18.0,"key":"EssenceOfSteel"},{"floor":27.0,"key":"GamblersBrew"},{"floor":30.0,"key":"FocusPotion"},{"floor":35.0,"key":"Explosive Potion"},{"floor":47.0,"key":"FairyPotion"}],"is_trial":false,"path_per_floor":["M","?","$","M","M","R","E","R","T","M","?","?","$","E","R","B",null,"M","?","$","M","?","E","R","E","T","M","?","R","E","?","R","B",null,"M","$","M","M","?","R","?","M","T","$","M","?","E","?","R","B"],"character_chosen":"DEFECT","items_purchased":["Gash","Steam","Turbo","Chrysalis","Bag of Preparation","Creative AI+1","Vajra","Medical Kit","Fire Potion"],"campfire_rested":3,"item_purchase_floors":[3,3,13,36,44,44,44,44,44],"current_hp_per_floor":[64,64,64,64,64,64,53,53,53,52,52,34,34,15,36,36,62,56,56,56,58,58,53,53,55,55,31,31,54,59,64,64,71,79,81,81,81,64,81,81,81,88,88,88,79,79,35,35,64,0,0],"gold":227,"neow_bonus":"THREE_ENEMY_KILL","is_daily":false,"chose_seed":false,"campfire_upgraded":4,"win_rate":0.0,"timestamp":1611061653,"path_taken":["M","?","$","M","?","R","E","R","T","M","?","?","$","E","R","BOSS","M","?","$","?","?","E","R","E","T","M","?","R","E","?","R","BOSS","M","$","M","M","?","R","?","M","T","$","M","?","E","?","R","BOSS"],"items_purchased_type":["Card","Card","Card","Card","Relic","Card","Relic","Relic","Potion"],"build_version":"2020-12-22","purchased_purges":4,"victory":false,"max_hp_per_floor":[71,71,71,71,71,71,71,71,71,71,71,71,71,71,71,71,71,73,73,73,75,75,77,77,79,79,79,79,79,79,79,79,81,81,81,81,81,81,93,93,93,95,95,95,97,97,99,99,99,99,99],"relic_stats":{"Darkstone Periapt":12,"Singing Bowl":16,"counters":[21,96],"Blue Candle":[8],"Pen Nib":[9],"Juzu Bracelet":2,"Bag of Preparation":[6],"Whetstone":["Sunder","Strike_B"],"Medical Kit":[14],"Centennial Puzzle":[15],"Bloody Idol":44,"Snecko Eye":[128,107,136,127],"obtain_stats":[{"Darkstone Periapt":34,"NeowsBlessing":0,"Singing Bowl":14,"Golden Idol":11,"Blue Candle":23,"Vajra":44,"Pen Nib":9,"Juzu Bracelet":25,"Bag of Preparation":44,"Omamori":47,"Whetstone":7,"Frozen Egg 2":12,"Medical Kit":44,"Calling Bell":34,"Centennial Puzzle":34,"Bloody Idol":28,"Snecko Eye":17,"Cracked Core":0,"StrikeDummy":30,"Symbiotic Virus":43,"TungstenRod":34},{"Darkstone Periapt":14,"NeowsBlessing":0,"Singing Bowl":6,"Golden Idol":5,"Blue Candle":10,"Vajra":18,"Pen Nib":4,"Juzu Bracelet":11,"Bag of Preparation":18,"Omamori":20,"Whetstone":4,"Frozen Egg 2":5,"Medical Kit":18,"Calling Bell":14,"Centennial Puzzle":14,"Bloody Idol":12,"Snecko Eye":7,"Cracked Core":0,"StrikeDummy":13,"Symbiotic Virus":18,"TungstenRod":14},{"Darkstone Periapt":56,"NeowsBlessing":0,"Singing Bowl":15,"Golden Idol":10,"Blue Candle":35,"Vajra":73,"Pen Nib":6,"Juzu Bracelet":40,"Bag of Preparation":73,"Omamori":88,"Whetstone":6,"Frozen Egg 2":10,"Medical Kit":73,"Calling Bell":56,"Centennial Puzzle":56,"Bloody Idol":43,"Snecko Eye":24,"Cracked Core":0,"StrikeDummy":48,"Symbiotic Virus":73,"TungstenRod":56}],"TungstenRod":22},"card_choices":[{"not_picked":["Go for the Eyes","Gash"],"picked":"Sunder","floor":1.0},{"not_picked":["Hologram","Steam"],"picked":"Coolheaded","floor":4.0},{"not_picked":["Chaos","Conserve Battery"],"picked":"Electrodynamics","floor":5.0},{"not_picked":["Hello World","Coolheaded"],"picked":"BootSequence","floor":7.0},{"not_picked":["Rebound","Leap"],"picked":"Conserve Battery","floor":10.0},{"not_picked":["Reboot","Rebound"],"picked":"Buffer+1","floor":14.0},{"not_picked":["Thunder Strike","All For One"],"picked":"Biased Cognition+1","floor":16.0},{"not_picked":["Reprogram","Redo","Cold Snap"],"picked":"Singing Bowl","floor":18.0},{"not_picked":["Beam Cell","Rip and Tear+1","Auto Shields"],"picked":"Singing Bowl","floor":21.0},{"not_picked":["FTL","Genetic Algorithm","Steam Power"],"picked":"Singing Bowl","floor":23.0},{"not_picked":["Double Energy","Streamline","Leap"],"picked":"Singing Bowl","floor":25.0},{"not_picked":["FTL","Leap"],"picked":"Multi-Cast","floor":27.0},{"not_picked":["Hologram","Rebound+1"],"picked":"Cold Snap+1","floor":30.0},{"not_picked":["Fission","Multi-Cast","Reboot"],"picked":"Singing Bowl","floor":33.0},{"not_picked":["Leap","Coolheaded"],"picked":"Compile Driver+1","floor":35.0},{"not_picked":["Amplify","Darkness"],"picked":"Melter+1","floor":37.0},{"not_picked":["Cold Snap","Beam Cell"],"picked":"Defragment+1","floor":38.0},{"not_picked":["Beam Cell","Leap","Go for the Eyes"],"picked":"Singing Bowl","floor":42.0},{"not_picked":["Compile Driver+1","Cold Snap","Rebound+1"],"picked":"Singing Bowl","floor":45.0},{"not_picked":["Beam Cell","Redo","Creative AI+1"],"picked":"Singing Bowl","floor":47.0}],"player_experience":2147350,"relics_obtained":[{"floor":7.0,"key":"Whetstone"},{"floor":9.0,"key":"Pen Nib"},{"floor":14.0,"key":"Singing Bowl"},{"floor":23.0,"key":"Blue Candle"},{"floor":25.0,"key":"Juzu Bracelet"},{"floor":30.0,"key":"StrikeDummy"},{"floor":34.0,"key":"Centennial Puzzle"},{"floor":34.0,"key":"Darkstone Periapt"},{"floor":34.0,"key":"TungstenRod"},{"floor":43.0,"key":"Symbiotic Virus"},{"floor":47.0,"key":"Omamori"}],"event_choices":[{"cards_removed":["Strike_B"],"damage_healed":0.0,"max_hp_gain":0.0,"max_hp_loss":0.0,"gold_gain":0.0,"event_name":"Purifier","player_choice":"Purged","floor":2.0,"gold_loss":0.0,"damage_taken":0.0},{"damage_healed":0.0,"max_hp_gain":0.0,"max_hp_loss":0.0,"gold_gain":0.0,"event_name":"Golden Idol","player_choice":"Take Wound","floor":11.0,"gold_loss":0.0,"damage_taken":0.0,"relics_obtained":["Golden Idol"],"cards_obtained":["Injury"]},{"damage_healed":0.0,"max_hp_gain":0.0,"max_hp_loss":0.0,"gold_gain":0.0,"event_name":"Scrap Ooze","player_choice":"Success","floor":12.0,"gold_loss":0.0,"damage_taken":18.0,"relics_obtained":["Frozen Egg 2"]},{"damage_healed":0.0,"max_hp_gain":0.0,"max_hp_loss":0.0,"gold_gain":0.0,"event_name":"Designer","player_choice":"Upgraded Two","floor":19.0,"gold_loss":50.0,"damage_taken":0.0,"cards_upgraded":["Coolheaded","Defend_B"]},{"damage_healed":0.0,"max_hp_gain":0.0,"max_hp_loss":0.0,"gold_gain":0.0,"event_name":"Duplicator","player_choice":"Copied","floor":22.0,"gold_loss":0.0,"damage_taken":0.0,"cards_obtained":["Buffer"]},{"damage_healed":0.0,"max_hp_gain":0.0,"max_hp_loss":0.0,"gold_gain":0.0,"event_name":"Forgotten Altar","player_choice":"Gave Idol","floor":28.0,"relics_lost":["Golden Idol"],"gold_loss":0.0,"damage_taken":0.0,"relics_obtained":["Bloody Idol"]},{"damage_healed":0.0,"max_hp_gain":0.0,"max_hp_loss":0.0,"gold_gain":50.0,"event_name":"Nest","player_choice":"Stole From Cult","floor":31.0,"gold_loss":0.0,"damage_taken":0.0},{"damage_healed":0.0,"max_hp_gain":0.0,"max_hp_loss":0.0,"gold_gain":999.0,"event_name":"MindBloom","player_choice":"Gold","floor":39.0,"gold_loss":0.0,"damage_taken":0.0,"cards_obtained":["Normality","Normality"]},{"cards_removed":["Defend_B"],"damage_healed":0.0,"max_hp_gain":0.0,"max_hp_loss":0.0,"gold_gain":0.0,"event_name":"Falling","player_choice":"Removed Skill","floor":41.0,"gold_loss":0.0,"damage_taken":0.0},{"damage_healed":0.0,"max_hp_gain":0.0,"max_hp_loss":0.0,"gold_gain":0.0,"event_name":"SecretPortal","player_choice":"Ignored","floor":46.0,"gold_loss":0.0,"damage_taken":0.0},{"damage_healed":0.0,"max_hp_gain":0.0,"max_hp_loss":0.0,"gold_gain":0.0,"event_name":"The Woman in Blue","player_choice":"Bought 1 Potion","floor":48.0,"gold_loss":0.0,"damage_taken":0.0}],"is_beta":false,"boss_relics":[{"not_picked":["Runic Pyramid","FrozenCore"],"picked":"Snecko Eye"},{"not_picked":["Runic Dome","Sozu"],"picked":"Calling Bell"}],"items_purged_floors":[13,20,36,44],"is_endless":false,"potions_floor_spawned":[4,14,16,18,27,30,35,45,47],"killed_by":"Awakened One","ascension_level":19}}