{"host":"y89x8uui45kcjy42","time":1611064279,"event":{"mods":["2.2 Compatiblity","BaseMod","CapriCore","Colored Map","Colored Powertips","Custom Start","Friendly Minions","Keyboard Shortcuts","Minty Spire (QoL Compilation)","Relic Stats","Replay The Spire","Slay the Relics Exporter","StSLib","SuperFastMode","Uncapped"],"gold_per_floor":[119,119,119,139,189,189,224,224,224,241,1740,1354,1386,1398,1398,1472,1472,1488,1488,1155,1155,1166,1166,1166,1195,1241,1241,1271,1288,1314,1344,1344,1418,1418,1434,1173,1173,893,918,918,953,953,1023,1057,1096,1096,1096,665,665,665,665,665,665,295,337,337],"floor_reached":57,"language":"KOR","playtime":1692,"items_purged":["Strike_G","Defend_G","Strike_G","Defend_G","Strike_G","Strike_G","Defend_G+1"],"score":3082,"play_id":"d1f7032f-eeb7-4512-a8f2-f074f2c52b27","local_time":"20210119225119","is_ascension_mode":true,"campfire_choices":[{"data":"Hidden Blade","floor":6.0,"key":"SMITH"},{"data":"ReplayTheSpireMod:From All Sides","floor":8.0,"key":"SMITH"},{"data":"Poison Darts","floor":15.0,"key":"SMITH"},{"data":"Neutralize","floor":23.0,"key":"SMITH"},{"data":"Footwork","floor":24.0,"key":"SMITH"},{"data":"Bouncing Flask","floor":27.0,"key":"SMITH"},{"data":"Replay:Bag of Tricks","floor":32.0,"key":"SMITH"},{"floor":40.0,"key":"RECALL"},{"data":"Envenom","floor":42.0,"key":"SMITH"},{"data":"ReplayTheSpireMod:Scrap Shanks","floor":46.0,"key":"SMITH"},{"data":"ReplayTheSpireMod:Tripwire","floor":49.0,"key":"SMITH"},{"data":"Survivor","floor":53,"key":"SMITH"}],"circlet_count":0,"master_deck":["Defend_G+1","Survivor+1","Neutralize+1","A Thousand Cuts+1","Hidden Blade+1","ReplayTheSpireMod:From All Sides+1","Poison Darts+1","After Image+1","Footwork+1","Bouncing Flask+1","Fluid Movement+1","Replay:Bag of Tricks+1","Poison Darts+1","ReplayTheSpireMod:Scrap Shanks+1","Envenom+1","ReplayTheSpireMod:Tripwire+1","Replay:BasicMightCard","Fluid Movement+1","Noxious Fumes+1"],"relics":["Coffee Dripper","Blue Doll","Chemical X","Matryoshka","Chameleon Ring","Potion Belt","Replay:Baseball","Membership Card","Paper Crane","MealTicket","WristBlade","MutagenicStrength","OrangePellets","ReplayTheSpireMod:Shallot","Replay:Wax Seal","Nloth\u0027s Gift","Snake Skull","Tough Bandages","War Paint","Replay:Rubber Ducky","Letter Opener","Red Mask","Question Card","HoveringKite","Guide Book","Nunchaku","Oddly Smooth Stone","ReplayTheSpireMod:Lightbulb","WingedGreaves","Ninja Scroll","Strawberry","Toy Ornithopter","CeramicFish","Sling","The Specimen","Replay:Mystery Machine","Omamori","Calipers","SacredBark","Potion Belt","Mummified Hand","Gremlin Horn"],"acts_visited":["Exordium","TheCity","TheBeyond","TheEnding"],"potions_floor_usage":[56,56,56,56,56,56],"damage_taken":[{"damage":0.0,"enemies":"2 Louse","floor":1.0,"turns":3.0},{"damage":1.0,"enemies":"Small Slimes","floor":4.0,"turns":4.0},{"damage":41.0,"enemies":"Replay:BlueRogue","floor":7.0,"turns":6.0},{"damage":0.0,"enemies":"Cultist","floor":10.0,"turns":2.0},{"damage":12.0,"enemies":"Lagavulin","floor":13.0,"turns":4.0},{"damage":10.0,"enemies":"Exordium Wildlife","floor":14.0,"turns":3.0},{"damage":24.0,"enemies":"The Guardian","floor":16.0,"turns":5.0},{"damage":0.0,"enemies":"Spheric Guardian","floor":18.0,"turns":1.0},{"damage":9.0,"enemies":"Shell Parasite","floor":22.0,"turns":2.0},{"damage":9.0,"enemies":"Book of Stabbing","floor":25.0,"turns":4.0},{"damage":10.0,"enemies":"Gremlin Leader","floor":28.0,"turns":3.0},{"damage":2.0,"enemies":"Centurion and Healer","floor":29.0,"turns":3.0},{"damage":3.0,"enemies":"Masked Bandits","floor":30.0,"turns":2.0},{"damage":2.0,"enemies":"Slavers","floor":31.0,"turns":3.0},{"damage":0.0,"enemies":"Champ","floor":33.0,"turns":6.0},{"damage":0.0,"enemies":"Orb Walker","floor":35.0,"turns":2.0},{"damage":0.0,"enemies":"Mind Bloom Boss Battle","floor":39.0,"turns":4.0},{"damage":0.0,"enemies":"Nemesis","floor":41.0,"turns":5.0},{"damage":0.0,"enemies":"Reptomancer","floor":44.0,"turns":3.0},{"damage":45,"enemies":"Awakened One","floor":50,"turns":8},{"damage":12,"enemies":"Donu and Deca","floor":51,"turns":6},{"damage":14,"enemies":"Shield and Spear","floor":55,"turns":3},{"damage":7,"enemies":"The Heart","floor":56,"turns":4}],"seed_played":"6867438796838430905","potions_obtained":[{"floor":4.0,"key":"GamblersBrew"},{"floor":10.0,"key":"Elixir"},{"floor":22.0,"key":"SpeedPotion"},{"floor":25.0,"key":"Adrenaline Potion"},{"floor":29.0,"key":"SpeedPotion"},{"floor":31.0,"key":"Strength Potion"},{"floor":33.0,"key":"ColorlessPotion"},{"floor":39.0,"key":"CunningPotion"},{"floor":45.0,"key":"PowerPotion"}],"is_trial":false,"path_per_floor":["M","?","?","M","?","R","E","R","T","M","$","$","E","M","R","B",null,"M","?","$","?","M","R","R","E","T","R","E","M","?","E","R","B",null,"M","$","?","$","?","R","E","R","T","E","?","R","?","$","R","B","B",null,"R","$","E","B",null],"character_chosen":"THE_SILENT","items_purchased":["Chameleon Ring","Potion Belt","Replay:Baseball","Membership Card","OrangePellets","ReplayTheSpireMod:Shallot","Replay:Wax Seal","Guide Book","Nunchaku","ReplayTheSpireMod:Scrap Shanks","Oddly Smooth Stone","ReplayTheSpireMod:Lightbulb","Sling","The Specimen","Replay:Mystery Machine","Mummified Hand","Replay:BasicMightCard","Fluid Movement+1","DistilledChaos","Block Potion"],"campfire_rested":0,"item_purchase_floors":[11,11,12,12,20,20,20,36,36,36,38,38,48,48,48,54,54,54,54,54],"current_hp_per_floor":[59,59,59,58,52,52,59,59,59,59,59,59,47,37,37,13,53,53,53,66,66,57,57,57,48,48,48,38,36,33,31,31,31,57,57,66,63,63,63,63,63,63,70,70,70,70,70,70,70,58,46,64,64,70,56,70],"gold":337,"neow_bonus":"ONE_RANDOM_RARE_CARD","is_daily":false,"chose_seed":false,"campfire_upgraded":11,"win_rate":0.0,"timestamp":1611064279,"path_taken":["M","?","?","M","?","R","E","R","T","M","$","$","E","M","R","BOSS","M","?","$","?","?","R","R","E","T","R","E","M","?","E","R","BOSS","M","$","?","$","?","R","E","R","T","E","?","R","?","$","R","BOSS","BOSS","R","$","E","BOSS"],"items_purchased_type":["Relic","Relic","Relic","Relic","Relic","Relic","Relic","Relic","Relic","Card","Relic","Relic","Relic","Relic","Relic","Relic","Card","Card","Potion","Potion"],"build_version":"2020-12-22","purchased_purges":7,"victory":true,"max_hp_per_floor":[66,66,66,66,66,66,66,66,66,66,66,66,66,66,66,66,66,66,66,66,66,66,66,66,66,66,66,66,66,66,66,66,66,66,66,66,63,63,63,63,63,63,70,70,70,70,70,70,70,70,70,70,70,70,70,70],"relic_stats":{"Gremlin Horn":[0,0],"counters":[23,86],"CeramicFish":27,"HoveringKite":[3],"Snake Skull":[161],"Letter Opener":[81],"War Paint":["Defend_G","Defend_G"],"Question Card":7,"OrangePellets":[12],"Tough Bandages":[9],"Nunchaku":[7],"Mummified Hand":[11],"MealTicket":28,"Nloth\u0027s Gift":5,"Chemical X":[76],"obtain_stats":[{"Calipers":49,"Gremlin Horn":55,"CeramicFish":45,"SacredBark":49,"HoveringKite":34,"Blue Doll":7,"Snake Skull":14,"Replay:Mystery Machine":48,"Sling":48,"Replay:Rubber Ducky":26,"Tough Bandages":25,"Nunchaku":36,"Matryoshka":9,"Chameleon Ring":11,"WristBlade":17,"Ninja Scroll":41,"Mummified Hand":54,"Strawberry":43,"MealTicket":13,"WingedGreaves":6,"Red Mask":30,"Chemical X":7,"Replay:Wax Seal":20,"Ring of the Snake":0,"Potion Belt":11,"The Specimen":48,"Guide Book":36,"Oddly Smooth Stone":38,"Omamori":3,"Letter Opener":28,"Paper Crane":13,"War Paint":26,"Question Card":31,"OrangePellets":20,"Replay:Baseball":12,"ReplayTheSpireMod:Shallot":20,"MutagenicStrength":19,"Coffee Dripper":0,"Nloth\u0027s Gift":21,"Membership Card":12,"ReplayTheSpireMod:Lightbulb":38,"Toy Ornithopter":44},{"Calipers":19,"Gremlin Horn":22,"CeramicFish":19,"SacredBark":19,"HoveringKite":15,"Blue Doll":3,"Snake Skull":6,"Replay:Mystery Machine":19,"Sling":19,"Replay:Rubber Ducky":10,"Tough Bandages":10,"Nunchaku":16,"Matryoshka":3,"Chameleon Ring":4,"WristBlade":7,"Ninja Scroll":18,"Mummified Hand":21,"Strawberry":18,"MealTicket":5,"WingedGreaves":2,"Red Mask":13,"Chemical X":3,"Replay:Wax Seal":8,"Ring of the Snake":0,"Potion Belt":4,"The Specimen":19,"Guide Book":16,"Oddly Smooth Stone":16,"Omamori":1,"Letter Opener":11,"Paper Crane":5,"War Paint":10,"Question Card":14,"OrangePellets":8,"Replay:Baseball":4,"ReplayTheSpireMod:Shallot":8,"MutagenicStrength":8,"Coffee Dripper":0,"Nloth\u0027s Gift":8,"Membership Card":4,"ReplayTheSpireMod:Lightbulb":16,"Toy Ornithopter":19},{"Calipers":65,"Gremlin Horn":82,"CeramicFish":65,"SacredBark":65,"HoveringKite":51,"Blue Doll":13,"Snake Skull":22,"Replay:Mystery Machine":65,"Sling":65,"Replay:Rubber Ducky":34,"Tough Bandages":34,"Nunchaku":53,"Matryoshka":13,"Chameleon Ring":15,"WristBlade":27,"Ninja Scroll":62,"Mummified Hand":79,"Strawberry":62,"MealTicket":19,"WingedGreaves":7,"Red Mask":42,"Chemical X":13,"Replay:Wax Seal":28,"Ring of the Snake":0,"Potion Belt":15,"The Specimen":65,"Guide Book":53,"Oddly Smooth Stone":53,"Omamori":3,"Letter Opener":37,"Paper Crane":18,"War Paint":34,"Question Card":45,"OrangePellets":28,"Replay:Baseball":15,"ReplayTheSpireMod:Shallot":28,"MutagenicStrength":28,"Coffee Dripper":0,"Nloth\u0027s Gift":28,"Membership Card":15,"ReplayTheSpireMod:Lightbulb":53,"Toy Ornithopter":65}],"Toy Ornithopter":21},"card_choices":[{"not_picked":["Dagger Throw","Underhanded Strike","Quick Slash"],"picked":"SKIP","floor":1.0},{"not_picked":["Cloak And Dagger","Quick Slash"],"picked":"Hidden Blade","floor":4.0},{"not_picked":["Bane","Dodge and Roll"],"picked":"ReplayTheSpireMod:From All Sides","floor":7.0},{"not_picked":["Dagger Spray","Acrobatics","Quick Slash"],"picked":"SKIP","floor":10.0},{"not_picked":["Blur","All Out Attack"],"picked":"Poison Darts","floor":13.0},{"not_picked":["Bane","Cloak And Dagger","Quick Slash"],"picked":"SKIP","floor":14.0},{"not_picked":["Corpse Explosion","Phantasmal Killer"],"picked":"After Image","floor":16.0},{"not_picked":["Dodge and Roll","Prepared"],"picked":"Footwork","floor":18.0},{"not_picked":["Flying Knee","Sucker Punch","Die Die Die"],"picked":"SKIP","floor":22.0},{"not_picked":["Footwork+1","Acrobatics"],"picked":"Bouncing Flask","floor":25.0},{"not_picked":["Outmaneuver","Dodge and Roll","Quick Slash"],"picked":"SKIP","floor":28.0},{"not_picked":["Die Die Die","Backflip","Calculated Gamble"],"picked":"SKIP","floor":29.0},{"not_picked":["Flying Knee","Dagger Throw"],"picked":"Fluid Movement","floor":30.0},{"not_picked":["Infinite Blades","Envenom"],"picked":"Replay:Bag of Tricks","floor":31.0},{"not_picked":["Wraith Form v2","Bullet Time","Venomology"],"picked":"Poison Darts","floor":33.0},{"not_picked":["Fluid Movement","Concentrate","Blur+1","Dagger Throw"],"picked":"SKIP","floor":35.0},{"not_picked":["Wraith Form v2","Dodge and Roll","Crippling Poison"],"picked":"Envenom","floor":41.0},{"not_picked":["A Thousand Cuts","Fluid Movement","Underhanded Strike+1"],"picked":"ReplayTheSpireMod:Tripwire","floor":44.0},{"not_picked":["ReplayTheSpireMod:Scrap Shanks+1","Distraction","Bane"],"picked":"Noxious Fumes+1","floor":55}],"player_experience":630958,"relics_obtained":[{"floor":7.0,"key":"Blue Doll"},{"floor":9.0,"key":"Matryoshka"},{"floor":13.0,"key":"MealTicket"},{"floor":25.0,"key":"Tough Bandages"},{"floor":26.0,"key":"War Paint"},{"floor":26.0,"key":"Replay:Rubber Ducky"},{"floor":28.0,"key":"Letter Opener"},{"floor":30.0,"key":"Red Mask"},{"floor":31.0,"key":"Question Card"},{"floor":41.0,"key":"Ninja Scroll"},{"floor":43.0,"key":"Strawberry"},{"floor":44.0,"key":"Toy Ornithopter"},{"floor":45.0,"key":"CeramicFish"},{"floor":55,"key":"Gremlin Horn"}],"event_choices":[{"damage_healed":0.0,"max_hp_gain":0.0,"max_hp_loss":0.0,"gold_gain":0.0,"event_name":"Living Wall","player_choice":"Grow","floor":2.0,"gold_loss":0.0,"damage_taken":0.0,"cards_upgraded":["A Thousand Cuts"]},{"damage_healed":0.0,"max_hp_gain":0.0,"max_hp_loss":0.0,"gold_gain":50.0,"event_name":"FaceTrader","player_choice":"Touch","floor":5.0,"gold_loss":0.0,"damage_taken":6.0},{"damage_healed":0.0,"max_hp_gain":0.0,"max_hp_loss":0.0,"gold_gain":0.0,"event_name":"Drug Dealer","player_choice":"Inject Mutagens","floor":19.0,"gold_loss":0.0,"damage_taken":0.0,"relics_obtained":["MutagenicStrength"]},{"damage_healed":0.0,"max_hp_gain":0.0,"max_hp_loss":0.0,"gold_gain":0.0,"event_name":"N\u0027loth","player_choice":"Traded Relic","floor":21.0,"relics_lost":["Snake Skull"],"gold_loss":0.0,"damage_taken":0.0,"relics_obtained":["Nloth\u0027s Gift"]},{"damage_healed":0.0,"max_hp_gain":0.0,"max_hp_loss":0.0,"gold_gain":0.0,"event_name":"Masked Bandits","player_choice":"Fought Bandits","floor":30.0,"gold_loss":0.0,"damage_taken":0.0},{"damage_healed":0.0,"max_hp_gain":0.0,"max_hp_loss":3.0,"gold_gain":0.0,"event_name":"Winding Halls","player_choice":"Max HP","floor":37.0,"gold_loss":0.0,"damage_taken":0.0},{"damage_healed":0.0,"max_hp_gain":0.0,"max_hp_loss":0.0,"gold_gain":0.0,"event_name":"MindBloom","player_choice":"Fight","floor":39.0,"gold_loss":0.0,"damage_taken":0.0},{"damage_healed":0.0,"max_hp_gain":0.0,"max_hp_loss":0.0,"gold_gain":0.0,"event_name":"Accursed Blacksmith","player_choice":"Forge","floor":47.0,"gold_loss":0.0,"damage_taken":0.0,"cards_upgraded":["Fluid Movement"]}],"is_beta":false,"boss_relics":[{"not_picked":["Snecko Eye","Honey Jar"],"picked":"WristBlade"},{"not_picked":["Philosopher\u0027s Stone","Ring of Chaos"],"picked":"HoveringKite"}],"items_purged_floors":[11,12,20,36,38,48,54],"is_endless":false,"potions_floor_spawned":[4,10,22,25,29,31,33,39,55],"ascension_level":20}}