{"host":"gttgmv2wah99hzdm","time":1611093786,"event":{"mods":["AchievementEnabler","BaseMod","Bestiary","Block Reminder","Filter the Spire","Minty Spire (QoL Compilation)","Relic Stats","Weighted Paths","ojb\u0027s Better Paths Mod","ojb\u0027s Info Mod"],"gold_per_floor":[366,366,146,146,160,160,190,201,201,228,241,241,273,288,288,288,288],"floor_reached":16,"language":"ENG","playtime":1160,"items_purged":["Strike_R"],"score":265,"play_id":"a776f87c-e8ba-40d6-b887-73b5cf159c5c","local_time":"20210119160306","is_ascension_mode":true,"campfire_choices":[{"data":"Feed","floor":6.0,"key":"SMITH"},{"data":"Hemokinesis","floor":12.0,"key":"SMITH"},{"data":"Pommel Strike","floor":15,"key":"SMITH"}],"circlet_count":0,"master_deck":["AscendersBane","Strike_R","Strike_R","Strike_R","Strike_R","Defend_R","Defend_R","Defend_R","Defend_R","Bash+1","Pommel Strike+1","Feed+1","Hemokinesis+1","Impervious","Dark Embrace+1","Dropkick"],"relics":["Burning Blood","InkBottle","Singing Bowl","Frozen Egg 2","Torii"],"acts_visited":["Exordium"],"potions_floor_usage":[16],"damage_taken":[{"damage":1.0,"enemies":"Small Slimes","floor":1.0,"turns":4.0},{"damage":0.0,"enemies":"Cultist","floor":5.0,"turns":3.0},{"damage":25.0,"enemies":"Lagavulin","floor":7.0,"turns":6.0},{"damage":6.0,"enemies":"2 Louse","floor":8.0,"turns":3.0},{"damage":10.0,"enemies":"Gremlin Nob","floor":10.0,"turns":3.0},{"damage":16.0,"enemies":"Blue Slaver","floor":11.0,"turns":4.0},{"damage":33.0,"enemies":"Lagavulin","floor":13.0,"turns":6.0},{"damage":9.0,"enemies":"Lots of Slimes","floor":14.0,"turns":3.0},{"damage":37,"enemies":"Hexaghost","floor":16,"turns":9}],"seed_played":"7809551588321102183","potions_obtained":[{"floor":5.0,"key":"AttackPotion"},{"floor":8.0,"key":"Fire Potion"},{"floor":10.0,"key":"Ancient Potion"},{"floor":14.0,"key":"SpeedPotion"}],"is_trial":false,"path_per_floor":["M","?","$","?","M","R","E","M","T","E","M","R","E","M","R","B"],"character_chosen":"IRONCLAD","items_purchased":["Feed","SkillPotion"],"campfire_rested":0,"item_purchase_floors":[3,3],"current_hp_per_floor":[68,68,68,68,71,71,56,60,60,60,56,56,33,36,36,0,0],"gold":288,"neow_bonus":"TWO_FIFTY_GOLD","is_daily":false,"chose_seed":false,"campfire_upgraded":3,"win_rate":0.0,"timestamp":1611093786,"path_taken":["M","?","$","?","M","R","E","M","T","E","M","R","E","?","R","BOSS"],"items_purchased_type":["Card","Potion"],"build_version":"2020-12-22","purchased_purges":1,"victory":false,"max_hp_per_floor":[68,68,68,68,71,71,75,79,79,83,89,89,93,99,99,99,99],"relic_stats":{"Singing Bowl":4,"Torii":17,"counters":[9,41],"obtain_stats":[{"Singing Bowl":7,"Torii":13,"Frozen Egg 2":9,"Burning Blood":0,"InkBottle":4},{"Singing Bowl":3,"Torii":7,"Frozen Egg 2":4,"Burning Blood":0,"InkBottle":1},{"Singing Bowl":13,"Torii":29,"Frozen Egg 2":16,"Burning Blood":0,"InkBottle":4}],"Burning Blood":37,"InkBottle":[9]},"card_choices":[{"not_picked":["Cleave","Perfected Strike"],"picked":"Pommel Strike","floor":1.0},{"not_picked":["Shrug It Off","Pummel","Thunderclap"],"picked":"SKIP","floor":5.0},{"not_picked":["Twin Strike","Cleave"],"picked":"Hemokinesis","floor":7.0},{"not_picked":["Whirlwind","Power Through"],"picked":"Impervious","floor":8.0},{"not_picked":["Iron Wave","Armaments"],"picked":"Dark Embrace+1","floor":10.0},{"not_picked":["Ghostly Armor","Hemokinesis","Body Slam"],"picked":"Singing Bowl","floor":11.0},{"not_picked":["Thunderclap","Twin Strike"],"picked":"Dropkick","floor":13.0},{"not_picked":["Ghostly Armor","Headbutt","Armaments"],"picked":"Singing Bowl","floor":14.0}],"player_experience":1067433,"relics_obtained":[{"floor":7.0,"key":"Singing Bowl"},{"floor":9.0,"key":"Frozen Egg 2"},{"floor":13.0,"key":"Torii"}],"event_choices":[{"damage_healed":0.0,"max_hp_gain":0.0,"max_hp_loss":0.0,"gold_gain":0.0,"event_name":"Living Wall","player_choice":"Grow","floor":2.0,"gold_loss":0.0,"damage_taken":0.0,"cards_upgraded":["Bash"]},{"damage_healed":0.0,"max_hp_gain":0.0,"max_hp_loss":0.0,"gold_gain":0.0,"event_name":"WeMeetAgain","player_choice":"Gave Potion","floor":4.0,"gold_loss":0.0,"damage_taken":0.0,"relics_obtained":["InkBottle"]}],"is_beta":false,"boss_relics":[],"items_purged_floors":[3],"is_endless":false,"potions_floor_spawned":[5,8,10,14],"killed_by":"Hexaghost","ascension_level":20}}