{"host":"dwyzfvnzfcqffr30","time":1611067207,"event":{"mods":["2.2 Compatiblity","Act Like it!","Aspiration","BaseMod","Beaked The Cultist","Better Altar","Better Match","Better Note","Better Sensory Stone","Better Skull","Better Third Choice","Clockwork Mod","Colored Map","Colored Powertips","Conspire","Elementarium","GifTheSpireLib","Halation","Hermit","Hubris","Infinite Spire","Ironclad Rager","Jedi Mod","Menagerie","Mimic Mod","Minty Spire (QoL Compilation)","Permanent Neow","Random Character Button","Replay The Spire","Spicy Shops","Spikes Relics","StSLib","Stuff the Spire","The Construct","The Disciple","The Druid","The Marked","TheFirefly","Trackpad","Wandering Minibosses","vexMod"],"gold_per_floor":[125,152,152,176,204,244,278,314,340,340,382,441,441,487,487,617,617,670,630,683,742,809,895,895,981,981,1060,609,674,674,674,674,821,821,884,956,327,327,327,327,361,414,451,490,490,533,603,603,603,603,603,603,161,205,205,205],"floor_reached":55,"language":"ENG","playtime":18956,"items_purged":["theMarked:TwofoldDefense+1","theMarked:Defend+1"],"score":1014,"play_id":"f55e75ef-582f-41d1-b0dd-e9f2f6b7bf2c","local_time":"20210119064007","is_ascension_mode":true,"campfire_choices":[{"floor":13,"key":"RECALL"},{"floor":15,"key":"REST"},{"floor":24,"key":"REST"},{"data":"theMarked:StartUp+1","floor":32,"key":"SMITH"},{"floor":40,"key":"REST"},{"floor":45,"key":"REST"},{"data":"theMarked:StartUp+2","floor":49,"key":"SMITH"},{"data":"theMarked:StartUp+3","floor":52,"key":"SMITH"}],"circlet_count":0,"master_deck":["theMarked:Strike+1","theMarked:Strike+1","theMarked:Strike+1","theMarked:Strike+2","theMarked:Defend+1","theMarked:Defend+2","theMarked:Defend+1","theMarked:UnarmedFury+1","Apotheosis+1","MasterReality+1","theMarked:HeightenedSenses+1","theMarked:StartUp+4","theMarked:ElectricStrings+1","theMarked:ChainLightning+1","theMarked:SuspiciousRaven+1","theMarked:ResourceFulStrike+1","theMarked:MagicAdept+1","theMarked:Parkour+1","theMarked:ComboAttacks+1","StuffTheSpire:BrainWave","Madness+1","Madness+1","hubris:EnhanceAbility+1"],"relics":["theMarked:ArtifactOfAir","Frozen Egg 2","Toxic Egg 2","Molten Egg 2","Quantum Egg","infinitespire:EvilPickle","conspire:InfiniteJournal","Bottled Tornado","Bag of Marbles","ReplayTheSpireMod:TigerMarble","Sandwich","infinitespire:CheckeredPen","Question Card","StuffTheSpire:Rhapsscallions","Juzu Bracelet","RollingBoulder","Lee\u0027s Waffle","halation:SelfBoilingWater","wanderingMiniBosses:AbyssPearl","Replay:Baseball","hubris:TenFootPole","aspiration:ChemicalBlood","aspiration:HummingbirdHeart","halation:QuantumPhysicsTextbook","Replay:Bottled Snecko","Ginger"],"acts_visited":["Exordium","TheCity","TheBeyond","TheEnding"],"potions_floor_usage":[6,12,16,33,33,33,43,50,50,54,54,55,55,55],"damage_taken":[{"damage":0,"enemies":"Small Slimes","floor":1,"turns":2},{"damage":0,"enemies":"Cultist","floor":2,"turns":2},{"damage":0,"enemies":"conspire:RoseBush","floor":4,"turns":2},{"damage":6,"enemies":"Gremlin Gang","floor":5,"turns":3},{"damage":4,"enemies":"Gremlin Nob","floor":6,"turns":3},{"damage":8,"enemies":"Lots of Slimes","floor":7,"turns":5},{"damage":1,"enemies":"2 Fungi Beasts","floor":8,"turns":2},{"damage":0,"enemies":"3 Louse","floor":11,"turns":2},{"damage":0,"enemies":"3 Sentries","floor":12,"turns":5},{"damage":3,"enemies":"Blue Slaver","floor":14,"turns":2},{"damage":0,"enemies":"Slime Boss","floor":16,"turns":2},{"damage":0,"enemies":"3 Byrds","floor":18,"turns":4},{"damage":20,"enemies":"conspire:FuzzyDice","floor":20,"turns":5},{"damage":0,"enemies":"Cultist and Chosen","floor":21,"turns":4},{"damage":12,"enemies":"Snake Plant","floor":22,"turns":3},{"damage":0,"enemies":"conspire:Head Lice","floor":23,"turns":4},{"damage":15,"enemies":"conspire:SneckoGhost","floor":25,"turns":5},{"damage":9,"enemies":"Centurion and Healer","floor":27,"turns":2},{"damage":0,"enemies":"Gremlin Leader","floor":29,"turns":4},{"damage":21,"enemies":"Collector","floor":33,"turns":9},{"damage":35,"enemies":"3 Darklings","floor":35,"turns":5},{"damage":0,"enemies":"3 Shapes","floor":36,"turns":2},{"damage":0,"enemies":"Jaw Worm Horde","floor":41,"turns":2},{"damage":11,"enemies":"beaked:SuperParasite","floor":42,"turns":5},{"damage":0,"enemies":"3 Darklings","floor":43,"turns":3},{"damage":0,"enemies":"3 Darklings","floor":44,"turns":2},{"damage":0,"enemies":"Transient","floor":46,"turns":5},{"damage":0,"enemies":"Giant Head","floor":47,"turns":4},{"damage":3,"enemies":"Replay:Hell Engine","floor":50,"turns":6},{"damage":20,"enemies":"Shield and Spear","floor":54,"turns":4},{"damage":59,"enemies":"The Heart","floor":55,"turns":5}],"seed_played":"4456440298028760735","potions_obtained":[{"floor":1,"key":"infinitespire:BlackPotion"},{"floor":6,"key":"Elixir"},{"floor":8,"key":"Adrenaline Potion"},{"floor":11,"key":"theMarked:ChargePotion"},{"floor":14,"key":"LiquidBronze"},{"floor":20,"key":"Strength Potion"},{"floor":33,"key":"Dexterity Potion"},{"floor":36,"key":"Fire Potion"},{"floor":44,"key":"DuplicationPotion"}],"is_trial":false,"path_per_floor":["M","M","?","M","M","E","M","M","T","?","M","E","R","M","R","B",null,"M","?","M","M","M","E","R","E","T","M","$","E","?","?","R","B",null,"M","M","$","?","?","R","M","E","MIM","M","R","M","E","?","R","B",null,"R","$","E","B"],"character_chosen":"THE_DEFAULT","items_purchased":["Juzu Bracelet","RollingBoulder","Lee\u0027s Waffle","theMarked:ComboAttacks+1","Replay:Baseball","hubris:TenFootPole","PowerPotion","aspiration:ChemicalBlood","Replay:Bottled Snecko","hubris:EnhanceAbility+1","PowerPotion","Explosive Potion"],"campfire_rested":4,"item_purchase_floors":[28,28,28,37,37,37,37,37,53,53,53,53],"current_hp_per_floor":[70,70,70,70,64,60,52,51,51,51,51,51,51,48,69,69,70,70,70,50,50,38,40,61,58,61,52,82,82,85,85,85,64,80,45,45,45,45,40,63,63,52,54,54,77,77,77,77,77,74,78,78,78,58,0,0],"gold":205,"neow_bonus":"ONE_RANDOM_RARE_CARD","is_daily":false,"chose_seed":false,"campfire_upgraded":3,"win_rate":0.0,"timestamp":1611067207,"path_taken":["M","M","?","M","?","E","?","?","T","?","M","E","R","M","R","BOSS","M","?","M","?","M","E","R","E","T","?","$","E","?","?","R","BOSS","M","M","$","?","?","R","M","E","MIM","M","R","M","E","?","R","BOSS","R","$","E","BOSS"],"items_purchased_type":["Relic","Relic","Relic","Card","Relic","Relic","Potion","Relic","Relic","Card","Potion","Potion"],"build_version":"2020-12-22","purchased_purges":2,"victory":false,"max_hp_per_floor":[70,70,70,70,70,70,70,70,70,70,70,70,70,70,70,70,70,70,70,70,70,70,72,72,72,75,75,82,82,85,85,85,85,85,85,85,85,77,77,77,77,77,79,79,79,79,79,79,79,79,79,79,79,79,79,79],"card_choices":[{"not_picked":["theMarked:EmpowerWeapon+1","theMarked:Generate+1"],"picked":"theMarked:HeightenedSenses+1","floor":1},{"not_picked":["theMarked:Reabsorb+1","theMarked:RepellingDischarge+1"],"picked":"theMarked:StartUp+1","floor":2},{"not_picked":["theMarked:GodGivenPower+1","theMarked:Opportunist+1"],"picked":"theMarked:ElectricStrings+1","floor":4},{"not_picked":["theMarked:BanishingStrike+1","theMarked:ShockingTouch+1"],"picked":"theMarked:TwofoldDefense+1","floor":5},{"not_picked":["theMarked:ReduceFriction+1","theMarked:Aftermath+1","theMarked:Electrocute+1"],"picked":"SKIP","floor":6},{"not_picked":["theMarked:EmpowerWeapon+1","theMarked:Reabsorb+1"],"picked":"theMarked:ChainLightning+1","floor":7},{"not_picked":["theMarked:Aftermath+1","theMarked:Convert+1","theMarked:WastefulDefense+1"],"picked":"SKIP","floor":8},{"not_picked":["theMarked:SelfDefenseTraining+1","theMarked:HeightenedSenses+1","theMarked:Frustration+1"],"picked":"SKIP","floor":11},{"not_picked":["theMarked:DispelDoubt+1","theMarked:WastefulDefense+1"],"picked":"theMarked:AttractMetal+1","floor":12},{"not_picked":["theMarked:Static+1","theMarked:SwordAndMagic+1","theMarked:WastefulAttack+1"],"picked":"SKIP","floor":14},{"not_picked":["theMarked:DispelDoubt+1","theMarked:Levitate+1"],"picked":"theMarked:SuspiciousRaven+1","floor":16},{"not_picked":["theMarked:ElectricStrings+1","theMarked:Static+1"],"picked":"theMarked:ResourceFulStrike+1","floor":18},{"not_picked":["theMarked:EmpowerWeapon+1","theMarked:RepellingDischarge+1","theMarked:WastefulAttack+1"],"picked":"SKIP","floor":20},{"not_picked":["theMarked:WastefulDefense+1","theMarked:TwofoldDefense+1","theMarked:Snap+1"],"picked":"SKIP","floor":21},{"not_picked":["theMarked:Frustration+1","theMarked:PowerFlow+1","theMarked:Improvise+1"],"picked":"SKIP","floor":22},{"not_picked":["theMarked:BindingBlade+1","theMarked:Seal+1","theMarked:ElectricStrings+1"],"picked":"SKIP","floor":23},{"not_picked":["theMarked:ElectricStrings+1","theMarked:Electrify+1","theMarked:Overcharge+1"],"picked":"SKIP","floor":25},{"not_picked":["theMarked:BanishingStrike+1","theMarked:Improvise+1","theMarked:Indomitable+1","theMarked:MuscleMemory+1"],"picked":"SKIP","floor":27},{"not_picked":["theMarked:ResourceFulStrike+1","theMarked:TwofoldDefense+1","theMarked:Static+1","theMarked:WastefulAttack+1"],"picked":"SKIP","floor":29},{"not_picked":["theMarked:TakeOffHeels+1","theMarked:ThrowWeapon+1","theMarked:Vacuum+1"],"picked":"theMarked:MagicAdept+1","floor":33},{"not_picked":["theMarked:ElementalBlade+1","theMarked:ResourceFulStrike+1","theMarked:TunnelVision+1"],"picked":"theMarked:Parkour+1","floor":35},{"not_picked":["theMarked:HeightenedSenses+1","theMarked:TakeCover+1","theMarked:ElectricStrings+1","theMarked:SwordAndMagic+1"],"picked":"SKIP","floor":36},{"not_picked":["theMarked:BanishingStrike+1","theMarked:ChannelForce+1","theMarked:WastefulDefense+1","theMarked:Seal+1"],"picked":"SKIP","floor":41},{"not_picked":["theMarked:Overcharge+1","theMarked:Standoff+1","theMarked:ElectricStrings+1","theMarked:KeepCalmAndFightOn+1"],"picked":"SKIP","floor":42},{"not_picked":["theMarked:BanishingStrike+1","theMarked:RepellingDischarge+1","theMarked:ChainLightning+1","theMarked:Parry+1"],"picked":"SKIP","floor":44},{"not_picked":["theMarked:ShockingTouch+1","theMarked:ElectricStrings+1","theMarked:ElementalBlade+1","theMarked:Frustration+1"],"picked":"SKIP","floor":46},{"not_picked":["theMarked:Improvise+1","theMarked:WastefulAttack+1","theMarked:TwofoldDefense+1","theMarked:Electrify+1"],"picked":"SKIP","floor":47},{"not_picked":["theMarked:SwordAndMagic+1","theMarked:BanishingStrike+1","theMarked:Aftermath+1","theMarked:Reabsorb+1"],"picked":"SKIP","floor":54}],"player_experience":2157957,"relics_obtained":[{"floor":6,"key":"Bag of Marbles"},{"floor":12,"key":"ReplayTheSpireMod:TigerMarble"},{"floor":23,"key":"infinitespire:CheckeredPen"},{"floor":25,"key":"Question Card"},{"floor":26,"key":"StuffTheSpire:Rhapsscallions"},{"floor":29,"key":"halation:SelfBoilingWater"},{"floor":35,"key":"wanderingMiniBosses:AbyssPearl"},{"floor":42,"key":"aspiration:HummingbirdHeart"},{"floor":43,"key":"halation:QuantumPhysicsTextbook"},{"floor":54,"key":"Ginger"}],"event_choices":[{"damage_healed":0.0,"max_hp_gain":0.0,"max_hp_loss":9.0,"gold_gain":0.0,"event_name":"betterThird:BetterWriting","player_choice":"Simplicity","floor":0.0,"gold_loss":0.0,"damage_taken":0.0},{"cards_removed":["theMarked:SoldierOfQuellstein"],"damage_healed":0,"gold_gain":0,"player_choice":"Offered Basic","damage_taken":0,"max_hp_gain":0,"max_hp_loss":0,"event_name":"Bonfire Elementals","floor":3,"gold_loss":0},{"damage_healed":0,"gold_gain":0,"player_choice":"Ignored","damage_taken":340,"max_hp_gain":0,"max_hp_loss":0,"event_name":"betterThird:BetterSerpent","floor":10,"gold_loss":0},{"damage_healed":0,"gold_gain":0,"player_choice":"Upgraded Two","damage_taken":0,"max_hp_gain":0,"max_hp_loss":0,"event_name":"Designer","floor":19,"gold_loss":40,"cards_upgraded":["theMarked:Strike","theMarked:Defend"]},{"damage_healed":0,"gold_gain":0,"player_choice":"Leave","damage_taken":0,"max_hp_gain":0,"max_hp_loss":0,"event_name":"conspire:Investor","floor":31,"gold_loss":0},{"damage_healed":0,"gold_gain":0,"player_choice":"Embrace Madness","damage_taken":10,"max_hp_gain":0,"max_hp_loss":0,"event_name":"Winding Halls","floor":39,"gold_loss":0,"cards_obtained":["Madness","Madness"]},{"cards_removed":["theMarked:AttractMetal"],"damage_healed":0,"gold_gain":0,"player_choice":"Removed Skill","damage_taken":0,"max_hp_gain":0,"max_hp_loss":0,"event_name":"Falling","floor":48,"gold_loss":0}],"is_beta":false,"boss_relics":[{"not_picked":["Abe\u0027s Treasure","aspiration:RunicSpoon"],"picked":"Sandwich"},{"not_picked":["StuffTheSpire:Kangaroo","conspire:SeveredTorchhead","Honey Jar"]}],"items_purged_floors":[37,37],"is_endless":false,"potions_floor_spawned":[1,6,8,11,14,20,23,27,33,36,41,42,44],"killed_by":"The Heart","ascension_level":5}}