{"host":"uzcks4yhskks9i02","time":1611022032,"event":{"mods":["BaseMod","Minty Spire (QoL Compilation)","Quick Restart"],"gold_per_floor":[110,120,139,139,29,62,62,72,121,151,151,167,167,178,178,275,275,294,326,21,34,34,34,63,63,63,63,89,99,2,21,21,121,121,134,134,146,146,71,71,71,87,113,133,133,43,43,57,57,57],"floor_reached":51,"language":"ENG","playtime":3379,"items_purged":["Pain"],"score":1170,"play_id":"61013d27-8abc-4f1d-8303-55d67e86dc1a","local_time":"20210118190712","is_ascension_mode":true,"campfire_choices":[{"data":"SpiritShield","floor":7.0,"key":"SMITH"},{"floor":13.0,"key":"REST"},{"floor":15.0,"key":"REST"},{"data":"Vault","floor":23.0,"key":"SMITH"},{"floor":25.0,"key":"REST"},{"data":"SignatureMove","floor":27.0,"key":"SMITH"},{"floor":32.0,"key":"REST"},{"floor":40.0,"key":"REST"},{"floor":45.0,"key":"REST"},{"data":"Blasphemy","floor":47.0,"key":"SMITH"},{"floor":49.0,"key":"REST"}],"circlet_count":0,"master_deck":["AscendersBane","Eruption","Vigilance+1","SpiritShield+1","WheelKick","Crescendo","EmptyMind+1","LikeWater","SignatureMove+1","Collect+1","CarveReality","Consecrate","Evaluate","BattleHymn","ConjureBlade","Adaptation","ForeignInfluence","Vault+1","FollowUp+1","Perseverance","SignatureMove","Fasting2+1","Bandage Up","CrushJoints","Blasphemy+1","Wireheading","WreathOfFlame","Worship","Adaptation","Halt","Sanctity","Sanctity","LessonLearned","Vengeance+1","Madness","Madness","FearNoEvil","InnerPeace","BowlingBash","Mind Blast","Consecrate"],"relics":["PureWater","Bottled Lightning","Vajra","War Paint","Gremlin Horn","SlaversCollar","Red Mask","Lee\u0027s Waffle","Meat on the Bone","FossilizedHelix","Potion Belt","Pandora\u0027s Box","WarpedTongs","Bronze Scales"],"acts_visited":["Exordium","TheCity","TheBeyond"],"potions_floor_usage":[50,50,50],"damage_taken":[{"damage":0.0,"enemies":"Jaw Worm","floor":1.0,"turns":3.0},{"damage":0.0,"enemies":"Cultist","floor":2.0,"turns":3.0},{"damage":0.0,"enemies":"2 Louse","floor":3.0,"turns":3.0},{"damage":27.0,"enemies":"Lagavulin","floor":6.0,"turns":10.0},{"damage":13.0,"enemies":"Blue Slaver","floor":8.0,"turns":4.0},{"damage":24.0,"enemies":"Gremlin Nob","floor":10.0,"turns":4.0},{"damage":2.0,"enemies":"Exordium Wildlife","floor":12.0,"turns":3.0},{"damage":0.0,"enemies":"3 Louse","floor":14.0,"turns":3.0},{"damage":28.0,"enemies":"Hexaghost","floor":16.0,"turns":7.0},{"damage":11.0,"enemies":"Spheric Guardian","floor":18.0,"turns":4.0},{"damage":45.0,"enemies":"Masked Bandits","floor":19.0,"turns":5.0},{"damage":8.0,"enemies":"Chosen","floor":21.0,"turns":3.0},{"damage":41.0,"enemies":"Book of Stabbing","floor":24.0,"turns":6.0},{"damage":36.0,"enemies":"Slavers","floor":28.0,"turns":5.0},{"damage":10.0,"enemies":"3 Cultists","floor":29.0,"turns":5.0},{"damage":18.0,"enemies":"Snecko","floor":31.0,"turns":4.0},{"damage":15.0,"enemies":"Collector","floor":33.0,"turns":6.0},{"damage":0.0,"enemies":"3 Darklings","floor":35.0,"turns":2.0},{"damage":21.0,"enemies":"3 Shapes","floor":37.0,"turns":5.0},{"damage":66.0,"enemies":"Reptomancer","floor":41.0,"turns":7.0},{"damage":20.0,"enemies":"Sphere and 2 Shapes","floor":42.0,"turns":5.0},{"damage":0.0,"enemies":"4 Shapes","floor":44.0,"turns":6.0},{"damage":20.0,"enemies":"Maw","floor":48.0,"turns":6.0},{"damage":63,"enemies":"Awakened One","floor":50,"turns":7}],"seed_played":"7378176615874169979","potions_obtained":[{"floor":2.0,"key":"GamblersBrew"},{"floor":8.0,"key":"Fruit Juice"},{"floor":10.0,"key":"Strength Potion"},{"floor":14.0,"key":"DistilledChaos"},{"floor":21.0,"key":"SpeedPotion"},{"floor":28.0,"key":"Weak Potion"},{"floor":31.0,"key":"FearPotion"},{"floor":33.0,"key":"AttackPotion"},{"floor":35.0,"key":"DistilledChaos"},{"floor":37.0,"key":"EntropicBrew"},{"floor":44.0,"key":"Strength Potion"},{"floor":48.0,"key":"CultistPotion"}],"is_trial":false,"path_per_floor":["M","M","M","?","$","E","R","M","T","E","T","M","R","M","R","B",null,"M","?","$","M","?","R","E","R","T","R","E","M","$","M","R","B",null,"M","?","M","?","$","R","E","M","T","M","R","$","R","M","R","B",null],"character_chosen":"WATCHER","items_purchased":["LikeWater","SignatureMove","Lee\u0027s Waffle","Vault","Bandage Up","Mind Blast"],"campfire_rested":7,"item_purchase_floors":[5,5,20,20,30,46],"current_hp_per_floor":[65,65,65,65,65,38,38,30,30,6,6,4,27,27,50,22,63,52,7,84,76,76,76,35,60,60,60,36,38,38,36,61,50,76,76,65,48,48,48,73,23,19,19,35,60,60,60,46,71,24],"gold":57,"neow_bonus":"ONE_RANDOM_RARE_CARD","is_daily":false,"chose_seed":false,"campfire_upgraded":4,"win_rate":0.0,"timestamp":1611022032,"path_taken":["M","M","M","?","?","E","R","M","T","E","?","M","R","?","R","BOSS","M","?","$","M","?","R","E","R","T","R","E","M","?","?","R","BOSS","M","?","M","?","$","R","E","M","T","?","R","?","R","M","R","BOSS"],"items_purchased_type":["Card","Card","Relic","Card","Card","Card"],"build_version":"2020-12-22","purchased_purges":1,"victory":true,"max_hp_per_floor":[72,72,72,72,72,72,72,77,77,77,77,77,77,77,77,77,77,77,77,84,84,84,84,84,84,84,84,84,84,84,84,84,84,84,84,84,84,84,84,84,84,84,84,84,84,84,84,84,84,84],"card_choices":[{"not_picked":["SashWhip","PathToVictory"],"picked":"WheelKick","floor":1.0},{"not_picked":["Protect","ThirdEye"],"picked":"Crescendo","floor":2.0},{"not_picked":["CrushJoints","SashWhip"],"picked":"EmptyMind","floor":3.0},{"not_picked":["PathToVictory","Protect"],"picked":"Collect","floor":6.0},{"not_picked":["SashWhip","FlyingSleeves"],"picked":"CarveReality","floor":8.0},{"not_picked":["InnerPeace","WaveOfTheHand"],"picked":"Consecrate","floor":10.0},{"not_picked":["EmptyFist","ClearTheMind"],"picked":"Evaluate","floor":12.0},{"not_picked":["ReachHeaven","PathToVictory"],"picked":"BattleHymn","floor":14.0},{"not_picked":["Wish","Omniscience"],"picked":"ConjureBlade","floor":16.0},{"not_picked":["CutThroughFate","ClearTheMind"],"picked":"Adaptation","floor":18.0},{"not_picked":["Wireheading","DeceiveReality"],"picked":"ForeignInfluence","floor":19.0},{"not_picked":["EmptyBody","Prostrate+1"],"picked":"FollowUp+1","floor":21.0},{"not_picked":["Collect","Worship"],"picked":"Perseverance","floor":24.0},{"not_picked":["Weave","CrushJoints"],"picked":"SignatureMove","floor":28.0},{"not_picked":["EmptyFist","Protect+1"],"picked":"Fasting2+1","floor":29.0},{"not_picked":["FlyingSleeves","Weave"],"picked":"CrushJoints","floor":31.0},{"not_picked":["Wish","LessonLearned"],"picked":"Blasphemy","floor":33.0},{"not_picked":["JustLucky","WaveOfTheHand"],"picked":"Vengeance+1","floor":35.0},{"not_picked":["FlyingSleeves","Halt"],"picked":"FearNoEvil","floor":37.0},{"not_picked":["Halt","Weave","FlurryOfBlows+1"],"picked":"SKIP","floor":41.0},{"not_picked":["Worship","Collect+1"],"picked":"InnerPeace","floor":42.0},{"not_picked":["Crescendo","SashWhip"],"picked":"BowlingBash","floor":44.0},{"not_picked":["FlurryOfBlows","Crescendo"],"picked":"Consecrate","floor":48.0}],"player_experience":512517,"relics_obtained":[{"floor":6.0,"key":"Bottled Lightning"},{"floor":9.0,"key":"Vajra"},{"floor":10.0,"key":"War Paint"},{"floor":11.0,"key":"Gremlin Horn"},{"floor":19.0,"key":"Red Mask"},{"floor":24.0,"key":"Meat on the Bone"},{"floor":26.0,"key":"FossilizedHelix"},{"floor":28.0,"key":"Potion Belt"},{"floor":43.0,"key":"Bronze Scales"}],"event_choices":[{"damage_healed":0.0,"max_hp_gain":0.0,"max_hp_loss":0.0,"gold_gain":0.0,"event_name":"The Woman in Blue","player_choice":"Bought 0 Potions","floor":4.0,"gold_loss":0.0,"damage_taken":0.0},{"damage_healed":0.0,"max_hp_gain":0.0,"max_hp_loss":0.0,"gold_gain":0.0,"event_name":"Masked Bandits","player_choice":"Fought Bandits","floor":19.0,"gold_loss":0.0,"damage_taken":0.0},{"damage_healed":0.0,"max_hp_gain":0.0,"max_hp_loss":0.0,"gold_gain":0.0,"event_name":"Vampires","player_choice":"Ignored","floor":22.0,"gold_loss":0.0,"damage_taken":0.0},{"damage_healed":0.0,"max_hp_gain":0.0,"max_hp_loss":0.0,"gold_gain":0.0,"event_name":"Winding Halls","player_choice":"Embrace Madness","floor":36.0,"gold_loss":0.0,"damage_taken":11.0,"cards_obtained":["Madness","Madness"]},{"damage_healed":0.0,"max_hp_gain":0.0,"max_hp_loss":0.0,"gold_gain":0.0,"event_name":"Accursed Blacksmith","player_choice":"Rummage","floor":38.0,"gold_loss":0.0,"damage_taken":0.0,"relics_obtained":["WarpedTongs"],"cards_obtained":["Pain"]}],"is_beta":false,"boss_relics":[{"not_picked":["Ectoplasm","Runic Dome"],"picked":"SlaversCollar"},{"not_picked":["Coffee Dripper","SacredBark"],"picked":"Pandora\u0027s Box"}],"items_purged_floors":[39],"is_endless":false,"potions_floor_spawned":[2,8,10,12,14,21,28,31,33,35,37,44,48],"ascension_level":12}}