{"host":"7qoz5gmva6til3yp","time":1611054151,"event":{"mods":["AchievementEnabler","BaseMod","Minty Spire (QoL Compilation)","StSLib","SuperFastMode"],"gold_per_floor":[110,110,185,199,85,85,111,130,130,130,173,8,77,89,89,203,275,290,290,309,325,100,132,153,165,177,214,151,183,195,239,251,360,372,408,420,209,268,283,317,139,139,139,139,139,162,184,220,220,220,220,220,120,152,152],"floor_reached":56,"language":"KOR","playtime":1822,"items_purged":["Strike_G","Defend_G","A Thousand Cuts","Riddle With Holes+1","Outmaneuver","Setup"],"score":1569,"play_id":"1d77a25f-8ff2-4f3c-ad8a-d83ec6afbc23","local_time":"20210119200231","is_ascension_mode":false,"campfire_choices":[{"data":"Riddle With Holes","floor":6.0,"key":"SMITH"},{"data":"Tactician","floor":10.0,"key":"SMITH"},{"data":"Malaise","floor":15,"key":"SMITH"},{"data":"Adrenaline","floor":25,"key":"SMITH"},{"data":"Acrobatics","floor":32,"key":"SMITH"},{"data":"Prepared","floor":42,"key":"SMITH"},{"floor":44,"key":"RECALL"},{"data":"Backflip","floor":49,"key":"SMITH"},{"data":"Terror","floor":52,"key":"SMITH"}],"circlet_count":0,"master_deck":["Survivor","Neutralize","Backstab","Tactician+1","Backflip+1","Acrobatics","Terror+1","Malaise+1","Grand Finale","Adrenaline+1","Grand Finale","Burst","Acrobatics+1","Backflip+1","Well Laid Plans","Prepared+1","Quick Slash","Escape Plan+1","Reflex+1"],"relics":["Ring of the Snake","NeowsBlessing","Mercury Hourglass","Gremlin Horn","CeramicFish","InkBottle","Pandora\u0027s Box","MawBank","Thread and Needle","Pocketwatch","Pen Nib","Philosopher\u0027s Stone","Membership Card","Gambling Chip","Letter Opener","TheAbacus","Regal Pillow","Oddly Smooth Stone","Art of War"],"acts_visited":["Exordium","TheCity","TheBeyond","TheEnding"],"potions_floor_usage":[13,55,55,55,55,55],"damage_taken":[{"damage":0.0,"enemies":"2 Louse","floor":1.0,"turns":1.0},{"damage":0.0,"enemies":"Small Slimes","floor":4.0,"turns":1.0},{"damage":0.0,"enemies":"Lagavulin","floor":7.0,"turns":1.0},{"damage":3.0,"enemies":"Jaw Worm","floor":8.0,"turns":2.0},{"damage":1,"enemies":"3 Sentries","floor":11,"turns":4},{"damage":22,"enemies":"Lagavulin Event","floor":13,"turns":5},{"damage":0,"enemies":"Looter","floor":14,"turns":2},{"damage":0,"enemies":"Hexaghost","floor":16,"turns":8},{"damage":6,"enemies":"Shell Parasite","floor":18,"turns":4},{"damage":0,"enemies":"3 Byrds","floor":20,"turns":4},{"damage":3,"enemies":"Centurion and Healer","floor":21,"turns":4},{"damage":0,"enemies":"Slavers","floor":23,"turns":1},{"damage":0,"enemies":"Gremlin Leader","floor":27,"turns":2},{"damage":0,"enemies":"Sentry and Sphere","floor":29,"turns":1},{"damage":7,"enemies":"Book of Stabbing","floor":31,"turns":4},{"damage":0,"enemies":"Collector","floor":33,"turns":3},{"damage":14,"enemies":"3 Shapes","floor":35,"turns":2},{"damage":0,"enemies":"Mind Bloom Boss Battle","floor":38,"turns":2},{"damage":0,"enemies":"Orb Walker","floor":39,"turns":1},{"damage":0,"enemies":"Reptomancer","floor":40,"turns":1},{"damage":0,"enemies":"Writhing Mass","floor":46,"turns":1},{"damage":0,"enemies":"Sphere and 2 Shapes","floor":47,"turns":1},{"damage":0,"enemies":"Nemesis","floor":48,"turns":1},{"damage":11,"enemies":"Time Eater","floor":50,"turns":4},{"damage":0,"enemies":"Shield and Spear","floor":54,"turns":1},{"damage":6,"enemies":"The Heart","floor":55,"turns":4}],"seed_played":"332729145224673273","potions_obtained":[{"floor":1.0,"key":"SpeedPotion"},{"floor":8.0,"key":"LiquidMemories"},{"floor":11,"key":"Fire Potion"},{"floor":13,"key":"DistilledChaos"},{"floor":14,"key":"EntropicBrew"}],"is_trial":false,"path_per_floor":["M","?","?","M","$","R","E","M","T","R","E","$","?","M","R","B",null,"M","?","M","M","$","E","?","R","T","E","?","M","?","E","R","B",null,"M","?","$","?","M","E","$","R","T","R","?","M","M","E","R","B",null,"R","$","E","B",null],"character_chosen":"THE_SILENT","items_purchased":["Tactician","Malaise","GhostInAJar","Membership Card","Prepared","TheAbacus"],"campfire_rested":0,"item_purchase_floors":[5,12,22,37,41,41],"current_hp_per_floor":[70,56,45,45,45,45,45,42,42,42,41,41,19,19,19,19,70,64,51,51,48,48,48,48,48,48,48,48,48,48,41,41,41,75,61,61,61,61,61,61,61,61,61,61,61,61,61,61,61,50,71,71,71,71,70],"gold":152,"neow_bonus":"THREE_ENEMY_KILL","is_daily":false,"chose_seed":false,"campfire_upgraded":8,"win_rate":0.0,"timestamp":1611054151,"path_taken":["M","?","?","M","$","R","E","M","T","R","E","$","?","M","R","BOSS","M","?","M","M","$","E","?","R","T","E","?","M","?","E","R","BOSS","M","?","$","?","M","E","$","R","T","R","?","M","M","E","R","BOSS","R","$","E","BOSS"],"items_purchased_type":["Card","Card","Potion","Relic","Card","Relic"],"build_version":"2020-12-22","purchased_purges":6,"victory":true,"max_hp_per_floor":[70,70,70,70,70,70,70,70,70,70,70,70,70,70,70,70,70,70,75,75,75,75,75,75,75,75,75,75,75,75,75,75,75,75,75,71,71,71,71,71,71,71,71,71,71,71,71,71,71,71,71,71,71,71,71],"card_choices":[{"not_picked":["Flechettes","Outmaneuver"],"picked":"Backstab","floor":1.0},{"not_picked":["Cloak And Dagger","Underhanded Strike"],"picked":"Riddle With Holes","floor":4.0},{"not_picked":["Bane","Underhanded Strike"],"picked":"Backflip","floor":7.0},{"not_picked":["Well Laid Plans","Blur"],"picked":"Acrobatics","floor":8.0},{"not_picked":["Prepared","Caltrops"],"picked":"Terror","floor":11},{"not_picked":["Dagger Spray","Catalyst"],"picked":"Grand Finale","floor":13},{"not_picked":["Blur","Setup","Backflip"],"picked":"SKIP","floor":14},{"not_picked":["Venomology","Malaise"],"picked":"Adrenaline","floor":16},{"not_picked":["Acrobatics","Outmaneuver","Finisher+1"],"picked":"SKIP","floor":18},{"not_picked":["Poisoned Stab+1","Outmaneuver","Deflect+1"],"picked":"SKIP","floor":20},{"not_picked":["Heel Hook","Deflect+1","Slice"],"picked":"SKIP","floor":21},{"not_picked":["Slice","Finisher","Infinite Blades"],"picked":"SKIP","floor":23},{"not_picked":["Accuracy","Bane","Setup"],"picked":"SKIP","floor":27},{"not_picked":["Predator+1","Cloak And Dagger","Blade Dance"],"picked":"SKIP","floor":29},{"not_picked":["Bouncing Flask","Infinite Blades","Leg Sweep"],"picked":"SKIP","floor":31},{"not_picked":["Sucker Punch+1","Accuracy+1"],"picked":"Backflip+1","floor":35},{"not_picked":["Setup","Masterful Stab+1"],"picked":"Well Laid Plans","floor":38},{"not_picked":["Underhanded Strike+1","Cloak And Dagger+1","Dagger Spray+1"],"picked":"SKIP","floor":39},{"not_picked":["Blade Dance","Sucker Punch","Dodge and Roll+1"],"picked":"SKIP","floor":40},{"not_picked":["Glass Knife","Slice+1"],"picked":"Quick Slash","floor":46},{"not_picked":["Dagger Spray","Crippling Poison+1"],"picked":"Escape Plan+1","floor":47},{"not_picked":["Calculated Gamble","Dodge and Roll+1"],"picked":"Reflex+1","floor":48},{"not_picked":["Setup","Dagger Spray+1","Dash"],"picked":"SKIP","floor":54}],"player_experience":399171,"relics_obtained":[{"floor":7.0,"key":"Mercury Hourglass"},{"floor":9.0,"key":"Gremlin Horn"},{"floor":11,"key":"CeramicFish"},{"floor":13,"key":"InkBottle"},{"floor":23,"key":"MawBank"},{"floor":27,"key":"Pocketwatch"},{"floor":31,"key":"Pen Nib"},{"floor":38,"key":"Gambling Chip"},{"floor":40,"key":"Letter Opener"},{"floor":43,"key":"Regal Pillow"},{"floor":48,"key":"Oddly Smooth Stone"},{"floor":54,"key":"Art of War"}],"event_choices":[{"damage_healed":0.0,"max_hp_gain":0.0,"max_hp_loss":0.0,"gold_gain":0.0,"event_name":"Shining Light","player_choice":"Entered Light","floor":2.0,"gold_loss":0.0,"damage_taken":14.0,"cards_upgraded":["Defend_G","Strike_G"]},{"damage_healed":0.0,"max_hp_gain":0.0,"max_hp_loss":0.0,"gold_gain":75.0,"event_name":"World of Goop","player_choice":"Gather Gold","floor":3.0,"gold_loss":0.0,"damage_taken":11.0},{"damage_healed":0,"gold_gain":0,"player_choice":"Searched \u00272\u0027 times","damage_taken":0,"max_hp_gain":0,"max_hp_loss":0,"event_name":"Dead Adventurer","floor":13,"gold_loss":0},{"damage_healed":0,"gold_gain":0,"player_choice":"Shed Blood","damage_taken":18,"max_hp_gain":5,"max_hp_loss":0,"event_name":"Forgotten Altar","floor":19,"gold_loss":0},{"damage_healed":0,"gold_gain":0,"player_choice":"Opened","damage_taken":0,"relics_obtained":["Thread and Needle"],"max_hp_gain":0,"max_hp_loss":0,"event_name":"The Mausoleum","floor":24,"gold_loss":0,"cards_obtained":["Writhe"]},{"cards_removed":["Deadly Poison"],"damage_healed":0,"gold_gain":0,"player_choice":"Gave Gold","damage_taken":0,"max_hp_gain":0,"max_hp_loss":0,"event_name":"Beggar","floor":28,"gold_loss":75},{"damage_healed":0,"gold_gain":0,"player_choice":"Ignored","damage_taken":0,"max_hp_gain":0,"max_hp_loss":0,"event_name":"Vampires","floor":30,"gold_loss":0},{"damage_healed":0,"gold_gain":0,"player_choice":"Max HP","damage_taken":0,"max_hp_gain":0,"max_hp_loss":4,"event_name":"Winding Halls","floor":36,"gold_loss":0},{"damage_healed":0,"gold_gain":0,"player_choice":"Fight","damage_taken":0,"max_hp_gain":0,"max_hp_loss":0,"event_name":"MindBloom","floor":38,"gold_loss":0},{"cards_removed":["Underhanded Strike"],"damage_healed":0,"gold_gain":0,"player_choice":"Removed Attack","damage_taken":0,"max_hp_gain":0,"max_hp_loss":0,"event_name":"Falling","floor":45,"gold_loss":0}],"is_beta":false,"boss_relics":[{"not_picked":["Empty Cage","SlaversCollar"],"picked":"Pandora\u0027s Box"},{"not_picked":["Black Star","HoveringKite"],"picked":"Philosopher\u0027s Stone"}],"items_purged_floors":[5,12,22,37,41,53],"is_endless":false,"potions_floor_spawned":[1,8,11,13,14,18,21,23,31,38,47,48,54],"ascension_level":0}}