{"host":"vl29iwkwnyytuw8q","time":1611099726,"event":{"mods":["BaseMod","Minty Spire (QoL Compilation)","Permanent Neow","Relic Stats","StSLib"],"gold_per_floor":[115,128,140,155,4,29,29,29,29,48,60,60,60,76,76,154,154,166,216,236,236,236],"floor_reached":21,"language":"ENG","playtime":636,"items_purged":["Strike_G"],"score":366,"play_id":"4fe97c37-402a-45cf-b590-b4b6ada7537f","local_time":"20210120004206","is_ascension_mode":true,"campfire_choices":[{"data":"Noxious Fumes","floor":7.0,"key":"SMITH"},{"data":"Crippling Poison","floor":12.0,"key":"SMITH"},{"data":"Bouncing Flask","floor":15.0,"key":"SMITH"}],"circlet_count":0,"master_deck":["AscendersBane","Strike_G","Strike_G","Strike_G","Strike_G","Defend_G","Defend_G","Defend_G","Defend_G","Defend_G","Survivor","Neutralize","Tactician","Crippling Poison+1","Blade Dance","Noxious Fumes+1","Bouncing Flask+1","Acrobatics","Bullet Time","Heel Hook"],"relics":["Busted Crown","MealTicket","Question Card","Black Star"],"acts_visited":["Exordium","TheCity"],"potions_floor_usage":[21],"damage_taken":[{"damage":0.0,"enemies":"Cultist","floor":1.0,"turns":4.0},{"damage":9.0,"enemies":"Small Slimes","floor":2.0,"turns":7.0},{"damage":1.0,"enemies":"2 Louse","floor":3.0,"turns":3.0},{"damage":1.0,"enemies":"Looter","floor":4.0,"turns":4.0},{"damage":20.0,"enemies":"3 Sentries","floor":6.0,"turns":11.0},{"damage":4.0,"enemies":"Blue Slaver","floor":10.0,"turns":4.0},{"damage":4.0,"enemies":"2 Fungi Beasts","floor":11.0,"turns":4.0},{"damage":23.0,"enemies":"Large Slime","floor":14.0,"turns":5.0},{"damage":13.0,"enemies":"Hexaghost","floor":16.0,"turns":8.0},{"damage":13.0,"enemies":"Shell Parasite","floor":18.0,"turns":5.0},{"damage":26.0,"enemies":"3 Byrds","floor":20.0,"turns":4.0},{"damage":12,"enemies":"Cultist and Chosen","floor":21,"turns":3}],"seed_played":"-8541123097144686493","potions_obtained":[{"floor":1.0,"key":"Poison Potion"},{"floor":10.0,"key":"Energy Potion"},{"floor":14.0,"key":"DistilledChaos"},{"floor":16.0,"key":"Explosive Potion"},{"floor":20.0,"key":"CultistPotion"}],"is_trial":false,"path_per_floor":["M","M","M","M","$","E","R","?","T","M","M","R","$","M","R","B",null,"M","?","M","M"],"character_chosen":"THE_SILENT","items_purchased":["Noxious Fumes"],"campfire_rested":0,"item_purchase_floors":[5],"current_hp_per_floor":[59,50,49,48,48,28,28,66,66,62,58,58,66,43,43,30,57,44,38,12,0,0],"gold":236,"neow_bonus":"BOSS_RELIC","is_daily":false,"chose_seed":false,"campfire_upgraded":3,"win_rate":0.0,"timestamp":1611099726,"path_taken":["M","M","M","M","?","E","R","?","T","M","?","R","$","M","R","BOSS","M","?","M","?"],"items_purchased_type":["Card"],"build_version":"2020-12-22","purchased_purges":1,"victory":false,"max_hp_per_floor":[66,66,66,66,66,66,66,66,66,66,66,66,66,66,66,66,66,66,66,66,66,66],"relic_stats":{"Busted Crown":22,"counters":[12,62],"MealTicket":8,"Black Star":0,"Question Card":6,"obtain_stats":[{"Busted Crown":0,"MealTicket":6,"Black Star":17,"Question Card":9,"Ring of the Snake":0},{"Busted Crown":0,"MealTicket":5,"Black Star":9,"Question Card":5,"Ring of the Snake":0},{"Busted Crown":0,"MealTicket":29,"Black Star":50,"Question Card":29,"Ring of the Snake":0}]},"card_choices":[{"not_picked":[],"picked":"Tactician","floor":1.0},{"not_picked":[],"picked":"Crippling Poison","floor":2.0},{"not_picked":[],"picked":"Blade Dance","floor":3.0},{"not_picked":["Flying Knee"],"picked":"SKIP","floor":4.0},{"not_picked":["Setup"],"picked":"SKIP","floor":6.0},{"not_picked":["Sucker Punch"],"picked":"Bouncing Flask","floor":10.0},{"not_picked":["Underhanded Strike","Bane"],"picked":"SKIP","floor":11.0},{"not_picked":["PiercingWail"],"picked":"Acrobatics","floor":14.0},{"not_picked":["Phantasmal Killer"],"picked":"Bullet Time","floor":16.0},{"not_picked":["Bane","Quick Slash"],"picked":"SKIP","floor":18.0},{"not_picked":["Sucker Punch"],"picked":"Heel Hook","floor":20.0}],"player_experience":633128,"relics_obtained":[{"floor":6.0,"key":"MealTicket"},{"floor":9.0,"key":"Question Card"}],"event_choices":[{"damage_healed":38.0,"max_hp_gain":0.0,"max_hp_loss":0.0,"gold_gain":0.0,"event_name":"Wheel of Change","player_choice":"Full Heal","floor":8.0,"gold_loss":0.0,"damage_taken":0.0},{"damage_healed":0.0,"max_hp_gain":0.0,"max_hp_loss":0.0,"gold_gain":50.0,"event_name":"FaceTrader","player_choice":"Touch","floor":19.0,"gold_loss":0.0,"damage_taken":6.0}],"is_beta":false,"boss_relics":[{"not_picked":["SacredBark","Tiny House"],"picked":"Black Star"}],"items_purged_floors":[5],"is_endless":false,"potions_floor_spawned":[1,10,14,16,20],"killed_by":"Cultist and Chosen","ascension_level":20}}