{"host":"c44ey07ufggfw2m8","time":1611071319,"event":{"mods":["2.2 Compatiblity","BaseMod","Colored Map","DeckTracker","Highlight Path","Keyboard Shortcuts","Minty Spire (QoL Compilation)","Permanent Neow","Quick Restart","StSLib","SuperFastMode","UnlockEverythingMod"],"gold_per_floor":[110,285,285,304,323,350,350,369,394,425,425,438,449,477,477,574,574,590,270,185,143,72,72,103,115,141,183,203,215,231,275,275,383,383,409,422,119,143,159,159,191,191,191,92,113,123,55,64,64,64,64],"floor_reached":50,"language":"KOR","playtime":2656,"items_purged":["Concentrate","Infinite Blades","Dagger Spray","Dagger Spray"],"score":633,"play_id":"44854c5e-e9b0-4b62-a874-8e347cb845ff","local_time":"20210120004839","is_ascension_mode":true,"campfire_choices":[{"data":"Prepared","floor":7.0,"key":"SMITH"},{"data":"Corpse Explosion","floor":11.0,"key":"SMITH"},{"floor":15,"key":"REST"},{"data":"Footwork","floor":23,"key":"SMITH"},{"floor":32,"key":"REST"},{"data":"Wraith Form v2","floor":40,"key":"SMITH"},{"data":"Bouncing Flask","floor":42,"key":"SMITH"},{"floor":49,"key":"REST"}],"circlet_count":0,"master_deck":["Survivor","Neutralize","Backflip","Leg Sweep","Prepared+1","Corpse Explosion+1","Deadly Poison","Quick Slash+1","Malaise","Wraith Form v2+1","Quick Slash+1","Reflex","Calculated Gamble","Bouncing Flask+1","Venomology","PiercingWail","Masterful Stab+1","Backflip","Footwork+1","Backflip","Poisoned Stab","Burst","Deadly Poison+1","Escape Plan","Flechettes","Concentrate","Tactician","Dark Shackles"],"relics":["Velvet Choker","Potion Belt","Happy Flower","Pen Nib","PreservedInsect","Pandora\u0027s Box","Matryoshka","CeramicFish","Smiling Mask","Omamori","Whetstone","Pantograph","Snake Skull","Runic Pyramid","Bottled Tornado","Frozen Egg 2","Juzu Bracelet","The Courier"],"acts_visited":["Exordium","TheCity","TheBeyond"],"potions_floor_usage":[18,24,27,27,29,31,33,33,35,36,39,41,50,50,50,50,50],"damage_taken":[{"damage":8.0,"enemies":"Small Slimes","floor":1.0,"turns":3.0},{"damage":0.0,"enemies":"2 Louse","floor":4.0,"turns":4.0},{"damage":0.0,"enemies":"Cultist","floor":5.0,"turns":4.0},{"damage":21.0,"enemies":"Gremlin Nob","floor":6.0,"turns":6.0},{"damage":17.0,"enemies":"Exordium Thugs","floor":8.0,"turns":4.0},{"damage":0.0,"enemies":"3 Sentries","floor":10.0,"turns":4.0},{"damage":0.0,"enemies":"2 Fungi Beasts","floor":12.0,"turns":2.0},{"damage":0.0,"enemies":"Lots of Slimes","floor":13.0,"turns":1.0},{"damage":15,"enemies":"Lagavulin","floor":14,"turns":7},{"damage":1,"enemies":"Hexaghost","floor":16,"turns":8},{"damage":0,"enemies":"2 Thieves","floor":18,"turns":2},{"damage":9,"enemies":"Book of Stabbing","floor":24,"turns":5},{"damage":0,"enemies":"3 Byrds","floor":25,"turns":2},{"damage":22,"enemies":"Gremlin Leader","floor":27,"turns":4},{"damage":4,"enemies":"Centurion and Healer","floor":28,"turns":4},{"damage":0,"enemies":"3 Cultists","floor":29,"turns":2},{"damage":4,"enemies":"Chosen and Byrds","floor":30,"turns":4},{"damage":5,"enemies":"Slavers","floor":31,"turns":4},{"damage":43,"enemies":"Champ","floor":33,"turns":12},{"damage":7,"enemies":"Orb Walker","floor":35,"turns":3},{"damage":0,"enemies":"3 Shapes","floor":36,"turns":1},{"damage":1,"enemies":"Maw","floor":38,"turns":7},{"damage":18,"enemies":"Jaw Worm Horde","floor":39,"turns":3},{"damage":6,"enemies":"Giant Head","floor":41,"turns":7},{"damage":23,"enemies":"Sphere and 2 Shapes","floor":45,"turns":4},{"damage":20,"enemies":"4 Shapes","floor":46,"turns":5},{"damage":54,"enemies":"Awakened One","floor":50,"turns":13}],"seed_played":"-4628480806434438997","potions_obtained":[{"floor":4.0,"key":"BlessingOfTheForge"},{"floor":6.0,"key":"Block Potion"},{"floor":12.0,"key":"Explosive Potion"},{"floor":16,"key":"SpeedPotion"},{"floor":18,"key":"CunningPotion"},{"floor":25,"key":"Dexterity Potion"},{"floor":30,"key":"Strength Potion"},{"floor":33,"key":"SneckoOil"},{"floor":36,"key":"Energy Potion"},{"floor":39,"key":"Ancient Potion"},{"floor":46,"key":"Dexterity Potion"}],"is_trial":false,"path_per_floor":["M","?","?","M","M","E","R","M","T","E","R","M","M","E","R","B",null,"M","$","?","?","$","R","E","M","T","E","M","M","M","E","R","B",null,"M","M","$","M","M","R","E","R","T","$","M","M","$","?","R","B"],"character_chosen":"THE_SILENT","items_purchased":["Matryoshka","Footwork","Bottled Tornado","Flechettes","Tactician"],"campfire_rested":3,"item_purchase_floors":[19,22,37,44,47],"current_hp_per_floor":[62,62,62,62,62,41,41,24,24,24,24,24,24,9,30,29,70,70,70,70,70,70,70,61,61,61,39,35,35,31,26,47,27,70,63,63,63,62,44,44,38,38,38,38,15,21,21,21,42,13,13],"gold":64,"neow_bonus":"BOSS_RELIC","is_daily":false,"chose_seed":false,"campfire_upgraded":5,"win_rate":0.0,"timestamp":1611071319,"path_taken":["M","?","?","M","M","E","R","?","T","E","R","M","M","E","R","BOSS","M","$","?","?","$","R","E","M","T","E","M","?","M","E","R","BOSS","M","M","$","M","M","R","E","R","T","?","M","M","$","?","R","BOSS"],"items_purchased_type":["Relic","Card","Relic","Card","Card"],"build_version":"2020-12-22","purchased_purges":4,"victory":false,"max_hp_per_floor":[70,70,70,70,70,70,70,70,70,70,70,70,70,70,70,70,70,70,70,70,70,70,70,70,70,70,70,70,70,70,70,70,70,70,70,70,70,70,70,70,70,70,70,70,70,70,70,70,70,70,70],"card_choices":[{"not_picked":["Outmaneuver","Noxious Fumes"],"picked":"Backflip","floor":1.0},{"not_picked":["Underhanded Strike","Sucker Punch"],"picked":"Leg Sweep","floor":4.0},{"not_picked":["Dagger Spray","Backflip"],"picked":"Prepared","floor":5.0},{"not_picked":["Quick Slash","Sucker Punch"],"picked":"Corpse Explosion","floor":6.0},{"not_picked":["Infinite Blades","Backstab"],"picked":"Deadly Poison","floor":8.0},{"not_picked":["Slice","Backflip"],"picked":"Dagger Spray","floor":10.0},{"not_picked":["Prepared","Underhanded Strike"],"picked":"Quick Slash","floor":12.0},{"not_picked":["Slice","Accuracy","Setup"],"picked":"SKIP","floor":13.0},{"not_picked":["Slice","Cloak And Dagger"],"picked":"Malaise","floor":14},{"not_picked":["Unload","Grand Finale"],"picked":"Wraith Form v2","floor":16},{"not_picked":["All Out Attack","Finisher"],"picked":"Masterful Stab+1","floor":18},{"not_picked":["Caltrops","Dodge and Roll","Setup"],"picked":"SKIP","floor":24},{"not_picked":["Flying Knee","Leg Sweep","Finisher"],"picked":"SKIP","floor":25},{"not_picked":["Prepared","Dagger Spray"],"picked":"Backflip","floor":27},{"not_picked":["Dagger Spray","Setup","Outmaneuver"],"picked":"SKIP","floor":28},{"not_picked":["Quick Slash","Dagger Throw","Outmaneuver"],"picked":"SKIP","floor":29},{"not_picked":["Sucker Punch","Underhanded Strike","Flying Knee"],"picked":"SKIP","floor":30},{"not_picked":["Dagger Spray","Doppelganger"],"picked":"Poisoned Stab","floor":31},{"not_picked":["Doppelganger","A Thousand Cuts"],"picked":"Burst","floor":33},{"not_picked":["Leg Sweep","Sucker Punch"],"picked":"Deadly Poison+1","floor":35},{"not_picked":["Poisoned Stab","Backflip","Cloak And Dagger+1"],"picked":"SKIP","floor":36},{"not_picked":["Poisoned Stab+1","Dagger Spray"],"picked":"Escape Plan","floor":38},{"not_picked":["Bane+1","Glass Knife","Deadly Poison"],"picked":"SKIP","floor":39},{"not_picked":["Reflex","Cloak And Dagger+1","Dodge and Roll+1"],"picked":"SKIP","floor":41},{"not_picked":["Flying Knee+1","Sucker Punch"],"picked":"Concentrate","floor":45},{"not_picked":["Cloak And Dagger+1","Dagger Spray+1","Underhanded Strike+1"],"picked":"SKIP","floor":46},{"not_picked":["HandOfGreed","Good Instincts"],"picked":"Dark Shackles","floor":48}],"player_experience":43097,"relics_obtained":[{"floor":6.0,"key":"Potion Belt"},{"floor":9.0,"key":"Happy Flower"},{"floor":10.0,"key":"Pen Nib"},{"floor":14,"key":"PreservedInsect"},{"floor":24,"key":"Smiling Mask"},{"floor":26,"key":"Omamori"},{"floor":26,"key":"Whetstone"},{"floor":27,"key":"Pantograph"},{"floor":31,"key":"Snake Skull"},{"floor":41,"key":"Frozen Egg 2"},{"floor":43,"key":"Juzu Bracelet"},{"floor":43,"key":"The Courier"}],"event_choices":[{"damage_healed":0.0,"max_hp_gain":0.0,"max_hp_loss":0.0,"gold_gain":175.0,"event_name":"Liars Game","player_choice":"AGREE","floor":2.0,"gold_loss":0.0,"damage_taken":0.0,"cards_obtained":["Doubt"]},{"cards_removed":["Doubt"],"damage_healed":0.0,"max_hp_gain":0.0,"max_hp_loss":0.0,"gold_gain":0.0,"event_name":"Fountain of Cleansing","player_choice":"Removed Curses","floor":3.0,"gold_loss":0.0,"damage_taken":0.0},{"damage_healed":0,"gold_gain":0,"player_choice":"Obtained Relic","damage_taken":0,"relics_obtained":["CeramicFish"],"max_hp_gain":0,"max_hp_loss":0,"event_name":"Addict","floor":20,"gold_loss":85},{"damage_healed":0,"gold_gain":0,"cards_transformed":["Blade Dance","Dagger Throw"],"player_choice":"Transformed Cards","damage_taken":0,"max_hp_gain":0,"max_hp_loss":0,"event_name":"Designer","floor":21,"gold_loss":60,"cards_obtained":["Infinite Blades","Backflip"]},{"damage_healed":0,"gold_gain":0,"player_choice":"Memory 1","damage_taken":0,"max_hp_gain":0,"max_hp_loss":0,"event_name":"SensoryStone","floor":48,"gold_loss":0}],"is_beta":false,"boss_relics":[{"not_picked":["Runic Dome","Sozu"],"picked":"Pandora\u0027s Box"},{"not_picked":["Fusion Hammer","Philosopher\u0027s Stone"],"picked":"Runic Pyramid"}],"items_purged_floors":[19,37,44,47],"is_endless":false,"potions_floor_spawned":[4,6,12,16,18,25,30,33,36,39,46],"killed_by":"Awakened One","ascension_level":1}}