{"host":"56d873i5r3uhle0q","time":1611017284,"event":{"mods":["100% Spire Juice","Act Like it!","Aspiration","BaseMod","Block Reminder","Conspire","Gensokyo","Hermit","Hubris","Infinite Spire","Jedi Mod","Marisa????????","Marked Mod","Minty Spire (QoL Compilation)","Replay The Spire","StSLib","The Animator","The Bug Knight","The Cursed","The Marked","The Servant 0.9.4","everything is the same but u backflip on backflip","vexMod","??????REMEMod"],"gold_per_floor":[117,42,42,54,71,71,88,88,170,184,184,202,213,36,36,137,137,449,449,449,349,349,349,349],"floor_reached":23,"language":"ENG","playtime":1120,"items_purged":["hermit:EternalForm","Voices"],"score":226,"play_id":"c53a9646-4e86-4df7-9d4d-816864b07368","local_time":"20210118174804","is_ascension_mode":true,"campfire_choices":[{"floor":6.0,"key":"RECALL"},{"data":"Havoc","floor":8.0,"key":"SMITH"},{"floor":15.0,"key":"REST"}],"circlet_count":0,"master_deck":["Strike_R","Strike_R","Strike_R","Strike_R","Strike_R","Defend_R","Defend_R","Defend_R","Defend_R","Bash","Violence","Evolve+1","Havoc+1","ReplayTheSpireMod:Limb From Limb+1","Havoc+1","Headbutt+1","Sentinel","Feel No Pain+1","Gensokyo:TarnishedGold","Gensokyo:BlemishedSteel","Impervious","Fiend Fire+1","Second Wind","Feel No Pain"],"relics":["Burning Blood","REME_ComplimentaryCards","Mercury Hourglass","vexMod:ImprovementManual"],"acts_visited":["Gensokyo:Gensokyo","Gensokyo:Gensokyoer"],"potions_floor_usage":[],"damage_taken":[{"damage":17.0,"enemies":"Gensokyo:2_Kodama","floor":1.0,"turns":6.0},{"damage":5.0,"enemies":"Gensokyo:3_Fairies","floor":4.0,"turns":4.0},{"damage":10.0,"enemies":"Gensokyo:Python","floor":5.0,"turns":5.0},{"damage":33.0,"enemies":"Gensokyo:Gryphon_and_Rabbit","floor":7.0,"turns":5.0},{"damage":10.0,"enemies":"Gensokyo:Python_and_Kodama","floor":10.0,"turns":4.0},{"damage":14.0,"enemies":"Gensokyo:3_Kodama","floor":12.0,"turns":4.0},{"damage":7.0,"enemies":"Gensokyo:2_Rabbits","floor":13.0,"turns":4.0},{"damage":28.0,"enemies":"Gensokyo:Kokoro","floor":16.0,"turns":13.0},{"damage":61.0,"enemies":"Gensokyo:CosmicMonolith","floor":18.0,"turns":8.0},{"damage":22,"enemies":"Gensokyo:Reisen","floor":23,"turns":2}],"seed_played":"-360508699745064452","potions_obtained":[{"floor":1.0,"key":"PowerPotion"},{"floor":12.0,"key":"jedi:holywater"},{"floor":13.0,"key":"SpeedPotion"}],"is_trial":false,"path_per_floor":["M","$","?","M","M","R","M","R","T","M","?","M","M","COS","R","B",null,"M","?","?","$","?","E"],"character_chosen":"IRONCLAD","items_purchased":[],"campfire_rested":1,"item_purchase_floors":[],"current_hp_per_floor":[69,69,77,78,74,74,47,47,47,43,43,35,34,34,58,36,69,14,14,14,14,22,0,0],"gold":349,"neow_bonus":"RANDOM_COLORLESS_2","is_daily":false,"chose_seed":false,"campfire_upgraded":1,"win_rate":0.0,"timestamp":1611017284,"path_taken":["M","$","?","M","M","R","?","R","T","M","?","M","M","COS","R","BOSS","M","?","?","?","?","E"],"items_purchased_type":[],"build_version":"2020-12-22","purchased_purges":2,"victory":false,"max_hp_per_floor":[80,80,80,80,80,80,80,80,80,80,80,80,80,80,80,80,80,80,80,80,80,80,80,80],"card_choices":[{"not_picked":["Metamorphosis","The Bomb"],"picked":"Violence","floor":0.0},{"not_picked":["jedi:fear","Warcry"],"picked":"Evolve","floor":1.0},{"not_picked":["Warcry","Dropkick","True Grit"],"picked":"SKIP","floor":4.0},{"not_picked":["True Grit","Pommel Strike","Sword Boomerang"],"picked":"SKIP","floor":5.0},{"not_picked":["Hemogenesis","Heavy Blade"],"picked":"Havoc","floor":7.0},{"not_picked":["Anger","conspire:ExplosiveBarrier"],"picked":"ReplayTheSpireMod:Limb From Limb","floor":10.0},{"not_picked":["Clothesline","Wild Strike"],"picked":"Havoc","floor":11.0},{"not_picked":["Twin Strike","Sword Boomerang"],"picked":"Headbutt","floor":11.0},{"not_picked":["ReplayTheSpireMod:Stacked","jedi:harder"],"picked":"Sentinel","floor":12.0},{"not_picked":["Flex","jedi:fear"],"picked":"Feel No Pain","floor":13.0},{"not_picked":["jedi:bloodyhammer","conspire:HitWhereItHurts"],"picked":"Impervious","floor":16.0},{"not_picked":["conspire:Purge","Impervious"],"picked":"Fiend Fire","floor":18.0},{"not_picked":["Pommel Strike","Heavy Blade"],"picked":"Second Wind","floor":18.0}],"player_experience":558271,"relics_obtained":[{"floor":9.0,"key":"Mercury Hourglass"}],"event_choices":[],"is_beta":false,"boss_relics":[{"not_picked":["vexMod:BigBerry","Replay:Bronze Core"],"picked":"vexMod:ImprovementManual"}],"items_purged_floors":[2,21],"is_endless":false,"potions_floor_spawned":[1,12,13,16],"killed_by":"Gensokyo:Reisen","ascension_level":5}}