{"host":"9oysz4knkucnjyyz","time":1611044498,"event":{"mods":["100% Spire Juice","2.2 Compatiblity","Act Like it!","BaseMod","Better Altar","Better Match","Better Note","Better Sensory Stone","Better Skull","Better Third Choice","BetterRewards","Displayed Cursed Tome","Downfall","Friendly Minions","Googly Eyes","GungeonMod","Hallownest","Hermit","Lobotomy","LobotomyExtend","Minty Spire (QoL Compilation)","Spicy Shops","Spire Arcade","Spire Birthday Party","StSLib","The Bug Knight","everything is the same but u backflip on backflip","slay the spire mod where everything is the same but ironclad has a cowboy hat"],"gold_per_floor":[119,132,150,150,167,167,167,167],"floor_reached":7,"language":"ENG","playtime":161,"items_purged":[],"score":86,"play_id":"fa3ffa44-56ce-48d4-8622-412e3b6e7b8b","local_time":"20210119032138","is_ascension_mode":true,"campfire_choices":[],"circlet_count":0,"master_deck":["AscendersBane","SpecialBullet","SpecialBullet","SpecialBullet","SpecialBullet","SpecialBullet","SpecialBullet","SpecialBullet","SpecialBullet","InformationCode","SecurityCode","CentralCode","LongBird"],"relics":["CogitoBucket","RabbitCall","LetterFromLob"],"acts_visited":["Exordium"],"potions_floor_usage":[7],"damage_taken":[{"damage":20,"enemies":"Small Slimes","floor":1,"turns":3},{"damage":8,"enemies":"Cultist","floor":2,"turns":3},{"damage":7,"enemies":"2 Louse","floor":3,"turns":2},{"damage":53,"enemies":"Large Slime","floor":5,"turns":5},{"damage":17,"enemies":"3 Sentries","floor":7,"turns":3}],"seed_played":"-5683287359581467801","potions_obtained":[{"floor":2,"key":"PowerPotion"}],"is_trial":false,"path_per_floor":["M","M","M","?","M","R","E"],"character_chosen":"Angela","items_purchased":[],"campfire_rested":0,"item_purchase_floors":[],"current_hp_per_floor":[58,58,59,64,19,19,2,2],"gold":167,"neow_bonus":"TEN_PERCENT_HP_BONUS","is_daily":false,"chose_seed":false,"campfire_upgraded":0,"win_rate":0.0,"timestamp":1611044498,"path_taken":["M","M","M","?","M","R","E"],"items_purchased_type":[],"build_version":"2020-12-22","purchased_purges":0,"victory":false,"max_hp_per_floor":[77,77,77,77,77,77,77,77],"card_choices":[{"not_picked":["BeautyBeast","VoidDream"],"picked":"WallGazer","floor":1},{"not_picked":["Regret_ego","CUTE"],"picked":"SKIP","floor":1},{"not_picked":["Murderer","MHz"],"picked":"LongBird","floor":2},{"not_picked":["RedEyes","Amita"],"picked":"SKIP","floor":2},{"not_picked":["Wingbeat","Beak"],"picked":"SKIP","floor":3},{"not_picked":["Lamp","BearPaw"],"picked":"SKIP","floor":5}],"player_experience":363328,"relics_obtained":[{"floor":1,"key":"LetterFromLob"}],"event_choices":[{"cards_removed":["WallGazer"],"damage_healed":5,"gold_gain":0,"player_choice":"Offered Common","damage_taken":0,"max_hp_gain":0,"max_hp_loss":0,"event_name":"Bonfire Elementals","floor":4,"gold_loss":0},{"cards_removed":["WallGazer"],"damage_healed":5,"gold_gain":0,"player_choice":"Offered Special","damage_taken":0,"max_hp_gain":0,"max_hp_loss":0,"event_name":"Bonfire Elementals","floor":4,"gold_loss":0}],"is_beta":false,"boss_relics":[],"items_purged_floors":[],"is_endless":false,"potions_floor_spawned":[2],"killed_by":"3 Sentries","ascension_level":20}}