{"host":"gzk4gkgy3zij1c51","time":1611027059,"event":{"mods":["BaseMod","Colored Map","Downfall","Highlight Path","Marked Mod","Minty Spire (QoL Compilation)","Relic Stats","StSLib","everything is the same but u backflip on backflip"],"gold_per_floor":[111,42,57,67,81,111,111,111],"floor_reached":7,"language":"ENG","playtime":985,"items_purged":[],"score":64,"play_id":"f546c779-b89f-4e90-b55c-8ea70df0eb04","local_time":"20210119033059","is_ascension_mode":true,"campfire_choices":[],"circlet_count":0,"master_deck":["Strike_P","Strike_P","Strike_P","Strike_P","Defend_P","Defend_P","Defend_P","Defend_P","Eruption","Vigilance","Injury","EmptyBody","TalkToTheHand","FollowUp","CutThroughFate","ThirdEye","ForeignInfluence"],"relics":["PureWater","WingedGreaves","Turnip"],"acts_visited":[],"potions_floor_usage":[7],"damage_taken":[{"damage":8.0,"enemies":"Cultist","floor":1.0,"turns":6.0},{"damage":4.0,"enemies":"Jaw Worm","floor":3.0,"turns":6.0},{"damage":0.0,"enemies":"2 Louse","floor":4.0,"turns":2.0},{"damage":0.0,"enemies":"Looter","floor":5.0,"turns":3.0},{"damage":25.0,"enemies":"3 Sentries","floor":6.0,"turns":14.0},{"damage":55,"enemies":"Lagavulin","floor":7,"turns":5}],"seed_played":"-605596566190006440","potions_obtained":[{"floor":5.0,"key":"Weak Potion"},{"floor":6.0,"key":"PowerPotion"}],"is_trial":false,"path_per_floor":["M","$","M","M","M","E","E"],"character_chosen":"WATCHER","items_purchased":["TalkToTheHand"],"campfire_rested":0,"item_purchase_floors":[2],"current_hp_per_floor":[64,64,60,60,60,35,0,0],"gold":111,"neow_bonus":"ONE_RARE_RELIC","is_daily":false,"chose_seed":false,"campfire_upgraded":0,"win_rate":0.0,"timestamp":1611027059,"path_taken":["M","?","M","?","M","E","E"],"items_purchased_type":["Card"],"build_version":"2020-12-22","purchased_purges":0,"victory":false,"max_hp_per_floor":[72,72,72,72,72,72,72,72],"relic_stats":{"counters":[1,5],"Turnip":[0],"obtain_stats":[{"WingedGreaves":0,"Turnip":0,"PureWater":0},{"WingedGreaves":0,"Turnip":0,"PureWater":0},{"WingedGreaves":0,"Turnip":0,"PureWater":0}]},"card_choices":[{"not_picked":["Crescendo","Evaluate"],"picked":"EmptyBody","floor":1.0},{"not_picked":["EmptyFist","CutThroughFate"],"picked":"FollowUp","floor":3.0},{"not_picked":["Conclude","Halt"],"picked":"CutThroughFate","floor":4.0},{"not_picked":["EmptyMind","Blasphemy"],"picked":"ThirdEye","floor":5.0},{"not_picked":["ThirdEye","Prostrate"],"picked":"ForeignInfluence","floor":6.0}],"player_experience":1009862,"relics_obtained":[{"floor":6.0,"key":"Turnip"}],"event_choices":[],"is_beta":false,"boss_relics":[],"items_purged_floors":[],"is_endless":false,"potions_floor_spawned":[5,6],"killed_by":"Lagavulin","ascension_level":4}}