{"host":"tm3ghj8mno6gwywm","time":1611089864,"event":{"mods":["2.2 Compatiblity","AchievementEnabler","Bard","BaseMod","Beaked The Cultist","Better Third Choice","Colored Map","Colored Powertips","Conspire","Downfall","Glutton Mod","GungeonMod","Halation","Hermit","Hubris","Infinite Spire","Jorbs\u0027s Wanderer Trilogy","Mad Scientist","Marisa????????","Marked Mod","Mimic Mod","Minty Spire (QoL Compilation)","Potionbrewer","Quick Restart","Shade Mod","Shop Mod","Somnambulant","Spicy Shops","StSLib","SuperFastMode","The Bug Knight","The Construct","The Cursed","The Disciple","The Factory","The Hierophant","The IronCluck","The Judge","The Jungle","The Necromancer","The Runesmith","The Servant 0.9.4","egg"],"gold_per_floor":[99,115,127,36,36,68,68,81,81,43,43,62,96,96,116,220,220,20,40,59,31,50,50,119,119,54,73,86,86,99,127,146,248,248,148,161,172,172,192,192,192,217,9,24,54,73,92,92,106,106,106,133,24,24,324,324],"floor_reached":57,"language":"ENG","playtime":2790,"items_purged":["Regret"],"score":1473,"play_id":"350b19ca-5e0e-4bf4-942f-cfa521499a03","local_time":"20210119155744","is_ascension_mode":false,"campfire_choices":[{"floor":1,"key":"RECALL"},{"data":"bronze:Goto","floor":18,"key":"SMITH"},{"floor":23,"key":"REST"},{"floor":29,"key":"REST"},{"data":"bronze:Replicate","floor":35,"key":"SMITH"},{"data":"bronze:Defend","floor":40,"key":"SMITH"},{"data":"bronze:Defend","floor":54,"key":"SMITH"}],"circlet_count":0,"master_deck":["bronze:Strike","bronze:Strike","bronze:Strike","bronze:Defend","bronze:Defend","bronze:Defend+1","bronze:Defend+1","bronze:Replicate+1","bronze:Goto+1","Finesse+1","bronze:OilSpill+1","bronze:OilSpill+1","bronze:ClassDefault+1","bronze:FindAndReplace+1","bronze:MaxOutput+1","bronze:FollowUp+1","bronze:Philosophize+1","bronze:Assembly+1","bronze:Turbo+1","bronze:DelayedSlice+1","bronze:Repair+1","bronze:Terminator+1","bronze:TinkerersToolbox+1","bronze:Shell+1","bronze:WildBeam+1","bronze:FineTuning+1","bronze:ItsAFeature+1","expansioncontent:Chronoboost+1","bronze:WhirlingStrike+1","bronze:OilSpill+1","bronze:BuggyMess+1","bronze:BronzeOrb+1","bronze:DelayedSlice+1","bronze:Iterate+1","bronze:Boost+1","bronze:BuggyMess+1","bronze:CleanCode+1","bronze:Constructor+1","bronze:BugBarrage+1","bronze:Repulsor+1","bronze:DelayedGuard+1","bronze:FineTuning+1","bronze:DelayedGuard+1","bronze:Iterate+1","bronze:Fortify+1","bronze:FineTuning+1","bronze:MaxOutput+1","expansioncontent:LastStand+1"],"relics":["bronze:BronzeCore","Membership Card","Frozen Egg 2","Toxic Egg 2","Molten Egg 2","Black Star","Mummified Hand","Lizard Tail","WingedGreaves","Pantograph","Bag of Preparation","halation:PinkSoulGem","hubris:MobiusCoin","conspire:SpecialSausage","downfall:HeartBlessingRed","downfall:HeartBlessingGreen","Tiny Chest","DemoMod:WhiteGuonStone","DemoMod:MonsterBlood","hubris:PeanutButter","potionbrewer:BottledElixir","halation:LettersToHer","TungstenRod","downfall:HeartBlessingBlue","Art of War","DemoMod:Antibody","infinitespire:Lucky Rock","Membership Card","PreservedInsect","Centennial Puzzle","hubris:ToyBattleship","Lantern","halation:AfternoonTea","Bottled Flame","Bag of Marbles","potionbrewer:ToyAutogyro","conspire:DeflatedDodgeball"],"acts_visited":["Exordium","TheCity","TheBeyond","TheEnding"],"potions_floor_usage":[16,16,33,50,52,56,56],"damage_taken":[{"damage":0,"enemies":"conspire:RoseBush","floor":2,"turns":4},{"damage":0,"enemies":"Small Slimes","floor":3,"turns":3},{"damage":4,"enemies":"downfall:FleeingMerchant","floor":4,"turns":4},{"damage":17,"enemies":"Gremlin Nob","floor":6,"turns":3},{"damage":0,"enemies":"Cultist","floor":8,"turns":2},{"damage":5,"enemies":"downfall:FleeingMerchant","floor":10,"turns":4},{"damage":0,"enemies":"Blue Slaver","floor":12,"turns":2},{"damage":26,"enemies":"Lagavulin","floor":13,"turns":4},{"damage":0,"enemies":"2 Fungi Beasts","floor":15,"turns":2},{"damage":0,"enemies":"WA_ARCHETYPE_RETAIN","floor":16,"turns":4},{"damage":0,"enemies":"3 Byrds","floor":19,"turns":3},{"damage":0,"enemies":"Chosen and Byrds","floor":20,"turns":2},{"damage":0,"enemies":"downfall:FleeingMerchant","floor":21,"turns":4},{"damage":9,"enemies":"Centurion and Healer","floor":22,"turns":5},{"damage":0,"enemies":"Snecko","floor":27,"turns":4},{"damage":9,"enemies":"Chosen and Byrds","floor":28,"turns":7},{"damage":0,"enemies":"conspire:HollyBat","floor":30,"turns":9},{"damage":9,"enemies":"Slavers","floor":31,"turns":3},{"damage":0,"enemies":"Snake Plant","floor":32,"turns":3},{"damage":0,"enemies":"SI_MIRROR_ARCHETYPE","floor":33,"turns":10},{"damage":0,"enemies":"3 Shapes","floor":36,"turns":1},{"damage":0,"enemies":"3 Darklings","floor":37,"turns":3},{"damage":0,"enemies":"Sphere and 2 Shapes","floor":39,"turns":3},{"damage":22,"enemies":"beaked:SuperParasite","floor":42,"turns":6},{"damage":0,"enemies":"Jaw Worm Horde","floor":44,"turns":3},{"damage":0,"enemies":"HollowMod:StalkingDevout","floor":45,"turns":6},{"damage":0,"enemies":"Writhing Mass","floor":46,"turns":4},{"damage":11,"enemies":"4 Shapes","floor":47,"turns":4},{"damage":0,"enemies":"Transient","floor":49,"turns":5},{"damage":130,"enemies":"IC_BLOCK_ARCHETYPE","floor":50,"turns":10},{"damage":0,"enemies":"downfall:CharBossMerchant","floor":52,"turns":7},{"damage":0,"enemies":"downfall:NeowBoss","floor":55,"turns":8},{"damage":21,"enemies":"downfall:NeowBossFinal","floor":56,"turns":11}],"seed_played":"1570938123005609751","potions_obtained":[{"floor":2,"key":"Dexterity Potion"},{"floor":8,"key":"SpeedPotion"},{"floor":12,"key":"FearPotion"},{"floor":19,"key":"EssenceOfSteel"},{"floor":22,"key":"Block Potion"},{"floor":33,"key":"SteroidPotion"},{"floor":36,"key":"FairyPotion"},{"floor":52,"key":"potionbrewer:NoxiousPotion"}],"is_trial":false,"path_per_floor":["R","M","M","$","?","E","T","M","?","$","?","M","E","?","M","B",null,"R","M","M","$","M","R","T","?","$","M","M","R","M","E","M","B",null,"R","M","M","?","M","R","T","E","$","M","E","M","M","T","M","B",null,"E","$","R","B","B",null],"character_chosen":"THE_AUTOMATON","items_purchased":["bronze:FindAndReplace+1","bronze:Turbo+1","bronze:ItsAFeature+1","Tiny Chest","DemoMod:WhiteGuonStone","DemoMod:MonsterBlood","expansioncontent:Chronoboost","bronze:OilSpill+1","bronze:BuggyMess+1","Membership Card","PreservedInsect","Centennial Puzzle","hubris:ToyBattleship","bronze:DelayedGuard+1","conspire:DeflatedDodgeball","expansioncontent:LastStand"],"campfire_rested":2,"item_purchase_floors":[4,10,21,21,21,21,21,26,26,43,43,43,43,43,53,53],"current_hp_per_floor":[70,70,70,66,71,54,54,54,54,49,49,49,23,23,33,68,75,75,75,75,82,73,82,82,82,82,82,79,82,82,73,82,82,82,92,92,92,92,92,92,92,70,70,70,90,92,81,81,81,44,92,92,92,92,92,71],"gold":324,"neow_bonus":"RANDOM_COLORLESS","is_daily":false,"chose_seed":false,"campfire_upgraded":4,"win_rate":0.0,"timestamp":1611089864,"path_taken":["R","M","M","$","?","E","T","M","?","$","?","M","E","?","M","BOSS","R","M","M","$","M","R","T","?","$","M","M","R","M","E","M","BOSS","R","M","M","?","M","R","T","E","$","M","E","M","?","?","M","BOSS","E","$","R","BOSS","BOSS"],"items_purchased_type":["Card","Card","Card","Relic","Relic","Relic","Card","Card","Card","Relic","Relic","Relic","Relic","Card","Relic","Card"],"build_version":"2020-12-22","purchased_purges":1,"victory":true,"max_hp_per_floor":[70,70,70,70,75,75,75,75,75,75,75,75,75,75,75,75,75,75,75,75,82,82,82,82,82,82,82,82,82,82,82,82,82,82,92,92,92,92,92,92,92,92,92,92,92,92,92,92,92,92,92,92,92,92,92,92],"card_choices":[{"not_picked":["Bandage Up","Purity"],"picked":"Finesse","floor":0},{"not_picked":["bronze:DelayedGuard+1","bronze:Terminator+1"],"picked":"bronze:OilSpill+1","floor":2},{"not_picked":["bronze:ChildClass+1","bronze:DelayedSlice+1"],"picked":"bronze:OilSpill+1","floor":3},{"not_picked":["bronze:InfiniteBeams+1","bronze:Shell+1"],"picked":"bronze:ClassDefault+1","floor":4},{"not_picked":["bronze:CloningBeam+1","bronze:OilSpill+1"],"picked":"bronze:MaxOutput+1","floor":6},{"not_picked":["bronze:ClassDefault+1","bronze:Separator+1"],"picked":"bronze:FollowUp+1","floor":8},{"not_picked":["bronze:Overheat+1","bronze:Philosophize+1"],"picked":"bronze:Assembly+1","floor":10},{"not_picked":["bronze:Invalidate+1","bronze:Frontload+1"],"picked":"bronze:DelayedSlice+1","floor":12},{"not_picked":["bronze:Iterate+1","bronze:NullPointer+1"],"picked":"bronze:Repair+1","floor":13},{"not_picked":["bronze:Separator+1","bronze:BitShift+1"],"picked":"bronze:Terminator+1","floor":15},{"not_picked":["bronze:AlphaBuild+1","bronze:Format+1"],"picked":"bronze:TinkerersToolbox+1","floor":16},{"not_picked":["bronze:Turbo+1","bronze:Return+1"],"picked":"bronze:Shell+1","floor":19},{"not_picked":["bronze:Deprecate+1","bronze:Overheat+1"],"picked":"bronze:WildBeam+1","floor":20},{"not_picked":["bronze:Invalidate+1","bronze:Deprecate+1"],"picked":"bronze:FineTuning+1","floor":21},{"not_picked":["bronze:ForLoop+1","bronze:Allocate+1"],"picked":"bronze:WhirlingStrike+1","floor":22},{"not_picked":["bronze:Allocate+1","bronze:DelayedGuard+1"],"picked":"bronze:BronzeOrb+1","floor":27},{"not_picked":["bronze:ClassDefault+1","bronze:DelayedGuard+1"],"picked":"bronze:DelayedSlice+1","floor":28},{"not_picked":["bronze:CloningBeam+1","bronze:ChosenStrike+1"],"picked":"bronze:Iterate+1","floor":30},{"not_picked":["bronze:Iterate+1","bronze:FollowUp+1"],"picked":"bronze:Boost+1","floor":31},{"not_picked":["bronze:Turbo+1","bronze:Invalidate+1"],"picked":"bronze:BuggyMess+1","floor":32},{"not_picked":["bronze:SpaghettiCode+1","bronze:Assembly+1"],"picked":"bronze:CleanCode+1","floor":33},{"not_picked":["bronze:ForLoop+1","bronze:Iterate+1"],"picked":"bronze:Constructor+1","floor":36},{"not_picked":["bronze:Terminator+1","bronze:Overload+1"],"picked":"bronze:BugBarrage+1","floor":37},{"not_picked":["bronze:Optimize+1","bronze:Shield+1","bronze:Constructor+1"],"picked":"SKIP","floor":39},{"not_picked":["bronze:ItsAFeature+1","bronze:ShipIt+1"],"picked":"bronze:Repulsor+1","floor":42},{"not_picked":["bronze:Terminator+1","bronze:BugBarrage+1"],"picked":"bronze:FineTuning+1","floor":44},{"not_picked":["bronze:OilSpill+1","bronze:ChildClass+1"],"picked":"bronze:DelayedGuard+1","floor":45},{"not_picked":["bronze:Invalidate+1","bronze:WildBeam+1"],"picked":"bronze:Iterate+1","floor":46},{"not_picked":["bronze:NullPointer+1","bronze:Shell+1"],"picked":"bronze:Fortify+1","floor":47},{"not_picked":["bronze:ChosenStrike+1","bronze:Turbo+1"],"picked":"bronze:FineTuning+1","floor":49},{"not_picked":["bronze:NullPointer+1","bronze:BitShift+1"],"picked":"bronze:MaxOutput+1","floor":52}],"player_experience":820226,"relics_obtained":[{"floor":6,"key":"Pantograph"},{"floor":6,"key":"Bag of Preparation"},{"floor":13,"key":"hubris:MobiusCoin"},{"floor":24,"key":"hubris:PeanutButter"},{"floor":31,"key":"halation:LettersToHer"},{"floor":31,"key":"TungstenRod"},{"floor":41,"key":"halation:LettersToHer"},{"floor":41,"key":"Art of War"},{"floor":42,"key":"DemoMod:Antibody"},{"floor":42,"key":"infinitespire:Lucky Rock"},{"floor":45,"key":"Lantern"},{"floor":45,"key":"halation:AfternoonTea"},{"floor":48,"key":"halation:LettersToHer"},{"floor":48,"key":"Bottled Flame"},{"floor":52,"key":"Bag of Marbles"},{"floor":52,"key":"potionbrewer:ToyAutogyro"}],"event_choices":[{"damage_healed":0,"gold_gain":0,"player_choice":"Donut","damage_taken":0,"max_hp_gain":5,"max_hp_loss":0,"event_name":"Big Fish","floor":5,"gold_loss":0}],"is_beta":false,"boss_relics":[{"not_picked":["conspire:RunicOctahedron","Snecko Eye"],"picked":"conspire:SpecialSausage"},{"not_picked":["halation:SmartPhone","halation:ForbiddenBikini","Astrolabe"]}],"items_purged_floors":[21],"is_endless":false,"potions_floor_spawned":[2,8,12,15,19,22,31,33,36,37,42,46,52],"ascension_level":0}}