{"host":"g868zphnms2wggi3","time":1611065549,"event":{"mods":["Act Like it!","BaseMod","Colored Map","GifTheSpireLib","Lobotomy","LobotomyExtend","Minty Spire (QoL Compilation)","Reimu£®≤©¿ˆ¡È√Œ£©","StSLib"],"gold_per_floor":[115,132,142,92,111,111,111],"floor_reached":6,"language":"ZHS","playtime":1159,"items_purged":[],"score":38,"play_id":"766762ed-dd4b-440d-9ccf-f49b674e57c3","local_time":"20210119221229","is_ascension_mode":false,"campfire_choices":[],"circlet_count":0,"master_deck":["Strike_Lin:ReiMu","Strike_Lin:ReiMu","Strike_Lin:ReiMu","Defend_Lin:ReiMu","Defend_Lin:ReiMu","Defend_Lin:ReiMu","Defend_Lin:ReiMu","NB:ReiMu","Stagnation:ReiMu","Bloodbath","SubAcupoint:ReiMu","RainPray2:ReiMu","ShyLook","SpreadBorder2:ReiMu","BigBadWolf","Revelation:ReiMu","MeatLantern"],"relics":["FlyPower:ReiMu","CogitoBucket","LetterFromLob"],"acts_visited":["Exordium"],"potions_floor_usage":[],"damage_taken":[{"damage":9,"enemies":"Jaw Worm","floor":1,"turns":7},{"damage":0,"enemies":"2 Louse","floor":2,"turns":3},{"damage":2,"enemies":"Small Slimes","floor":3,"turns":5},{"damage":11,"enemies":"Gremlin Gang","floor":5,"turns":21},{"damage":76,"enemies":"Lagavulin","floor":6,"turns":5}],"seed_played":"-7415598944482743863","potions_obtained":[{"floor":2,"key":"Block Potion"},{"floor":5,"key":"PinkPotion:ReiMu"}],"is_trial":false,"path_per_floor":["M","M","M","?","M","E"],"character_chosen":"REIMU","items_purchased":[],"campfire_rested":0,"item_purchase_floors":[],"current_hp_per_floor":[56,58,58,58,64,0,0],"gold":111,"neow_bonus":"","is_daily":false,"chose_seed":false,"campfire_upgraded":0,"win_rate":0.0,"timestamp":1611065549,"path_taken":["M","M","M","?","M","E"],"items_purchased_type":[],"build_version":"2020-12-22","purchased_purges":0,"victory":false,"max_hp_per_floor":[65,65,65,65,65,65,65],"card_choices":[{"not_picked":["PunishingBird","GalaxyChild"],"picked":"Bloodbath","floor":1},{"not_picked":["Amulet:ReiMu","Meditation:ReiMu"],"picked":"SubAcupoint:ReiMu","floor":1},{"not_picked":["Amulet:ReiMu","CareerPray:ReiMu"],"picked":"RainPray2:ReiMu","floor":2},{"not_picked":["NakedNest","SpiderBud"],"picked":"ShyLook","floor":2},{"not_picked":["SubcavityInstant:ReiMu","SpringWay:ReiMu"],"picked":"SpreadBorder2:ReiMu","floor":3},{"not_picked":["CrumblingArmor","UniverseFragment"],"picked":"BigBadWolf","floor":3},{"not_picked":["Amulet:ReiMu","SpreadBorder2:ReiMu"],"picked":"Revelation:ReiMu","floor":5},{"not_picked":["Scorched","Variant"],"picked":"MeatLantern","floor":5}],"player_experience":175458,"relics_obtained":[{"floor":1,"key":"LetterFromLob"}],"event_choices":[{"cards_removed":["Strike_Lin:ReiMu"],"damage_healed":0,"gold_gain":0,"player_choice":"Card Removal","damage_taken":0,"max_hp_gain":0,"max_hp_loss":0,"event_name":"The Cleric","floor":4,"gold_loss":50}],"is_beta":false,"boss_relics":[],"items_purged_floors":[],"is_endless":false,"potions_floor_spawned":[2,5],"killed_by":"Lagavulin","ascension_level":0}}