{"host":"nb3r5a3er9rrnn3n","time":1611031581,"event":{"mods":["BaseMod","Colored Map","Downfall","Minty Spire (QoL Compilation)","Spire Arcade","StSLib"],"gold_per_floor":[99,99,199,199,199,233,233,261,261,289,306,335,335,0,14,113,113,113,130,9,29,14,26,49,74,74,87,115,127,127,158,169,274,274,174,193,203,221,366,399,399,449,248,264,64,74,24,24,39,39,39,64,14,14,14,14],"floor_reached":57,"language":"ENG","playtime":5085,"items_purged":["bronze:DelayedSlice+1","downfall:Icky","bronze:CloningBeam","bronze:Strike"],"score":1525,"play_id":"2e8d65a1-9829-44f5-a1a9-be66a8c6e22a","local_time":"20210119154621","is_ascension_mode":true,"campfire_choices":[{"data":"bronze:Replicate","floor":1,"key":"SMITH"},{"data":"bronze:CloningBeam","floor":13,"key":"SMITH"},{"data":"bronze:Fortify","floor":18,"key":"SMITH"},{"data":"bronze:RecursiveStrike","floor":26,"key":"SMITH"},{"floor":30,"key":"RECALL"},{"data":"bronze:GetLatest","floor":35,"key":"SMITH"},{"data":"bronze:Format","floor":45,"key":"SMITH"},{"data":"bronze:Format","floor":54,"key":"SMITH"}],"circlet_count":0,"master_deck":["bronze:Strike+1","bronze:Strike","bronze:Defend","bronze:Defend","bronze:Defend","bronze:Defend","bronze:CloningBeam+1","bronze:Frontload","bronze:BronzeOrb","bronze:Overload","bronze:Fortify+1","bronze:RecursiveStrike+1","bronze:Optimize+1","bronze:CloningBeam+1","bronze:Repulsor","bronze:Fortify+1","bronze:FollowUp","bronze:FineTuning+1","bronze:ForLoop+1","bronze:GetLatest+1","bronze:Iterate+1","bronze:Frontload","bronze:Iterate+1","bronze:BuggyMess+1","bronze:Frontload","bronze:Iterate+1","bronze:Format+1","bronze:Frontload+1","bronze:Format+1"],"relics":["bronze:BronzeCore","downfall:HeartsMalice","downfall:ShatteredFragment","Thread and Needle","hexamod:CandleOfCauterizing","Bottled Flame","Guardian:PocketSentry","Smiling Mask","Darkstone Periapt","bronze:CableSpool","Astrolabe","Ancient Tea Set","Bag of Preparation","Whetstone","PreservedInsect","Cursed Key","downfall:HeartBlessingRed","Medical Kit","Pantograph","champ:DuelingGlove","downfall:HeartBlessingBlue","downfall:HeartBlessingGreen","Pocketwatch"],"acts_visited":["Exordium","TheCity","TheBeyond","TheEnding"],"potions_floor_usage":[12,21,22,27,28,28,52,52,56],"damage_taken":[{"damage":0,"enemies":"Jaw Worm","floor":2,"turns":1},{"damage":0,"enemies":"Small Slimes","floor":5,"turns":1},{"damage":0,"enemies":"3 Sentries","floor":6,"turns":1},{"damage":4,"enemies":"Lagavulin","floor":8,"turns":6},{"damage":0,"enemies":"3 Sentries","floor":10,"turns":6},{"damage":0,"enemies":"2 Louse","floor":11,"turns":2},{"damage":0,"enemies":"Gremlin Nob","floor":12,"turns":4},{"damage":0,"enemies":"downfall:FleeingMerchant","floor":14,"turns":4},{"damage":0,"enemies":"Blue Slaver","floor":15,"turns":3},{"damage":0,"enemies":"WA_ARCHETYPE_RETAIN","floor":16,"turns":9},{"damage":0,"enemies":"Chosen","floor":19,"turns":3},{"damage":0,"enemies":"downfall:FleeingMerchant","floor":20,"turns":4},{"damage":8,"enemies":"Snake Plant","floor":21,"turns":4},{"damage":0,"enemies":"downfall:FleeingMerchant","floor":22,"turns":4},{"damage":5,"enemies":"Centurion and Healer","floor":23,"turns":6},{"damage":9,"enemies":"Slavers","floor":25,"turns":3},{"damage":0,"enemies":"Shelled Parasite and Fungi","floor":27,"turns":3},{"damage":0,"enemies":"Book of Stabbing","floor":28,"turns":4},{"damage":0,"enemies":"Chosen and Byrds","floor":29,"turns":7},{"damage":0,"enemies":"Gremlin Leader","floor":31,"turns":4},{"damage":0,"enemies":"3 Cultists","floor":32,"turns":4},{"damage":47,"enemies":"IC_MUSHROOM_ARCHETYPE","floor":33,"turns":7},{"damage":0,"enemies":"Orb Walker","floor":36,"turns":2},{"damage":1,"enemies":"3 Shapes","floor":37,"turns":3},{"damage":0,"enemies":"Transient","floor":38,"turns":5},{"damage":0,"enemies":"downfall:FleeingMerchant","floor":39,"turns":3},{"damage":0,"enemies":"Nemesis","floor":40,"turns":4},{"damage":0,"enemies":"Nemesis","floor":42,"turns":3},{"damage":0,"enemies":"Jaw Worm Horde","floor":44,"turns":3},{"damage":0,"enemies":"4 Shapes","floor":46,"turns":6},{"damage":0,"enemies":"Writhing Mass","floor":49,"turns":4},{"damage":29,"enemies":"DF_ARCHETYPE_ORBS","floor":50,"turns":6},{"damage":4,"enemies":"downfall:CharBossMerchant","floor":52,"turns":9},{"damage":1,"enemies":"downfall:NeowBoss","floor":55,"turns":19},{"damage":40,"enemies":"downfall:NeowBossFinal","floor":56,"turns":12}],"seed_played":"2388268880814790720","potions_obtained":[{"floor":8,"key":"BlessingOfTheForge"},{"floor":11,"key":"BlessingOfTheForge"},{"floor":12,"key":"EssenceOfSteel"},{"floor":19,"key":"GamblersBrew"},{"floor":21,"key":"LiquidMemories"},{"floor":27,"key":"SkillPotion"},{"floor":29,"key":"SpeedPotion"},{"floor":31,"key":"SneckoOil"},{"floor":33,"key":"hexamod:SoulburnPotion"},{"floor":37,"key":"DuplicationPotion"},{"floor":42,"key":"DistilledChaos"}],"is_trial":false,"path_per_floor":["R","M","?","?","M","E","T","E","?","E","M","E","R","$","M","B",null,"R","M","$","M","$","M","T","E","R","M","E","M","R","E","M","B",null,"R","M","M","M","?","E","T","?","$","M","R","M","$","?","M","B",null,"E","$","R","B","B",null],"character_chosen":"THE_AUTOMATON","items_purchased":["bronze:CableSpool","bronze:Fortify","bronze:Repulsor","bronze:Fortify","Medical Kit","bronze:Format"],"campfire_rested":0,"item_purchase_floors":[14,14,20,20,39,43],"current_hp_per_floor":[70,70,70,49,49,49,49,45,42,42,42,42,42,42,42,42,70,70,70,70,62,62,57,57,48,48,48,48,48,48,48,48,1,70,70,70,69,69,69,69,75,76,76,76,86,86,86,96,96,67,96,92,92,92,95,56],"gold":14,"neow_bonus":"THREE_ENEMY_KILL","is_daily":false,"chose_seed":false,"campfire_upgraded":7,"win_rate":0.0,"timestamp":1611031581,"path_taken":["R","M","?","?","M","E","T","E","?","E","?","E","R","?","M","BOSS","R","M","$","M","?","M","T","E","R","M","E","?","R","E","M","BOSS","R","M","M","M","?","E","T","?","$","M","R","M","?","?","M","BOSS","E","$","R","BOSS","BOSS"],"items_purchased_type":["Relic","Card","Card","Card","Relic","Card"],"build_version":"2020-12-22","purchased_purges":4,"victory":true,"max_hp_per_floor":[70,70,70,70,70,70,70,70,70,70,70,70,70,70,70,70,70,70,70,70,70,70,70,70,70,70,70,70,70,70,70,70,70,70,70,70,70,70,70,70,76,76,76,76,86,86,86,96,96,96,96,96,96,96,96,96],"card_choices":[{"not_picked":["bronze:ClassDefault","bronze:Turbo"],"picked":"bronze:CloningBeam","floor":2},{"not_picked":["bronze:ForceShield","bronze:Invalidate","bronze:BuggyMess"],"picked":"SKIP","floor":5},{"not_picked":["bronze:WildBeam","bronze:Invalidate"],"picked":"bronze:Frontload","floor":6},{"not_picked":["bronze:BuggyMess","bronze:FineTuning","bronze:Overheat"],"picked":"SKIP","floor":8},{"not_picked":["bronze:GetLatest","bronze:CutThrough"],"picked":"bronze:BronzeOrb","floor":10},{"not_picked":["bronze:Turbo","bronze:Invalidate"],"picked":"bronze:Overload","floor":11},{"not_picked":["bronze:WildBeam","bronze:ForceShield","bronze:BuggyMess"],"picked":"SKIP","floor":12},{"not_picked":["bronze:Backtrace","bronze:Turbo","bronze:BuggyMess"],"picked":"SKIP","floor":14},{"not_picked":["bronze:CleanCode","bronze:Repair"],"picked":"bronze:CloningBeam","floor":15},{"not_picked":["bronze:AlphaBuild","bronze:HyperBeam"],"picked":"bronze:RecursiveStrike","floor":16},{"not_picked":["bronze:Deprecate","bronze:BugBarrage+1"],"picked":"bronze:CloningBeam+1","floor":19},{"not_picked":["bronze:Terminator","bronze:Shield","bronze:DelayedGuard"],"picked":"SKIP","floor":20},{"not_picked":["bronze:ForceShield+1","bronze:BronzeOrb"],"picked":"bronze:FollowUp","floor":21},{"not_picked":["bronze:WildBeam","bronze:WhirlingStrike","bronze:Optimize"],"picked":"SKIP","floor":22},{"not_picked":["bronze:Branch","bronze:Constructor"],"picked":"bronze:FineTuning+1","floor":23},{"not_picked":["bronze:Branch","bronze:DigitalCarnage+1"],"picked":"bronze:ForLoop+1","floor":25},{"not_picked":["bronze:Deprecate","bronze:Branch","bronze:WildBeam"],"picked":"SKIP","floor":27},{"not_picked":["bronze:HyperBeam","bronze:FineTuning"],"picked":"bronze:GetLatest","floor":28},{"not_picked":["bronze:Shield","bronze:Deprecate+1"],"picked":"bronze:Iterate+1","floor":29},{"not_picked":["bronze:Iterate","bronze:Frontload","bronze:RecursiveStrike"],"picked":"SKIP","floor":31},{"not_picked":["bronze:Iterate","bronze:RecursiveStrike"],"picked":"bronze:Frontload","floor":31},{"not_picked":["bronze:BugBarrage","bronze:DarkDash","bronze:Shield"],"picked":"SKIP","floor":32},{"not_picked":["bronze:Branch","bronze:Invalidate+1"],"picked":"bronze:Iterate+1","floor":36},{"not_picked":["bronze:Philosophize","bronze:Deprecate"],"picked":"bronze:BuggyMess+1","floor":37},{"not_picked":["bronze:DelayedSlice","bronze:Philosophize"],"picked":"bronze:Frontload","floor":38},{"not_picked":["bronze:Break","bronze:Overheat+1"],"picked":"bronze:Iterate+1","floor":39},{"not_picked":["bronze:CutThrough","bronze:Turbo"],"picked":"bronze:Format","floor":40},{"not_picked":["bronze:Shield","bronze:Turbo+1"],"picked":"bronze:Frontload+1","floor":42},{"not_picked":["bronze:Deprecate","bronze:WhirlingStrike","bronze:BitShift"],"picked":"SKIP","floor":44},{"not_picked":["bronze:BugBarrage+1","bronze:Fortify","bronze:CloningBeam+1"],"picked":"SKIP","floor":46},{"not_picked":["bronze:BugBarrage+1","bronze:BurnOut","bronze:BronzeArmor"],"picked":"SKIP","floor":49},{"not_picked":["bronze:Overload","bronze:WhirlingStrike+1","bronze:ChildClass"],"picked":"SKIP","floor":52}],"player_experience":1907841,"relics_obtained":[{"floor":6,"key":"Thread and Needle"},{"floor":7,"key":"hexamod:CandleOfCauterizing"},{"floor":8,"key":"Bottled Flame"},{"floor":10,"key":"Smiling Mask"},{"floor":12,"key":"Darkstone Periapt"},{"floor":24,"key":"Ancient Tea Set"},{"floor":25,"key":"Bag of Preparation"},{"floor":28,"key":"Whetstone"},{"floor":31,"key":"PreservedInsect"},{"floor":40,"key":"Pantograph"},{"floor":42,"key":"champ:DuelingGlove"},{"floor":52,"key":"Pocketwatch"}],"event_choices":[{"damage_healed":0,"gold_gain":0,"player_choice":"Success","damage_taken":3,"relics_obtained":["Guardian:PocketSentry"],"max_hp_gain":0,"max_hp_loss":0,"event_name":"Scrap Ooze","floor":9,"gold_loss":0},{"cards_removed":["bronze:ShipIt"],"damage_healed":0,"gold_gain":0,"player_choice":"Offered Rare","damage_taken":0,"max_hp_gain":10,"max_hp_loss":0,"event_name":"Bonfire Elementals","floor":48,"gold_loss":0}],"is_beta":false,"boss_relics":[{"not_picked":["bronze:PlatinumCore","bronze:MakeshiftBattery"],"picked":"Astrolabe"},{"not_picked":["Busted Crown","Runic Dome"],"picked":"Cursed Key"}],"items_purged_floors":[39,43,47,53],"is_endless":false,"potions_floor_spawned":[8,11,12,19,21,27,29,31,33,36,37,40,42,46],"ascension_level":1}}