{"host":"qzq9y7dlvg9zw3hx","time":1611054464,"event":{"mods":["Act Like it!","BaseMod","Dota2Spire","Minty Spire (QoL Compilation)","StSLib","¡¾ÒÅÎï¿¨ÅÆ¡¿REMEMod"],"gold_per_floor":[113,113,123,142,153,179,179,211,211,161,7,17,43,53,53,148,148,160,175,199,212,232,257,257,257,257,257,257,287,162,181,181,181,181],"floor_reached":33,"language":"ZHS","playtime":5841,"items_purged":["Strike_G+1"],"score":322,"play_id":"d077c00a-9034-4d5a-92b3-9203dd9cbafa","local_time":"20210119190744","is_ascension_mode":true,"campfire_choices":[{"floor":7.0,"key":"REST"},{"floor":15.0,"key":"REST"},{"floor":28.0,"key":"REST"},{"data":"1","floor":32,"key":"LIFT"}],"circlet_count":0,"master_deck":["Strike_G+1","Strike_G+1","Defend_G+1","Defend_G+1","Defend_G+1","Survivor","Neutralize","Impervious","Tools of the Trade","Noxious Fumes","Flying Knee","Dagger Spray","Backflip","Tactician","Die Die Die","Venomology","Bane","Calculated Gamble","Noxious Fumes","Deflect","Dagger Throw","Calculated Gamble+1","Blade Dance"],"relics":["Ring of the Snake","REME_ComplimentaryCards","Potion Belt","Dota2Spire:HeartOfTarrasque","Pocketwatch","TwistedFunnel","StrikeDummy","WristBlade","Juzu Bracelet","Bottled Tornado","Darkstone Periapt","Meat on the Bone","Girya"],"acts_visited":["Exordium","TheCity"],"potions_floor_usage":[31,33],"damage_taken":[{"damage":0.0,"enemies":"Jaw Worm","floor":1.0,"turns":8.0},{"damage":0.0,"enemies":"Cultist","floor":3.0,"turns":5.0},{"damage":9.0,"enemies":"Small Slimes","floor":4.0,"turns":5.0},{"damage":7.0,"enemies":"Exordium Thugs","floor":5.0,"turns":5.0},{"damage":17.0,"enemies":"Lagavulin","floor":6.0,"turns":9.0},{"damage":26.0,"enemies":"3 Sentries","floor":8.0,"turns":6.0},{"damage":0.0,"enemies":"Red Slaver","floor":12.0,"turns":3.0},{"damage":8.0,"enemies":"Gremlin Nob","floor":13.0,"turns":4.0},{"damage":0.0,"enemies":"Looter","floor":14.0,"turns":2.0},{"damage":15.0,"enemies":"Hexaghost","floor":16.0,"turns":11.0},{"damage":9.0,"enemies":"Shell Parasite","floor":18.0,"turns":5.0},{"damage":8.0,"enemies":"Spheric Guardian","floor":19.0,"turns":6.0},{"damage":13.0,"enemies":"Shelled Parasite and Fungi","floor":21.0,"turns":8.0},{"damage":21.0,"enemies":"Centurion and Healer","floor":22.0,"turns":4.0},{"damage":15.0,"enemies":"Gremlin Leader","floor":23.0,"turns":6.0},{"damage":30.0,"enemies":"Slavers","floor":29.0,"turns":5.0},{"damage":4,"enemies":"Snecko","floor":31,"turns":4},{"damage":51,"enemies":"Automaton","floor":33,"turns":6}],"seed_played":"-7966758689664080865","potions_obtained":[{"floor":3.0,"key":"Dota2Spire:HealingSalve"},{"floor":4.0,"key":"SkillPotion"},{"floor":12.0,"key":"GamblersBrew"},{"floor":16.0,"key":"Poison Potion"},{"floor":22.0,"key":"Dota2Spire:Clarity"},{"floor":29.0,"key":"DistilledChaos"},{"floor":31,"key":"LiquidBronze"}],"is_trial":false,"path_per_floor":["M","?","M","M","M","E","R","E","T","?","$","M","E","M","R","B",null,"M","M","T","M","M","E","T","?","T","?","R","E","$","M","R","B"],"character_chosen":"THE_SILENT","items_purchased":["TwistedFunnel","Blade Dance"],"campfire_rested":3,"item_purchase_floors":[11,30],"current_hp_per_floor":[49,49,49,40,33,16,37,28,28,28,28,28,20,20,43,40,78,78,70,70,61,52,45,45,45,45,45,68,50,50,46,46,0,0],"gold":181,"neow_bonus":"THREE_RARE_CARDS","is_daily":false,"chose_seed":false,"campfire_upgraded":0,"win_rate":0.0,"timestamp":1611054464,"path_taken":["M","?","M","M","?","E","R","E","T","?","?","M","E","M","R","BOSS","M","M","?","M","M","E","?","?","T","?","R","E","?","M","R","BOSS"],"items_purchased_type":["Relic","Card"],"build_version":"2020-12-22","purchased_purges":1,"victory":false,"max_hp_per_floor":[70,70,70,70,70,70,70,78,78,78,78,78,78,78,78,78,78,78,78,78,78,78,78,78,78,78,78,78,78,78,78,78,78,78],"card_choices":[{"not_picked":["REME_CopyPotion","REME_GrazeFinale"],"picked":"Tools of the Trade","floor":0.0},{"not_picked":["Blade Dance","Underhanded Strike"],"picked":"Noxious Fumes","floor":1.0},{"not_picked":["Dagger Throw","Quick Slash"],"picked":"Flying Knee","floor":3.0},{"not_picked":["PiercingWail","Acrobatics"],"picked":"Dagger Spray","floor":4.0},{"not_picked":["Dagger Spray","Terror"],"picked":"Backflip","floor":5.0},{"not_picked":["Outmaneuver","REME_ShadowStrike"],"picked":"Tactician","floor":6.0},{"not_picked":["Escape Plan","Envenom"],"picked":"Die Die Die","floor":8.0},{"not_picked":["Dagger Spray","Eviscerate","Sucker Punch"],"picked":"SKIP","floor":12.0},{"not_picked":["Deflect","Prepared","Predator"],"picked":"SKIP","floor":13.0},{"not_picked":["Backflip","REME_ShadowStrike","Flechettes"],"picked":"SKIP","floor":14.0},{"not_picked":["Doppelganger","Phantasmal Killer"],"picked":"Venomology","floor":16.0},{"not_picked":["Flying Knee","Calculated Gamble"],"picked":"Bane","floor":18.0},{"not_picked":["Poisoned Stab","Choke+1","Riddle With Holes"],"picked":"SKIP","floor":19.0},{"not_picked":["PiercingWail","Heel Hook"],"picked":"Calculated Gamble","floor":21.0},{"not_picked":["Flechettes","Finisher","Dagger Throw+1"],"picked":"SKIP","floor":22.0},{"not_picked":["Flechettes+1","Backflip+1"],"picked":"Noxious Fumes","floor":23.0},{"not_picked":["Leg Sweep","Sucker Punch"],"picked":"Calculated Gamble+1","floor":29.0},{"not_picked":["Slice","Acrobatics+1","Eviscerate"],"picked":"SKIP","floor":31}],"player_experience":49482,"relics_obtained":[{"floor":6.0,"key":"Potion Belt"},{"floor":8.0,"key":"Dota2Spire:HeartOfTarrasque"},{"floor":9.0,"key":"Pocketwatch"},{"floor":13.0,"key":"StrikeDummy"},{"floor":20.0,"key":"Juzu Bracelet"},{"floor":23.0,"key":"Bottled Tornado"},{"floor":24.0,"key":"Darkstone Periapt"},{"floor":26.0,"key":"Meat on the Bone"},{"floor":29.0,"key":"Girya"}],"event_choices":[{"cards_removed":["Strike_G"],"damage_healed":0.0,"max_hp_gain":0.0,"max_hp_loss":0.0,"gold_gain":0.0,"event_name":"Purifier","player_choice":"Purged","floor":2.0,"gold_loss":0.0,"damage_taken":0.0},{"cards_removed":["Defend_G"],"damage_healed":0.0,"max_hp_gain":0.0,"max_hp_loss":0.0,"gold_gain":0.0,"event_name":"The Cleric","player_choice":"Card Removal","floor":10.0,"gold_loss":50.0,"damage_taken":0.0},{"damage_healed":0.0,"max_hp_gain":0.0,"max_hp_loss":0.0,"gold_gain":0.0,"event_name":"Back to Basics","player_choice":"Simplicity","floor":25.0,"gold_loss":0.0,"damage_taken":0.0,"cards_upgraded":["Strike_G","Strike_G","Strike_G","Strike_G","Defend_G","Defend_G","Defend_G","Defend_G"]},{"damage_healed":0.0,"max_hp_gain":0.0,"max_hp_loss":0.0,"gold_gain":0.0,"cards_transformed":["Strike_G","Defend_G"],"event_name":"Drug Dealer","player_choice":"Became Test Subject","floor":27.0,"gold_loss":0.0,"damage_taken":0.0,"cards_obtained":["Deflect","Dagger Throw"]}],"is_beta":false,"boss_relics":[{"not_picked":["Philosopher\u0027s Stone","Coffee Dripper"],"picked":"WristBlade"}],"items_purged_floors":[30],"is_endless":false,"potions_floor_spawned":[3,4,12,16,22,29,31],"killed_by":"Automaton","ascension_level":1}}