{"host":"1a3cjta80tad0aqj","time":1611053812,"event":{"mods":["2.2 Compatiblity","AchievementEnabler","BaseMod","Colored Map","DeckTracker","KOR Keyword Fix","Keyboard Shortcuts","Minty Spire (QoL Compilation)","Permanent Neow","Quick Restart","Random Character Button","StSLib","SuperFastMode","everything is the same but u backflip on backflip"],"gold_per_floor":[114,128,140,59,72,72,105,105,105,125,144,144,162,205,205,304,304,324,239,254,274,294,294,332,332,332,332,368,368,381,406,406,406,406],"floor_reached":33,"language":"KOR","playtime":1364,"items_purged":[],"score":708,"play_id":"49ce0621-b1be-4171-be76-acf317a42264","local_time":"20210119195652","is_ascension_mode":true,"campfire_choices":[{"data":"BowlingBash","floor":6.0,"key":"SMITH"},{"data":"FearNoEvil","floor":8.0,"key":"SMITH"},{"data":"EmptyFist","floor":15.0,"key":"SMITH"},{"floor":23.0,"key":"REST"},{"floor":25.0,"key":"REST"},{"floor":27.0,"key":"REST"},{"floor":32.0,"key":"REST"}],"circlet_count":0,"master_deck":["AscendersBane","Strike_P","Strike_P","Strike_P","Strike_P","Defend_P","Defend_P","Defend_P","Defend_P","Eruption+1","Vigilance","EmptyBody","EmptyFist+1","BowlingBash+1","FearNoEvil+1","EmptyMind","Halt","Injury","CutThroughFate","TalkToTheHand","TalkToTheHand","SashWhip","MentalFortress","Writhe"],"relics":["HolyWater","Strawberry","Pen Nib","Golden Idol","StrikeDummy","Mummified Hand","Meat on the Bone","Bottled Lightning","Red Mask","Smiling Mask","Regal Pillow"],"acts_visited":["Exordium","TheCity"],"potions_floor_usage":[33,33],"damage_taken":[{"damage":1.0,"enemies":"Cultist","floor":1.0,"turns":3.0},{"damage":1.0,"enemies":"Small Slimes","floor":2.0,"turns":4.0},{"damage":0.0,"enemies":"2 Louse","floor":3.0,"turns":2.0},{"damage":0.0,"enemies":"Large Slime","floor":5.0,"turns":3.0},{"damage":0.0,"enemies":"Lagavulin","floor":7.0,"turns":3.0},{"damage":4.0,"enemies":"Looter","floor":10.0,"turns":3.0},{"damage":4.0,"enemies":"Red Slaver","floor":11.0,"turns":2.0},{"damage":5.0,"enemies":"Large Slime","floor":13.0,"turns":4.0},{"damage":0.0,"enemies":"Gremlin Nob","floor":14.0,"turns":2.0},{"damage":24.0,"enemies":"The Guardian","floor":16.0,"turns":8.0},{"damage":0.0,"enemies":"Chosen","floor":18.0,"turns":3.0},{"damage":18.0,"enemies":"2 Thieves","floor":20.0,"turns":4.0},{"damage":14.0,"enemies":"3 Cultists","floor":21.0,"turns":5.0},{"damage":7.0,"enemies":"Snake Plant","floor":22.0,"turns":2.0},{"damage":39.0,"enemies":"Slavers","floor":24.0,"turns":7.0},{"damage":29.0,"enemies":"Masked Bandits","floor":28.0,"turns":6.0},{"damage":13.0,"enemies":"Centurion and Healer","floor":30.0,"turns":5.0},{"damage":27,"enemies":"Champ","floor":33,"turns":10}],"seed_played":"-3091927399395408968","potions_obtained":[{"floor":1.0,"key":"DistilledChaos"},{"floor":3.0,"key":"Dexterity Potion"},{"floor":10.0,"key":"DistilledChaos"},{"floor":14.0,"key":"Dexterity Potion"},{"floor":21.0,"key":"BlessingOfTheForge"},{"floor":24.0,"key":"AttackPotion"},{"floor":28.0,"key":"GamblersBrew"},{"floor":30.0,"key":"Fire Potion"}],"is_trial":false,"path_per_floor":["M","M","M","$","M","R","E","R","T","M","M","?","M","E","R","B",null,"M","?","M","M","M","R","E","R","T","R","?","?","M","T","R","B"],"character_chosen":"WATCHER","items_purchased":["FearPotion","BowlingBash"],"campfire_rested":4,"item_purchase_floors":[4,4],"current_hp_per_floor":[60,59,59,59,59,59,66,66,66,62,58,58,53,53,53,29,64,64,64,46,32,25,47,8,30,30,52,35,35,34,34,71,44,44],"gold":406,"neow_bonus":"UPGRADE_CARD","is_daily":false,"chose_seed":false,"campfire_upgraded":3,"win_rate":0.0,"timestamp":1611053812,"path_taken":["M","M","M","$","M","R","E","R","T","?","M","?","M","E","R","BOSS","M","?","M","M","M","R","E","R","T","R","?","?","M","?","R","BOSS"],"items_purchased_type":["Potion","Card"],"build_version":"2020-12-22","purchased_purges":0,"victory":false,"max_hp_per_floor":[68,68,68,68,68,68,75,75,75,75,75,75,75,75,75,75,75,75,75,75,75,75,75,75,75,75,75,75,75,75,75,75,75,75],"card_choices":[{"not_picked":["Weave","Crescendo"],"picked":"EmptyBody","floor":1.0},{"not_picked":["Vengeance","Pray","EmptyBody"],"picked":"SKIP","floor":2.0},{"not_picked":["ThirdEye","FlurryOfBlows"],"picked":"EmptyFist","floor":3.0},{"not_picked":["EmptyBody","DeceiveReality"],"picked":"FearNoEvil","floor":5.0},{"not_picked":["Wireheading","FollowUp"],"picked":"EmptyMind","floor":7.0},{"not_picked":["DeceiveReality","Vengeance","Evaluate"],"picked":"SKIP","floor":10.0},{"not_picked":["Brilliance","FollowUp"],"picked":"Halt","floor":11.0},{"not_picked":["Weave","Consecrate"],"picked":"CutThroughFate","floor":13.0},{"not_picked":["PathToVictory","Study"],"picked":"TalkToTheHand","floor":14.0},{"not_picked":["Crescendo","ThirdEye","PathToVictory"],"picked":"SKIP","floor":18.0},{"not_picked":["ForeignInfluence","BowlingBash","ClearTheMind"],"picked":"SKIP","floor":20.0},{"not_picked":["Crescendo","ReachHeaven"],"picked":"TalkToTheHand","floor":21.0},{"not_picked":["EmptyBody","FollowUp"],"picked":"SashWhip","floor":22.0},{"not_picked":["SashWhip","Devotion"],"picked":"MentalFortress","floor":24.0},{"not_picked":["Halt","JustLucky","PathToVictory"],"picked":"SKIP","floor":30.0}],"player_experience":780884,"relics_obtained":[{"floor":7.0,"key":"Strawberry"},{"floor":9.0,"key":"Pen Nib"},{"floor":14.0,"key":"StrikeDummy"},{"floor":24.0,"key":"Meat on the Bone"},{"floor":26.0,"key":"Bottled Lightning"},{"floor":28.0,"key":"Red Mask"},{"floor":31.0,"key":"Regal Pillow"}],"event_choices":[{"damage_healed":0.0,"max_hp_gain":0.0,"max_hp_loss":0.0,"gold_gain":0.0,"event_name":"Golden Idol","player_choice":"Take Wound","floor":12.0,"gold_loss":0.0,"damage_taken":0.0,"relics_obtained":["Golden Idol"],"cards_obtained":["Injury"]},{"damage_healed":0.0,"max_hp_gain":0.0,"max_hp_loss":0.0,"gold_gain":0.0,"event_name":"Addict","player_choice":"Obtained Relic","floor":19.0,"gold_loss":85.0,"damage_taken":0.0,"relics_obtained":["Mummified Hand"]},{"damage_healed":0.0,"max_hp_gain":0.0,"max_hp_loss":0.0,"gold_gain":0.0,"event_name":"Masked Bandits","player_choice":"Fought Bandits","floor":28.0,"gold_loss":0.0,"damage_taken":0.0},{"damage_healed":0.0,"max_hp_gain":0.0,"max_hp_loss":0.0,"gold_gain":0.0,"event_name":"The Mausoleum","player_choice":"Opened","floor":29.0,"gold_loss":0.0,"damage_taken":0.0,"relics_obtained":["Smiling Mask"],"cards_obtained":["Writhe"]}],"is_beta":false,"boss_relics":[{"not_picked":["Cursed Key","Calling Bell"],"picked":"HolyWater"}],"items_purged_floors":[],"is_endless":false,"potions_floor_spawned":[1,3,10,14,21,24,28,30],"killed_by":"Champ","ascension_level":20}}