{"host":"vhrbb9mxb8fcxsba","time":1611093638,"event":{"mods":["2.2 Compatiblity","Act Like it!","Aspiration","BaseMod","Downfall","GungeonMod","Infinite Spire","Minty Spire (QoL Compilation)","Quick Restart","StSLib","The Disciple","Wandering Minibosses"],"gold_per_floor":[99,99,114,54,74,74,98,98,151,177,187,187,187,187],"floor_reached":12,"language":"ENG","playtime":577,"items_purged":[],"score":84,"play_id":"911bda44-cba4-4111-88b1-c253470d130a","local_time":"20210120110038","is_ascension_mode":true,"campfire_choices":[{"data":"champ:Taunt","floor":1,"key":"SMITH"},{"data":"champ:MurderStrike","floor":6,"key":"SMITH"}],"circlet_count":0,"master_deck":["champ:Strike","champ:Strike","champ:Strike","champ:Strike","champ:Defend","champ:Defend","champ:Defend","champ:Defend","champ:Execute","champ:Taunt+1","champ:ShieldSigil","champ:MurderStrike+1","champ:BerserkersShout","champ:PreciseThrust","champ:FocusedBerserking"],"relics":["champ:ChampionCrown","infinitespire:PuzzleCube","infinitespire:FocusingShard","Pen Nib"],"acts_visited":["Exordium"],"potions_floor_usage":[3,4,10,12,12,12],"damage_taken":[{"damage":3,"enemies":"Jaw Worm","floor":3,"turns":4},{"damage":44,"enemies":"downfall:FleeingMerchant","floor":4,"turns":4},{"damage":72,"enemies":"Cultist","floor":5,"turns":6},{"damage":98,"enemies":"3 Sentries","floor":10,"turns":8},{"damage":13,"enemies":"2 Louse","floor":11,"turns":3},{"damage":37,"enemies":"Gremlin Nob","floor":12,"turns":2}],"seed_played":"3581956197114205067","potions_obtained":[{"floor":2,"key":"SkillPotion"},{"floor":2,"key":"BlessingOfTheForge"},{"floor":2,"key":"GamblersBrew"},{"floor":3,"key":"hexamod:SoulburnPotion"},{"floor":10,"key":"Energy Potion"},{"floor":11,"key":"LiquidMemories"}],"is_trial":false,"path_per_floor":["R","?","M","$","M","R","T","?","T","E","M","E"],"character_chosen":"THE_CHAMP","items_purchased":["champ:BerserkersShout"],"campfire_rested":0,"item_purchase_floors":[4],"current_hp_per_floor":[99,99,96,92,75,75,75,75,75,37,34,0,0,0],"gold":187,"neow_bonus":"TEN_PERCENT_HP_BONUS","is_daily":false,"chose_seed":false,"campfire_upgraded":2,"win_rate":0.0,"timestamp":1611093638,"path_taken":["R","?","M","$","?","R","T","?","?","E","M","E"],"items_purchased_type":["Card"],"build_version":"2020-12-22","purchased_purges":0,"victory":false,"max_hp_per_floor":[99,99,99,99,99,99,99,99,99,99,99,99,99,99],"card_choices":[{"not_picked":["champ:BringItOn","champ:EnGarde"],"picked":"champ:ShieldSigil","floor":3},{"not_picked":["champ:DefensiveShout","champ:Haymaker"],"picked":"champ:MurderStrike","floor":4},{"not_picked":["champ:RapidStrikes","champ:EndlessRage","champ:BladeFlurry"],"picked":"SKIP","floor":5},{"not_picked":["champ:BringItOn","champ:TornadoPunch"],"picked":"champ:PreciseThrust","floor":10},{"not_picked":["champ:PreciseThrust","champ:ShieldSlam"],"picked":"champ:FocusedBerserking","floor":11}],"player_experience":172320,"relics_obtained":[{"floor":7,"key":"infinitespire:PuzzleCube"},{"floor":8,"key":"infinitespire:FocusingShard"},{"floor":10,"key":"Pen Nib"}],"event_choices":[{"damage_healed":0,"gold_gain":0,"player_choice":"Got Potions","damage_taken":0,"max_hp_gain":0,"max_hp_loss":0,"event_name":"Lab","floor":2,"gold_loss":0}],"is_beta":false,"boss_relics":[],"items_purged_floors":[],"is_endless":false,"potions_floor_spawned":[3,10,11],"killed_by":"Gremlin Nob","ascension_level":2}}