{"host":"og6lam4kt3nibbw0","time":1611073465,"event":{"mods":["AchievementEnabler","BaseMod","Colored Map","DeckTracker","Highlight Path","Keyboard Shortcuts","Minty Spire (QoL Compilation)","Permanent Neow","Quick Restart","StSLib","SuperFastMode"],"gold_per_floor":[114,127,127,127,146,146,146,146,146,175,185,197,197,227,227,304,304,322,322,335,347,12,12,32,50,50,50,50,61,61,61,61],"floor_reached":31,"language":"KOR","playtime":1219,"items_purged":[],"score":519,"play_id":"d69f3b05-7ff2-467f-9f05-b5c49734a8f0","local_time":"20210120012425","is_ascension_mode":true,"campfire_choices":[{"data":"Combust","floor":6.0,"key":"SMITH"},{"data":"Cleave","floor":8.0,"key":"SMITH"},{"floor":13.0,"key":"REST"},{"floor":15.0,"key":"REST"},{"floor":23.0,"key":"REST"},{"data":"Limit Break","floor":28,"key":"SMITH"}],"circlet_count":0,"master_deck":["AscendersBane","Defend_R","Defend_R","Defend_R","Defend_R","Bash","Combust+1","Cleave+1","Shrug It Off","Headbutt","Thunderclap","Shockwave","Offering","Rupture+1","Sword Boomerang+1","Limit Break+1","Second Wind","Bite","Bite","Bite","Bite","Bite","Rage","Decay"],"relics":["Burning Blood","Strawberry","White Beast Statue","Bag of Preparation","Juzu Bracelet","SlaversCollar","MealTicket","Mango"],"acts_visited":["Exordium","TheCity"],"potions_floor_usage":[24],"damage_taken":[{"damage":11.0,"enemies":"2 Louse","floor":1.0,"turns":2.0},{"damage":9.0,"enemies":"Jaw Worm","floor":2.0,"turns":5.0},{"damage":19.0,"enemies":"Small Slimes","floor":5.0,"turns":4.0},{"damage":52.0,"enemies":"Lagavulin","floor":10.0,"turns":7.0},{"damage":4.0,"enemies":"Red Slaver","floor":11.0,"turns":4.0},{"damage":0.0,"enemies":"Looter","floor":12.0,"turns":2.0},{"damage":19.0,"enemies":"3 Sentries","floor":14.0,"turns":3.0},{"damage":6.0,"enemies":"Slime Boss","floor":16.0,"turns":6.0},{"damage":32.0,"enemies":"2 Thieves","floor":18.0,"turns":3.0},{"damage":25.0,"enemies":"Shell Parasite","floor":20.0,"turns":4.0},{"damage":19.0,"enemies":"Shelled Parasite and Fungi","floor":21.0,"turns":3.0},{"damage":30,"enemies":"3 Cultists","floor":24,"turns":4},{"damage":25,"enemies":"Chosen and Byrds","floor":25,"turns":5},{"damage":29,"enemies":"Centurion and Healer","floor":29,"turns":4},{"damage":38,"enemies":"Book of Stabbing","floor":31,"turns":4}],"seed_played":"8967934008566561293","potions_obtained":[{"floor":5.0,"key":"SkillPotion"},{"floor":10.0,"key":"Energy Potion"},{"floor":11.0,"key":"Strength Potion"},{"floor":12.0,"key":"FairyPotion"},{"floor":16.0,"key":"PowerPotion"},{"floor":20.0,"key":"SneckoOil"},{"floor":21.0,"key":"PowerPotion"},{"floor":24,"key":"SpeedPotion"},{"floor":25,"key":"Weak Potion"},{"floor":29,"key":"Weak Potion"}],"is_trial":false,"path_per_floor":["M","M","?","?","M","R","?","R","T","E","M","M","R","E","R","B",null,"M","?","M","M","$","R","M","M","T","?","R","M","?","E"],"character_chosen":"IRONCLAD","items_purchased":["Limit Break","MealTicket"],"campfire_rested":3,"item_purchase_floors":[22,22],"current_hp_per_floor":[70,67,67,67,54,54,54,54,54,8,10,16,40,27,51,51,74,48,48,29,16,16,40,16,30,44,44,44,29,29,0,0],"gold":61,"neow_bonus":"RANDOM_COMMON_RELIC","is_daily":false,"chose_seed":false,"campfire_upgraded":3,"win_rate":0.0,"timestamp":1611073465,"path_taken":["M","M","?","?","M","R","?","R","T","E","?","M","R","E","R","BOSS","M","?","M","M","$","R","M","M","T","?","R","M","?","E"],"items_purchased_type":["Card","Relic"],"build_version":"2020-12-22","purchased_purges":0,"victory":false,"max_hp_per_floor":[82,82,82,82,82,82,82,82,82,82,82,82,82,82,82,82,82,82,82,82,82,82,82,82,82,96,67,67,67,67,67,67],"card_choices":[{"not_picked":["Twin Strike","True Grit"],"picked":"Combust","floor":1.0},{"not_picked":["Flex","Twin Strike"],"picked":"Cleave","floor":2.0},{"not_picked":["Perfected Strike","Dark Embrace","Body Slam"],"picked":"SKIP","floor":5.0},{"not_picked":["True Grit","Sword Boomerang"],"picked":"Shrug It Off","floor":10.0},{"not_picked":["Dark Embrace","Anger"],"picked":"Headbutt","floor":11.0},{"not_picked":["Cleave","Bloodletting"],"picked":"Thunderclap","floor":12.0},{"not_picked":["Sever Soul","Sentinel"],"picked":"Shockwave","floor":14.0},{"not_picked":["Double Tap","Fiend Fire"],"picked":"Offering","floor":16.0},{"not_picked":["Dual Wield","Havoc"],"picked":"Rupture","floor":18.0},{"not_picked":["Shrug It Off","Flex"],"picked":"Sword Boomerang+1","floor":20.0},{"not_picked":["True Grit","Headbutt","Perfected Strike+1"],"picked":"SKIP","floor":21.0},{"not_picked":["Clash","Intimidate","Thunderclap"],"picked":"SKIP","floor":24},{"not_picked":["Perfected Strike","Shrug It Off"],"picked":"Second Wind","floor":25},{"not_picked":["Flex","Fiend Fire"],"picked":"Rage","floor":29}],"player_experience":923183,"relics_obtained":[{"floor":9.0,"key":"White Beast Statue"},{"floor":10.0,"key":"Bag of Preparation"},{"floor":14.0,"key":"Juzu Bracelet"},{"floor":26,"key":"Mango"}],"event_choices":[{"damage_healed":0.0,"max_hp_gain":0.0,"max_hp_loss":0.0,"gold_gain":0.0,"event_name":"Golden Idol","player_choice":"Ignored","floor":3.0,"gold_loss":0.0,"damage_taken":0.0},{"cards_removed":["Strike_R"],"damage_healed":0.0,"max_hp_gain":0.0,"max_hp_loss":0.0,"gold_gain":0.0,"event_name":"Living Wall","player_choice":"Forget","floor":4.0,"gold_loss":0.0,"damage_taken":0.0},{"cards_removed":["Strike_R"],"damage_healed":0.0,"max_hp_gain":0.0,"max_hp_loss":0.0,"gold_gain":0.0,"event_name":"Bonfire Elementals","player_choice":"Offered Basic","floor":7.0,"gold_loss":0.0,"damage_taken":0.0},{"damage_healed":0.0,"max_hp_gain":0.0,"max_hp_loss":0.0,"gold_gain":0.0,"event_name":"Upgrade Shrine","player_choice":"Upgraded","floor":19.0,"gold_loss":0.0,"damage_taken":0.0,"cards_upgraded":["Rupture"]},{"damage_healed":0,"gold_gain":0,"player_choice":"Became a vampire","damage_taken":0,"max_hp_gain":0,"max_hp_loss":29,"event_name":"Vampires","floor":27,"gold_loss":0,"cards_obtained":["Bite","Bite","Bite","Bite","Bite"]},{"damage_healed":0,"gold_gain":0,"player_choice":"Smashed Altar","damage_taken":0,"max_hp_gain":0,"max_hp_loss":0,"event_name":"Forgotten Altar","floor":30,"gold_loss":0,"cards_obtained":["Decay"]}],"is_beta":false,"boss_relics":[{"not_picked":["Velvet Choker","Busted Crown"],"picked":"SlaversCollar"}],"items_purged_floors":[],"is_endless":false,"potions_floor_spawned":[5,10,11,12,14,16,18,20,21,24,25,29],"killed_by":"Book of Stabbing","ascension_level":20}}