{"host":"7qoz5gmva6til3yp","time":1611055574,"event":{"mods":["AchievementEnabler","BaseMod","Minty Spire (QoL Compilation)","StSLib","SuperFastMode"],"gold_per_floor":[19,34,44,44,60,60,76,76,76,76,86,35,70,80,80,176,176,189,189,114,114,114,126,55,81,104,104,104],"floor_reached":27,"language":"KOR","playtime":1068,"items_purged":["Defend_G"],"score":271,"play_id":"5e4a4a6f-e91c-412f-8ba2-e6423d2cd22f","local_time":"20210119202614","is_ascension_mode":true,"campfire_choices":[{"data":"Prepared","floor":6,"key":"SMITH"},{"data":"Survivor","floor":8,"key":"SMITH"},{"data":"Neutralize","floor":10,"key":"SMITH"},{"data":"Finisher","floor":15,"key":"SMITH"}],"circlet_count":0,"master_deck":["Strike_G","Strike_G","Strike_G","Strike_G","Defend_G","Defend_G","Defend_G","Survivor+1","Neutralize+1","Reflex","Prepared+1","Finisher+1","Blade Dance","Backflip","Adrenaline","Tactician","Accuracy","Bouncing Flask"],"relics":["Ring of the Snake","Omamori","Tiny Chest","Coffee Dripper","Sundial","Happy Flower","Mercury Hourglass","Pen Nib"],"acts_visited":["Exordium","TheCity"],"potions_floor_usage":[16],"damage_taken":[{"damage":0,"enemies":"Jaw Worm","floor":1,"turns":4},{"damage":2,"enemies":"Cultist","floor":2,"turns":4},{"damage":4,"enemies":"2 Louse","floor":3,"turns":4},{"damage":6,"enemies":"2 Fungi Beasts","floor":5,"turns":6},{"damage":6,"enemies":"Exordium Wildlife","floor":7,"turns":6},{"damage":0,"enemies":"Blue Slaver","floor":11,"turns":5},{"damage":0,"enemies":"Gremlin Nob","floor":13,"turns":2},{"damage":10,"enemies":"Exordium Thugs","floor":14,"turns":9},{"damage":40,"enemies":"Slime Boss","floor":16,"turns":12},{"damage":0,"enemies":"Spheric Guardian","floor":18,"turns":3},{"damage":0,"enemies":"3 Byrds","floor":23,"turns":3},{"damage":55,"enemies":"Gremlin Leader","floor":25,"turns":10},{"damage":13,"enemies":"Colosseum Slavers","floor":27,"turns":2}],"seed_played":"5916062643785144955","potions_obtained":[{"floor":3,"key":"SpeedPotion"},{"floor":5,"key":"Poison Potion"},{"floor":13,"key":"SkillPotion"},{"floor":18,"key":"FearPotion"},{"floor":23,"key":"EntropicBrew"}],"is_trial":false,"path_per_floor":["M","M","M","?","M","R","M","R","T","R","M","$","E","M","R","B",null,"M","?","$","?","T","M","$","E","T","?"],"character_chosen":"THE_SILENT","items_purchased":["Blade Dance","Accuracy"],"campfire_rested":0,"item_purchase_floors":[12,24],"current_hp_per_floor":[70,68,64,69,63,63,57,57,57,57,57,57,57,47,47,7,75,75,75,75,61,61,61,61,6,6,0,0],"gold":104,"neow_bonus":"REMOVE_TWO","is_daily":false,"chose_seed":false,"campfire_upgraded":4,"win_rate":0.0,"timestamp":1611055574,"path_taken":["M","M","M","?","M","R","M","R","T","R","M","$","E","M","R","BOSS","M","?","?","?","?","M","$","E","T","?"],"items_purchased_type":["Card","Card"],"build_version":"2020-12-22","purchased_purges":1,"victory":false,"max_hp_per_floor":[70,70,70,75,75,75,75,75,75,75,75,75,75,75,75,75,75,75,75,75,80,80,80,80,80,80,80,80],"card_choices":[{"not_picked":["Flying Knee","PiercingWail"],"picked":"Reflex","floor":1},{"not_picked":["Blade Dance","Blur","Leg Sweep"],"picked":"SKIP","floor":2},{"not_picked":["Bane","Deflect","Dagger Throw"],"picked":"SKIP","floor":3},{"not_picked":["Setup","Heel Hook"],"picked":"Prepared","floor":5},{"not_picked":["Noxious Fumes","Leg Sweep","Cloak And Dagger"],"picked":"SKIP","floor":7},{"not_picked":["Blade Dance","Blur"],"picked":"Finisher","floor":11},{"not_picked":["Cloak And Dagger","Flying Knee"],"picked":"Backflip","floor":13},{"not_picked":["Backflip","Bane","Dodge and Roll"],"picked":"SKIP","floor":14},{"not_picked":["Bullet Time","A Thousand Cuts"],"picked":"Adrenaline","floor":16},{"not_picked":["Dodge and Roll","Flying Knee+1","Quick Slash"],"picked":"SKIP","floor":18},{"not_picked":["Skewer","Flying Knee+1"],"picked":"Tactician","floor":23},{"not_picked":["Well Laid Plans+1","Infinite Blades"],"picked":"Bouncing Flask","floor":25}],"player_experience":400993,"relics_obtained":[{"floor":9,"key":"Omamori"},{"floor":13,"key":"Tiny Chest"},{"floor":19,"key":"Sundial"},{"floor":22,"key":"Happy Flower"},{"floor":25,"key":"Mercury Hourglass"},{"floor":26,"key":"Pen Nib"}],"event_choices":[{"damage_healed":0,"gold_gain":0,"player_choice":"Donut","damage_taken":0,"max_hp_gain":5,"max_hp_loss":0,"event_name":"Big Fish","floor":4,"gold_loss":0},{"damage_healed":0,"gold_gain":0,"player_choice":"Relic","damage_taken":0,"max_hp_gain":0,"max_hp_loss":0,"event_name":"Wheel of Change","floor":19,"gold_loss":0},{"damage_healed":0,"gold_gain":0,"player_choice":"Shed Blood","damage_taken":19,"max_hp_gain":5,"max_hp_loss":0,"event_name":"Forgotten Altar","floor":21,"gold_loss":0},{"damage_healed":0,"gold_gain":0,"player_choice":"Fight","damage_taken":0,"max_hp_gain":0,"max_hp_loss":0,"event_name":"Colosseum","floor":27,"gold_loss":0}],"is_beta":false,"boss_relics":[{"not_picked":["Busted Crown","Velvet Choker"],"picked":"Coffee Dripper"}],"items_purged_floors":[20],"is_endless":false,"potions_floor_spawned":[3,5,13,18,23],"killed_by":"Colosseum Slavers","ascension_level":1}}