{"host":"irrizrmw64do51k7","time":1611085581,"event":{"mods":["AchievementEnabler","BaseMod","BetterRewards","Card Forge","Colored Map","Colored Powertips","Curses Come First","Good Game Mod","Minty Spire (QoL Compilation)","Shop Mod","StSLib"],"gold_per_floor":[118,129,144,144,144,177,177,188,262,291,305,322,356,371,371,468,518,530,544,544,561,573,598,615,642,642,642,413,425,260,292,292,387,387,403,417,433,237,287,287,332,361,361,374,384,399,431,431,431,431,431,431,25,58,58],"floor_reached":56,"language":"ENG","playtime":2996,"items_purged":["Writhe"],"score":2545,"play_id":"529ec2a5-2a9e-498a-8c92-321f7fd2c99e","local_time":"20210119114621","is_ascension_mode":true,"campfire_choices":[{"floor":7,"key":"RECALL"},{"data":"Genetic Algorithm","floor":15,"key":"SMITH"},{"data":"Seek","floor":32,"key":"SMITH"},{"floor":40,"key":"REST"},{"data":"Stack","floor":49,"key":"SMITH"},{"data":"Coolheaded","floor":52,"key":"SMITH"}],"circlet_count":0,"master_deck":["AscendersBane","Strike_B+1","Strike_B+1","Strike_B+1","Strike_B+1","Defend_B+1","Defend_B+1","Defend_B+1","Defend_B+1","Zap","Dualcast","Defragment+1","Static Discharge+1","Apotheosis+1","Loop+1","Electrodynamics+1","Streamline","Ball Lightning","Sweeping Beam","Defragment+1","Capacitor+1","Barrage+1","Ball Lightning","Stack","Core Surge","Coolheaded+1","Genetic Algorithm+1","Seek+1","Storm+1","Storm+1","Loop+1","Capacitor+1","Hologram+1","Heatsinks+1","Self Repair+1","Heatsinks+1","Biased Cognition+1","Stack+1","Buffer+1","Loop+1","Static Discharge+1","Electrodynamics+1","Loop+1","Mayhem+1","Heatsinks+1","Defragment+1"],"relics":["Cracked Core","Hammer of Thor","Seething Fire","Anvil of the Gods","REME:ComplimentaryCards","Membership Card","Mummified Hand","Lizard Tail","FossilizedHelix","Frozen Egg 2","TungstenRod","Torii","Pear","Runic Capacitor","Turnip","Calipers","Orichalcum","Sundial","Blue Candle","Strawberry","Tiny House","Centennial Puzzle","Juzu Bracelet","Akabeko","MealTicket","Unceasing Top","Symbiotic Virus","Bronze Scales","SacredBark","Bottled Tornado","Orrery","Bird Faced Urn","Ginger","Mango","Pocketwatch","Letter Opener","Shuriken","Oddly Smooth Stone"],"acts_visited":["Exordium","TheCity","TheBeyond","TheEnding"],"potions_floor_usage":[13,25,36,37,55,55],"damage_taken":[{"damage":0,"enemies":"2 Louse","floor":1,"turns":2},{"damage":0,"enemies":"Cultist","floor":2,"turns":3},{"damage":0,"enemies":"Jaw Worm","floor":3,"turns":2},{"damage":0,"enemies":"Gremlin Nob","floor":6,"turns":3},{"damage":6,"enemies":"Blue Slaver","floor":8,"turns":3},{"damage":11,"enemies":"Lagavulin","floor":10,"turns":4},{"damage":0,"enemies":"Exordium Wildlife","floor":11,"turns":2},{"damage":0,"enemies":"Large Slime","floor":12,"turns":2},{"damage":0,"enemies":"Gremlin Nob","floor":13,"turns":4},{"damage":0,"enemies":"Blue Slaver","floor":14,"turns":2},{"damage":20,"enemies":"Hexaghost","floor":16,"turns":6},{"damage":0,"enemies":"Chosen","floor":18,"turns":4},{"damage":0,"enemies":"Shell Parasite","floor":19,"turns":4},{"damage":6,"enemies":"Centurion and Healer","floor":21,"turns":3},{"damage":0,"enemies":"Cultist and Chosen","floor":22,"turns":4},{"damage":18,"enemies":"Gremlin Leader","floor":23,"turns":3},{"damage":5,"enemies":"Chosen and Byrds","floor":24,"turns":3},{"damage":6,"enemies":"Book of Stabbing","floor":25,"turns":3},{"damage":8,"enemies":"Centurion and Healer","floor":29,"turns":2},{"damage":0,"enemies":"Gremlin Leader","floor":31,"turns":3},{"damage":0,"enemies":"Collector","floor":33,"turns":4},{"damage":0,"enemies":"3 Shapes","floor":35,"turns":2},{"damage":0,"enemies":"3 Darklings","floor":36,"turns":2},{"damage":18,"enemies":"Jaw Worm Horde","floor":37,"turns":3},{"damage":24,"enemies":"Mind Bloom Boss Battle","floor":39,"turns":3},{"damage":10,"enemies":"2 Orb Walkers","floor":41,"turns":2},{"damage":0,"enemies":"Reptomancer","floor":42,"turns":3},{"damage":0,"enemies":"4 Shapes","floor":44,"turns":1},{"damage":0,"enemies":"3 Darklings","floor":45,"turns":2},{"damage":21,"enemies":"Writhing Mass","floor":46,"turns":3},{"damage":6,"enemies":"Giant Head","floor":47,"turns":3},{"damage":34,"enemies":"Donu and Deca","floor":50,"turns":4},{"damage":50,"enemies":"Shield and Spear","floor":54,"turns":4},{"damage":18,"enemies":"The Heart","floor":55,"turns":6}],"seed_played":"-3871899291608795722","potions_obtained":[{"floor":1,"key":"Block Potion"},{"floor":3,"key":"Energy Potion"},{"floor":13,"key":"DuplicationPotion"},{"floor":25,"key":"EssenceOfDarkness"},{"floor":36,"key":"Fruit Juice"},{"floor":37,"key":"Explosive Potion"},{"floor":39,"key":"Regen Potion"}],"is_trial":false,"path_per_floor":["M","M","M","?","?","E","R","M","T","E","M","M","E","M","R","B",null,"M","M","?","M","M","E","M","E","T","?","$","M","$","E","R","B",null,"M","M","M","$","?","R","?","E","T","M","M","M","E","?","R","B",null,"R","$","E","B",null],"character_chosen":"DEFECT","items_purchased":["Membership Card","Mummified Hand","Defragment","Frozen Egg 2","Static Discharge+1","Apotheosis","Loop+1","Pear","Runic Capacitor","Heatsinks+1","Unceasing Top","Heatsinks+1","Symbiotic Virus","Bottled Tornado","Orrery","Mayhem+1","Letter Opener","PowerPotion","Heatsinks+1","Shuriken"],"campfire_rested":1,"item_purchase_floors":[0,0,0,0,0,0,0,0,0,28,28,30,30,38,38,53,53,53,53,53],"current_hp_per_floor":[78,78,78,78,78,78,78,72,72,61,61,61,68,68,68,48,86,86,86,86,80,80,62,57,51,51,51,66,58,73,83,83,93,96,96,96,88,103,79,107,107,121,121,121,121,118,117,115,115,95,110,110,115,89,109],"gold":58,"neow_bonus":"","is_daily":false,"chose_seed":false,"campfire_upgraded":4,"win_rate":0.0,"timestamp":1611085581,"path_taken":["M","M","M","?","?","E","R","M","T","E","?","M","E","M","R","BOSS","M","M","?","M","M","E","M","E","T","?","$","M","$","E","R","BOSS","M","M","M","$","?","R","?","E","T","M","M","M","E","?","R","BOSS","R","$","E","BOSS"],"items_purchased_type":["Relic","Relic","Card","Relic","Card","Card","Card","Relic","Relic","Card","Relic","Card","Relic","Relic","Relic","Card","Relic","Potion","Card","Relic"],"build_version":"2020-12-22","purchased_purges":1,"victory":true,"max_hp_per_floor":[85,85,85,85,85,85,85,85,85,85,85,85,92,92,92,92,97,97,97,97,97,97,97,97,97,97,97,97,97,97,97,97,97,97,97,97,107,107,107,107,107,121,121,121,121,121,121,115,115,115,115,115,115,115,115],"card_choices":[{"not_picked":["Gash","Cold Snap"],"picked":"Streamline","floor":1},{"not_picked":["Undo","Gash"],"picked":"Ball Lightning","floor":2},{"not_picked":["Gash","Hologram"],"picked":"Sweeping Beam","floor":3},{"not_picked":["Cold Snap","Conserve Battery"],"picked":"Capacitor+1","floor":6},{"not_picked":["Sunder","Beam Cell"],"picked":"Barrage","floor":8},{"not_picked":["Streamline","Turbo"],"picked":"Ball Lightning","floor":10},{"not_picked":["Streamline","Sweeping Beam"],"picked":"Stack","floor":11},{"not_picked":["Steam","FTL"],"picked":"Core Surge","floor":12},{"not_picked":["Ball Lightning","Gash"],"picked":"Coolheaded","floor":13},{"not_picked":["Coolheaded","Compile Driver"],"picked":"Genetic Algorithm","floor":14},{"not_picked":["All For One","Machine Learning+1"],"picked":"Seek","floor":16},{"not_picked":["Darkness","Redo"],"picked":"Storm+1","floor":17},{"not_picked":["Darkness","Barrage"],"picked":"Storm+1","floor":18},{"not_picked":["Tempest","Force Field","Darkness"],"picked":"SKIP","floor":19},{"not_picked":["Blizzard","Conserve Battery"],"picked":"Loop+1","floor":21},{"not_picked":["Steam+1","Turbo"],"picked":"Capacitor+1","floor":22},{"not_picked":["Steam","Doom and Gloom","All For One"],"picked":"SKIP","floor":23},{"not_picked":["Rebound","Tempest"],"picked":"Hologram+1","floor":24},{"not_picked":["Consume+1","Turbo","Darkness"],"picked":"SKIP","floor":25},{"not_picked":["Reprogram","Beam Cell"],"picked":"Self Repair+1","floor":29},{"not_picked":["Turbo","Lockon","Aggregate"],"picked":"SKIP","floor":31},{"not_picked":["Multi-Cast","Rainbow"],"picked":"Biased Cognition+1","floor":33},{"not_picked":["Cold Snap+1","Hologram","Conserve Battery"],"picked":"SKIP","floor":35},{"not_picked":["Genetic Algorithm","Cold Snap","Darkness"],"picked":"SKIP","floor":36},{"not_picked":["Streamline","Conserve Battery"],"picked":"Stack","floor":37},{"not_picked":["Rip and Tear+1","Doom and Gloom"],"picked":"Buffer+1","floor":38},{"not_picked":["Cold Snap","Streamline+1"],"picked":"Loop+1","floor":39},{"not_picked":["Turbo+1","Compile Driver+1"],"picked":"Static Discharge+1","floor":42},{"not_picked":["Beam Cell+1","Rip and Tear","Steam+1"],"picked":"SKIP","floor":44},{"not_picked":["Turbo","Rebound+1"],"picked":"Electrodynamics+1","floor":45},{"not_picked":["Barrage","Go for the Eyes+1"],"picked":"Loop+1","floor":46},{"not_picked":["Stack","Go for the Eyes+1","Fission"],"picked":"SKIP","floor":47},{"not_picked":["Streamline","Redo+1"],"picked":"Defragment+1","floor":54}],"player_experience":452673,"relics_obtained":[{"floor":5,"key":"Calipers"},{"floor":6,"key":"Orichalcum"},{"floor":9,"key":"Sundial"},{"floor":10,"key":"Blue Candle"},{"floor":13,"key":"Strawberry"},{"floor":23,"key":"Juzu Bracelet"},{"floor":25,"key":"Akabeko"},{"floor":26,"key":"MealTicket"},{"floor":31,"key":"Bronze Scales"},{"floor":39,"key":"Bird Faced Urn"},{"floor":41,"key":"Ginger"},{"floor":42,"key":"Mango"},{"floor":47,"key":"Pocketwatch"},{"floor":54,"key":"Oddly Smooth Stone"}],"event_choices":[{"damage_healed":0,"gold_gain":0,"player_choice":"Relic","damage_taken":0,"max_hp_gain":0,"max_hp_loss":0,"event_name":"Wheel of Change","floor":5,"gold_loss":0},{"damage_healed":0,"gold_gain":0,"player_choice":"Opened","damage_taken":0,"relics_obtained":["Centennial Puzzle"],"max_hp_gain":0,"max_hp_loss":0,"event_name":"The Mausoleum","floor":20,"gold_loss":0,"cards_obtained":["Writhe"]},{"damage_healed":0,"gold_gain":0,"player_choice":"Simplicity","damage_taken":0,"max_hp_gain":0,"max_hp_loss":0,"event_name":"Back to Basics","floor":27,"gold_loss":0,"cards_upgraded":["Strike_B","Strike_B","Strike_B","Strike_B","Defend_B","Defend_B","Defend_B","Defend_B"]},{"damage_healed":0,"gold_gain":0,"player_choice":"Fight","damage_taken":0,"max_hp_gain":0,"max_hp_loss":0,"event_name":"MindBloom","floor":39,"gold_loss":0},{"damage_healed":0,"gold_gain":0,"player_choice":"Fight","damage_taken":0,"max_hp_gain":0,"max_hp_loss":0,"event_name":"Mysterious Sphere","floor":41,"gold_loss":0},{"damage_healed":0,"gold_gain":0,"player_choice":"Max HP","damage_taken":0,"max_hp_gain":0,"max_hp_loss":6,"event_name":"Winding Halls","floor":48,"gold_loss":0}],"is_beta":false,"boss_relics":[{"not_picked":["Cursed Key","Busted Crown"],"picked":"Tiny House"},{"not_picked":["Astrolabe","Pandora\u0027s Box"],"picked":"SacredBark"}],"items_purged_floors":[28],"is_endless":false,"potions_floor_spawned":[1,3,6,13,16,19,22,25,36,37,39,42,46,47],"ascension_level":11}}