{"host":"2pkirg8lp2j2yw4c","time":1611020215,"event":{"mods":["AchievementEnabler","BaseMod","BetterRewards","Colored Map","Colored Powertips","Googly Eyes","Hubris","Minty Spire (QoL Compilation)","Quick Restart","StSLib","slay the spire mod where everything is the same but ironclad has a cowboy hat"],"gold_per_floor":[115,130,205,205,205,237,251,286,286,305,315,345,32,47,47,142,142,157,157,175,175,175,211,136,168,168,168,184,213,213,313,313,408,408,433,448,448,448,39,39,82,99,151,174,217,230,230,256,256,256,256,256,61,96,96],"floor_reached":56,"language":"ENG","playtime":3618,"items_purged":["Strike_G"],"score":1706,"play_id":"d6c70c96-78e9-41fd-bb44-c110bb8ba68f","local_time":"20210118203655","is_ascension_mode":true,"campfire_choices":[{"data":"A Thousand Cuts","floor":15,"key":"SMITH"},{"floor":27,"key":"REST"},{"data":"After Image","floor":30,"key":"SMITH"},{"data":"Storm of Steel","floor":32,"key":"SMITH"},{"floor":40,"key":"RECALL"},{"floor":47,"key":"REST"},{"floor":49,"key":"REST"},{"floor":52,"key":"REST"}],"circlet_count":0,"master_deck":["Strike_G","Strike_G","Strike_G+1","Defend_G","Defend_G","Defend_G","Defend_G","Defend_G","Survivor","Neutralize+1","Cloak And Dagger","Cloak And Dagger","After Image+1","PiercingWail","Infinite Blades","A Thousand Cuts+1","Storm of Steel+1","Footwork","Infinite Blades","Escape Plan","Calculated Gamble","Accuracy","Accuracy","Panache","Infinite Blades+1","Escape Plan","hubris:SlightOfHand"],"relics":["Ring of the Snake","Ice Cream","Meat on the Bone","hubris:Reverence","Mercury Hourglass","Dead Branch","Juzu Bracelet","HoveringKite","CeramicFish","hubris:AncientText","Tingsha","Nunchaku","The Specimen","Sundial","Fusion Hammer","hubris:Icosahedron","Ancient Tea Set","Toy Ornithopter","Art of War","Cauldron","Whetstone"],"acts_visited":["Exordium","TheCity","TheBeyond","TheEnding"],"potions_floor_usage":[6,23,25,29,31,49,50,55,55,55],"damage_taken":[{"damage":2.0,"enemies":"Small Slimes","floor":1.0,"turns":4.0},{"damage":0.0,"enemies":"2 Louse","floor":2.0,"turns":3.0},{"damage":13,"enemies":"Lagavulin","floor":6,"turns":9},{"damage":0,"enemies":"Cultist","floor":7,"turns":3},{"damage":15,"enemies":"3 Sentries","floor":8,"turns":12},{"damage":0,"enemies":"Exordium Thugs","floor":10,"turns":4},{"damage":0,"enemies":"Blue Slaver","floor":11,"turns":4},{"damage":0,"enemies":"Lagavulin","floor":12,"turns":11},{"damage":7,"enemies":"Lots of Slimes","floor":14,"turns":4},{"damage":27,"enemies":"The Guardian","floor":16,"turns":11},{"damage":14,"enemies":"Spheric Guardian","floor":18,"turns":4},{"damage":2,"enemies":"Shell Parasite","floor":20,"turns":5},{"damage":27,"enemies":"Slavers","floor":23,"turns":4},{"damage":9,"enemies":"Book of Stabbing","floor":25,"turns":6},{"damage":9,"enemies":"Sentry and Sphere","floor":28,"turns":4},{"damage":0,"enemies":"Gremlin Leader","floor":29,"turns":5},{"damage":14,"enemies":"Colosseum Slavers","floor":31,"turns":5},{"damage":12,"enemies":"Colosseum Nobs","floor":31,"turns":4},{"damage":18,"enemies":"Automaton","floor":33,"turns":7},{"damage":0,"enemies":"3 Darklings","floor":35,"turns":3},{"damage":0,"enemies":"Orb Walker","floor":36,"turns":3},{"damage":28,"enemies":"Reptomancer","floor":41,"turns":5},{"damage":19,"enemies":"Transient","floor":42,"turns":5},{"damage":12,"enemies":"Spire Growth","floor":44,"turns":4},{"damage":0,"enemies":"Nemesis","floor":45,"turns":5},{"damage":7,"enemies":"Sphere and 2 Shapes","floor":46,"turns":3},{"damage":13,"enemies":"Giant Head","floor":48,"turns":6},{"damage":60,"enemies":"Awakened One","floor":50,"turns":13},{"damage":25,"enemies":"Shield and Spear","floor":54,"turns":5},{"damage":63,"enemies":"The Heart","floor":55,"turns":7}],"seed_played":"9062011773763505548","potions_obtained":[{"floor":1.0,"key":"CultistPotion"},{"floor":14,"key":"Weak Potion"},{"floor":16,"key":"Regen Potion"},{"floor":20,"key":"Explosive Potion"},{"floor":28,"key":"EssenceOfSteel"},{"floor":33,"key":"SpeedPotion"},{"floor":41,"key":"Ancient Potion"},{"floor":42,"key":"Strength Potion"},{"floor":53,"key":"LiquidBronze"}],"is_trial":false,"path_per_floor":["M","M","?","?","?","E","M","E","T","M","M","E","$","M","R","B",null,"M","?","M","?","?","E","?","E","T","R","M","E","R","?","R","B",null,"M","M","?","?","$","R","E","M","T","M","E","M","R","E","R","B",null,"R","$","E","B",null],"character_chosen":"THE_SILENT","items_purchased":["A Thousand Cuts","Juzu Bracelet","Accuracy","Panache","Fruit Juice","Dexterity Potion","Cauldron"],"campfire_rested":4,"item_purchase_floors":[13,13,39,39,39,53,53],"current_hp_per_floor":[60,60,49,49,54,41,41,38,38,38,38,38,38,43,43,28,70,56,56,54,54,54,39,39,45,45,66,57,57,57,43,43,37,70,70,70,70,70,70,70,42,35,35,35,47,40,61,48,75,32,75,75,75,50,14],"gold":96,"neow_bonus":"","is_daily":false,"chose_seed":false,"campfire_upgraded":3,"win_rate":0.0,"timestamp":1611020215,"path_taken":["M","M","?","?","?","E","M","E","T","?","M","E","?","M","R","BOSS","M","?","M","?","?","E","?","E","T","R","M","E","R","?","R","BOSS","M","M","?","?","$","R","E","M","T","M","E","M","R","E","R","BOSS","R","$","E","BOSS"],"items_purchased_type":["Card","Relic","Card","Card","Potion","Potion","Relic"],"build_version":"2020-12-22","purchased_purges":1,"victory":true,"max_hp_per_floor":[70,70,70,70,70,70,70,70,70,70,70,70,70,70,70,70,70,70,70,70,70,70,70,70,70,70,70,70,70,70,70,70,70,70,70,70,70,70,70,70,70,70,70,70,70,70,70,70,75,75,75,75,75,75,75],"card_choices":[{"not_picked":["Prepared","Backflip"],"picked":"hubris:SlightOfHand","floor":1.0},{"not_picked":["Deflect","Backflip"],"picked":"Sucker Punch","floor":2.0},{"not_picked":["Poisoned Stab","Underhanded Strike"],"picked":"Cloak And Dagger","floor":6},{"not_picked":["Sucker Punch","Concentrate"],"picked":"Cloak And Dagger","floor":7},{"not_picked":["Expertise","Backflip"],"picked":"After Image","floor":8},{"not_picked":["Dagger Spray","Quick Slash","Bane"],"picked":"SKIP","floor":10},{"not_picked":["Flechettes","Tactician"],"picked":"PiercingWail","floor":11},{"not_picked":["Prepared","Endless Agony"],"picked":"Infinite Blades","floor":12},{"not_picked":["Predator","Blur","Flying Knee"],"picked":"SKIP","floor":14},{"not_picked":["Phantasmal Killer","Grand Finale"],"picked":"Storm of Steel","floor":16},{"not_picked":["Poisoned Stab","Deflect"],"picked":"Footwork","floor":18},{"not_picked":["Prepared","Blade Dance"],"picked":"Infinite Blades","floor":20},{"not_picked":["Deflect","Underhanded Strike"],"picked":"Calculated Gamble","floor":23},{"not_picked":["Setup","Poisoned Stab","Deflect"],"picked":"SKIP","floor":25},{"not_picked":["Quick Slash+1","Prepared","Slice"],"picked":"SKIP","floor":28},{"not_picked":["Bouncing Flask+1","Acrobatics","Prepared"],"picked":"SKIP","floor":29},{"not_picked":["Deflect+1","Dagger Throw"],"picked":"Accuracy","floor":35},{"not_picked":["Backflip","Distraction","Poisoned Stab"],"picked":"SKIP","floor":36},{"not_picked":["Prepared+1","Predator+1"],"picked":"Infinite Blades+1","floor":41},{"not_picked":["Crippling Poison+1","Quick Slash+1","PiercingWail+1"],"picked":"SKIP","floor":42},{"not_picked":["hubris:Counter","Backflip+1"],"picked":"Escape Plan","floor":44},{"not_picked":["Flying Knee+1","PiercingWail"],"picked":"hubris:SlightOfHand","floor":45},{"not_picked":["Tactician","Acrobatics","PiercingWail"],"picked":"SKIP","floor":46},{"not_picked":["Concentrate","Heel Hook+1","Leg Sweep+1"],"picked":"SKIP","floor":48},{"not_picked":["Crippling Poison+1","Burst","Concentrate+1"],"picked":"SKIP","floor":54}],"player_experience":147215,"relics_obtained":[{"floor":6,"key":"Meat on the Bone"},{"floor":8,"key":"hubris:Reverence"},{"floor":9,"key":"Mercury Hourglass"},{"floor":12,"key":"Dead Branch"},{"floor":23,"key":"CeramicFish"},{"floor":25,"key":"hubris:AncientText"},{"floor":26,"key":"Tingsha"},{"floor":29,"key":"Nunchaku"},{"floor":31,"key":"The Specimen"},{"floor":31,"key":"Sundial"},{"floor":41,"key":"Ancient Tea Set"},{"floor":45,"key":"Toy Ornithopter"},{"floor":48,"key":"Art of War"},{"floor":54,"key":"Whetstone"}],"event_choices":[{"damage_healed":0.0,"max_hp_gain":0.0,"max_hp_loss":0.0,"gold_gain":75.0,"event_name":"World of Goop","player_choice":"Gather Gold","floor":3.0,"gold_loss":0.0,"damage_taken":11.0},{"damage_healed":0.0,"max_hp_gain":0.0,"max_hp_loss":0.0,"gold_gain":0.0,"event_name":"Liars Game","player_choice":"Ignored","floor":4.0,"gold_loss":0.0,"damage_taken":0.0},{"cards_removed":["hubris:SlightOfHand"],"damage_healed":5.0,"max_hp_gain":0.0,"max_hp_loss":0.0,"gold_gain":0.0,"event_name":"Bonfire Elementals","player_choice":"Offered Common","floor":5.0,"gold_loss":0.0,"damage_taken":0.0},{"cards_removed":["hubris:SlightOfHand"],"damage_healed":5.0,"max_hp_gain":0.0,"max_hp_loss":0.0,"gold_gain":0.0,"event_name":"Bonfire Elementals","player_choice":"Offered Special","floor":5.0,"gold_loss":0.0,"damage_taken":0.0},{"damage_healed":0,"gold_gain":0,"player_choice":"Ignored","damage_taken":0,"max_hp_gain":0,"max_hp_loss":0,"event_name":"Vampires","floor":19,"gold_loss":0},{"damage_healed":0,"gold_gain":0,"player_choice":"Bought 0 Potions","damage_taken":0,"max_hp_gain":0,"max_hp_loss":0,"event_name":"The Woman in Blue","floor":21,"gold_loss":0},{"damage_healed":0,"gold_gain":0,"player_choice":"Read","damage_taken":0,"max_hp_gain":0,"max_hp_loss":0,"event_name":"The Library","floor":22,"gold_loss":0,"cards_obtained":["Escape Plan"]},{"cards_removed":["Sucker Punch"],"damage_healed":0,"gold_gain":0,"player_choice":"Gave Gold","damage_taken":0,"max_hp_gain":0,"max_hp_loss":0,"event_name":"Beggar","floor":24,"gold_loss":75},{"damage_healed":0,"gold_gain":0,"player_choice":"Fight","damage_taken":0,"max_hp_gain":0,"max_hp_loss":0,"event_name":"Colosseum","floor":31,"gold_loss":0},{"damage_healed":0,"gold_gain":0,"player_choice":"Fought Nobs","damage_taken":0,"max_hp_gain":0,"max_hp_loss":0,"event_name":"Colosseum","floor":31,"gold_loss":0},{"cards_removed":["Strike_G"],"damage_healed":0,"gold_gain":0,"player_choice":"Card Removal","damage_taken":0,"max_hp_gain":0,"max_hp_loss":0,"event_name":"Wheel of Change","floor":37,"gold_loss":0}],"is_beta":false,"boss_relics":[{"not_picked":["Astrolabe","hubris:HollowSoul"],"picked":"HoveringKite"},{"not_picked":["SacredBark","hubris:GrandSneckoEye"],"picked":"Fusion Hammer"}],"items_purged_floors":[39],"is_endless":false,"potions_floor_spawned":[1,14,16,20,28,33,41,42,46],"ascension_level":1}}