{"host":"jexbkylv34f8xu3o","time":1611093108,"event":{"mods":["AchievementEnabler","BaseMod","Colored Map","Colored Powertips","GifTheSpireLib","Highlight Path","Minty Spire (QoL Compilation)","Quick Restart","StSLib"],"gold_per_floor":[16,27,27,37,49,78,78,90,90,90,90],"floor_reached":10,"language":"ENG","playtime":408,"items_purged":[],"score":105,"play_id":"3e53d238-9bdb-4528-875b-8e2ac55886be","local_time":"20210119185148","is_ascension_mode":true,"campfire_choices":[{"data":"Fire Breathing","floor":7,"key":"SMITH"}],"circlet_count":0,"master_deck":["AscendersBane","Strike_R","Strike_R","Strike_R","Strike_R","Defend_R","Defend_R","Defend_R","Bash","Twin Strike","Rupture","Intimidate","True Grit","Pommel Strike","Clash","Fire Breathing+1","Disarm"],"relics":["Burning Blood","Bottled Flame","Toxic Egg 2"],"acts_visited":["Exordium"],"potions_floor_usage":[5,10],"damage_taken":[{"damage":14,"enemies":"Jaw Worm","floor":1,"turns":3},{"damage":10,"enemies":"2 Louse","floor":2,"turns":3},{"damage":4,"enemies":"Cultist","floor":4,"turns":3},{"damage":1,"enemies":"2 Fungi Beasts","floor":5,"turns":4},{"damage":51,"enemies":"3 Sentries","floor":6,"turns":12},{"damage":14,"enemies":"Exordium Wildlife","floor":8,"turns":5},{"damage":31,"enemies":"Lagavulin","floor":10,"turns":10}],"seed_played":"2359941848850203371","potions_obtained":[{"floor":1,"key":"BloodPotion"},{"floor":8,"key":"Fire Potion"}],"is_trial":false,"path_per_floor":["M","M","?","M","M","E","R","M","T","E"],"character_chosen":"IRONCLAD","items_purchased":[],"campfire_rested":0,"item_purchase_floors":[],"current_hp_per_floor":[64,60,60,62,80,35,35,27,27,0,0],"gold":90,"neow_bonus":"TRANSFORM_TWO_CARDS","is_daily":false,"chose_seed":false,"campfire_upgraded":1,"win_rate":0.0,"timestamp":1611093108,"path_taken":["M","M","?","M","M","E","R","M","T","E"],"items_purchased_type":[],"build_version":"2020-12-22","purchased_purges":0,"victory":false,"max_hp_per_floor":[80,80,80,80,80,80,80,80,80,80,80],"card_choices":[{"not_picked":["Inflame","Headbutt"],"picked":"Rupture","floor":1},{"not_picked":["Dark Embrace","Sword Boomerang"],"picked":"Intimidate","floor":2},{"not_picked":["Headbutt","Fiend Fire"],"picked":"Pommel Strike","floor":4},{"not_picked":["Anger","Perfected Strike"],"picked":"Clash","floor":5},{"not_picked":["Sword Boomerang","Dark Embrace"],"picked":"Fire Breathing","floor":6},{"not_picked":["Shrug It Off","Perfected Strike"],"picked":"Disarm","floor":8}],"player_experience":564636,"relics_obtained":[{"floor":6,"key":"Bottled Flame"},{"floor":9,"key":"Toxic Egg 2"}],"event_choices":[{"damage_healed":0,"gold_gain":0,"cards_transformed":["Warcry"],"player_choice":"Change","damage_taken":0,"max_hp_gain":0,"max_hp_loss":0,"event_name":"Living Wall","floor":3,"gold_loss":0,"cards_obtained":["True Grit"]}],"is_beta":false,"boss_relics":[],"items_purged_floors":[],"is_endless":false,"potions_floor_spawned":[1,8],"killed_by":"Lagavulin","ascension_level":10}}