{"host":"5mo0809oo9tcrmpl","time":1611021241,"event":{"mods":["BaseMod","Highlight Path","Minty Spire (QoL Compilation)","Relic Stats","Slay the Relics Exporter"],"gold_per_floor":[213,228,228,248,268,298,67,93,118,118,134,209,209,228,228,328,328,318,318,318,318,31,58,58,84,84,84,115,115,40,40,40,40,40],"floor_reached":33,"language":"ENG","playtime":1533,"items_purged":["Strike_G"],"score":334,"play_id":"c20cacb6-36b6-47b3-a68e-0814604f0763","local_time":"20210118195401","is_ascension_mode":false,"campfire_choices":[{"data":"Glass Knife","floor":10,"key":"SMITH"},{"floor":13,"key":"REST"},{"data":"Skewer","floor":15,"key":"SMITH"},{"floor":27,"key":"REST"},{"data":"After Image","floor":32,"key":"SMITH"}],"circlet_count":0,"master_deck":["Defend_G","Defend_G+1","Defend_G","Defend_G","Defend_G","Survivor+1","Neutralize","Dodge and Roll","Flying Knee","Slice","Blade Dance","Glass Knife+1","Well Laid Plans","Skewer+1","After Image+1","Doppelganger+1","Doppelganger+1","Flechettes+1","Cloak And Dagger","Leg Sweep","Caltrops","Deflect+1","RitualDagger+1","Deadly Poison","Acrobatics"],"relics":["Ring of the Snake","NlothsMask","War Paint","ClockworkSouvenir","Toy Ornithopter","Astrolabe","Molten Egg 2","Vajra","Oddly Smooth Stone","Paper Crane","Juzu Bracelet"],"acts_visited":["Exordium","TheCity"],"potions_floor_usage":[6,23,25,28,33],"damage_taken":[{"damage":0,"enemies":"Small Slimes","floor":1,"turns":4},{"damage":1,"enemies":"Cultist","floor":2,"turns":4},{"damage":0,"enemies":"Jaw Worm","floor":4,"turns":4},{"damage":7,"enemies":"Large Slime","floor":5,"turns":9},{"damage":26,"enemies":"3 Sentries","floor":6,"turns":12},{"damage":21,"enemies":"Lagavulin","floor":8,"turns":8},{"damage":0,"enemies":"3 Louse","floor":11,"turns":3},{"damage":0,"enemies":"2 Fungi Beasts","floor":14,"turns":2},{"damage":11,"enemies":"Slime Boss","floor":16,"turns":10},{"damage":11,"enemies":"2 Thieves","floor":18,"turns":4},{"damage":22,"enemies":"Book of Stabbing","floor":23,"turns":6},{"damage":13,"enemies":"Gremlin Leader","floor":25,"turns":11},{"damage":0,"enemies":"Book of Stabbing","floor":28,"turns":5},{"damage":47,"enemies":"Champ","floor":33,"turns":15}],"seed_played":"-417090802458411482","potions_obtained":[{"floor":4,"key":"EssenceOfSteel"},{"floor":6,"key":"SmokeBomb"},{"floor":14,"key":"SpeedPotion"},{"floor":18,"key":"CunningPotion"},{"floor":25,"key":"Swift Potion"},{"floor":28,"key":"CunningPotion"}],"is_trial":false,"path_per_floor":["M","M","?","M","M","E","$","E","T","R","M","?","R","M","R","B",null,"M","?","?","?","$","E","?","E","T","R","E","?","?","?","R","B"],"character_chosen":"THE_SILENT","items_purchased":["ClockworkSouvenir","Molten Egg 2","Caltrops"],"campfire_rested":2,"item_purchase_floors":[7,22,22],"current_hp_per_floor":[70,69,69,69,62,36,36,15,15,15,15,4,25,25,25,14,70,59,59,46,46,46,29,23,15,15,37,42,42,42,42,42,0,0],"gold":40,"neow_bonus":"HUNDRED_GOLD","is_daily":false,"chose_seed":false,"campfire_upgraded":3,"win_rate":0.0,"timestamp":1611021241,"path_taken":["M","M","?","M","?","E","$","E","T","R","M","?","R","M","R","BOSS","M","?","?","?","?","E","?","E","T","R","E","?","?","?","R","BOSS"],"items_purchased_type":["Relic","Relic","Card"],"build_version":"2020-12-22","purchased_purges":1,"victory":false,"max_hp_per_floor":[70,70,70,70,70,70,70,70,70,70,70,70,70,70,70,70,70,70,70,75,75,75,75,75,75,75,75,75,75,75,75,75,75,75],"relic_stats":{"counters":[14,97],"Astrolabe":["Doppelganger","Doppelganger","Flechettes"],"Juzu Bracelet":1,"War Paint":["Survivor","Defend_G"],"obtain_stats":[{"Astrolabe":17,"Vajra":23,"Oddly Smooth Stone":25,"Molten Egg 2":22,"Juzu Bracelet":28,"War Paint":6,"Paper Crane":26,"Toy Ornithopter":8,"Ring of the Snake":0,"NlothsMask":3,"ClockworkSouvenir":7},{"Astrolabe":9,"Vajra":11,"Oddly Smooth Stone":12,"Molten Egg 2":10,"Juzu Bracelet":13,"War Paint":5,"Paper Crane":12,"Toy Ornithopter":6,"Ring of the Snake":0,"NlothsMask":2,"ClockworkSouvenir":5},{"Astrolabe":56,"Vajra":66,"Oddly Smooth Stone":77,"Molten Egg 2":60,"Juzu Bracelet":82,"War Paint":33,"Paper Crane":77,"Toy Ornithopter":41,"Ring of the Snake":0,"NlothsMask":8,"ClockworkSouvenir":33}],"Toy Ornithopter":20,"Ring of the Snake":[28]},"card_choices":[{"not_picked":["Eviscerate","Calculated Gamble"],"picked":"Dodge and Roll","floor":1},{"not_picked":["Dagger Throw","Slice"],"picked":"Flying Knee","floor":2},{"not_picked":["PiercingWail","Bane"],"picked":"Slice","floor":4},{"not_picked":["Catalyst","Underhanded Strike"],"picked":"Blade Dance","floor":5},{"not_picked":["Underhanded Strike","Flechettes"],"picked":"Heel Hook","floor":6},{"not_picked":["Bane","Backflip"],"picked":"Glass Knife","floor":8},{"not_picked":["Backflip","Deadly Poison"],"picked":"Well Laid Plans","floor":11},{"not_picked":["Endless Agony","Concentrate"],"picked":"Skewer","floor":14},{"not_picked":["Corpse Explosion","Tools of the Trade"],"picked":"After Image","floor":16},{"not_picked":["Terror","Escape Plan"],"picked":"Cloak And Dagger","floor":18},{"not_picked":["Outmaneuver","Setup"],"picked":"Deflect+1","floor":23},{"not_picked":["Endless Agony+1","Accuracy"],"picked":"Deadly Poison","floor":25},{"not_picked":["Quick Slash+1","Endless Agony+1","Outmaneuver"],"picked":"SKIP","floor":28}],"player_experience":1213194,"relics_obtained":[{"floor":6,"key":"War Paint"},{"floor":8,"key":"Toy Ornithopter"},{"floor":23,"key":"Vajra"},{"floor":25,"key":"Oddly Smooth Stone"},{"floor":26,"key":"Paper Crane"},{"floor":28,"key":"Juzu Bracelet"}],"event_choices":[{"damage_healed":0,"gold_gain":0,"player_choice":"Trade","damage_taken":0,"relics_obtained":["NlothsMask"],"max_hp_gain":0,"max_hp_loss":0,"event_name":"FaceTrader","floor":3,"gold_loss":0},{"damage_healed":0,"gold_gain":75,"player_choice":"Gather Gold","damage_taken":11,"max_hp_gain":0,"max_hp_loss":0,"event_name":"World of Goop","floor":12,"gold_loss":0},{"damage_healed":0,"gold_gain":0,"player_choice":"Read","damage_taken":0,"max_hp_gain":0,"max_hp_loss":0,"event_name":"The Library","floor":19,"gold_loss":0,"cards_obtained":["Leg Sweep"]},{"damage_healed":0,"gold_gain":0,"player_choice":"Shed Blood","damage_taken":18,"max_hp_gain":5,"max_hp_loss":0,"event_name":"Forgotten Altar","floor":20,"gold_loss":0},{"damage_healed":0,"gold_gain":0,"player_choice":"Ignored","damage_taken":0,"max_hp_gain":0,"max_hp_loss":0,"event_name":"Cursed Tome","floor":21,"gold_loss":0},{"damage_healed":0,"gold_gain":0,"player_choice":"Joined the Cult","damage_taken":6,"max_hp_gain":0,"max_hp_loss":0,"event_name":"Nest","floor":24,"gold_loss":0,"cards_obtained":["RitualDagger"]},{"damage_healed":0,"gold_gain":0,"cards_transformed":["Strike_G","Heel Hook"],"player_choice":"Became Test Subject","damage_taken":0,"max_hp_gain":0,"max_hp_loss":0,"event_name":"Drug Dealer","floor":29,"gold_loss":0,"cards_obtained":["Acrobatics","Distraction"]},{"cards_removed":["Distraction"],"damage_healed":0,"gold_gain":0,"player_choice":"Gave Gold","damage_taken":0,"max_hp_gain":0,"max_hp_loss":0,"event_name":"Beggar","floor":30,"gold_loss":75}],"is_beta":false,"boss_relics":[{"not_picked":["SacredBark","Empty Cage"],"picked":"Astrolabe"}],"items_purged_floors":[7],"is_endless":false,"potions_floor_spawned":[4,6,14,18,25,28],"killed_by":"Champ","ascension_level":0}}