{"host":"32dedufnxebqtmo3","time":1611051357,"event":{"mods":["AchievementEnabler","BaseMod","Better Third Choice","Card Filter","Colored Powertips","Defuse TimeMaze Blight","Downfall","GifTheSpireLib","Minty Spire (QoL Compilation)","Permanent Neow","Relic Filter","Relic Stats","Remove Card Discount Mod","Shop Mod","StSLib","The Cursed","Unceasing Turn Reminder"],"gold_per_floor":[99,116,135,39,214,114,114,47,47,61,61,91,107,107,125,226,226,26,38,49,65,46,63,63,92,92,108,85,85,85,104,124,226,226,226,241,261,277,51,51,124,141,141,117,117,132,132,132,142,142,142,177,111,111,111,111,111,111],"floor_reached":56,"language":"ENG","playtime":10218,"items_purged":["champ:Strike","champ:Strike","Doubt","champ:Strike","champ:Defend","champ:Defend","champ:Defend","champ:Strike","downfall:Haunted","champ:IronFortress","champ:AdrenalArmor+1","champ:Backstep+1","Doubt","Decay","champ:AdrenalArmor+1"],"score":746,"play_id":"8b1d9b6b-46db-43d5-ad04-b497e3adc2e6","local_time":"20210119021557","is_ascension_mode":false,"campfire_choices":[{"floor":1.0,"key":"RECALL"},{"data":"champ:AdrenalArmor","floor":6.0,"key":"SMITH"},{"data":"champ:AdrenalArmor","floor":9.0,"key":"SMITH"},{"data":"champ:AdrenalArmor","floor":18.0,"key":"SMITH"},{"data":"champ:Backstep","floor":30.0,"key":"SMITH"},{"data":"champ:GladiatorForm","floor":35.0,"key":"SMITH"},{"floor":40.0,"key":"DIG"},{"data":"champ:Improvising","floor":47,"key":"SMITH"},{"floor":54,"key":"DIG"}],"circlet_count":0,"master_deck":["champ:Execute+1","champ:Taunt+1","champ:Shatter","champ:CrookedStrike+1","champ:AdrenalArmor+1","champ:SwordSigil","champ:AdrenalArmor+1","champ:ShieldWall","champ:FocusedDefense+1","champ:FlashCut+1","champ:FlashCut+1","champ:Backstep+1","champ:GladiatorForm+1","champ:EnGarde+1","champ:PreciseThrust","champ:Improvising+1"],"relics":["champ:ChampionCrown","downfall:HeartBlessingRed","Mercury Hourglass","Turnip","Cursed Key","downfall:HeartBlessingBlue","downfall:HeartBlessingGreen","Eternal Feather","Shovel","MutagenicStrength","SlaversCollar","Vajra","Bag of Marbles","Boot","Oddly Smooth Stone","MerchantsRug","InkBottle"],"acts_visited":["Exordium","TheCity","TheBeyond","TheEnding"],"potions_floor_usage":[55,56,56],"damage_taken":[{"damage":20.0,"enemies":"Jaw Worm","floor":2.0,"turns":3.0},{"damage":12.0,"enemies":"Cultist","floor":3.0,"turns":4.0},{"damage":20.0,"enemies":"downfall:FleeingMerchant","floor":4.0,"turns":4.0},{"damage":35.0,"enemies":"downfall:FleeingMerchant","floor":8.0,"turns":4.0},{"damage":35.0,"enemies":"2 Louse","floor":10.0,"turns":3.0},{"damage":68.0,"enemies":"Lagavulin","floor":12.0,"turns":6.0},{"damage":29.0,"enemies":"Exordium Thugs","floor":13.0,"turns":4.0},{"damage":25.0,"enemies":"Blue Slaver","floor":15.0,"turns":4.0},{"damage":75.0,"enemies":"SI_SHIV_ARCHETYPE","floor":16.0,"turns":10.0},{"damage":51.0,"enemies":"Chosen","floor":19.0,"turns":5.0},{"damage":2.0,"enemies":"Spheric Guardian","floor":20.0,"turns":4.0},{"damage":13.0,"enemies":"Shelled Parasite and Fungi","floor":21.0,"turns":4.0},{"damage":10.0,"enemies":"downfall:FleeingMerchant","floor":22.0,"turns":4.0},{"damage":55.0,"enemies":"Centurion and Healer","floor":23.0,"turns":6.0},{"damage":46.0,"enemies":"Slavers","floor":25.0,"turns":5.0},{"damage":31.0,"enemies":"Snecko","floor":27.0,"turns":6.0},{"damage":35.0,"enemies":"downfall:FleeingMerchant","floor":28.0,"turns":4.0},{"damage":20.0,"enemies":"3 Cultists","floor":31.0,"turns":4.0},{"damage":20.0,"enemies":"Snake Plant","floor":32.0,"turns":2.0},{"damage":83.0,"enemies":"DF_ARCHETYPE_CLAW","floor":33.0,"turns":6.0},{"damage":45.0,"enemies":"3 Darklings","floor":36.0,"turns":6.0},{"damage":7.0,"enemies":"Orb Walker","floor":37.0,"turns":3.0},{"damage":10.0,"enemies":"Jaw Worm Horde","floor":38.0,"turns":4.0},{"damage":41.0,"enemies":"downfall:FleeingMerchant","floor":39.0,"turns":4.0},{"damage":10.0,"enemies":"Sphere and 2 Shapes","floor":42.0,"turns":5.0},{"damage":0.0,"enemies":"downfall:FleeingMerchant","floor":44.0,"turns":1.0},{"damage":5,"enemies":"Spire Growth","floor":46,"turns":4},{"damage":0,"enemies":"Jaw Worm Horde","floor":49,"turns":4},{"damage":80,"enemies":"WA_ARCHETYPE_DIVINITY","floor":50,"turns":12},{"damage":88,"enemies":"downfall:CharBossMerchant","floor":52,"turns":7},{"damage":205,"enemies":"downfall:NeowBoss","floor":55,"turns":12},{"damage":78,"enemies":"downfall:NeowBossFinal","floor":56,"turns":5}],"seed_played":"7358302953659067382","potions_obtained":[{"floor":3.0,"key":"ColorlessPotion"},{"floor":12.0,"key":"GamblersBrew"},{"floor":13.0,"key":"PowerPotion"},{"floor":23.0,"key":"PowerPotion"},{"floor":26.0,"key":"CultistPotion"},{"floor":27.0,"key":"sneckomod:MuddlingPotion"},{"floor":33.0,"key":"Ancient Potion"}],"is_trial":false,"path_per_floor":["R","M","M","$","?","R","T","$","R","M","?","E","M","T","M","B",null,"R","M","M","M","$","M","T","E","?","M","$","?","R","M","M","B",null,"R","M","M","M","$","R","T","M","?","$","?","M","R","$","M","B",null,"E","$","R","B","B"],"character_chosen":"THE_CHAMP","items_purchased":["champ:IronFortress","champ:AdrenalArmor","champ:PreciseThrust","Whetstone","Bag of Marbles","Pear","MerchantsRug"],"campfire_rested":0,"item_purchase_floors":[4,8,39,39,44,44,53],"current_hp_per_floor":[90,90,88,88,88,88,88,73,73,73,73,60,56,56,56,36,90,100,94,92,89,89,89,89,81,81,75,75,75,84,84,84,84,100,100,100,93,93,92,100,100,100,100,110,116,111,116,116,116,96,116,113,113,116,66,0,0,0],"gold":111,"neow_bonus":"UPGRADE_CARD","is_daily":false,"chose_seed":false,"campfire_upgraded":6,"win_rate":0.0,"timestamp":1611051357,"path_taken":["R","M","M","$","?","R","T","$","R","M","?","E","?","?","M","BOSS","R","M","M","M","$","M","T","E","?","M","$","?","R","?","M","BOSS","R","M","M","M","$","R","T","M","?","$","?","M","R","$","M","BOSS","E","$","R","BOSS","BOSS"],"items_purchased_type":["Card","Card","Card","Relic","Relic","Relic","Relic"],"build_version":"2020-12-22","purchased_purges":15,"victory":false,"max_hp_per_floor":[90,90,90,90,90,90,90,90,90,90,90,90,90,90,90,90,90,100,100,100,100,100,100,100,100,100,100,100,100,100,100,100,100,100,100,100,100,100,100,100,100,100,100,110,116,116,116,116,116,116,116,116,116,116,116,116,116,116],"relic_stats":{"Shovel":2,"counters":[32,158],"Eternal Feather":25,"Turnip":[23],"Cursed Key":3,"Boot":[5],"obtain_stats":[{"Darkstone Periapt":41,"MerchantsRug":53,"Pear":44,"downfall:HeartBlessingRed":6,"Vajra":40,"Oddly Smooth Stone":52,"champ:ChampionCrown":0,"downfall:HeartBlessingGreen":18,"Eternal Feather":24,"Whetstone":39,"Cursed Key":17,"Boot":45,"Mercury Hourglass":7,"SlaversCollar":34,"Shovel":25,"downfall:HeartBlessingBlue":18,"MutagenicStrength":29,"Turnip":12,"Bag of Marbles":44,"InkBottle":54},{"Darkstone Periapt":24,"MerchantsRug":30,"Pear":26,"downfall:HeartBlessingRed":3,"Vajra":24,"Oddly Smooth Stone":30,"champ:ChampionCrown":0,"downfall:HeartBlessingGreen":9,"Eternal Feather":14,"Whetstone":24,"Cursed Key":9,"Boot":26,"Mercury Hourglass":3,"SlaversCollar":20,"Shovel":15,"downfall:HeartBlessingBlue":9,"MutagenicStrength":17,"Turnip":6,"Bag of Marbles":26,"InkBottle":30},{"Darkstone Periapt":108,"MerchantsRug":141,"Pear":114,"downfall:HeartBlessingRed":11,"Vajra":108,"Oddly Smooth Stone":141,"champ:ChampionCrown":0,"downfall:HeartBlessingGreen":42,"Eternal Feather":65,"Whetstone":108,"Cursed Key":42,"Boot":114,"Mercury Hourglass":11,"SlaversCollar":91,"Shovel":70,"downfall:HeartBlessingBlue":42,"MutagenicStrength":79,"Turnip":24,"Bag of Marbles":114,"InkBottle":141}],"InkBottle":[12],"Mercury Hourglass":[372]},"card_choices":[{"not_picked":["champ:StanceDance","champ:EndlessRage"],"picked":"champ:Shatter","floor":2.0},{"not_picked":["champ:FalseCounter","champ:AdrenalArmor"],"picked":"champ:CrookedStrike","floor":3.0},{"not_picked":["champ:CrownThrow","champ:Devastate"],"picked":"champ:AdrenalArmor","floor":4.0},{"not_picked":["champ:EndlessRage","champ:BerserkerStyle"],"picked":"champ:SwordSigil","floor":8.0},{"not_picked":["champ:RecklessLeap","champ:Haymaker"],"picked":"champ:AdrenalArmor","floor":10.0},{"not_picked":["champ:ShieldSlam","champ:Endure"],"picked":"champ:ShieldWall","floor":12.0},{"not_picked":["champ:BringItOn","champ:Circumvent","champ:SkillfulDodge"],"picked":"SKIP","floor":13.0},{"not_picked":["champ:PreemptiveStrike","champ:CrownThrow","champ:TornadoPunch"],"picked":"SKIP","floor":15.0},{"not_picked":["champ:Shatter","champ:Circumvent+1"],"picked":"champ:FocusedDefense+1","floor":19.0},{"not_picked":["champ:Haymaker","champ:StanceDance","champ:Encircle"],"picked":"SKIP","floor":20.0},{"not_picked":["champ:BladeFlurry","champ:AdrenalArmor+1"],"picked":"champ:FlashCut+1","floor":21.0},{"not_picked":["champ:TornadoPunch","champ:MurderStrike","champ:FanOfKnives+1"],"picked":"SKIP","floor":22.0},{"not_picked":["champ:BladeFlurry","champ:CrownThrow"],"picked":"champ:FlashCut+1","floor":23.0},{"not_picked":["champ:FlashCut","champ:DeathBlow+1"],"picked":"champ:AdrenalArmor+1","floor":25.0},{"not_picked":["champ:BringItOn","champ:Encircle"],"picked":"champ:DefensiveStyle","floor":27.0},{"not_picked":["champ:Haymaker+1","champ:Encircle"],"picked":"champ:Backstep","floor":28.0},{"not_picked":["champ:Haymaker","champ:Backstep","champ:Shatter"],"picked":"SKIP","floor":31.0},{"not_picked":["champ:TornadoPunch","champ:Shatter+1","champ:StanceDance"],"picked":"SKIP","floor":32.0},{"not_picked":["champ:IgnorePain","champ:LastStand"],"picked":"champ:GladiatorForm","floor":33.0},{"not_picked":["champ:Shatter","champ:Parry+1"],"picked":"champ:Backstep+1","floor":36.0},{"not_picked":["champ:ShieldSigil","champ:Backstep","champ:EndlessRage"],"picked":"SKIP","floor":37.0},{"not_picked":["champ:Lariat","champ:FlashCut"],"picked":"champ:EnGarde+1","floor":38.0},{"not_picked":["champ:FlashCut+1","champ:Backstep+1","champ:Circumvent+1"],"picked":"SKIP","floor":39.0},{"not_picked":["champ:PreciseThrust+1","champ:ShieldSlam","champ:DefensiveShout+1"],"picked":"SKIP","floor":42.0},{"not_picked":["champ:IronFortress+1","champ:Encircle","champ:BladeFlurry+1"],"picked":"SKIP","floor":44.0},{"not_picked":["champ:AdrenalArmor","champ:CrownThrow+1"],"picked":"champ:Improvising","floor":46},{"not_picked":["champ:FancyFootwork+1","champ:FaceSlap+1","champ:ShieldSigil"],"picked":"SKIP","floor":49},{"not_picked":["champ:FanOfKnives","champ:DefensiveStyle+1","champ:Encircle"],"picked":"SKIP","floor":52}],"player_experience":800663,"relics_obtained":[{"floor":7.0,"key":"Mercury Hourglass"},{"floor":12.0,"key":"Turnip"},{"floor":24.0,"key":"Eternal Feather"},{"floor":25.0,"key":"Shovel"},{"floor":40.0,"key":"Vajra"},{"floor":41.0,"key":"Darkstone Periapt"},{"floor":45.0,"key":"Boot"},{"floor":52,"key":"Oddly Smooth Stone"},{"floor":54,"key":"InkBottle"}],"event_choices":[{"damage_healed":0.0,"max_hp_gain":0.0,"max_hp_loss":0.0,"gold_gain":0.0,"event_name":"Drug Dealer","player_choice":"Inject Mutagens","floor":29.0,"gold_loss":0.0,"damage_taken":0.0,"relics_obtained":["MutagenicStrength"]},{"cards_removed":["champ:DefensiveStyle"],"damage_healed":0.0,"max_hp_gain":0.0,"max_hp_loss":0.0,"gold_gain":0.0,"event_name":"Falling","player_choice":"Removed Power","floor":43.0,"gold_loss":0.0,"damage_taken":0.0}],"is_beta":false,"boss_relics":[{"not_picked":["Philosopher\u0027s Stone","Ectoplasm"],"picked":"Cursed Key"},{"not_picked":["Snecko Eye","Pandora\u0027s Box"],"picked":"SlaversCollar"}],"items_purged_floors":[4,4,8,22,22,28,28,28,28,39,39,39,44,53,53],"is_endless":false,"potions_floor_spawned":[3,12,13,23,27,31,32,33,37,42,46,49,52],"killed_by":"downfall:NeowBossFinal","ascension_level":0}}