{"host":"z42sc0n2dozsmk72","time":1611049648,"event":{"mods":["AchievementEnabler","BaseMod","Better Third Choice","Colored Map","Curses Come First","Highlight Path","Minty Spire (QoL Compilation)","Permanent Neow","Quick Restart","Relic Stats","Shop Mod","StSLib","egg","slay the spire mod where everything is the same but ironclad has a cowboy hat"],"gold_per_floor":[19,36,9,19,29,29,56,56,83,83,83,101,129,148,148,244,244,260,260,277,376,6,6,31,31,31,59,70,170,170,184,184,286,286,296,316,328,375,375,403,420,420,420,440,470,483,515,515,515,515,515,515,18,43,43,43],"floor_reached":55,"language":"ENG","playtime":5444,"items_purged":["Pain"],"score":847,"play_id":"90ddcfc1-143a-4109-b311-4318b594ab65","local_time":"20210119224728","is_ascension_mode":true,"campfire_choices":[{"data":"Metamorphosis","floor":6.0,"key":"SMITH"},{"data":"Reboot","floor":8.0,"key":"SMITH"},{"data":"Zap","floor":10.0,"key":"SMITH"},{"data":"Dualcast","floor":15.0,"key":"SMITH"},{"floor":23.0,"key":"RECALL"},{"data":"Glacier","floor":25.0,"key":"SMITH"},{"floor":30.0,"key":"REST"},{"data":"Fission","floor":32.0,"key":"SMITH"},{"data":"Turbo","floor":42.0,"key":"SMITH"},{"data":"Steam Power","floor":49.0,"key":"SMITH"},{"data":"Meteor Strike","floor":52.0,"key":"SMITH"}],"circlet_count":0,"master_deck":["Strike_B+1","Strike_B+1","Strike_B+1","Defend_B+1","Defend_B+1","Defend_B+1","Defend_B+1","Zap+1","Dualcast+1","Metamorphosis+1","Glacier+1","Glacier+1","Reboot+1","Glacier+1","Meteor Strike+1","Barrage+1","Coolheaded+1","Fission+1","Melter+1","Machine Learning+1","Turbo+1","Steam Power+1","Core Surge+1","BootSequence+1","Coolheaded+1","Meteor Strike+1"],"relics":["Cracked Core","betterThird:SlimedRelic","Art of War","Regal Pillow","WarpedTongs","Strawberry","Inserter","Frozen Eye","Centennial Puzzle","Molten Egg 2","Orichalcum","StoneCalendar","Frozen Egg 2","Runic Pyramid","Prayer Wheel","Blood Vial","Mercury Hourglass","Bronze Scales","Akabeko","Anchor","DollysMirror","War Paint","Lantern"],"acts_visited":["Exordium","TheCity","TheBeyond","TheEnding"],"potions_floor_usage":[55,55,55,55,55],"damage_taken":[{"damage":1.0,"enemies":"Jaw Worm","floor":1.0,"turns":4.0},{"damage":0.0,"enemies":"Small Slimes","floor":2.0,"turns":3.0},{"damage":0.0,"enemies":"Cultist","floor":4.0,"turns":3.0},{"damage":5.0,"enemies":"Large Slime","floor":5.0,"turns":5.0},{"damage":19.0,"enemies":"Gremlin Nob","floor":7.0,"turns":6.0},{"damage":7.0,"enemies":"Exordium Wildlife","floor":12.0,"turns":4.0},{"damage":10.0,"enemies":"3 Sentries","floor":13.0,"turns":5.0},{"damage":3.0,"enemies":"2 Fungi Beasts","floor":14.0,"turns":4.0},{"damage":16.0,"enemies":"The Guardian","floor":16.0,"turns":11.0},{"damage":4.0,"enemies":"Spheric Guardian","floor":18.0,"turns":8.0},{"damage":5.0,"enemies":"Shell Parasite","floor":20.0,"turns":7.0},{"damage":14.0,"enemies":"Gremlin Leader","floor":24.0,"turns":10.0},{"damage":4.0,"enemies":"Slavers","floor":27.0,"turns":8.0},{"damage":6.0,"enemies":"Centurion and Healer","floor":28.0,"turns":4.0},{"damage":17.0,"enemies":"Colosseum Slavers","floor":29.0,"turns":4.0},{"damage":13.0,"enemies":"Colosseum Nobs","floor":29.0,"turns":3.0},{"damage":0.0,"enemies":"Shelled Parasite and Fungi","floor":31.0,"turns":4.0},{"damage":27.0,"enemies":"Automaton","floor":33.0,"turns":9.0},{"damage":0.0,"enemies":"3 Darklings","floor":35.0,"turns":4.0},{"damage":0.0,"enemies":"Orb Walker","floor":36.0,"turns":4.0},{"damage":7.0,"enemies":"Sphere and 2 Shapes","floor":37.0,"turns":5.0},{"damage":12.0,"enemies":"2 Orb Walkers","floor":38.0,"turns":5.0},{"damage":0.0,"enemies":"Nemesis","floor":40.0,"turns":5.0},{"damage":0.0,"enemies":"Jaw Worm Horde","floor":41.0,"turns":3.0},{"damage":0.0,"enemies":"Maw","floor":44.0,"turns":6.0},{"damage":21.0,"enemies":"Reptomancer","floor":45.0,"turns":7.0},{"damage":0.0,"enemies":"3 Darklings","floor":46.0,"turns":4.0},{"damage":0.0,"enemies":"Nemesis","floor":47.0,"turns":7.0},{"damage":15.0,"enemies":"Donu and Deca","floor":50.0,"turns":10.0},{"damage":20,"enemies":"Shield and Spear","floor":54,"turns":4},{"damage":69,"enemies":"The Heart","floor":55,"turns":9}],"seed_played":"3223920530537931321","potions_obtained":[{"floor":2.0,"key":"DuplicationPotion"},{"floor":4.0,"key":"Explosive Potion"},{"floor":12.0,"key":"EntropicBrew"},{"floor":13.0,"key":"Ancient Potion"},{"floor":16.0,"key":"Energy Potion"},{"floor":29.0,"key":"Fire Potion"},{"floor":33.0,"key":"Fruit Juice"},{"floor":38.0,"key":"FearPotion"},{"floor":46.0,"key":"SkillPotion"}],"is_trial":false,"path_per_floor":["M","M","?","M","M","R","E","R","T","R","?","M","E","M","R","B",null,"M","?","M","?","$","R","E","R","T","E","M","?","R","M","R","B",null,"M","M","M","?","?","E","M","R","T","M","E","M","E","?","R","B",null,"R","$","E","B"],"character_chosen":"DEFECT","items_purchased":["Frozen Eye","Centennial Puzzle","Anchor","Strength Potion","DollysMirror","War Paint"],"campfire_rested":1,"item_purchase_floors":[22,22,53,53,53,53],"current_hp_per_floor":[74,74,63,63,58,58,39,39,39,39,39,32,29,26,26,10,82,78,78,73,73,73,73,59,59,59,55,49,19,58,58,58,31,82,82,82,75,68,68,68,70,70,70,72,53,55,57,57,57,44,87,87,87,67,0,0],"gold":43,"neow_bonus":"RANDOM_COLORLESS_2","is_daily":false,"chose_seed":false,"campfire_upgraded":9,"win_rate":0.0,"timestamp":1611049648,"path_taken":["M","M","?","M","M","R","E","R","T","R","?","M","E","M","R","BOSS","M","?","M","?","?","R","E","R","T","E","M","?","R","M","R","BOSS","M","M","M","?","?","E","M","R","T","M","E","?","E","?","R","BOSS","R","$","E","BOSS"],"items_purchased_type":["Relic","Relic","Relic","Potion","Relic","Relic"],"build_version":"2020-12-22","purchased_purges":1,"victory":false,"max_hp_per_floor":[75,75,75,75,75,75,75,75,75,75,75,75,82,82,82,82,82,82,82,82,82,82,82,82,82,82,82,82,82,82,82,82,82,82,82,82,82,87,87,87,87,87,87,87,87,87,87,87,87,87,87,87,87,87,87,87],"relic_stats":{"Regal Pillow":15,"Inserter":[65],"counters":[31,175],"StoneCalendar":[193],"Orichalcum":[66],"War Paint":["Glacier","Glacier"],"WarpedTongs":[124],"Mercury Hourglass":[165],"Blood Vial":14,"Centennial Puzzle":[36],"Bronze Scales":[170],"Prayer Wheel":3,"Art of War":[27],"obtain_stats":[{"Regal Pillow":9,"Lantern":54,"Inserter":17,"StoneCalendar":29,"Orichalcum":27,"Frozen Egg 2":29,"War Paint":53,"Akabeko":47,"WarpedTongs":11,"Mercury Hourglass":43,"Blood Vial":40,"Frozen Eye":22,"Centennial Puzzle":22,"Anchor":53,"DollysMirror":53,"betterThird:SlimedRelic":3,"Strawberry":13,"Bronze Scales":45,"Molten Egg 2":24,"Prayer Wheel":38,"Art of War":7,"Cracked Core":0,"Runic Pyramid":34},{"Regal Pillow":5,"Lantern":30,"Inserter":9,"StoneCalendar":16,"Orichalcum":13,"Frozen Egg 2":16,"War Paint":29,"Akabeko":28,"WarpedTongs":5,"Mercury Hourglass":24,"Blood Vial":23,"Frozen Eye":11,"Centennial Puzzle":11,"Anchor":29,"DollysMirror":29,"betterThird:SlimedRelic":2,"Strawberry":7,"Bronze Scales":26,"Molten Egg 2":12,"Prayer Wheel":22,"Art of War":5,"Cracked Core":0,"Runic Pyramid":18},{"Regal Pillow":21,"Lantern":166,"Inserter":45,"StoneCalendar":89,"Orichalcum":78,"Frozen Egg 2":89,"War Paint":162,"Akabeko":152,"WarpedTongs":21,"Mercury Hourglass":128,"Blood Vial":125,"Frozen Eye":60,"Centennial Puzzle":60,"Anchor":162,"DollysMirror":162,"betterThird:SlimedRelic":7,"Strawberry":30,"Bronze Scales":141,"Molten Egg 2":70,"Prayer Wheel":120,"Art of War":21,"Cracked Core":0,"Runic Pyramid":102}]},"card_choices":[{"not_picked":["Thinking Ahead","Secret Weapon"],"picked":"Metamorphosis","floor":0.0},{"not_picked":["Hologram","Streamline"],"picked":"Glacier","floor":1.0},{"not_picked":["Ball Lightning","Sunder","Darkness"],"picked":"SKIP","floor":2.0},{"not_picked":["Rebound","Barrage"],"picked":"Glacier","floor":4.0},{"not_picked":["Reprogram","Ball Lightning","Barrage"],"picked":"SKIP","floor":5.0},{"not_picked":["Coolheaded","Sweeping Beam"],"picked":"Reboot","floor":7.0},{"not_picked":["Darkness","Cold Snap","Beam Cell"],"picked":"SKIP","floor":12.0},{"not_picked":["Tempest","Machine Learning"],"picked":"Glacier","floor":13.0},{"not_picked":["Cold Snap","Stack","Barrage"],"picked":"SKIP","floor":14.0},{"not_picked":["Thunder Strike","Multi-Cast"],"picked":"Meteor Strike","floor":16.0},{"not_picked":["Streamline+1","Ball Lightning+1","Compile Driver+1"],"picked":"SKIP","floor":20.0},{"not_picked":["Beam Cell+1","Melter+1"],"picked":"Barrage+1","floor":24.0},{"not_picked":["Cold Snap+1","Loop+1"],"picked":"Coolheaded+1","floor":27.0},{"not_picked":["Sweeping Beam+1","Force Field","Stack"],"picked":"SKIP","floor":28.0},{"not_picked":["Steam+1","Capacitor+1"],"picked":"Fission","floor":29.0},{"not_picked":["Reinforced Body+1","FTL+1"],"picked":"Melter+1","floor":31.0},{"not_picked":["Meteor Strike+1","Core Surge+1"],"picked":"Machine Learning+1","floor":33.0},{"not_picked":["Coolheaded","Sweeping Beam+1","Sunder+1"],"picked":"SKIP","floor":35.0},{"not_picked":["Doom and Gloom+1","Redo"],"picked":"Turbo","floor":36.0},{"not_picked":["Hologram","Loop+1","Go for the Eyes+1"],"picked":"SKIP","floor":37.0},{"not_picked":["Stack+1","Tempest+1","Aggregate"],"picked":"SKIP","floor":40.0},{"not_picked":["Doom and Gloom+1","Beam Cell+1"],"picked":"Core Surge+1","floor":41.0},{"not_picked":["Barrage+1","Skim"],"picked":"BootSequence+1","floor":41.0},{"not_picked":["Self Repair+1","Compile Driver+1"],"picked":"Coolheaded+1","floor":44.0},{"not_picked":["Sweeping Beam+1","FTL+1","Capacitor+1"],"picked":"SKIP","floor":44.0},{"not_picked":["Hello World+1","Melter+1","Rebound+1"],"picked":"SKIP","floor":45.0},{"not_picked":["White Noise","Steam Power+1","Chill"],"picked":"SKIP","floor":46.0},{"not_picked":["Thunder Strike+1","Redo","Chaos"],"picked":"SKIP","floor":46.0},{"not_picked":["Hello World+1","Coolheaded+1","Rebound+1"],"picked":"SKIP","floor":47.0},{"not_picked":["Blizzard+1","Force Field","Steam"],"picked":"SKIP","floor":54}],"player_experience":849026,"relics_obtained":[{"floor":7.0,"key":"Art of War"},{"floor":9.0,"key":"Regal Pillow"},{"floor":13.0,"key":"Strawberry"},{"floor":24.0,"key":"Molten Egg 2"},{"floor":27.0,"key":"Orichalcum"},{"floor":29.0,"key":"StoneCalendar"},{"floor":29.0,"key":"Frozen Egg 2"},{"floor":38.0,"key":"Prayer Wheel"},{"floor":40.0,"key":"Blood Vial"},{"floor":43.0,"key":"Mercury Hourglass"},{"floor":45.0,"key":"Bronze Scales"},{"floor":47.0,"key":"Akabeko"},{"floor":54,"key":"Lantern"}],"event_choices":[{"damage_healed":0.0,"max_hp_gain":0.0,"max_hp_loss":0.0,"gold_gain":0.0,"event_name":"betterThird:BetterGoop","player_choice":"Slimed","floor":3.0,"gold_loss":27.0,"damage_taken":11.0},{"damage_healed":0.0,"max_hp_gain":0.0,"max_hp_loss":0.0,"gold_gain":0.0,"event_name":"Accursed Blacksmith","player_choice":"Rummage","floor":11.0,"gold_loss":0.0,"damage_taken":0.0,"relics_obtained":["WarpedTongs"],"cards_obtained":["Pain"]},{"damage_healed":0.0,"max_hp_gain":0.0,"max_hp_loss":8.0,"gold_gain":0.0,"event_name":"betterThird:BetterWriting","player_choice":"Simplicity","floor":19.0,"gold_loss":0.0,"damage_taken":0.0},{"damage_healed":0.0,"max_hp_gain":0.0,"max_hp_loss":0.0,"gold_gain":99.0,"event_name":"betterThird:BetterNest","player_choice":"Steal","floor":21.0,"gold_loss":0.0,"damage_taken":0.0},{"damage_healed":0.0,"max_hp_gain":0.0,"max_hp_loss":0.0,"gold_gain":0.0,"event_name":"Colosseum","player_choice":"Fight","floor":29.0,"gold_loss":0.0,"damage_taken":0.0},{"damage_healed":0.0,"max_hp_gain":0.0,"max_hp_loss":0.0,"gold_gain":0.0,"event_name":"Colosseum","player_choice":"Fought Nobs","floor":29.0,"gold_loss":0.0,"damage_taken":0.0},{"damage_healed":0.0,"max_hp_gain":0.0,"max_hp_loss":0.0,"gold_gain":0.0,"event_name":"Mysterious Sphere","player_choice":"Fight","floor":38.0,"gold_loss":0.0,"damage_taken":0.0},{"damage_healed":0.0,"max_hp_gain":0.0,"max_hp_loss":0.0,"gold_gain":0.0,"cards_transformed":["Strike_B"],"event_name":"Transmorgrifier","player_choice":"Transformed","floor":39.0,"gold_loss":0.0,"damage_taken":0.0,"cards_obtained":["Steam Power"]},{"damage_healed":0.0,"max_hp_gain":0.0,"max_hp_loss":0.0,"gold_gain":0.0,"event_name":"Tomb of Lord Red Mask","player_choice":"Ignored","floor":48.0,"gold_loss":0.0,"damage_taken":0.0}],"is_beta":false,"boss_relics":[{"not_picked":["Astrolabe","Busted Crown"],"picked":"Inserter"},{"not_picked":["Coffee Dripper","Nuclear Battery"],"picked":"Runic Pyramid"}],"items_purged_floors":[22],"is_endless":false,"potions_floor_spawned":[2,4,12,13,16,29,29,31,33,37,38,41,46,54],"killed_by":"The Heart","ascension_level":1}}