{"host":"v4tuy5ykrbdcm9o9","time":1611034810,"event":{"mods":["BaseMod","Duelist Mod","Minty Spire (QoL Compilation)","Replay The Spire","StSLib"],"gold_per_floor":[115,115,126,126,142,170,170,195,195,195,222,235,29,42,42,144,144,156,131,71,86,101,129,147,147,222,257,257,270,270,299,299,299,299],"floor_reached":33,"language":"ENG","playtime":3584,"items_purged":[],"score":500,"play_id":"71ad9faf-8a72-4bfd-a21f-12c91da86cff","local_time":"20210119004010","is_ascension_mode":true,"campfire_choices":[{"floor":7,"key":"REST"},{"data":"TalkToTheHand","floor":10,"key":"SMITH"},{"floor":15,"key":"REST"},{"data":"Alpha","floor":25,"key":"SMITH"},{"floor":30,"key":"REST"},{"floor":32,"key":"REST"}],"circlet_count":0,"master_deck":["Strike_P","Strike_P+1","Strike_P","Strike_P","Defend_P+1","Defend_P+1","Defend_P","Eruption","Vigilance","FlurryOfBlows","TalkToTheHand+1","Halt","ReachHeaven","Alpha+1","Wireheading","EmptyFist","Replay:BluntJabs","LessonLearned","Nirvana","FollowUp","Evaluate","Replay:Hum","WindmillStrike","SashWhip+1","WindmillStrike+1","Replay:BluntJabs","ThirdEye"],"relics":["PureWater","ReplayTheSpireMod:Ring of Exchange","Omamori","Bottled Flame","TungstenRod","Oddly Smooth Stone","Replay:Baseball","Melange","Replay:Wax Seal","Gremlin Horn","Tiny Chest","Happy Flower"],"acts_visited":["Exordium","TheCity"],"potions_floor_usage":[11,16,16,18,18,23,29,33],"damage_taken":[{"damage":0,"enemies":"2 Louse","floor":1,"turns":3},{"damage":0,"enemies":"Small Slimes","floor":3,"turns":3},{"damage":0,"enemies":"Cultist","floor":5,"turns":2},{"damage":28,"enemies":"Lagavulin","floor":6,"turns":9},{"damage":10,"enemies":"Gremlin Nob","floor":8,"turns":3},{"damage":46,"enemies":"Lagavulin","floor":11,"turns":5},{"damage":0,"enemies":"Large Slime","floor":12,"turns":4},{"damage":0,"enemies":"Exordium Thugs","floor":14,"turns":4},{"damage":0,"enemies":"Fading Forest","floor":16,"turns":11},{"damage":3,"enemies":"2 Thieves","floor":18,"turns":4},{"damage":5,"enemies":"3 Byrds","floor":21,"turns":7},{"damage":4,"enemies":"Centurion and Healer","floor":22,"turns":6},{"damage":0,"enemies":"Replay:Snechameleon","floor":23,"turns":8},{"damage":22,"enemies":"Cultist and Chosen","floor":24,"turns":6},{"damage":15,"enemies":"theDuelist:KaibaA2","floor":27,"turns":7},{"damage":0,"enemies":"Snake Plant","floor":29,"turns":4},{"damage":24,"enemies":"Replay:Snechameleon","floor":31,"turns":7},{"damage":77,"enemies":"Automaton","floor":33,"turns":6}],"seed_played":"-2702158126029131884","potions_obtained":[{"floor":6,"key":"Toxic Potion"},{"floor":8,"key":"SteroidPotion"},{"floor":12,"key":"Fire Potion"},{"floor":16,"key":"Swift Potion"},{"floor":21,"key":"Block Potion"},{"floor":24,"key":"Energy Potion"},{"floor":31,"key":"ColorlessPotion"}],"is_trial":false,"path_per_floor":["M","?","M","?","M","E","R","E","T","R","E","M","$","M","R","B",null,"M","$","?","M","M","E","M","R","T","E","?","M","R","E","R","B"],"character_chosen":"WATCHER","items_purchased":["Replay:Baseball","AttackPotion","FollowUp"],"campfire_rested":4,"item_purchase_floors":[13,13,19],"current_hp_per_floor":[79,79,79,79,79,51,74,64,64,64,18,18,18,18,41,61,75,72,72,72,67,63,63,41,41,41,26,26,26,49,25,48,0,0],"gold":299,"neow_bonus":"TEN_PERCENT_HP_BONUS","is_daily":false,"chose_seed":false,"campfire_upgraded":2,"win_rate":0.0,"timestamp":1611034810,"path_taken":["M","?","M","?","M","E","R","E","T","R","E","M","$","M","R","BOSS","M","$","?","M","M","E","M","R","T","E","?","?","R","E","R","BOSS"],"items_purchased_type":["Relic","Potion","Card"],"build_version":"2020-12-22","purchased_purges":0,"victory":false,"max_hp_per_floor":[79,79,79,79,79,79,79,79,79,79,79,79,79,79,79,79,79,79,79,79,79,79,79,79,79,79,79,79,79,79,79,79,79,79],"card_choices":[{"not_picked":["ClearTheMind","EmptyFist"],"picked":"FlurryOfBlows","floor":1},{"not_picked":["Perseverance","Replay:AtTheReady"],"picked":"TalkToTheHand","floor":3},{"not_picked":["Replay:Vibes","CarveReality"],"picked":"Halt","floor":5},{"not_picked":["DeceiveReality","WreathOfFlame"],"picked":"ReachHeaven","floor":6},{"not_picked":["Nirvana","Consecrate"],"picked":"Alpha","floor":8},{"not_picked":["TalkToTheHand","Replay:Anticipation"],"picked":"Wireheading","floor":11},{"not_picked":["FollowUp","Collect"],"picked":"EmptyFist","floor":12},{"not_picked":["BowlingBash","Evaluate"],"picked":"Replay:BluntJabs","floor":14},{"not_picked":["SpiritShield","DeusExMachina"],"picked":"LessonLearned","floor":16},{"not_picked":["Replay:Anticipation","Replay:DivineShield"],"picked":"Nirvana","floor":18},{"not_picked":["BattleHymn","FlyingSleeves"],"picked":"Evaluate","floor":21},{"not_picked":["FollowUp","Protect+1"],"picked":"Replay:Hum","floor":22},{"not_picked":["Sanctity","EmptyMind+1"],"picked":"WindmillStrike","floor":23},{"not_picked":["PathToVictory","Halt"],"picked":"SashWhip+1","floor":24},{"not_picked":["Study+1","EmptyFist"],"picked":"WindmillStrike+1","floor":27},{"not_picked":["CarveReality+1","Conclude+1"],"picked":"Replay:BluntJabs","floor":29},{"not_picked":["Sanctity","LikeWater"],"picked":"ThirdEye","floor":31}],"player_experience":589101,"relics_obtained":[{"floor":2,"key":"ReplayTheSpireMod:Ring of Exchange"},{"floor":6,"key":"Omamori"},{"floor":8,"key":"Bottled Flame"},{"floor":9,"key":"TungstenRod"},{"floor":11,"key":"Oddly Smooth Stone"},{"floor":23,"key":"Replay:Wax Seal"},{"floor":26,"key":"Gremlin Horn"},{"floor":27,"key":"Tiny Chest"},{"floor":31,"key":"Happy Flower"}],"event_choices":[{"cards_removed":["Defend_P"],"damage_healed":0,"gold_gain":0,"player_choice":"Offered Basic","damage_taken":0,"max_hp_gain":0,"max_hp_loss":0,"event_name":"Bonfire Elementals","floor":28,"gold_loss":0}],"is_beta":false,"boss_relics":[{"not_picked":["Tiny House","Empty Cage"],"picked":"Melange"}],"items_purged_floors":[],"is_endless":false,"potions_floor_spawned":[6,8,12,14,16,21,24,31],"killed_by":"Automaton","ascension_level":5}}