{"host":"Qube","time":1611025740,"event":{"mods":["AchievementEnabler","BaseMod","Colored Map","Colored Powertips","Highlight Path","Minty Spire (QoL Compilation)","Permanent Neow","Quick Restart","Random Character Button","StSLib"],"gold_per_floor":[118,133,151,166,186,186,202,202,202],"floor_reached":8,"language":"ENG","playtime":314,"items_purged":[],"score":104,"play_id":"55dfeac7-b8d0-45a6-99ab-1b3d2605034e","local_time":"20210118190900","is_ascension_mode":true,"campfire_choices":[{"floor":6,"key":"REST"}],"circlet_count":0,"master_deck":["AscendersBane","Strike_G","Strike_G","Strike_G","Strike_G","Strike_G","Defend_G","Defend_G","Defend_G","Survivor","Neutralize","Caltrops","Backflip","Slice","A Thousand Cuts","Distraction","Setup"],"relics":["Empty Cage"],"acts_visited":["Exordium"],"potions_floor_usage":[7],"damage_taken":[{"damage":1,"enemies":"Cultist","floor":1,"turns":4},{"damage":9,"enemies":"2 Louse","floor":2,"turns":2},{"damage":1,"enemies":"Small Slimes","floor":3,"turns":4},{"damage":5,"enemies":"Looter","floor":4,"turns":4},{"damage":8,"enemies":"Blue Slaver","floor":5,"turns":5},{"damage":15,"enemies":"3 Louse","floor":7,"turns":2},{"damage":20,"enemies":"Lagavulin","floor":8,"turns":5}],"seed_played":"6258466767258810008","potions_obtained":[{"floor":3,"key":"Weak Potion"},{"floor":4,"key":"Regen Potion"},{"floor":5,"key":"Regen Potion"}],"is_trial":false,"path_per_floor":["M","M","M","M","M","R","M","E"],"character_chosen":"THE_SILENT","items_purchased":[],"campfire_rested":1,"item_purchase_floors":[],"current_hp_per_floor":[58,49,48,43,35,54,48,28,28],"gold":202,"neow_bonus":"BOSS_RELIC","is_daily":false,"chose_seed":false,"campfire_upgraded":0,"win_rate":0.0,"timestamp":1611025740,"path_taken":["M","M","?","M","M","R","M","E"],"items_purchased_type":[],"build_version":"2020-12-18","purchased_purges":0,"victory":false,"max_hp_per_floor":[66,66,66,66,66,66,66,66,66],"card_choices":[{"not_picked":["Bane","Masterful Stab"],"picked":"Caltrops","floor":1},{"not_picked":["Deflect","Dodge and Roll"],"picked":"Backflip","floor":2},{"not_picked":["Dodge and Roll","Bane"],"picked":"Slice","floor":3},{"not_picked":["Sucker Punch","Dagger Spray"],"picked":"A Thousand Cuts","floor":4},{"not_picked":["Concentrate","Backstab"],"picked":"Distraction","floor":5},{"not_picked":["Blur","PiercingWail"],"picked":"Setup","floor":7}],"player_experience":939259,"relics_obtained":[],"event_choices":[],"is_beta":true,"boss_relics":[],"items_purged_floors":[],"is_endless":false,"potions_floor_spawned":[3,4,5],"killed_by":"Lagavulin","ascension_level":20}}