{"host":"v1m5rkjj38qutr02","time":1611037259,"event":{"mods":["Act Like it!","BaseMod","Challenge The Spire","Conspire","Gensokyo","GungeonMod","Hallownest","Minty Spire (QoL Compilation)","Replay The Spire","StSLib","The Bug Knight","Youmu£®ªÍ∆«—˝√Œ£©"],"gold_per_floor":[112,191,191,224,242,242,242,242,242,114,132,150,150,172,172,176,176],"floor_reached":16,"language":"ZHS","playtime":345,"items_purged":[],"score":140,"play_id":"c794b3a5-3c4a-4f04-97c3-158bfb0fa060","local_time":"20210119142059","is_ascension_mode":true,"campfire_choices":[{"data":"Loop","floor":6,"key":"SMITH"},{"data":"White Noise","floor":8,"key":"SMITH"},{"data":"Zap","floor":13,"key":"SMITH"},{"floor":15,"key":"REST"}],"circlet_count":0,"master_deck":["AscendersBane","Strike_B","Strike_B","Strike_B","Strike_B","Defend_B","Defend_B","Defend_B","Zap+1","Dualcast","White Noise+1","ReplayTheSpireMod:Splinters","Loop+1","Aggregate","Capacitor","Hologram","Steam Power","Hologram"],"relics":["Cracked Core","NeowsBlessing","Replay:Bandana","Mirror","conspire:IceCreamScoop","Replay:Bottled Snecko"],"acts_visited":["Exordium"],"potions_floor_usage":[12],"damage_taken":[{"damage":0.0,"enemies":"Jaw Worm","floor":1.0,"turns":1.0},{"damage":0,"enemies":"conspire:MimicChest","floor":4,"turns":1},{"damage":0,"enemies":"2 Louse","floor":5,"turns":1},{"damage":13,"enemies":"Small Slimes","floor":11,"turns":3},{"damage":12,"enemies":"Blue Slaver","floor":12,"turns":4},{"damage":7,"enemies":"Exordium Wildlife","floor":14,"turns":3},{"damage":19,"enemies":"Hexaghost","floor":16,"turns":6}],"seed_played":"467199885708350546","potions_obtained":[{"floor":5,"key":"SteroidPotion"},{"floor":11,"key":"Weak Potion"},{"floor":12,"key":"PotionOfCapacity"}],"is_trial":false,"path_per_floor":["M","?","?","?","M","R","?","R","T","$","M","M","R","M","R","B"],"character_chosen":"DEFECT","items_purchased":["Capacitor","Hologram"],"campfire_rested":1,"item_purchase_floors":[10,10],"current_hp_per_floor":[68,68,68,68,68,68,56,56,56,56,43,31,31,24,46,27,27],"gold":176,"neow_bonus":"THREE_ENEMY_KILL","is_daily":false,"chose_seed":false,"campfire_upgraded":3,"win_rate":0.0,"timestamp":1611037259,"path_taken":["M","?","?","?","?","R","?","R","T","$","M","M","R","M","R","BOSS"],"items_purchased_type":["Card","Card"],"build_version":"2020-12-22","purchased_purges":0,"victory":false,"max_hp_per_floor":[75,75,75,75,75,75,75,75,75,75,75,75,75,75,75,75,75],"card_choices":[{"not_picked":["Ball Lightning","Rebound"],"picked":"White Noise","floor":1.0},{"not_picked":["ReplayTheSpireMod:Dual Polarity","Streamline"],"picked":"Loop","floor":2},{"not_picked":["Glacier","Force Field"],"picked":"Aggregate","floor":2},{"not_picked":["Tempest","Chaos","Scrape"],"picked":"SKIP","floor":5},{"not_picked":["Stack","Coolheaded"],"picked":"Steam Power","floor":11},{"not_picked":["Sweeping Beam","Rebound"],"picked":"Hologram","floor":12},{"not_picked":["Rebound","Sweeping Beam","Streamline"],"picked":"SKIP","floor":14}],"player_experience":415866,"relics_obtained":[{"floor":2,"key":"Replay:Bandana"},{"floor":4,"key":"Mirror"},{"floor":9,"key":"Replay:Bottled Snecko"}],"event_choices":[{"damage_healed":0,"gold_gain":0,"player_choice":"Success","damage_taken":12,"relics_obtained":["conspire:IceCreamScoop"],"max_hp_gain":0,"max_hp_loss":0,"event_name":"Scrap Ooze","floor":7,"gold_loss":0}],"is_beta":false,"boss_relics":[],"items_purged_floors":[],"is_endless":false,"potions_floor_spawned":[5,11,12],"killed_by":"Hexaghost","ascension_level":11}}