{"host":"1c52r9kaxdyo25eq","time":1611054924,"event":{"mods":["AchievementEnabler","BaseMod","Minty Spire (QoL Compilation)","Rare Cards Sparkle","SuperFastMode","everything is the same but u backflip on backflip"],"gold_per_floor":[115,129,129,148,223,223,223,223,302,66,76,76,103,123,123,196,196,206,223,223,37,53,53,53,53,53],"floor_reached":25,"language":"KOR","playtime":490,"items_purged":["Strike_G","Unload"],"score":402,"play_id":"177eaa92-967e-4754-a84b-116904be6bd5","local_time":"20210119201524","is_ascension_mode":true,"campfire_choices":[{"data":"Deadly Poison","floor":6.0,"key":"SMITH"},{"data":"Flechettes","floor":8.0,"key":"SMITH"},{"data":"Neutralize","floor":15.0,"key":"SMITH"},{"floor":23,"key":"REST"}],"circlet_count":0,"master_deck":["AscendersBane","Survivor","Neutralize+1","Dagger Spray","Unload","Flechettes+1","Skewer","Deadly Poison+1","Poisoned Stab","Malaise","Acrobatics","Caltrops","Tactician","Underhanded Strike","Corpse Explosion","Dodge and Roll","Prepared","Footwork"],"relics":["Ring of the Snake","Kunai","Bottled Lightning","TwistedFunnel","WingedGreaves","Pandora\u0027s Box"],"acts_visited":["Exordium","TheCity"],"potions_floor_usage":[22],"damage_taken":[{"damage":0.0,"enemies":"Cultist","floor":1.0,"turns":3.0},{"damage":2.0,"enemies":"Small Slimes","floor":2.0,"turns":4.0},{"damage":6.0,"enemies":"Jaw Worm","floor":4.0,"turns":5.0},{"damage":6.0,"enemies":"3 Louse","floor":11.0,"turns":2.0},{"damage":9.0,"enemies":"Lagavulin","floor":13.0,"turns":5.0},{"damage":0.0,"enemies":"Exordium Wildlife","floor":14.0,"turns":2.0},{"damage":17.0,"enemies":"Hexaghost","floor":16.0,"turns":9.0},{"damage":0.0,"enemies":"3 Byrds","floor":18.0,"turns":2.0},{"damage":19.0,"enemies":"Shell Parasite","floor":19.0,"turns":5.0},{"damage":12,"enemies":"Snake Plant","floor":22,"turns":3},{"damage":19,"enemies":"Centurion and Healer","floor":25,"turns":5}],"seed_played":"-4004541712901122834","potions_obtained":[{"floor":1.0,"key":"Weak Potion"},{"floor":2.0,"key":"GhostInAJar"},{"floor":19.0,"key":"SteroidPotion"}],"is_trial":false,"path_per_floor":["M","M","T","M","?","R","?","R","T","$","M","?","E","M","R","B",null,"M","M","?","$","M","R","$","M"],"character_chosen":"THE_SILENT","items_purchased":["TwistedFunnel","Footwork"],"campfire_rested":1,"item_purchase_floors":[10,21],"current_hp_per_floor":[44,42,42,36,36,36,36,36,36,36,30,30,21,21,21,4,51,51,32,14,14,2,23,23,4,4],"gold":53,"neow_bonus":"TRANSFORM_TWO_CARDS","is_daily":false,"chose_seed":false,"campfire_upgraded":3,"win_rate":0.0,"timestamp":1611054924,"path_taken":["M","M","?","?","?","R","?","R","T","$","M","?","E","M","R","BOSS","M","M","?","$","M","R","$","M"],"items_purchased_type":["Relic","Card"],"build_version":"2020-12-22","purchased_purges":2,"victory":false,"max_hp_per_floor":[66,66,66,66,66,66,66,66,66,66,66,66,66,66,66,66,66,66,66,71,71,71,71,71,71,71],"card_choices":[{"not_picked":["Riddle With Holes","Setup"],"picked":"Flechettes","floor":1.0},{"not_picked":["Dodge and Roll","Quick Slash"],"picked":"Skewer","floor":2.0},{"not_picked":["Blade Dance","Terror"],"picked":"Deadly Poison","floor":4.0},{"not_picked":["Dagger Spray","PiercingWail","Deflect"],"picked":"SKIP","floor":11.0},{"not_picked":["Wraith Form v2","Backflip"],"picked":"Poisoned Stab","floor":13.0},{"not_picked":["Endless Agony","Flechettes","Eviscerate"],"picked":"SKIP","floor":14.0},{"not_picked":["Wraith Form v2","Doppelganger"],"picked":"Malaise","floor":16.0},{"not_picked":["Dagger Spray","Dodge and Roll","Slice"],"picked":"SKIP","floor":18.0},{"not_picked":["Dagger Spray","Slice"],"picked":"Dodge and Roll","floor":18.0},{"not_picked":["Poisoned Stab+1","Backflip"],"picked":"Prepared","floor":19.0},{"not_picked":["Noxious Fumes+1","Outmaneuver+1","Poisoned Stab"],"picked":"SKIP","floor":22}],"player_experience":598018,"relics_obtained":[{"floor":3.0,"key":"Kunai"},{"floor":9.0,"key":"Bottled Lightning"},{"floor":13.0,"key":"WingedGreaves"}],"event_choices":[{"damage_healed":0.0,"max_hp_gain":0.0,"max_hp_loss":0.0,"gold_gain":75.0,"event_name":"Golden Wing","player_choice":"Gained Gold","floor":5.0,"gold_loss":0.0,"damage_taken":0.0},{"cards_removed":["Defend_G"],"damage_healed":0.0,"max_hp_gain":0.0,"max_hp_loss":0.0,"gold_gain":0.0,"event_name":"Living Wall","player_choice":"Forget","floor":7.0,"gold_loss":0.0,"damage_taken":0.0},{"damage_healed":0.0,"max_hp_gain":0.0,"max_hp_loss":0.0,"gold_gain":0.0,"event_name":"Liars Game","player_choice":"Ignored","floor":12.0,"gold_loss":0.0,"damage_taken":0.0},{"damage_healed":0.0,"max_hp_gain":5.0,"max_hp_loss":0.0,"gold_gain":0.0,"event_name":"Forgotten Altar","player_choice":"Shed Blood","floor":20.0,"gold_loss":0.0,"damage_taken":23.0}],"is_beta":false,"boss_relics":[{"not_picked":["Black Star","Velvet Choker"],"picked":"Pandora\u0027s Box"}],"items_purged_floors":[10,21],"is_endless":false,"potions_floor_spawned":[1,2,14,19],"killed_by":"Centurion and Healer","ascension_level":20}}