{"host":"8d3fefv2347kqkpz","time":1611036165,"event":{"mods":["100% Spire Juice","AchievementEnabler","Act Like it!","Aspiration","BaseMod","Better Vampires","Colored Map","Colored Powertips","Conspire","GifTheSpireLib","Highlight Path","Mimic Mod","Minty Spire (QoL Compilation)","Quick Restart","Reimu£®≤©¿ˆ¡È√Œ£©","Relic Stats","Remilia£®¿Ÿ√◊¿Ú—«£©","Replay The Spire","Spicy Shops","StSLib","The Gatherer","The Jungle","The Senshi","The Servant 0.9.4","Waifu the Spire","vexMod"],"gold_per_floor":[113,123,53,67,67,67,67],"floor_reached":6,"language":"ZHS","playtime":329,"items_purged":[],"score":36,"play_id":"4ef1057a-173b-41ce-b19e-1a598c808c1f","local_time":"20210119140245","is_ascension_mode":false,"campfire_choices":[],"circlet_count":0,"master_deck":["Strike_P","Strike_P","Strike_P","Strike_P","Defend_P","Defend_P","Defend_P","Defend_P","Eruption","Vigilance","Pray","Replay:Battleflow+1","Replay:Battleflow"],"relics":["PureWater"],"acts_visited":["Exordium"],"potions_floor_usage":[],"damage_taken":[{"damage":0,"enemies":"Cultist","floor":1,"turns":3},{"damage":4,"enemies":"Jaw Worm","floor":2,"turns":5},{"damage":3,"enemies":"2 Louse","floor":4,"turns":5},{"damage":59,"enemies":"3 Sentries","floor":6,"turns":11}],"seed_played":"-269897712926661235","potions_obtained":[{"floor":1,"key":"Ambrosia"}],"is_trial":false,"path_per_floor":["M","M","$","M","?","E"],"character_chosen":"WATCHER","items_purchased":["Replay:Battleflow+1"],"campfire_rested":0,"item_purchase_floors":[3],"current_hp_per_floor":[79,75,75,72,77,18,18],"gold":67,"neow_bonus":"TEN_PERCENT_HP_BONUS","is_daily":false,"chose_seed":false,"campfire_upgraded":0,"win_rate":0.0,"timestamp":1611036165,"path_taken":["M","M","?","M","?","E"],"items_purchased_type":["Card"],"build_version":"2020-12-22","purchased_purges":0,"victory":false,"max_hp_per_floor":[79,79,79,79,84,84,84],"relic_stats":{"counters":[4,24],"obtain_stats":[{"PureWater":0},{"PureWater":0},{"PureWater":0}]},"card_choices":[{"not_picked":["LikeWater","Vengeance","CutThroughFate"],"picked":"SKIP","floor":1},{"not_picked":["BowlingBash","Replay:ManipulateFuture"],"picked":"Pray","floor":2},{"not_picked":["SashWhip","BowlingBash"],"picked":"Replay:Battleflow","floor":4}],"player_experience":132748,"relics_obtained":[],"event_choices":[{"damage_healed":0,"gold_gain":0,"player_choice":"Donut","damage_taken":0,"max_hp_gain":5,"max_hp_loss":0,"event_name":"Big Fish","floor":5,"gold_loss":0}],"is_beta":false,"boss_relics":[],"items_purged_floors":[],"is_endless":false,"potions_floor_spawned":[1],"killed_by":"3 Sentries","ascension_level":0}}