{"host":"8v536rckjlpi3bq3","time":1611067057,"event":{"mods":["100% Spire Juice","ATMod(阿瑾Mod)","Act Like it!","Aspiration","BaseMod","Colored Powertips","Conspire","Dota2Spire","Energized Spire","Gensokyo","Hallownest","HololiveMod","Jedi Mod","Koishi","KomeijiMod","Lobotomy","LobotomyExtend","Luminous","Marisa（F雨　魔理沙）","Minty Spire (QoL Compilation)","MostiFishMod","Relic Stats","Replay The Spire","Spicy Shops","StSLib","TestMod","The Blackbeard","The Hierophant","The Jungle","WarShipGirlsR/战舰少女R mod","Youmu（魂魄妖梦）","vexMod","【功能Mod】混沌之环修复补丁","【功能Mod】聪明的最终Boss","【角色mod】十八桐人","【遗物卡牌】REMEMod","篝火指南"],"gold_per_floor":[87,114,114,125,40,91,110,110,190,190,190,432,382,402,402,529,529,574,574,622,172,192,267,956,956,980,980,980,905,936,514,514,658,658,1271,1271,1271,1301,1188,1188,1188,1045,1068,1083,1083,478,533,575,575,1029,1029,1091,1091,1091,961,961],"floor_reached":55,"language":"ZHS","playtime":3161,"items_purged":[],"score":1468,"play_id":"4ca7ee92-9b08-44b6-9a72-2113750003fa","local_time":"20210119223737","daily_mods":["Vintage","Colorless Cards","Heirloom","Time Dilation","Flight"],"is_ascension_mode":false,"campfire_choices":[{"data":"MostiFishMod:StarOceanP","floor":10,"key":"SMITH"},{"data":"Hololive_Teleport","floor":15,"key":"SMITH"},{"data":"conspire:Banana","floor":27,"key":"SMITH"},{"data":"AT_FamilyPortrait","floor":32,"key":"SMITH"},{"data":"Hololive_CallAmaneKanata","floor":49,"key":"SMITH"}],"circlet_count":0,"master_deck":["Hololive_Strike","Hololive_Strike","Hololive_Defend","Hololive_Defend","Hololive_OvertimeWork","Hololive_CallKiryuuCoco","Hololive_CallTokinoSora","Hololive_CallHimemoriLuna","Hololive_CallSakuraMiko","Hololive_CallRoboco","MostiFishMod:StarOceanP+1","AT_FamilyPortrait+1","Hololive_StrengthChampion","Hololive_CallMurasakiShion","Hololive_Teleport+1","Hololive_CocoNews","Hololive_FlyingPonyTail","conspire:SpireCoStock","testmod-RepeatForm","WitchOfGreed","Hololive_StrengthChampion+1","Hololive_CallAmaneKanata+1","conspire:Banana+1","Hololive_CallManoAloe","MostiFishMod:MusicBox","Delirium","Hololive_CallOmaruPolka","Gensokyo:Shovel","blackbeard:BuriedTreasure","blackbeard:GoldenCannonball","Koishi:PerfectMindControl","Hololive_CallTokoyamiTowa+1","Well Laid Plans","6A","MostiFishMod:BrokenBlackCloak","testmod-Recap","Hololive_CallTsunomakiWatame"],"relics":["Hololive_TheStar","DaveBox","replay:Trail_Library","REME_ComplimentaryCards","testmod-TestBox","AT_ATBox","EGODaCapo","testmod-CasingShield","ThornShield","testmod-InjuryResistance","SynthV:TestCard","Happy Flower","Hololive_FriedShrimpLion","White Beast Statue","Dota2Spire:UrnOfShadows","jedi:angrymask","Bag of Marbles","AT_SunfireAegis","Oddly Smooth Stone","aspiration:MarisaSkillbook","Anchor","Darkstone Periapt","vexMod:Cooldron","testmod-HeartOfDaVinci","Blue Candle","Replay:Mystery Machine","Dota2Spire:EchoSabre","AT_BellDemon","Civilization","Hololive_LightStick","Transparent","testmod-DragonStarHat","vexMod:Dragonfruit","MealTicket","aspiration:EnhancedActuators","Gremlin Food","blackbeard:TreasureChest","Replay:Bandana","Simple Rune","blackbeard:BloodOrange","Koishi:BloodstainedWhiteRose","jedi:rubbersling","LetterFromLob","aspiration:PocketMushroom","Question Card","testmod-Hope"],"acts_visited":["Gensokyo:Gensokyo","TheCity","Gensokyo:Gensokyoest","Gensokyo:Gensokyo"],"potions_floor_usage":[1,16,20,22,22,23,23,23,23,23,23,30,30,30,30,30,30,33,33,33,33,33,33,38,38,38,38,47,47,47,47,47,47,47,47,50,50],"damage_taken":[{"damage":0,"enemies":"Gensokyo:2_Kodama","floor":1,"turns":4},{"damage":0,"enemies":"Gensokyo:3_Fairies","floor":2,"turns":2},{"damage":0,"enemies":"Gensokyo:Gryphon","floor":4,"turns":3},{"damage":0,"enemies":"Gensokyo:Cirno","floor":6,"turns":5},{"damage":0,"enemies":"Gensokyo:2_Rabbits","floor":7,"turns":3},{"damage":0,"enemies":"Gensokyo:Mamizou","floor":12,"turns":5},{"damage":0,"enemies":"Gensokyo:Python_and_Kodama","floor":14,"turns":2},{"damage":0,"enemies":"Gensokyo:Yukari","floor":16,"turns":5},{"damage":0,"enemies":"Spheric Guardian","floor":18,"turns":4},{"damage":0,"enemies":"Chosen","floor":20,"turns":3},{"damage":0,"enemies":"3 Cultists","floor":22,"turns":1},{"damage":0,"enemies":"Gremlin Leader","floor":23,"turns":4},{"damage":0,"enemies":"conspire:Head Lice","floor":24,"turns":6},{"damage":0,"enemies":"Cultist and Chosen","floor":30,"turns":2},{"damage":0,"enemies":"Collector","floor":33,"turns":4},{"damage":0,"enemies":"Gensokyo:3_Boulders","floor":35,"turns":2},{"damage":0,"enemies":"Gensokyo:3_Bats","floor":38,"turns":2},{"damage":0,"enemies":"Gensokyo:Dusk_and_Dawn","floor":44,"turns":1},{"damage":0,"enemies":"Gensokyo:3_Boulders","floor":47,"turns":2},{"damage":0,"enemies":"Gensokyo:Marisa","floor":48,"turns":1},{"damage":0,"enemies":"Gensokyo:Scarlet_Devils","floor":50,"turns":2},{"damage":0,"enemies":"Gensokyo:2_Kodama","floor":52,"turns":1}],"seed_played":"-2597072198821144728","potions_obtained":[{"floor":1,"key":"testmod-SpacePotion"},{"floor":4,"key":"CalmPotion"},{"floor":6,"key":"jedi:wingpotion"},{"floor":7,"key":"Adrenaline Potion"},{"floor":12,"key":"Strength Potion"},{"floor":14,"key":"jedi:holywater"},{"floor":16,"key":"CalmPotion"},{"floor":18,"key":"Adrenaline Potion"},{"floor":20,"key":"ColorlessPotion"},{"floor":22,"key":"EntropicBrew"},{"floor":23,"key":"EntropicBrew"},{"floor":23,"key":"EntropicBrew"},{"floor":24,"key":"EntropicBrew"},{"floor":25,"key":"EntropicBrew"},{"floor":30,"key":"EntropicBrew"},{"floor":33,"key":"EntropicBrew"},{"floor":33,"key":"EntropicBrew"},{"floor":35,"key":"EntropicBrew"},{"floor":38,"key":"EntropicBrew"},{"floor":38,"key":"EntropicBrew"},{"floor":44,"key":"EntropicBrew"},{"floor":47,"key":"EntropicBrew"},{"floor":48,"key":"EntropicBrew"},{"floor":50,"key":"EntropicBrew"},{"floor":52,"key":"EntropicBrew"}],"is_trial":true,"path_per_floor":["M","M","?","M","COS","E","M","?","T","R","?","E","?","M","R","B",null,"M","?","M","$","M","E","E","?","T","R","?","?","M","$","R","B",null,"M","?","T","M","COS","?","?","$","T","M","?","$","M","E","R","B",null,"M","?","?","$"],"character_chosen":"Hololive_HololiveCharacter","items_purchased":["vexMod:Cooldron","testmod-HeartOfDaVinci","WitchOfGreed","Civilization","Hololive_CallManoAloe","Hololive_LightStick","aspiration:EnhancedActuators","Replay:Bandana","Simple Rune","blackbeard:BloodOrange","Koishi:BloodstainedWhiteRose","testmod-Hope"],"campfire_rested":0,"item_purchase_floors":[21,21,21,31,31,31,42,46,46,46,46,55],"current_hp_per_floor":[35,35,35,35,35,35,35,40,40,40,40,40,40,40,40,40,40,40,40,40,40,40,40,40,40,40,40,40,40,40,40,40,43,43,49,55,60,67,67,57,57,67,67,72,72,72,79,84,84,91,91,96,96,96,96,96],"gold":961,"neow_bonus":"","is_daily":false,"chose_seed":false,"campfire_upgraded":5,"win_rate":0.0,"timestamp":1611067057,"path_taken":["M","?","?","?","COS","E","?","?","T","R","?","E","?","?","R","BOSS","M","?","?","?","?","E","E","?","T","R","?","?","M","$","R","BOSS","M","?","?","?","COS","?","?","?","T","?","?","$","?","E","R","BOSS","M","?","?","?"],"items_purchased_type":["Relic","Relic","Card","Relic","Card","Relic","Relic","Relic","Relic","Relic","Relic","Relic"],"build_version":"2020-12-22","purchased_purges":0,"victory":false,"max_hp_per_floor":[35,35,35,35,35,35,35,40,40,40,40,40,40,40,40,40,40,40,40,40,40,40,40,40,40,40,40,40,40,40,40,40,43,43,49,55,60,67,67,67,67,67,67,72,72,72,79,84,84,91,91,96,96,96,96,96],"relic_stats":{"Darkstone Periapt":6,"Happy Flower":[19],"counters":[22,63],"Blue Candle":[0],"MealTicket":10,"Question Card":2,"obtain_stats":[{"Darkstone Periapt":20,"AT_BellDemon":30,"jedi:angrymask":9,"Dota2Spire:EchoSabre":26,"AT_ATBox":0,"DaveBox":0,"Replay:Mystery Machine":23,"testmod-CasingShield":0,"Civilization":31,"blackbeard:TreasureChest":44,"Replay:Bandana":46,"testmod-InjuryResistance":1,"aspiration:EnhancedActuators":42,"MealTicket":38,"testmod-DragonStarHat":35,"Koishi:BloodstainedWhiteRose":46,"replay:Trail_Library":0,"Gremlin Food":43,"testmod-TestBox":0,"Dota2Spire:UrnOfShadows":7,"Happy Flower":2,"Blue Candle":22,"Oddly Smooth Stone":14,"ThornShield":0,"Question Card":52,"White Beast Statue":6,"aspiration:PocketMushroom":48,"vexMod:Dragonfruit":37,"Anchor":18,"vexMod:Cooldron":21,"Hololive_LightStick":31,"SynthV:TestCard":1,"Transparent":34,"EGODaCapo":0,"jedi:rubbersling":47,"Hololive_TheStar":0,"testmod-Hope":55,"Simple Rune":46,"Hololive_FriedShrimpLion":4,"Bag of Marbles":12,"LetterFromLob":47,"AT_SunfireAegis":12,"blackbeard:BloodOrange":46,"aspiration:MarisaSkillbook":17,"REME_ComplimentaryCards":0,"testmod-HeartOfDaVinci":21},{"Darkstone Periapt":10,"AT_BellDemon":14,"jedi:angrymask":5,"Dota2Spire:EchoSabre":13,"AT_ATBox":0,"DaveBox":0,"Replay:Mystery Machine":12,"testmod-CasingShield":0,"Civilization":14,"blackbeard:TreasureChest":18,"Replay:Bandana":18,"testmod-InjuryResistance":1,"aspiration:EnhancedActuators":17,"MealTicket":17,"testmod-DragonStarHat":16,"Koishi:BloodstainedWhiteRose":18,"replay:Trail_Library":0,"Gremlin Food":17,"testmod-TestBox":0,"Dota2Spire:UrnOfShadows":5,"Happy Flower":2,"Blue Candle":11,"Oddly Smooth Stone":7,"ThornShield":0,"Question Card":22,"White Beast Statue":4,"aspiration:PocketMushroom":20,"vexMod:Dragonfruit":16,"Anchor":9,"vexMod:Cooldron":10,"Hololive_LightStick":14,"SynthV:TestCard":1,"Transparent":15,"EGODaCapo":0,"jedi:rubbersling":19,"Hololive_TheStar":0,"testmod-Hope":22,"Simple Rune":18,"Hololive_FriedShrimpLion":3,"Bag of Marbles":6,"LetterFromLob":19,"AT_SunfireAegis":6,"blackbeard:BloodOrange":18,"aspiration:MarisaSkillbook":8,"REME_ComplimentaryCards":0,"testmod-HeartOfDaVinci":10},{"Darkstone Periapt":35,"AT_BellDemon":48,"jedi:angrymask":16,"Dota2Spire:EchoSabre":46,"AT_ATBox":0,"DaveBox":0,"Replay:Mystery Machine":40,"testmod-CasingShield":0,"Civilization":48,"blackbeard:TreasureChest":57,"Replay:Bandana":57,"testmod-InjuryResistance":4,"aspiration:EnhancedActuators":56,"MealTicket":56,"testmod-DragonStarHat":54,"Koishi:BloodstainedWhiteRose":57,"replay:Trail_Library":0,"Gremlin Food":56,"testmod-TestBox":0,"Dota2Spire:UrnOfShadows":16,"Happy Flower":6,"Blue Candle":36,"Oddly Smooth Stone":23,"ThornShield":0,"Question Card":63,"White Beast Statue":13,"aspiration:PocketMushroom":60,"vexMod:Dragonfruit":54,"Anchor":32,"vexMod:Cooldron":35,"Hololive_LightStick":48,"SynthV:TestCard":4,"Transparent":52,"EGODaCapo":0,"jedi:rubbersling":59,"Hololive_TheStar":0,"testmod-Hope":63,"Simple Rune":57,"Hololive_FriedShrimpLion":8,"Bag of Marbles":19,"LetterFromLob":59,"AT_SunfireAegis":21,"blackbeard:BloodOrange":57,"aspiration:MarisaSkillbook":28,"REME_ComplimentaryCards":0,"testmod-HeartOfDaVinci":35}]},"card_choices":[{"not_picked":["Hololive_SummonFox","testmod-Bloodthirsty","Hololive_Rebound","Hololive_CocoNews","Hololive_LuckPotion","MostiFishMod:BrokenBlackCloak"],"picked":"Hololive_StrengthChampion","floor":6},{"not_picked":["Hololive_LuckPotion","PanicButton","Hololive_CocoNews","Hololive_HuntDinosaur","Survey Options"],"picked":"Hololive_Teleport","floor":11},{"not_picked":["Enlightenment","testmod-HeadAttack","Hololive_LuckPotion","Hololive_HuntDinosaur","Hololive_Sequa"],"picked":"Hololive_CocoNews","floor":11},{"not_picked":["Hololive_Drill","Hololive_CallOzoraSubaru","Hololive_Breathe","Hololive_DiamondStrike","Hololive_CallRoboco"],"picked":"Hololive_FlyingPonyTail","floor":12},{"not_picked":["testmod-BloodBlade","testmod-SunMoon","REME_HeartOfCthun","MostiFishMod:PerfectForm","Crow Ritual"],"picked":"testmod-RepeatForm","floor":16},{"not_picked":["Hololive_Yoholoon","testmod-HandmadeProducts","GrandCross","Hololive_OvertimeWork","Hololive_CocoNews","Replay:Parry"],"picked":"Hololive_StrengthChampion+1","floor":23},{"not_picked":["Hololive_HuntDinosaur","Hololive_LuckPotion","DarkSpark+1","Acceleration","Hololive_Sequa","DC"],"picked":"Hololive_CallAmaneKanata","floor":24},{"not_picked":["Hololive_MaximGun","testmod-EternalityOfKhronos","testmod-SelfRegulatingSystem","CollectingQuirk","AbsoluteMagnitude","TreasureHunter"],"picked":"MostiFishMod:MusicBox","floor":33},{"not_picked":["testmod-HandmadeProducts","Hololive_OvertimeWork+1","ShootingEcho+1","SpeedBlade2_Colorless+1","Hololive_RevenueBasedLive+1","DC+1"],"picked":"Hololive_CallTokoyamiTowa+1","floor":47},{"not_picked":["AT_LightSaberMaster","PowerUp","6A+1","MilkyWay+1","Hololive_RevenueBasedLive","Hololive_CallHoushouMarine"],"picked":"MostiFishMod:BrokenBlackCloak","floor":48},{"not_picked":["MostiFishMod:OneDayCity","testmod-Reverberation","Poisoned Strike","MostiFishMod:KingOfFree","testmod-AdversityCounterattack","vexMod:StairwayStrike"],"picked":"testmod-Recap","floor":50},{"not_picked":["Hololive_CallNekomataOkayu","Acceleration","Hololive_Trident","Hololive_Rebound","ShootingEcho","AlicesGift","testmod-Arrangement"],"picked":"Hololive_CallTsunomakiWatame","floor":54}],"player_experience":267529,"relics_obtained":[{"floor":1,"key":"testmod-InjuryResistance"},{"floor":1,"key":"SynthV:TestCard"},{"floor":2,"key":"Happy Flower"},{"floor":4,"key":"Hololive_FriedShrimpLion"},{"floor":6,"key":"White Beast Statue"},{"floor":7,"key":"Dota2Spire:UrnOfShadows"},{"floor":9,"key":"jedi:angrymask"},{"floor":12,"key":"AT_SunfireAegis"},{"floor":14,"key":"Oddly Smooth Stone"},{"floor":18,"key":"Anchor"},{"floor":20,"key":"Darkstone Periapt"},{"floor":22,"key":"Blue Candle"},{"floor":23,"key":"Replay:Mystery Machine"},{"floor":26,"key":"Dota2Spire:EchoSabre"},{"floor":30,"key":"AT_BellDemon"},{"floor":35,"key":"testmod-DragonStarHat"},{"floor":37,"key":"vexMod:Dragonfruit"},{"floor":38,"key":"MealTicket"},{"floor":43,"key":"Gremlin Food"},{"floor":44,"key":"blackbeard:TreasureChest"},{"floor":47,"key":"jedi:rubbersling"},{"floor":47,"key":"LetterFromLob"},{"floor":48,"key":"aspiration:PocketMushroom"},{"floor":52,"key":"Question Card"}],"event_choices":[{"damage_healed":0,"gold_gain":0,"player_choice":"Invest 1","damage_taken":0,"max_hp_gain":0,"max_hp_loss":0,"event_name":"conspire:Investor","floor":13,"gold_loss":0},{"damage_healed":0,"gold_gain":0,"player_choice":"1 cards matched","damage_taken":0,"max_hp_gain":0,"max_hp_loss":0,"event_name":"Match and Keep!","floor":19,"gold_loss":0,"cards_obtained":["AT_PowerWithin"]},{"cards_removed":["AT_PowerWithin"],"damage_healed":0,"gold_gain":0,"player_choice":"Gave Gold","damage_taken":0,"max_hp_gain":0,"max_hp_loss":0,"event_name":"Beggar","floor":29,"gold_loss":75},{"damage_healed":0,"gold_gain":0,"player_choice":"Swap Relic","damage_taken":0,"relics_obtained":["DaveBox"],"max_hp_gain":0,"max_hp_loss":0,"event_name":"给自己的盒子","floor":41,"relics_lost":["DaveBox"],"gold_loss":0}],"is_beta":false,"boss_relics":[{"not_picked":["Coffee Dripper","BloodWine"],"picked":"aspiration:MarisaSkillbook"},{"not_picked":["RhineFirstAidKit","testmod-KeyOfTheVoid"],"picked":"Transparent"},{"not_picked":["testmod-PortableAltar","Replay:Grab Bag","energizedSpire:TabascoSauce"]}],"items_purged_floors":[],"is_endless":true,"potions_floor_spawned":[1,4,6,7,12,14,16,18,20,22,23,24,30,33,35,38,44,47,48,50,52],"ascension_level":0}}