{"host":"by8qwfg8c8egjh2t","time":1611095138,"event":{"mods":["AchievementEnabler","Aspiration","BaseMod","BetterRewards","Colored Map","Conspire","DeckTracker","Displayed Cursed Tome","Duelist Mod","Energized Spire","Friendly Minions","GifTheSpireLib","Infinite Spire","Minty Spire (QoL Compilation)","Prisma Mod","Quarter Circle Forward PUNCH!","Relic Sorter","Replay The Spire","RumiaBox-????????","Shop Mod","StSLib","Stuff the Spire","Td1madao Mod","The Animator","vexMod"],"gold_per_floor":[137,154,166,23,23,58,71,71,71,86,104,104,104,119,119,217,217,228,247,247,247,266,276,276,288,288,299,313,331,331,358,358,358,358],"floor_reached":33,"language":"ENG","playtime":5501,"items_purged":[],"score":300,"play_id":"77d8b0b9-31d6-4002-a143-fe2ef14c45c3","local_time":"20210119152538","is_ascension_mode":false,"campfire_choices":[{"floor":8,"key":"REST"},{"data":"theDuelist:JunkSpeeder","floor":12,"key":"SMITH"},{"data":"theDuelist:GreenGadget","floor":15,"key":"SMITH"},{"data":"theDuelist:SatelliteCannon","floor":24,"key":"SMITH"},{"data":"theDuelist:SolemnWarning","floor":30,"key":"SMITH"},{"data":"theDuelist:Sparks","floor":32,"key":"PURGE"}],"circlet_count":0,"master_deck":["theDuelist:Biofalcon","theDuelist:CastleWalls","theDuelist:CastleWalls","theDuelist:Deskbot004","theDuelist:Deskbot004","theDuelist:Deskbot005","theDuelist:Deskbot005","theDuelist:GreenGadget+1","theDuelist:Sparks","theDuelist:Deskbot001","theDuelist:AllyJustice","theDuelist:AllySalvo","theDuelist:JunkSpeeder+1","theDuelist:JunkSpeeder","theDuelist:Tuningware","theDuelist:QuickCharger","theDuelist:HeavyMechSupportArmor","theDuelist:SatelliteCannon+1","theDuelist:Deskbot004","theDuelist:CannonSoldier+1","theDuelist:Deskbot001+1","theDuelist:ArtifactSanctum","theDuelist:SolemnWarning+1","theDuelist:DoubleTool","theDuelist:ChaosAncientGearGiant+1","theDuelist:MetalDragon","infinitespire:Fortify","theDuelist:PotGreed+1"],"relics":["theDuelist:MillenniumPuzzle","theDuelist:CardPoolOptionsRelic","theDuelist:CardPoolAddRelic","theDuelist:CardPoolMinusRelic","theDuelist:CardPoolRelic","theDuelist:CardPoolBasicRelic","theDuelist:BoosterPackPoolRelic","theDuelist:CardPoolSaveRelic","Orichalcum","Oddly Smooth Stone","infinitespire:ShieldingShard","Runic Cube","theDuelist:MachineOrb","theDuelist:Wirebundle"],"acts_visited":["Exordium","TheCity"],"potions_floor_usage":[6,6,23,31,31,33],"damage_taken":[{"damage":3,"enemies":"Cultist","floor":1,"turns":5},{"damage":0,"enemies":"2 Louse","floor":2,"turns":4},{"damage":0,"enemies":"Jaw Worm","floor":3,"turns":4},{"damage":41,"enemies":"Lagavulin","floor":6,"turns":9},{"damage":0,"enemies":"Exordium Wildlife","floor":7,"turns":3},{"damage":0,"enemies":"Blue Slaver","floor":10,"turns":3},{"damage":0,"enemies":"Looter","floor":11,"turns":2},{"damage":5,"enemies":"Exordium Wildlife","floor":14,"turns":4},{"damage":17,"enemies":"Fading Forest","floor":16,"turns":11},{"damage":1,"enemies":"Shell Parasite","floor":18,"turns":5},{"damage":17,"enemies":"conspire:FuzzyDice","floor":19,"turns":6},{"damage":1,"enemies":"Snecko","floor":22,"turns":6},{"damage":5,"enemies":"Centurion and Healer","floor":23,"turns":7},{"damage":10,"enemies":"Chosen and Byrds","floor":25,"turns":8},{"damage":0,"enemies":"conspire:HollyBat","floor":27,"turns":7},{"damage":6,"enemies":"3 Cultists","floor":28,"turns":6},{"damage":7,"enemies":"Centurion and Healer","floor":29,"turns":11},{"damage":52,"enemies":"Nightmare","floor":31,"turns":11},{"damage":42,"enemies":"Collector","floor":33,"turns":8}],"seed_played":"36622715236310141","potions_obtained":[{"floor":2,"key":"theDuelist:OrbBottle"},{"floor":3,"key":"FocusPotion"},{"floor":10,"key":"theDuelist:SolderPotionB"},{"floor":11,"key":"theDuelist:TokenPotion"},{"floor":16,"key":"Strength Potion"},{"floor":22,"key":"Energy Potion"},{"floor":27,"key":"SkillPotion"}],"is_trial":false,"path_per_floor":["M","M","M","$","$","E","M","R","T","M","M","R","?","M","R","B",null,"M","M","?","?","M","M","R","M","T","M","M","M","R","NM","R_BF","B"],"character_chosen":"THE_DUELIST","items_purchased":["Orichalcum"],"campfire_rested":1,"item_purchase_floors":[4],"current_hp_per_floor":[85,85,85,85,85,44,44,70,70,70,70,70,70,71,71,60,88,87,76,76,70,80,75,75,71,71,77,77,76,76,30,30,0,0],"gold":358,"neow_bonus":"TEN_PERCENT_HP_BONUS","is_daily":false,"chose_seed":false,"campfire_upgraded":4,"win_rate":0.0,"timestamp":1611095138,"path_taken":["M","M","M","?","$","E","M","R","T","?","M","R","?","M","R","BOSS","M","M","?","?","M","M","R","M","T","M","?","M","R","NM","R_BF","BOSS"],"items_purchased_type":["Relic"],"build_version":"2020-12-22","purchased_purges":0,"victory":false,"max_hp_per_floor":[88,88,88,88,88,88,88,88,88,88,88,88,88,88,88,88,88,88,88,88,88,88,88,88,88,88,88,88,88,88,88,88,88,88],"card_choices":[{"not_picked":["theDuelist:UnionHangar","theDuelist:ScrapBeast","theDuelist:GearGigant","theDuelist:AncientGearExplosive"],"picked":"theDuelist:Deskbot001","floor":1},{"not_picked":["theDuelist:Geargiauger","theDuelist:JunkKuriboh","theDuelist:Submarineroid","theDuelist:GearGigant"],"picked":"theDuelist:AllyJustice","floor":2},{"not_picked":["theDuelist:BlastJuggler","theDuelist:CyberArchfiend","theDuelist:DoubleTool","theDuelist:TokenVacuum"],"picked":"theDuelist:AllySalvo","floor":3},{"not_picked":["theDuelist:Hinotama","theDuelist:LightningDarts","theDuelist:WingedKuriboh","theDuelist:WormWarlord"],"picked":"theDuelist:JunkSpeeder","floor":6},{"not_picked":["theDuelist:BigFire","theDuelist:LightningDarts","theDuelist:LightningVortex","theDuelist:PerfectMachineKing"],"picked":"theDuelist:JunkSpeeder","floor":7},{"not_picked":["theDuelist:DoubleTool","theDuelist:YellowGadget","theDuelist:Geargiauger","theDuelist:OutriggerExtension"],"picked":"theDuelist:Tuningware","floor":10},{"not_picked":["theDuelist:Sangan","theDuelist:Terraforming","theDuelist:WormWarlord","theDuelist:StrayLambs"],"picked":"theDuelist:QuickCharger","floor":11},{"not_picked":["theDuelist:HeavyFreightTrainDerricane","theDuelist:Oilman","theDuelist:Deskbot003","theDuelist:AirCrackingStorm"],"picked":"theDuelist:HeavyMechSupportArmor","floor":14},{"not_picked":["theDuelist:JinzoLord","theDuelist:SevenCompleted","theDuelist:SwordsConcealing","theDuelist:Apoqliphort"],"picked":"theDuelist:SatelliteCannon","floor":16},{"not_picked":["theDuelist:CyberArchfiend","theDuelist:DoubleTool","theDuelist:TokenVacuum+1","theDuelist:QuillboltHedgehog"],"picked":"theDuelist:Deskbot004","floor":18},{"not_picked":["theDuelist:CoreBlaster","theDuelist:GreenGadget","theDuelist:AncientGearChimera+1","theDuelist:SparkBlaster"],"picked":"theDuelist:CannonSoldier+1","floor":19},{"not_picked":["theDuelist:DoubleTool","theDuelist:ScrapBeast","theDuelist:TokenVacuum+1","theDuelist:AncientGearFist"],"picked":"theDuelist:Deskbot001+1","floor":22},{"not_picked":["theDuelist:GravityAxe","theDuelist:Jinzo","theDuelist:WonderGarage"],"picked":"theDuelist:ArtifactSanctum","floor":23},{"not_picked":["theDuelist:BlastHeldTribute","theDuelist:BlindDestruction","theDuelist:TokenVacuum","theDuelist:OrcustCrescendo"],"picked":"theDuelist:SolemnWarning","floor":25},{"not_picked":["theDuelist:CannonSoldier","theDuelist:ScrapIronScarecrow","theDuelist:Biofalcon+1","theDuelist:CoreBlaster"],"picked":"theDuelist:DoubleTool","floor":27},{"not_picked":["theDuelist:BarrelDragon","theDuelist:CannonSoldier","theDuelist:BlackSalvo","theDuelist:DigitalBug+1"],"picked":"theDuelist:ChaosAncientGearGiant+1","floor":28},{"not_picked":["theDuelist:AncientGearExplosive","theDuelist:HeavyMetalRaiders","theDuelist:Mixeroid","theDuelist:BlastWithChain+1"],"picked":"theDuelist:MetalDragon","floor":29},{"not_picked":["infinitespire:Menacing","ReplayTheSpireMod:Black Plague"],"picked":"infinitespire:Fortify","floor":31},{"not_picked":["theDuelist:PowerGiant","theDuelist:FlyingSaucer","theDuelist:StrayLambs+1","theDuelist:TimeSeal"],"picked":"theDuelist:PotGreed+1","floor":31}],"player_experience":407948,"relics_obtained":[{"floor":6,"key":"Oddly Smooth Stone"},{"floor":9,"key":"infinitespire:ShieldingShard"},{"floor":31,"key":"theDuelist:Wirebundle"}],"event_choices":[{"damage_healed":0,"gold_gain":0,"player_choice":"Leave","damage_taken":0,"max_hp_gain":0,"max_hp_loss":0,"event_name":"conspire:Investor","floor":13,"gold_loss":0},{"damage_healed":0,"gold_gain":0,"player_choice":"Dig - random Duelist relic","duelist":true,"damage_taken":0,"max_hp_gain":0,"max_hp_loss":0,"event_name":"Aknamkanon\u0027s Tomb","floor":21,"gold_loss":0}],"is_beta":false,"boss_relics":[{"not_picked":["ReplayTheSpireMod:SealedPack","theDuelist:GamblerChip"],"picked":"Runic Cube"}],"items_purged_floors":[],"is_endless":true,"potions_floor_spawned":[2,3,10,11,16,18,22,27,28,29],"killed_by":"Collector","ascension_level":0}}