{"host":"CK","time":1611024107,"event":{"mods":["2.2 Compatiblity","BaseMod","Bestiary","Block Reminder","Colored Powertips","DeckTracker","Displayed Cursed Tome","Minty Spire (QoL Compilation)","Permanent Neow","Slay-I","Unknown Chances"],"gold_per_floor":[219,229,245,90,90,90,103,3,29,41,41,68,130,173,185,270,282,309,321,258,290,17,17,42,42,42,68,38,52,72,99,99,176,176,189,189,189],"floor_reached":36,"language":"ENG","playtime":3702,"items_purged":["Defend_B","Strike_B","Strike_B"],"score":842,"play_id":"aca1f85f-5a82-4048-8878-28f40310add2","local_time":"20210118184147","is_ascension_mode":true,"campfire_choices":[{"data":"Darkness","floor":6.0,"key":"SMITH"},{"data":"Redo","floor":11.0,"key":"SMITH"},{"data":"Go for the Eyes","floor":15.0,"key":"SMITH"},{"data":"Hologram","floor":23.0,"key":"SMITH"},{"data":"Auto Shields","floor":25.0,"key":"SMITH"},{"data":"Dualcast","floor":32,"key":"SMITH"}],"circlet_count":0,"master_deck":["AscendersBane","Strike_B","Defend_B","Defend_B","Defend_B","Dualcast+1","Self Repair","White Noise","Go for the Eyes+1","Darkness+1","Redo+1","FTL","BootSequence","All For One","Undo","Hologram+1","Auto Shields+1","Multi-Cast"],"relics":["Cracked Core","Akabeko","MawBank","DataDisk","Velvet Choker","PreservedInsect","Ancient Tea Set","Lantern","Torii","Tiny Chest","Busted Crown"],"acts_visited":["TheCity","TheBeyond"],"potions_floor_usage":[29,31,36,36],"damage_taken":[{"damage":1.0,"enemies":"Cultist","floor":1.0,"turns":3.0},{"damage":0.0,"enemies":"2 Louse","floor":2.0,"turns":2.0},{"damage":9.0,"enemies":"Jaw Worm","floor":3.0,"turns":3.0},{"damage":10.0,"enemies":"Red Slaver","floor":7.0,"turns":3.0},{"damage":12.0,"enemies":"Looter","floor":10.0,"turns":4.0},{"damage":14.0,"enemies":"Gremlin Nob","floor":12.0,"turns":3.0},{"damage":5.0,"enemies":"3 Sentries","floor":14.0,"turns":3.0},{"damage":4.0,"enemies":"The Guardian","floor":16.0,"turns":7.0},{"damage":12.0,"enemies":"3 Byrds","floor":18.0,"turns":4.0},{"damage":3.0,"enemies":"Spheric Guardian","floor":21.0,"turns":4.0},{"damage":3.0,"enemies":"Gremlin Leader","floor":24.0,"turns":6.0},{"damage":0,"enemies":"Book of Stabbing","floor":27,"turns":4},{"damage":1,"enemies":"Shelled Parasite and Fungi","floor":29,"turns":3},{"damage":2,"enemies":"Cultist and Chosen","floor":30,"turns":6},{"damage":1,"enemies":"Gremlin Leader","floor":31,"turns":6},{"damage":2,"enemies":"Champ","floor":33,"turns":6},{"damage":7,"enemies":"3 Darklings","floor":35,"turns":3},{"damage":82,"enemies":"2 Orb Walkers","floor":36,"turns":5}],"seed_played":"-1372230134036026513","potions_obtained":[{"floor":1.0,"key":"Weak Potion"},{"floor":2.0,"key":"Energy Potion"},{"floor":7.0,"key":"DistilledChaos"},{"floor":12.0,"key":"LiquidMemories"},{"floor":14.0,"key":"Dexterity Potion"},{"floor":16.0,"key":"Swift Potion"},{"floor":18.0,"key":"Block Potion"},{"floor":28,"key":"Weak Potion"},{"floor":28,"key":"Weak Potion"},{"floor":29,"key":"ColorlessPotion"},{"floor":31,"key":"SkillPotion"}],"is_trial":false,"path_per_floor":["M","M","M","$","?","R","M","$","T","M","R","E","?","E","R","B",null,"M","?","?","M","$","R","E","R","T","E","?","M","M","E","R","B",null,"M","?"],"character_chosen":"DEFECT","items_purchased":["Darkness","PreservedInsect"],"campfire_rested":0,"item_purchase_floors":[4,22],"current_hp_per_floor":[63,70,68,68,68,68,65,65,65,60,60,53,53,55,55,58,68,63,63,63,67,67,67,71,71,71,71,71,71,71,71,71,71,71,71,0,0],"gold":189,"neow_bonus":"HUNDRED_GOLD","is_daily":false,"chose_seed":false,"campfire_upgraded":6,"win_rate":0.0,"timestamp":1611024107,"path_taken":["M","?","M","$","?","R","M","$","T","?","R","E","?","E","R","BOSS","M","?","?","M","$","R","E","R","T","E","?","M","?","E","R","BOSS","M","?"],"items_purchased_type":["Card","Relic"],"build_version":"2020-12-18","purchased_purges":3,"victory":false,"max_hp_per_floor":[71,71,71,71,71,71,71,71,71,71,71,71,71,71,71,71,71,71,71,71,71,71,71,71,71,71,71,71,71,71,71,71,71,71,71,71,71],"card_choices":[{"not_picked":["Genetic Algorithm","Ball Lightning"],"picked":"Self Repair","floor":1.0},{"not_picked":["Conserve Battery","Melter"],"picked":"White Noise","floor":2.0},{"not_picked":["Hologram","Barrage"],"picked":"Go for the Eyes","floor":3.0},{"not_picked":["Glacier","Steam","Force Field"],"picked":"SKIP","floor":7.0},{"not_picked":["Streamline","Cold Snap"],"picked":"Redo","floor":10.0},{"not_picked":["Turbo","Gash"],"picked":"FTL","floor":12.0},{"not_picked":["Rip and Tear","Beam Cell"],"picked":"BootSequence","floor":14.0},{"not_picked":["Hyperbeam","Rainbow"],"picked":"All For One","floor":16.0},{"not_picked":["Storm","Cold Snap+1"],"picked":"Undo","floor":18.0},{"not_picked":["Cold Snap","Beam Cell"],"picked":"Hologram","floor":21.0},{"not_picked":["Capacitor+1","Barrage"],"picked":"Auto Shields","floor":24.0},{"not_picked":["Sweeping Beam","FTL","Force Field"],"picked":"SKIP","floor":27},{"not_picked":["Recycle","Undo","Stack"],"picked":"SKIP","floor":29},{"not_picked":["Self Repair","Scrape","Leap"],"picked":"SKIP","floor":30},{"not_picked":["Storm","Rebound","Barrage+1"],"picked":"SKIP","floor":31},{"not_picked":["Storm","Rebound","Barrage+1"],"picked":"SKIP","floor":31},{"not_picked":["Reboot","All For One"],"picked":"Multi-Cast","floor":33},{"not_picked":["Self Repair"],"picked":"SKIP","floor":35}],"player_experience":1150845,"relics_obtained":[{"floor":9.0,"key":"Akabeko"},{"floor":12.0,"key":"MawBank"},{"floor":14.0,"key":"DataDisk"},{"floor":24.0,"key":"Ancient Tea Set"},{"floor":26.0,"key":"Lantern"},{"floor":27,"key":"Torii"},{"floor":31,"key":"Tiny Chest"}],"event_choices":[{"cards_removed":["Zap"],"damage_healed":0.0,"max_hp_gain":0.0,"max_hp_loss":0.0,"gold_gain":0.0,"event_name":"Bonfire Elementals","player_choice":"Offered Basic","floor":5.0,"gold_loss":0.0,"damage_taken":0.0},{"damage_healed":0.0,"max_hp_gain":0.0,"max_hp_loss":0.0,"gold_gain":50.0,"event_name":"Golden Shrine","player_choice":"Pray","floor":13.0,"gold_loss":0.0,"damage_taken":0.0},{"damage_healed":0.0,"max_hp_gain":0.0,"max_hp_loss":0.0,"gold_gain":0.0,"event_name":"The Mausoleum","player_choice":"Ignored","floor":19.0,"gold_loss":0.0,"damage_taken":0.0},{"cards_removed":["Strike_B"],"damage_healed":0.0,"max_hp_gain":0.0,"max_hp_loss":0.0,"gold_gain":0.0,"event_name":"Beggar","player_choice":"Gave Gold","floor":20.0,"gold_loss":75.0,"damage_taken":0.0},{"damage_healed":0,"gold_gain":0,"player_choice":"Bought 2 Potions","damage_taken":0,"max_hp_gain":0,"max_hp_loss":0,"event_name":"The Woman in Blue","floor":28,"gold_loss":0},{"damage_healed":0,"gold_gain":0,"player_choice":"Fight","damage_taken":0,"max_hp_gain":0,"max_hp_loss":0,"event_name":"Mysterious Sphere","floor":36,"gold_loss":0}],"is_beta":true,"boss_relics":[{"not_picked":["Fusion Hammer","FrozenCore"],"picked":"Velvet Choker"},{"not_picked":["SacredBark","Inserter"],"picked":"Busted Crown"}],"items_purged_floors":[4,8,22],"is_endless":false,"potions_floor_spawned":[1,2,7,12,14,16,18,29,31,35],"killed_by":"2 Orb Walkers","ascension_level":17}}