{"host":"ydg0vn0pu4pubmdt","time":1611062281,"event":{"mods":["AchievementEnabler","BaseMod","Colored Map","Gold Saver","Minty Spire (QoL Compilation)","Quick Restart","SuperFastMode"],"gold_per_floor":[114,114,125,135,150,150,169,169,196,206,131,154,171,171,171,248,248,265,285,298,376,387,387,421,437,463,463,463],"floor_reached":27,"language":"KOR","playtime":985,"items_purged":[],"score":401,"play_id":"8b88c8ed-065d-4151-8ede-610fcf897c7f","local_time":"20210119221801","is_ascension_mode":true,"campfire_choices":[{"data":"Cloak And Dagger","floor":6.0,"key":"SMITH"},{"data":"Dagger Spray","floor":8.0,"key":"SMITH"},{"data":"Accuracy","floor":15.0,"key":"SMITH"},{"data":"Burst","floor":23.0,"key":"SMITH"}],"circlet_count":0,"master_deck":["AscendersBane","Survivor","Neutralize+1","Blade Dance","Dagger Spray+1","Blur","Masterful Stab","Cloak And Dagger+1","Blade Dance","Accuracy+1","Tools of the Trade","A Thousand Cuts","After Image","Accuracy","Dash+1","Burst+1","Expertise","Well Laid Plans","PiercingWail","Phantasmal Killer","Calculated Gamble+1","Prepared","Tactician"],"relics":["Ring of the Snake","Tiny Chest","Lantern","Pandora\u0027s Box","Paper Crane","Whetstone","Nunchaku"],"acts_visited":["Exordium","TheCity"],"potions_floor_usage":[27],"damage_taken":[{"damage":0.0,"enemies":"Cultist","floor":1.0,"turns":4.0},{"damage":4.0,"enemies":"Small Slimes","floor":3.0,"turns":3.0},{"damage":2.0,"enemies":"Jaw Worm","floor":4.0,"turns":4.0},{"damage":0.0,"enemies":"Large Slime","floor":5.0,"turns":5.0},{"damage":1.0,"enemies":"Exordium Thugs","floor":7.0,"turns":5.0},{"damage":3.0,"enemies":"Exordium Wildlife","floor":10.0,"turns":4.0},{"damage":0.0,"enemies":"3 Louse","floor":13.0,"turns":1.0},{"damage":2.0,"enemies":"Slime Boss","floor":16.0,"turns":7.0},{"damage":13.0,"enemies":"2 Thieves","floor":18.0,"turns":3.0},{"damage":0.0,"enemies":"3 Byrds","floor":19.0,"turns":5.0},{"damage":12.0,"enemies":"Centurion and Healer","floor":20.0,"turns":4.0},{"damage":15.0,"enemies":"Shelled Parasite and Fungi","floor":22.0,"turns":5.0},{"damage":7.0,"enemies":"Slavers","floor":24.0,"turns":5.0},{"damage":4.0,"enemies":"Snake Plant","floor":25.0,"turns":5.0},{"damage":10,"enemies":"Snecko","floor":27,"turns":3}],"seed_played":"6791015253780927776","potions_obtained":[{"floor":1.0,"key":"FearPotion"},{"floor":3.0,"key":"FearPotion"},{"floor":4.0,"key":"Block Potion"},{"floor":18.0,"key":"DuplicationPotion"},{"floor":19.0,"key":"CunningPotion"},{"floor":24.0,"key":"FearPotion"}],"is_trial":false,"path_per_floor":["M","?","M","M","M","R","M","R","T","M","?","T","M","?","R","B",null,"M","M","M","T","M","R","E","M","T","M"],"character_chosen":"THE_SILENT","items_purchased":[],"campfire_rested":0,"item_purchase_floors":[],"current_hp_per_floor":[59,39,35,33,33,33,32,32,32,29,29,29,29,29,29,27,56,43,43,31,31,16,16,9,5,5,0,0],"gold":463,"neow_bonus":"THREE_CARDS","is_daily":false,"chose_seed":false,"campfire_upgraded":4,"win_rate":0.0,"timestamp":1611062281,"path_taken":["M","?","M","M","M","R","M","R","T","M","?","?","M","?","R","BOSS","M","M","M","?","M","R","E","M","T","M"],"items_purchased_type":[],"build_version":"2020-12-22","purchased_purges":0,"victory":false,"max_hp_per_floor":[66,66,66,66,66,66,66,66,66,66,66,66,66,66,66,66,66,66,66,66,66,66,66,66,66,66,66,66],"card_choices":[{"not_picked":["Leg Sweep","PiercingWail"],"picked":"Blade Dance","floor":0.0},{"not_picked":["Leg Sweep","Dagger Throw"],"picked":"Dagger Spray","floor":1.0},{"not_picked":["Terror","Dagger Throw"],"picked":"Blur","floor":3.0},{"not_picked":["Backflip","Caltrops"],"picked":"Masterful Stab","floor":4.0},{"not_picked":["Heel Hook","Dagger Spray"],"picked":"Cloak And Dagger","floor":5.0},{"not_picked":["Dash","Outmaneuver"],"picked":"Blade Dance","floor":7.0},{"not_picked":["Finisher","Cloak And Dagger","Concentrate"],"picked":"SKIP","floor":10.0},{"not_picked":["Quick Slash","Distraction"],"picked":"Accuracy","floor":13.0},{"not_picked":["Venomology","After Image"],"picked":"A Thousand Cuts","floor":16.0},{"not_picked":["Flechettes","Slice"],"picked":"Calculated Gamble+1","floor":18.0},{"not_picked":["Distraction","Leg Sweep","Dodge and Roll"],"picked":"SKIP","floor":19.0},{"not_picked":["Skewer","Terror","Leg Sweep"],"picked":"SKIP","floor":20.0},{"not_picked":["Poisoned Stab","Setup"],"picked":"Prepared","floor":22.0},{"not_picked":["Heel Hook","Expertise","Catalyst"],"picked":"SKIP","floor":24.0},{"not_picked":["Cloak And Dagger+1","Dodge and Roll"],"picked":"Tactician","floor":25.0}],"player_experience":494879,"relics_obtained":[{"floor":9.0,"key":"Tiny Chest"},{"floor":12.0,"key":"Lantern"},{"floor":21.0,"key":"Paper Crane"},{"floor":24.0,"key":"Whetstone"},{"floor":26.0,"key":"Nunchaku"}],"event_choices":[{"damage_healed":0.0,"max_hp_gain":0.0,"max_hp_loss":0.0,"gold_gain":0.0,"event_name":"Shining Light","player_choice":"Entered Light","floor":2.0,"gold_loss":0.0,"damage_taken":20.0,"cards_upgraded":["Strike_G","Defend_G"]},{"cards_removed":["Strike_G"],"damage_healed":0.0,"max_hp_gain":0.0,"max_hp_loss":0.0,"gold_gain":0.0,"event_name":"The Cleric","player_choice":"Card Removal","floor":11.0,"gold_loss":75.0,"damage_taken":0.0},{"damage_healed":0.0,"max_hp_gain":0.0,"max_hp_loss":0.0,"gold_gain":0.0,"cards_transformed":["Strike_G"],"event_name":"Transmorgrifier","player_choice":"Transformed","floor":14.0,"gold_loss":0.0,"damage_taken":0.0,"cards_obtained":["Tools of the Trade"]}],"is_beta":false,"boss_relics":[{"not_picked":["Coffee Dripper","SacredBark"],"picked":"Pandora\u0027s Box"}],"items_purged_floors":[],"is_endless":false,"potions_floor_spawned":[1,3,4,5,18,19,20,24],"killed_by":"Snecko","ascension_level":15}}