{"host":"928gv66myv2vlnsd","time":1611100133,"event":{"mods":["BaseMod","Minty Spire (QoL Compilation)","StSLib"],"gold_per_floor":[109,121,196,196,346,385,404,286,312,312,348,348,348,369,369,459,459,474,453,453,453],"floor_reached":20,"language":"ENG","playtime":918,"items_purged":["Doubt"],"score":404,"play_id":"ec2f963f-7737-4e0d-86fc-c74d66d96c0e","local_time":"20210119184853","is_ascension_mode":true,"campfire_choices":[{"data":"Evolve","floor":10,"key":"SMITH"},{"data":"Spot Weakness","floor":13,"key":"SMITH"},{"floor":15,"key":"REST"}],"circlet_count":0,"master_deck":["AscendersBane","Bash","Pommel Strike","Entrench+1","Battle Trance","Iron Wave","Evolve+1","Spot Weakness+1","Sentinel","Double Tap","Barricade","Infernal Blade","Rupture","Battle Trance","Searing Blow","Rage","Double Tap","Brutality","Juggernaut","Feel No Pain+1","Body Slam"],"relics":["Burning Blood","NeowsBlessing","Golden Idol","Tiny Chest","Strawberry","Red Skull","Pandora\u0027s Box"],"acts_visited":["Exordium","TheCity"],"potions_floor_usage":[11,16,20],"damage_taken":[{"damage":0,"enemies":"2 Louse","floor":1,"turns":1},{"damage":0,"enemies":"Small Slimes","floor":2,"turns":1},{"damage":0,"enemies":"Gremlin Nob","floor":6,"turns":1},{"damage":2,"enemies":"Cultist","floor":7,"turns":4},{"damage":40,"enemies":"3 Sentries","floor":11,"turns":10},{"damage":9,"enemies":"Large Slime","floor":14,"turns":4},{"damage":57,"enemies":"The Guardian","floor":16,"turns":15},{"damage":31,"enemies":"Spheric Guardian","floor":18,"turns":7},{"damage":29,"enemies":"2 Thieves","floor":19,"turns":4},{"damage":22,"enemies":"Snake Plant","floor":20,"turns":2}],"seed_played":"60884543253317571","potions_obtained":[{"floor":1,"key":"BloodPotion"},{"floor":2,"key":"BlessingOfTheForge"},{"floor":14,"key":"Fire Potion"},{"floor":18,"key":"Fruit Juice"}],"is_trial":false,"path_per_floor":["M","M","?","?","?","E","M","$","T","R","E","?","R","M","R","B",null,"M","M","M"],"character_chosen":"IRONCLAD","items_purchased":["Evolve"],"campfire_rested":1,"item_purchase_floors":[8],"current_hp_per_floor":[74,75,64,38,38,44,48,48,55,55,21,21,21,18,42,7,63,38,15,0,0],"gold":453,"neow_bonus":"THREE_ENEMY_KILL","is_daily":false,"chose_seed":false,"campfire_upgraded":2,"win_rate":0.0,"timestamp":1611100133,"path_taken":["M","M","?","?","?","E","M","?","T","R","E","?","R","M","R","BOSS","M","?","M"],"items_purchased_type":["Card"],"build_version":"2020-12-22","purchased_purges":1,"victory":false,"max_hp_per_floor":[75,75,75,75,75,75,75,75,82,82,82,82,82,82,82,82,82,82,82,87,87],"card_choices":[{"not_picked":["Intimidate","Wild Strike"],"picked":"Pommel Strike","floor":1},{"not_picked":["Heavy Blade","Ghostly Armor"],"picked":"Entrench","floor":2},{"not_picked":["Pummel","Warcry"],"picked":"Battle Trance","floor":6},{"not_picked":["Wild Strike","Rupture"],"picked":"Iron Wave","floor":7},{"not_picked":["Twin Strike","Heavy Blade"],"picked":"Spot Weakness","floor":11},{"not_picked":["Blood for Blood","Inflame"],"picked":"Sentinel","floor":14},{"not_picked":["Offering","Demon Form"],"picked":"Double Tap","floor":16},{"not_picked":["Clash","Entrench"],"picked":"Feel No Pain+1","floor":18},{"not_picked":["Flex","Ghostly Armor"],"picked":"Body Slam","floor":19}],"player_experience":1264336,"relics_obtained":[{"floor":6,"key":"Tiny Chest"},{"floor":9,"key":"Strawberry"},{"floor":11,"key":"Red Skull"}],"event_choices":[{"damage_healed":0,"gold_gain":75,"player_choice":"Gather Gold","damage_taken":11,"max_hp_gain":0,"max_hp_loss":0,"event_name":"World of Goop","floor":3,"gold_loss":0},{"damage_healed":0,"gold_gain":0,"player_choice":"Take Damage","damage_taken":26,"relics_obtained":["Golden Idol"],"max_hp_gain":0,"max_hp_loss":0,"event_name":"Golden Idol","floor":4,"gold_loss":0},{"damage_healed":0,"gold_gain":150,"player_choice":"AGREE","damage_taken":0,"max_hp_gain":0,"max_hp_loss":0,"event_name":"Liars Game","floor":5,"gold_loss":0,"cards_obtained":["Doubt"]},{"damage_healed":0,"gold_gain":0,"player_choice":"Upgraded","damage_taken":0,"max_hp_gain":0,"max_hp_loss":0,"event_name":"Upgrade Shrine","floor":12,"gold_loss":0,"cards_upgraded":["Entrench"]}],"is_beta":false,"boss_relics":[{"not_picked":["Sozu","Fusion Hammer"],"picked":"Pandora\u0027s Box"}],"items_purged_floors":[8],"is_endless":false,"potions_floor_spawned":[1,2,6,14,18],"killed_by":"Snake Plant","ascension_level":19}}