{"host":"1c52r9kaxdyo25eq","time":1611074862,"event":{"mods":["AchievementEnabler","BaseMod","Minty Spire (QoL Compilation)","Rare Cards Sparkle","SuperFastMode","everything is the same but u backflip on backflip"],"gold_per_floor":[117,133,150,166,180,180,196,196,196,196,196,196,222,222,222,296,296,309,319,333,347,86,86,116,16,89,89,4,4,4,30,30,113,113,133,133,162,185,199,199,199],"floor_reached":40,"language":"KOR","playtime":1583,"items_purged":["Strike_R","Defend_R"],"score":778,"play_id":"d3dc19ed-4573-4d5f-862c-3dace3bb37f1","local_time":"20210120014742","is_ascension_mode":true,"campfire_choices":[{"data":"Body Slam","floor":6.0,"key":"SMITH"},{"data":"True Grit","floor":8.0,"key":"SMITH"},{"data":"Evolve","floor":10.0,"key":"SMITH"},{"data":"Shrug It Off","floor":12.0,"key":"SMITH"},{"floor":15.0,"key":"REST"},{"floor":23.0,"key":"REST"},{"floor":30.0,"key":"REST"},{"floor":32.0,"key":"REST"}],"circlet_count":0,"master_deck":["AscendersBane","Strike_R","Defend_R","Defend_R","Bash","Iron Wave","Anger","Body Slam+1","Shrug It Off+1","Pommel Strike+1","True Grit+1","Evolve+1","Power Through","Exhume","Feed","Apotheosis","Ghostly Armor+1","Immolate","Sever Soul+1","Parasite"],"relics":["Black Blood","Dead Branch","Juzu Bracelet","Fusion Hammer","Bottled Lightning","Bottled Tornado","Mango","CeramicFish"],"acts_visited":["Exordium","TheCity","TheBeyond"],"potions_floor_usage":[39],"damage_taken":[{"damage":6.0,"enemies":"2 Louse","floor":1.0,"turns":2.0},{"damage":1.0,"enemies":"Cultist","floor":2.0,"turns":3.0},{"damage":16.0,"enemies":"Jaw Worm","floor":3.0,"turns":4.0},{"damage":6.0,"enemies":"Looter","floor":4.0,"turns":3.0},{"damage":0.0,"enemies":"2 Fungi Beasts","floor":5.0,"turns":3.0},{"damage":10.0,"enemies":"Large Slime","floor":7.0,"turns":6.0},{"damage":45.0,"enemies":"Lagavulin","floor":13.0,"turns":10.0},{"damage":16.0,"enemies":"Hexaghost","floor":16.0,"turns":10.0},{"damage":30.0,"enemies":"Spheric Guardian","floor":18.0,"turns":4.0},{"damage":4.0,"enemies":"Shell Parasite","floor":19.0,"turns":8.0},{"damage":10.0,"enemies":"Shelled Parasite and Fungi","floor":20.0,"turns":7.0},{"damage":7.0,"enemies":"Sentry and Sphere","floor":21.0,"turns":5.0},{"damage":18.0,"enemies":"Book of Stabbing","floor":24.0,"turns":7.0},{"damage":0.0,"enemies":"Snake Plant","floor":29.0,"turns":1.0},{"damage":39.0,"enemies":"Gremlin Leader","floor":31.0,"turns":7.0},{"damage":42.0,"enemies":"Champ","floor":33.0,"turns":12.0},{"damage":10.0,"enemies":"3 Darklings","floor":35.0,"turns":6.0},{"damage":20.0,"enemies":"3 Shapes","floor":37.0,"turns":4.0},{"damage":24,"enemies":"Writhing Mass","floor":38,"turns":7},{"damage":51,"enemies":"Maw","floor":39,"turns":9},{"damage":18,"enemies":"Nemesis","floor":40,"turns":8}],"seed_played":"-8193331973583540402","potions_obtained":[{"floor":1.0,"key":"DuplicationPotion"},{"floor":3.0,"key":"ColorlessPotion"},{"floor":19.0,"key":"SkillPotion"},{"floor":20.0,"key":"SmokeBomb"},{"floor":24.0,"key":"LiquidBronze"},{"floor":37.0,"key":"Block Potion"}],"is_trial":false,"path_per_floor":["M","M","M","M","M","R","M","R","T","R","?","R","E","?","R","B",null,"M","M","M","M","$","R","E","$","T","?","?","M","R","E","R","B",null,"M","?","M","M","M","E"],"character_chosen":"IRONCLAD","items_purchased":["Apotheosis"],"campfire_rested":4,"item_purchase_floors":[22],"current_hp_per_floor":[68,68,58,58,64,64,60,60,60,60,60,60,21,21,41,31,59,35,37,33,35,35,56,44,44,44,24,38,44,71,38,65,29,75,77,77,73,65,26,8,8],"gold":199,"neow_bonus":"TRANSFORM_TWO_CARDS","is_daily":false,"chose_seed":false,"campfire_upgraded":4,"win_rate":0.0,"timestamp":1611074862,"path_taken":["M","M","M","M","M","R","M","R","T","R","?","R","E","?","R","BOSS","M","M","M","M","$","R","E","?","T","?","?","M","R","E","R","BOSS","M","?","M","M","M","E"],"items_purchased_type":["Card"],"build_version":"2020-12-22","purchased_purges":2,"victory":false,"max_hp_per_floor":[68,68,68,68,68,68,68,68,68,68,68,68,68,68,68,68,68,68,68,68,71,71,71,71,71,71,76,90,90,90,90,90,90,90,90,90,94,98,98,98,98],"card_choices":[{"not_picked":["Combust","Anger"],"picked":"Body Slam","floor":1.0},{"not_picked":["Intimidate","Sword Boomerang"],"picked":"Shrug It Off","floor":2.0},{"not_picked":["Cleave","Thunderclap"],"picked":"Pommel Strike","floor":3.0},{"not_picked":["Pommel Strike","Anger","Shrug It Off"],"picked":"SKIP","floor":4.0},{"not_picked":["Uppercut","Feel No Pain"],"picked":"True Grit","floor":5.0},{"not_picked":["Demon Form","Thunderclap"],"picked":"Evolve","floor":7.0},{"not_picked":["Limit Break","Anger"],"picked":"Power Through","floor":13.0},{"not_picked":["Double Tap","Limit Break"],"picked":"Exhume","floor":16.0},{"not_picked":["Iron Wave","Seeing Red","Clothesline"],"picked":"SKIP","floor":18.0},{"not_picked":["Warcry","Headbutt","Armaments"],"picked":"SKIP","floor":19.0},{"not_picked":["Ghostly Armor","Pummel"],"picked":"Feed","floor":20.0},{"not_picked":["Power Through","Cleave","Shrug It Off"],"picked":"SKIP","floor":21.0},{"not_picked":["Iron Wave","Sword Boomerang"],"picked":"Ghostly Armor+1","floor":24.0},{"not_picked":["Thunderclap","Clothesline","Exhume"],"picked":"SKIP","floor":31.0},{"not_picked":["Double Tap","Bludgeon"],"picked":"Immolate","floor":33.0},{"not_picked":["Anger","Cleave","Shrug It Off"],"picked":"SKIP","floor":35.0},{"not_picked":["Wild Strike+1","Armaments"],"picked":"Sever Soul+1","floor":37.0},{"not_picked":["Ghostly Armor","Shrug It Off","Entrench"],"picked":"SKIP","floor":38},{"not_picked":["Sword Boomerang","Armaments+1","Disarm"],"picked":"SKIP","floor":39}],"player_experience":598508,"relics_obtained":[{"floor":9.0,"key":"Dead Branch"},{"floor":13.0,"key":"Juzu Bracelet"},{"floor":24.0,"key":"Bottled Lightning"},{"floor":26.0,"key":"Bottled Tornado"},{"floor":31.0,"key":"CeramicFish"}],"event_choices":[{"damage_healed":0.0,"max_hp_gain":0.0,"max_hp_loss":0.0,"gold_gain":0.0,"event_name":"Upgrade Shrine","player_choice":"Upgraded","floor":11.0,"gold_loss":0.0,"damage_taken":0.0,"cards_upgraded":["Pommel Strike"]},{"cards_removed":["Strike_R"],"damage_healed":0.0,"max_hp_gain":0.0,"max_hp_loss":0.0,"gold_gain":0.0,"event_name":"Bonfire Elementals","player_choice":"Offered Basic","floor":14.0,"gold_loss":0.0,"damage_taken":0.0},{"damage_healed":0.0,"max_hp_gain":5.0,"max_hp_loss":0.0,"gold_gain":0.0,"event_name":"Forgotten Altar","player_choice":"Shed Blood","floor":27.0,"gold_loss":0.0,"damage_taken":25.0},{"damage_healed":0.0,"max_hp_gain":0.0,"max_hp_loss":0.0,"gold_gain":0.0,"event_name":"Addict","player_choice":"Obtained Relic","floor":28.0,"gold_loss":85.0,"damage_taken":0.0,"relics_obtained":["Mango"]},{"cards_removed":["Strike_R"],"damage_healed":0.0,"max_hp_gain":0.0,"max_hp_loss":0.0,"gold_gain":0.0,"event_name":"Falling","player_choice":"Removed Attack","floor":36.0,"gold_loss":0.0,"damage_taken":0.0}],"is_beta":false,"boss_relics":[{"not_picked":["Philosopher\u0027s Stone","Snecko Eye"],"picked":"Fusion Hammer"},{"not_picked":["SacredBark","Runic Pyramid"],"picked":"Black Blood"}],"items_purged_floors":[22,25],"is_endless":false,"potions_floor_spawned":[1,3,4,19,20,24,29,35,37],"killed_by":"Nemesis","ascension_level":15}}