{"host":"vl29iwkwnyytuw8q","time":1611100411,"event":{"mods":["BaseMod","Minty Spire (QoL Compilation)","Permanent Neow","Relic Stats","StSLib"],"gold_per_floor":[99,99,99,99,99,99,99,99,99,99,99,99,99,99,99,99,99,99,99,99,23,23,23,23,23,23,23,23],"floor_reached":27,"language":"ENG","playtime":620,"items_purged":[],"score":431,"play_id":"8fa3e656-3ed1-4253-95ef-11bff296e51a","local_time":"20210120005331","is_ascension_mode":true,"campfire_choices":[{"data":"Inflame","floor":6.0,"key":"SMITH"},{"floor":12.0,"key":"REST"},{"data":"Demon Form","floor":15.0,"key":"SMITH"},{"floor":23.0,"key":"REST"}],"circlet_count":0,"master_deck":["AscendersBane","Strike_R","Strike_R","Strike_R","Defend_R","Defend_R","Defend_R","Defend_R","Bash+1","Pommel Strike","Shrug It Off","True Grit","Inflame+1","Demon Form+1","Flame Barrier","Cleave","Anger","Limit Break","Blood for Blood","Clothesline","Spot Weakness","Uppercut"],"relics":["Ectoplasm","Ancient Tea Set","Potion Belt","Tiny House","Darkstone Periapt","Singing Bowl"],"acts_visited":["Exordium","TheCity"],"potions_floor_usage":[27,27],"damage_taken":[{"damage":0.0,"enemies":"2 Louse","floor":1.0,"turns":2.0},{"damage":7.0,"enemies":"Jaw Worm","floor":2.0,"turns":3.0},{"damage":1.0,"enemies":"Cultist","floor":3.0,"turns":3.0},{"damage":0.0,"enemies":"Blue Slaver","floor":5.0,"turns":5.0},{"damage":30.0,"enemies":"Gremlin Nob","floor":8.0,"turns":5.0},{"damage":2.0,"enemies":"Red Slaver","floor":13.0,"turns":4.0},{"damage":3.0,"enemies":"Lots of Slimes","floor":14.0,"turns":3.0},{"damage":12.0,"enemies":"The Guardian","floor":16.0,"turns":9.0},{"damage":8.0,"enemies":"Chosen","floor":18.0,"turns":4.0},{"damage":7.0,"enemies":"3 Byrds","floor":19.0,"turns":3.0},{"damage":23.0,"enemies":"3 Cultists","floor":20.0,"turns":5.0},{"damage":9.0,"enemies":"Gremlin Leader","floor":25.0,"turns":5.0},{"damage":64,"enemies":"Slavers","floor":27,"turns":3}],"seed_played":"-2962833007895966711","potions_obtained":[{"floor":8.0,"key":"Fire Potion"},{"floor":13.0,"key":"CultistPotion"},{"floor":14.0,"key":"LiquidBronze"},{"floor":17.0,"key":"EssenceOfSteel"},{"floor":25.0,"key":"BloodPotion"}],"is_trial":false,"path_per_floor":["M","M","M","?","M","R","?","E","T","$","?","R","M","M","R","B",null,"M","M","M","$","?","R","?","E","T","E"],"character_chosen":"IRONCLAD","items_purchased":["Spot Weakness"],"campfire_rested":2,"item_purchase_floors":[21],"current_hp_per_floor":[68,61,60,53,53,53,58,28,28,28,28,52,50,47,47,35,74,66,59,36,36,36,61,55,46,46,0,0],"gold":23,"neow_bonus":"BOSS_RELIC","is_daily":false,"chose_seed":false,"campfire_upgraded":2,"win_rate":0.0,"timestamp":1611100411,"path_taken":["M","M","M","?","M","R","?","E","T","$","?","R","M","M","R","BOSS","M","M","M","$","?","R","?","E","T","E"],"items_purchased_type":["Card"],"build_version":"2020-12-22","purchased_purges":0,"victory":false,"max_hp_per_floor":[75,75,75,75,75,75,80,80,80,80,80,80,80,80,80,80,85,85,85,85,85,85,85,85,85,85,85,85],"relic_stats":{"Darkstone Periapt":0,"Singing Bowl":0,"counters":[13,54],"Ectoplasm":409,"obtain_stats":[{"Potion Belt":9,"Darkstone Periapt":25,"Tiny House":17,"Singing Bowl":26,"Ectoplasm":0,"Ancient Tea Set":8,"Burning Blood":0},{"Potion Belt":5,"Darkstone Periapt":12,"Tiny House":8,"Singing Bowl":12,"Ectoplasm":0,"Ancient Tea Set":5,"Burning Blood":0},{"Potion Belt":18,"Darkstone Periapt":51,"Tiny House":34,"Singing Bowl":51,"Ectoplasm":0,"Ancient Tea Set":18,"Burning Blood":0}]},"card_choices":[{"not_picked":["Perfected Strike","Anger"],"picked":"Pommel Strike","floor":1.0},{"not_picked":["Armaments","Flex"],"picked":"Shrug It Off","floor":2.0},{"not_picked":["Wild Strike","Ghostly Armor"],"picked":"True Grit","floor":3.0},{"not_picked":["Sentinel","Heavy Blade"],"picked":"Inflame","floor":5.0},{"not_picked":["Cleave","True Grit"],"picked":"Demon Form","floor":8.0},{"not_picked":["Clothesline","Carnage"],"picked":"Cleave","floor":13.0},{"not_picked":["Shrug It Off","Armaments"],"picked":"Anger","floor":14.0},{"not_picked":["Double Tap","Berserk"],"picked":"Limit Break","floor":16.0},{"not_picked":["Wild Strike","Perfected Strike","Rampage"],"picked":"SKIP","floor":18.0},{"not_picked":["Wild Strike","True Grit"],"picked":"Blood for Blood","floor":19.0},{"not_picked":["Inflame","Infernal Blade"],"picked":"Clothesline","floor":20.0},{"not_picked":["Intimidate","Pommel Strike"],"picked":"Uppercut","floor":25.0}],"player_experience":633764,"relics_obtained":[{"floor":8.0,"key":"Ancient Tea Set"},{"floor":9.0,"key":"Potion Belt"},{"floor":25.0,"key":"Darkstone Periapt"},{"floor":26.0,"key":"Singing Bowl"}],"event_choices":[{"cards_removed":["Strike_R"],"damage_healed":0.0,"max_hp_gain":0.0,"max_hp_loss":0.0,"gold_gain":0.0,"event_name":"Golden Wing","player_choice":"Card Removal","floor":4.0,"gold_loss":0.0,"damage_taken":7.0},{"damage_healed":0.0,"max_hp_gain":5.0,"max_hp_loss":0.0,"gold_gain":0.0,"event_name":"Big Fish","player_choice":"Donut","floor":7.0,"gold_loss":0.0,"damage_taken":0.0},{"damage_healed":0.0,"max_hp_gain":0.0,"max_hp_loss":0.0,"gold_gain":0.0,"cards_transformed":["Strike_R"],"event_name":"Transmorgrifier","player_choice":"Transformed","floor":11.0,"gold_loss":0.0,"damage_taken":0.0,"cards_obtained":["Flame Barrier"]},{"damage_healed":0.0,"max_hp_gain":0.0,"max_hp_loss":0.0,"gold_gain":0.0,"event_name":"Knowing Skull","player_choice":"","floor":24.0,"potions_obtained":[],"gold_loss":0.0,"damage_taken":6.0,"cards_obtained":[]}],"is_beta":false,"boss_relics":[{"not_picked":["Sozu","Fusion Hammer"],"picked":"Tiny House"}],"items_purged_floors":[],"is_endless":false,"potions_floor_spawned":[8,13,14,25],"killed_by":"Slavers","ascension_level":17}}