{"host":"evor8co6wap25kfw","time":1611033973,"event":{"mods":["100% Spire Juice","ATMod(°¢èªMod)","Act Like it!","BaseMod","Conspire","Dota2Spire","KinomotoSakuraMod(Ä¾Ö®±¾Ó£)","Koishi","KomeijiMod","Minty Spire (QoL Compilation)","MostiFishMod","Reimu£¨²©ÀöÁéÃÎ£©","Replay The Spire","SOS£¨Ë¹°Í´ïÖ®×Ó£©","StSLib","The Saiyan","The Servant 0.9.4","vexMod","¡¾ÒÅÎï¿¨ÅÆ¡¿REMEMod"],"gold_per_floor":[114,114,114,132,32,60,70,70,70,70,88,99,99,125,125,225,105,116,129,129,129],"floor_reached":20,"language":"ZHS","playtime":901,"items_purged":[],"score":186,"play_id":"6e204e66-8ca2-4877-8589-589c5c4a9376","local_time":"20210119132613","is_ascension_mode":false,"campfire_choices":[{"data":"Moonworks:x16BigRocket","floor":10,"key":"SMITH"},{"data":"Moonworks:EvilMastermind","floor":15,"key":"SMITH"}],"circlet_count":0,"master_deck":["Moonworks:Strike","Moonworks:Strike","Moonworks:Strike","Moonworks:Strike","Moonworks:Defend","Moonworks:Defend","Moonworks:Defend","Moonworks:Defend","Moonworks:Ambush","Moonworks:LongDistanceShot+1","AT_EssenceShift","Purity","Moonworks:EvilSpyWorkPreparation","Moonworks:CloudOfSeagulls","Moonworks:x16BigRocket+1","Moonworks:StiffCrystal","Moonworks:JonathanRush","Moonworks:SealedMemories","Moonworks:BackdoorTrade","Moonworks:EvilMastermind+1","Moonworks:LeapThroughSpace","Moonworks:CloudOfSeagulls+1","Moonworks:BigMagnum"],"relics":["Moonworks:BrokenBomb","Moonworks:Homemark","AT_ATBox","REME_ComplimentaryCards","DaveBox","RhineFirstAidKit","NeowsBlessing","SynthV:TestCard","ReplayTheSpireMod:TigerMarble","Oddly Smooth Stone","vexMod:InvisibilityCloak","GuanYuAspect"],"acts_visited":["Exordium","TheCity"],"potions_floor_usage":[16,16,16,20],"damage_taken":[{"damage":0,"enemies":"Small Slimes","floor":1,"turns":1},{"damage":0,"enemies":"Cultist","floor":4,"turns":1},{"damage":0,"enemies":"2 Louse","floor":5,"turns":1},{"damage":30,"enemies":"3 Sentries","floor":6,"turns":6},{"damage":14,"enemies":"Looter","floor":7,"turns":3},{"damage":14,"enemies":"Blue Slaver","floor":11,"turns":4},{"damage":6,"enemies":"Lots of Slimes","floor":12,"turns":2},{"damage":22,"enemies":"Lagavulin","floor":14,"turns":6},{"damage":32,"enemies":"Hexaghost","floor":16,"turns":8},{"damage":5,"enemies":"conspire:FuzzyDice","floor":18,"turns":8},{"damage":23,"enemies":"Shell Parasite","floor":19,"turns":6},{"damage":32,"enemies":"Sentry and Sphere","floor":20,"turns":5}],"seed_played":"733474404361784832","potions_obtained":[{"floor":1,"key":"Block Potion"},{"floor":4,"key":"ColorlessPotion"},{"floor":5,"key":"Block Potion"},{"floor":13,"key":"PowerPotion"},{"floor":16,"key":"Dota2Spire:HealingSalve"}],"is_trial":false,"path_per_floor":["M","?","?","M","M","E","M","?","T","R","M","M","?","E","R","B",null,"M","M","M"],"character_chosen":"THE_STARBREAKER","items_purchased":[],"campfire_rested":0,"item_purchase_floors":[],"current_hp_per_floor":[60,60,60,60,60,60,46,51,51,51,37,31,31,65,65,33,33,33,19,0,0],"gold":129,"neow_bonus":"THREE_ENEMY_KILL","is_daily":false,"chose_seed":false,"campfire_upgraded":2,"win_rate":0.0,"timestamp":1611033973,"path_taken":["M","?","?","?","M","E","M","?","T","R","M","M","?","E","R","BOSS","M","M","?"],"items_purchased_type":[],"build_version":"2020-12-22","purchased_purges":0,"victory":false,"max_hp_per_floor":[60,60,60,60,60,60,60,65,65,65,65,65,65,65,65,65,33,33,33,33,33],"card_choices":[{"not_picked":["Moonworks:Dinner","Moonworks:NicePresent"],"picked":"Moonworks:EvilSpyWorkPreparation","floor":1},{"not_picked":["Moonworks:IndiscriminateFireSupport","Moonworks:TacticalRetreat","Moonworks:IntelligenceOfficer","Moonworks:NicePresent"],"picked":"Moonworks:CloudOfSeagulls","floor":4},{"not_picked":["Moonworks:Assault","Moonworks:BigBangBell","Moonworks:ScrambledEve","Moonworks:LulusLuckyEgg"],"picked":"Moonworks:x16BigRocket","floor":5},{"not_picked":["Moonworks:ExtendedPhotonRifle","Moonworks:CloudOfSeagulls","Moonworks:BindingChains","Moonworks:Assault"],"picked":"Moonworks:StiffCrystal","floor":6},{"not_picked":["Moonworks:ScrambledEve","Moonworks:MiracleWalker","Moonworks:DeployBits","Moonworks:BigMagnum"],"picked":"Moonworks:JonathanRush","floor":7},{"not_picked":["Moonworks:SelfDestruct","Moonworks:AwakeningOfTalent","Moonworks:DeployBits","Moonworks:Poppoformation"],"picked":"Moonworks:SealedMemories","floor":11},{"not_picked":["Moonworks:Assault","Moonworks:NicePresent","Moonworks:DeployBits","Moonworks:Flamethrower"],"picked":"Moonworks:BackdoorTrade","floor":12},{"not_picked":["Moonworks:CookingTime","Moonworks:DeployBits","Moonworks:FullSpeedAlicianrone","Moonworks:NicePresent"],"picked":"Moonworks:EvilMastermind","floor":14},{"not_picked":["Moonworks:Blazing","Moonworks:ReflectiveShell","Moonworks:Gamble","Moonworks:EvilMastermind"],"picked":"Moonworks:LeapThroughSpace","floor":16},{"not_picked":["Moonworks:Assault","Moonworks:ImOnFire+1","Moonworks:NicePresent","Moonworks:DeployBits"],"picked":"Moonworks:CloudOfSeagulls+1","floor":18},{"not_picked":["Moonworks:IntelligenceOfficer+1","Moonworks:TreasureThief","Moonworks:x16BigRocket+1","Moonworks:UnluckyCharm"],"picked":"Moonworks:BigMagnum","floor":19}],"player_experience":218915,"relics_obtained":[{"floor":1,"key":"SynthV:TestCard"},{"floor":6,"key":"ReplayTheSpireMod:TigerMarble"},{"floor":9,"key":"Oddly Smooth Stone"},{"floor":14,"key":"vexMod:InvisibilityCloak"}],"event_choices":[{"damage_healed":0,"gold_gain":0,"player_choice":"Leave","damage_taken":0,"max_hp_gain":0,"max_hp_loss":0,"event_name":"FaceTrader","floor":3,"gold_loss":0},{"damage_healed":0,"gold_gain":0,"player_choice":"Donut","damage_taken":0,"max_hp_gain":5,"max_hp_loss":0,"event_name":"Big Fish","floor":8,"gold_loss":0},{"damage_healed":0,"gold_gain":0,"player_choice":"Got Potions","damage_taken":0,"max_hp_gain":0,"max_hp_loss":0,"event_name":"Lab","floor":13,"gold_loss":0}],"is_beta":false,"boss_relics":[{"not_picked":["vexMod:EndlessSickness","vexMod:ImprovementManual"],"picked":"GuanYuAspect"}],"items_purged_floors":[],"is_endless":false,"potions_floor_spawned":[1,4,5,16],"killed_by":"Sentry and Sphere","ascension_level":0}}