{"host":"cw25u8qal1h0d7ia","time":1611077826,"event":{"mods":["BaseMod","Downfall","Minty Spire (QoL Compilation)","StSLib"],"gold_per_floor":[99,115,115,130,130,130,130,142,142,127,140,171,171,171,171,171],"floor_reached":14,"language":"ENG","playtime":791,"items_purged":[],"score":101,"play_id":"500ef169-b1c0-4d99-a95c-f7f3a2857e8a","local_time":"20210119183706","is_ascension_mode":true,"campfire_choices":[{"data":"Guardian:CurlUp","floor":1,"key":"SMITH"},{"floor":9,"key":"REST"}],"circlet_count":0,"master_deck":["Guardian:Strike_Guardian","Guardian:Strike_Guardian","Guardian:Strike_Guardian","Guardian:Defend_Guardian","Guardian:Defend_Guardian","Guardian:Defend_Guardian","Guardian:Defend_Guardian","Guardian:CurlUp+1","Guardian:TwinSlam","Purity","Guardian:BaubleBeam","Guardian:Gem_White","Guardian:Gem_Orange","Guardian:Gem_Crimson","Guardian:Gem_Blue"],"relics":["Guardian:ModeShifter","Kunai","Letter Opener","Centennial Puzzle","Guardian:PickAxe"],"acts_visited":["Exordium"],"potions_floor_usage":[11,13],"damage_taken":[{"damage":9,"enemies":"2 Louse","floor":2,"turns":2},{"damage":4,"enemies":"Jaw Worm","floor":4,"turns":5},{"damage":3,"enemies":"Small Slimes","floor":8,"turns":4},{"damage":0,"enemies":"downfall:FleeingMerchant","floor":10,"turns":4},{"damage":1,"enemies":"Blue Slaver","floor":11,"turns":4},{"damage":25,"enemies":"3 Sentries","floor":12,"turns":11},{"damage":10,"enemies":"3 Sentries","floor":13,"turns":3},{"damage":22,"enemies":"Lagavulin","floor":14,"turns":4}],"seed_played":"-5779466460822271515","potions_obtained":[{"floor":2,"key":"Block Potion"},{"floor":8,"key":"Ancient Potion"},{"floor":12,"key":"Strength Potion"}],"is_trial":false,"path_per_floor":["R","M","?","M","?","?","T","M","R","$","M","E","?","E"],"character_chosen":"GUARDIAN","items_purchased":[],"campfire_rested":1,"item_purchase_floors":[],"current_hp_per_floor":[80,71,38,34,34,34,34,31,55,55,54,29,19,0,0,0],"gold":171,"neow_bonus":"RANDOM_COLORLESS","is_daily":false,"chose_seed":false,"campfire_upgraded":1,"win_rate":0.0,"timestamp":1611077826,"path_taken":["R","M","?","M","?","?","T","?","R","$","M","E","?","E"],"items_purchased_type":[],"build_version":"2020-12-22","purchased_purges":0,"victory":false,"max_hp_per_floor":[80,80,80,80,80,80,80,80,80,80,80,80,80,80,80,80],"card_choices":[{"not_picked":["Trip","Dark Shackles"],"picked":"Purity","floor":0},{"not_picked":["Guardian:Gem_Green","Guardian:VentSteam","Guardian:ChargeCore"],"picked":"SKIP","floor":2},{"not_picked":["Guardian:Recover","Guardian:Emergency","Guardian:BronzeArmor"],"picked":"SKIP","floor":4},{"not_picked":["Guardian:Gem_Cyan","Guardian:Emergency","Guardian:TemporalShield"],"picked":"SKIP","floor":8},{"not_picked":["Guardian:CrystalBeam","Guardian:RollAttack"],"picked":"Guardian:BaubleBeam","floor":10},{"not_picked":["Guardian:TemporalShield","Guardian:RollAttack"],"picked":"Guardian:Gem_White","floor":11},{"not_picked":["Guardian:Recover","Guardian:Gem_Green","Guardian:Gem_Cyan"],"picked":"SKIP","floor":12}],"player_experience":618046,"relics_obtained":[{"floor":7,"key":"Letter Opener"},{"floor":12,"key":"Centennial Puzzle"}],"event_choices":[{"damage_healed":0,"gold_gain":0,"player_choice":"Success","damage_taken":33,"relics_obtained":["Kunai"],"max_hp_gain":0,"max_hp_loss":0,"event_name":"Scrap Ooze","floor":3,"gold_loss":0}],"is_beta":false,"boss_relics":[],"items_purged_floors":[],"is_endless":false,"potions_floor_spawned":[2,8,12],"killed_by":"Lagavulin","ascension_level":3}}