{"host":"kk2i87xhq8q4h0un","time":1611029544,"event":{"mods":["BaseMod","Downfall","Minty Spire (QoL Compilation)","Shop Mod","StSLib"],"gold_per_floor":[99,115,115,163,72,72,72,57,57,207,224,324,324,335,355,450,450,350,366,378,391,126,226,226,237,237,237,250,282,307,607,607,607,607],"floor_reached":32,"language":"ENG","playtime":4356,"items_purged":[],"score":248,"play_id":"359d9260-4cbd-4e88-b78d-883d40b243ac","local_time":"20210118201224","is_ascension_mode":false,"campfire_choices":[{"floor":1.0,"key":"RECALL"},{"data":"Guardian:StasisStrike","floor":6.0,"key":"SMITH"},{"data":"Guardian:ShieldCharger","floor":9.0,"key":"SMITH"},{"data":"Guardian:TimeSifter","floor":18.0,"key":"SMITH"},{"floor":27,"key":"REST"}],"circlet_count":0,"master_deck":["Guardian:Strike_Guardian","Guardian:Strike_Guardian","Guardian:Strike_Guardian","Guardian:Defend_Guardian","Guardian:Defend_Guardian","Guardian:Defend_Guardian","Guardian:Defend_Guardian","Guardian:CurlUp","Guardian:TwinSlam","Guardian:BronzeOrb","Guardian:StasisStrike+1","Guardian:Reroute","Guardian:PrimingBeam","Guardian:ShieldCharger+1","Guardian:ChargeCore","Guardian:ShieldCharger","Guardian:TimeSifter+1","Guardian:StasisStrike","Guardian:Incinerate+1","Flash of Steel","Clumsy","downfall:Bewildered","Guardian:Emergency+1","Guardian:Gem_Crimson","Guardian:Gem_Red","Guardian:Gem_Lightblue","Guardian:Gem_Blue","Guardian:Gem_Green","Guardian:PrimingBeam","Regret","Injury"],"relics":["Guardian:ModeShifter","Omamori","Blue Candle","Cursed Key","downfall:HeartBlessingRed","Pen Nib","Nunchaku","sneckomod:BabySnecko","Guardian:SackOfGems","Old Coin"],"acts_visited":["Exordium","TheCity"],"potions_floor_usage":[29,32],"damage_taken":[{"damage":4.0,"enemies":"Cultist","floor":2.0,"turns":5.0},{"damage":5.0,"enemies":"downfall:FleeingMerchant","floor":5.0,"turns":4.0},{"damage":10.0,"enemies":"downfall:FleeingMerchant","floor":8.0,"turns":4.0},{"damage":0.0,"enemies":"2 Louse","floor":11.0,"turns":2.0},{"damage":1.0,"enemies":"Jaw Worm","floor":14.0,"turns":2.0},{"damage":0.0,"enemies":"Exordium Wildlife","floor":15.0,"turns":3.0},{"damage":39.0,"enemies":"DF_ARCHETYPE_STREAMLINE","floor":16.0,"turns":12.0},{"damage":5.0,"enemies":"Spheric Guardian","floor":19.0,"turns":4.0},{"damage":13.0,"enemies":"Cultist and Chosen","floor":20.0,"turns":7.0},{"damage":16.0,"enemies":"Shelled Parasite and Fungi","floor":21.0,"turns":6.0},{"damage":10.0,"enemies":"downfall:FleeingMerchant","floor":22.0,"turns":4.0},{"damage":21.0,"enemies":"Snake Plant","floor":25.0,"turns":5.0},{"damage":8,"enemies":"3 Cultists","floor":28,"turns":6},{"damage":31,"enemies":"Gremlin Leader","floor":29,"turns":5},{"damage":16,"enemies":"Centurion and Healer","floor":32,"turns":4}],"seed_played":"8612483562227928188","potions_obtained":[{"floor":11.0,"key":"DuplicationPotion"},{"floor":15.0,"key":"sneckomod:MuddlingPotion"},{"floor":19.0,"key":"SpeedPotion"},{"floor":25.0,"key":"SkillPotion"},{"floor":29,"key":"Explosive Potion"}],"is_trial":false,"path_per_floor":["R","M","?","T","$","R","T","$","R","?","M","?","?","M","M","B",null,"R","M","M","M","$","?","T","M","?","R","M","E","T","T","M"],"character_chosen":"GUARDIAN","items_purchased":["Guardian:Reroute","Guardian:PrimingBeam","Flash of Steel","Pen Nib"],"campfire_rested":1,"item_purchase_floors":[5,5,22,22],"current_hp_per_floor":[88,84,84,84,79,79,79,69,78,78,78,78,78,77,77,38,88,88,83,70,54,44,44,44,23,23,49,41,10,10,10,0,0,0],"gold":607,"neow_bonus":"TEN_PERCENT_HP_BONUS","is_daily":false,"chose_seed":false,"campfire_upgraded":3,"win_rate":0.0,"timestamp":1611029544,"path_taken":["R","?","?","?","?","R","T","$","R","?","?","?","?","M","M","BOSS","R","M","M","M","$","?","T","?","?","R","M","E","?","?","M"],"items_purchased_type":["Card","Card","Card","Relic"],"build_version":"2020-12-22","purchased_purges":0,"victory":false,"max_hp_per_floor":[88,88,88,88,88,88,88,88,88,88,88,88,88,88,88,88,88,88,88,88,88,88,88,88,88,88,88,88,88,88,88,88,88,88],"card_choices":[{"not_picked":["Guardian:Planning","Guardian:PolyBeam"],"picked":"Guardian:BronzeOrb","floor":2.0},{"not_picked":["Guardian:Gem_Red","Guardian:Planning"],"picked":"Guardian:StasisStrike","floor":5.0},{"not_picked":["Guardian:SpikerProtocol","Guardian:EvasiveProtocol"],"picked":"Guardian:ShieldCharger","floor":8.0},{"not_picked":["Guardian:PrimingBeam","Guardian:VentSteam"],"picked":"Guardian:ChargeCore","floor":11.0},{"not_picked":["Guardian:Gem_Fragmented","Guardian:Gem_Lightblue"],"picked":"Guardian:ShieldCharger","floor":14.0},{"not_picked":["Guardian:Clone","Guardian:Recover"],"picked":"Guardian:TimeSifter","floor":15.0},{"not_picked":["Guardian:BaubleBeam","Guardian:RevengeProtocol"],"picked":"Guardian:StasisStrike","floor":16.0},{"not_picked":["Guardian:CrystalBeam","Guardian:Gem_Lightblue"],"picked":"Guardian:Gem_Red","floor":19.0},{"not_picked":["Guardian:Recover","Guardian:BodySlam","Guardian:WalkerClaw"],"picked":"SKIP","floor":20.0},{"not_picked":["Guardian:RefractedBeam","Guardian:TemporalStrike"],"picked":"Guardian:Incinerate+1","floor":21.0},{"not_picked":["Guardian:SentryBeam","Guardian:WalkerClaw+1","Guardian:MultiBeam+1"],"picked":"SKIP","floor":22.0},{"not_picked":["Guardian:Gem_Cyan","Guardian:CrystalBeam"],"picked":"Guardian:Gem_Green","floor":25.0},{"not_picked":["Guardian:Suspension+1","Guardian:BronzeArmor"],"picked":"Guardian:Emergency+1","floor":28},{"not_picked":["Guardian:MultiBeam","Guardian:GuardianWhirl"],"picked":"Guardian:PrimingBeam","floor":29}],"player_experience":1018549,"relics_obtained":[{"floor":4.0,"key":"Omamori"},{"floor":7.0,"key":"Eternal Feather"},{"floor":24.0,"key":"Nunchaku"},{"floor":29,"key":"Guardian:SackOfGems"},{"floor":31,"key":"Old Coin"}],"event_choices":[],"is_beta":false,"boss_relics":[{"not_picked":["Busted Crown","Pandora\u0027s Box"],"picked":"Cursed Key"}],"items_purged_floors":[],"is_endless":false,"potions_floor_spawned":[11,15,19,25,28,29],"killed_by":"Centurion and Healer","ascension_level":0}}