{"host":"9czo1ewqehy3yunx","time":1611067098,"event":{"mods":["Act Like it!","BaseMod","CapriCore","DeckTracker","GifTheSpireLib","Hermit","Keyboard Shortcuts","Minty Spire (QoL Compilation)","Permanent Neow","Quick Restart","StSLib","SuperFastMode"],"gold_per_floor":[113,113,113,113,131,131,150,150,177,147,168,168,189,208,208,208,208],"floor_reached":16,"language":"KOR","playtime":695,"items_purged":[],"score":92,"play_id":"fb90585a-df3f-4d11-bf49-a8f8aeb9d9d0","local_time":"20210119233818","is_ascension_mode":false,"campfire_choices":[{"data":"hermit:ShadowCloak","floor":6,"key":"SMITH"},{"floor":15,"key":"REST"}],"circlet_count":0,"master_deck":["hermit:Strike_Hermit","hermit:Strike_Hermit","hermit:Strike_Hermit","hermit:Defend_Hermit+1","hermit:Defend_Hermit","hermit:Defend_Hermit","hermit:Snapshot+1","hermit:Covet","Shame","hermit:Misfire","hermit:Adapt","hermit:ShadowCloak+1","hermit:GhostlyPresence","hermit:TakeAim","Injury","hermit:Spite","hermit:Manifest","Parasite","hermit:Grudge","hermit:Misfire"],"relics":["hermit:Momento","Golden Idol","hermit:RyeStalk"],"acts_visited":["Exordium"],"potions_floor_usage":[16,16,16],"damage_taken":[{"damage":6,"enemies":"2 Louse","floor":1,"turns":2},{"damage":6,"enemies":"Jaw Worm","floor":5,"turns":2},{"damage":3,"enemies":"Cultist","floor":7,"turns":4},{"damage":10,"enemies":"Looter","floor":10,"turns":4},{"damage":6,"enemies":"2 Fungi Beasts","floor":11,"turns":3},{"damage":21,"enemies":"Exordium Thugs","floor":13,"turns":4},{"damage":28,"enemies":"3 Louse","floor":14,"turns":5},{"damage":35,"enemies":"Slime Boss","floor":16,"turns":10}],"seed_played":"-3530150406329086612","potions_obtained":[{"floor":7,"key":"SkillPotion"},{"floor":11,"key":"hermit:Tonic"},{"floor":14,"key":"LiquidBronze"}],"is_trial":false,"path_per_floor":["M","?","?","?","M","R","M","?","T","M","M","?","M","M","R","B"],"character_chosen":"HERMIT","items_purchased":[],"campfire_rested":1,"item_purchase_floors":[],"current_hp_per_floor":[69,54,59,59,53,53,50,50,50,40,34,54,33,5,29,0,0],"gold":208,"neow_bonus":"TRANSFORM_TWO_CARDS","is_daily":false,"chose_seed":false,"campfire_upgraded":1,"win_rate":0.0,"timestamp":1611067098,"path_taken":["M","?","?","?","?","R","M","?","T","M","M","?","M","M","R","BOSS"],"items_purchased_type":[],"build_version":"2020-12-22","purchased_purges":0,"victory":false,"max_hp_per_floor":[75,75,80,80,80,80,80,80,80,80,80,80,80,80,80,80,80],"card_choices":[{"not_picked":["hermit:Snipe","hermit:Quickdraw"],"picked":"hermit:ShadowCloak","floor":1},{"not_picked":["hermit:Coalescence","hermit:Dive"],"picked":"hermit:GhostlyPresence","floor":5},{"not_picked":["hermit:BodyArmor","hermit:Feint"],"picked":"hermit:TakeAim","floor":7},{"not_picked":["hermit:Misfire","hermit:Desperado"],"picked":"hermit:Spite","floor":10},{"not_picked":["hermit:GoldenBullet","hermit:FlashPowder"],"picked":"hermit:Manifest","floor":11},{"not_picked":["hermit:DeadMansHand","hermit:SprayPray","hermit:Grudge"],"picked":"SKIP","floor":13},{"not_picked":["hermit:DeadMansHand","hermit:SprayPray"],"picked":"hermit:Grudge","floor":13},{"not_picked":["hermit:LoneWolf","hermit:Headshot"],"picked":"hermit:Misfire","floor":14}],"player_experience":191605,"relics_obtained":[{"floor":9,"key":"hermit:RyeStalk"}],"event_choices":[{"damage_healed":0,"gold_gain":0,"player_choice":"Entered Light","damage_taken":15,"max_hp_gain":0,"max_hp_loss":0,"event_name":"Shining Light","floor":2,"gold_loss":0,"cards_upgraded":["hermit:Snapshot","hermit:Defend_Hermit"]},{"damage_healed":0,"gold_gain":0,"player_choice":"Donut","damage_taken":0,"max_hp_gain":5,"max_hp_loss":0,"event_name":"Big Fish","floor":3,"gold_loss":0},{"damage_healed":0,"gold_gain":0,"player_choice":"Bought 0 Potions","damage_taken":0,"max_hp_gain":0,"max_hp_loss":0,"event_name":"The Woman in Blue","floor":4,"gold_loss":0},{"damage_healed":0,"gold_gain":0,"player_choice":"Take Wound","damage_taken":0,"relics_obtained":["Golden Idol"],"max_hp_gain":0,"max_hp_loss":0,"event_name":"Golden Idol","floor":8,"gold_loss":0,"cards_obtained":["Injury"]},{"damage_healed":20,"gold_gain":0,"player_choice":"Healed and dodged fight","damage_taken":0,"max_hp_gain":0,"max_hp_loss":0,"event_name":"Mushrooms","floor":12,"gold_loss":0,"cards_obtained":["Parasite"]}],"is_beta":false,"boss_relics":[],"items_purged_floors":[],"is_endless":false,"potions_floor_spawned":[7,11,14],"killed_by":"Slime Boss","ascension_level":0}}