{"host":"4c2tzfuftmpv1i3j","time":1611062819,"event":{"mods":["BaseMod","Minty Spire (QoL Compilation)","Replay The Spire","StSLib"],"gold_per_floor":[115,130,205,225,148,148,167,233,287,287,299,299,325,340,340,437,437,453,470,470,410,171,171,171,171,171,186,186,199,199,199,199],"floor_reached":31,"language":"ZHS","playtime":2832,"items_purged":["Strike_R"],"score":260,"play_id":"9899e980-3607-4b5e-a645-f6931964483c","local_time":"20210119212659","is_ascension_mode":false,"campfire_choices":[{"floor":6,"key":"REST"},{"data":"Armaments","floor":10,"key":"SMITH"},{"data":"Pommel Strike","floor":12,"key":"SMITH"},{"floor":15,"key":"DIG"},{"data":"Brutality","floor":23,"key":"SMITH"},{"floor":28,"key":"REST"},{"floor":30,"key":"REST"}],"circlet_count":0,"master_deck":["Strike_R+1","Strike_R+1","Strike_R+1","Strike_R+1","Defend_R+1","Defend_R+1","Defend_R+1","Defend_R+1","Bash","Strike_G+1","m_Survivalism","Warcry","Anger","Feel No Pain","Flex","Armaments+1","Pommel Strike+1","Shrug It Off","Heavy Blade","Flex","Double Tap","Shockwave","Brutality+1","Ghostly Armor","Perfected Strike","Sadistic Nature","Run Through+1","Flame Barrier"],"relics":["Burning Blood","ReplayTheSpireMod:Spearhead","Potion Belt","Pocketwatch","Bag of Marbles","Runic Pyramid","Bottled Lightning"],"acts_visited":["Exordium","TheCity"],"potions_floor_usage":[16],"damage_taken":[{"damage":10,"enemies":"Jaw Worm","floor":1,"turns":5},{"damage":0,"enemies":"Small Slimes","floor":2,"turns":3},{"damage":4,"enemies":"2 Louse","floor":4,"turns":2},{"damage":14,"enemies":"Looter","floor":7,"turns":4},{"damage":13,"enemies":"2 Fungi Beasts","floor":11,"turns":4},{"damage":32,"enemies":"Lagavulin","floor":13,"turns":6},{"damage":1,"enemies":"3 Louse","floor":14,"turns":5},{"damage":47,"enemies":"Slime Boss","floor":16,"turns":11},{"damage":62,"enemies":"Spheric Guardian","floor":18,"turns":9},{"damage":16,"enemies":"Chosen","floor":19,"turns":6},{"damage":30,"enemies":"Snake Plant","floor":27,"turns":5},{"damage":52,"enemies":"Sentry and Sphere","floor":29,"turns":7},{"damage":33,"enemies":"Book of Stabbing","floor":31,"turns":5}],"seed_played":"-2457462027393065063","potions_obtained":[{"floor":1,"key":"PowerPotion"},{"floor":7,"key":"Languid Potion"},{"floor":16,"key":"Energy Potion"},{"floor":18,"key":"FearPotion"},{"floor":19,"key":"Doom Potion"}],"is_trial":false,"path_per_floor":["M","M","?","M","$","R","M","?","T","R","M","R","E","M","R","B",null,"M","M","?","?","$","R","?","?","T","M","R","M","R","E"],"character_chosen":"IRONCLAD","items_purchased":["Pommel Strike","Shrug It Off","Sadistic Nature"],"campfire_rested":3,"item_purchase_floors":[5,5,22],"current_hp_per_floor":[92,96,58,60,60,88,80,80,80,80,73,73,47,52,52,11,96,40,30,62,62,62,62,62,62,62,38,66,20,48,15,15],"gold":199,"neow_bonus":"TWENTY_PERCENT_HP_BONUS","is_daily":false,"chose_seed":false,"campfire_upgraded":3,"win_rate":0.0,"timestamp":1611062819,"path_taken":["M","M","?","M","$","R","M","?","T","R","M","R","E","M","R","BOSS","M","M","?","?","$","R","?","?","T","M","R","?","R","E"],"items_purchased_type":["Card","Card","Card"],"build_version":"2020-12-22","purchased_purges":1,"victory":false,"max_hp_per_floor":[96,96,96,96,96,96,96,96,96,96,96,96,96,96,96,96,96,96,96,96,96,96,96,96,96,96,96,96,96,96,96,96],"card_choices":[{"not_picked":["Second Wind","Heavy Blade"],"picked":"Warcry","floor":1},{"not_picked":["Burning Pact","Run Through"],"picked":"Anger","floor":2},{"not_picked":["Warcry","ReplayTheSpireMod:Stacked"],"picked":"Feel No Pain","floor":3},{"not_picked":["Carnage","Berserk"],"picked":"Flex","floor":3},{"not_picked":["Whirlwind","Feel No Pain"],"picked":"Armaments","floor":4},{"not_picked":["Reckless Charge","Sword Boomerang"],"picked":"Heavy Blade","floor":7},{"not_picked":["Disarm","Sever Soul"],"picked":"Flex","floor":11},{"not_picked":["Uppercut","Shrug It Off"],"picked":"Double Tap","floor":13},{"not_picked":["Iron Wave","Headbutt"],"picked":"Shockwave","floor":14},{"not_picked":["Bludgeon","Juggernaut"],"picked":"Brutality","floor":16},{"not_picked":["Rupture+1","Entrench"],"picked":"Ghostly Armor","floor":18},{"not_picked":["Clash","Shrug It Off"],"picked":"Perfected Strike","floor":19},{"not_picked":["Clash+1","Cleave"],"picked":"Run Through+1","floor":27},{"not_picked":["Headbutt","Massacre"],"picked":"Flame Barrier","floor":29}],"player_experience":6954,"relics_obtained":[{"floor":3,"key":"ReplayTheSpireMod:Spearhead"},{"floor":9,"key":"Potion Belt"},{"floor":13,"key":"Pocketwatch"},{"floor":15,"key":"Bag of Marbles"},{"floor":26,"key":"Bottled Lightning"}],"event_choices":[{"damage_healed":0,"gold_gain":66,"player_choice":"Gained Gold","damage_taken":0,"max_hp_gain":0,"max_hp_loss":0,"event_name":"Golden Wing","floor":8,"gold_loss":0},{"damage_healed":32,"gold_gain":0,"player_choice":"Heal","damage_taken":0,"max_hp_gain":0,"max_hp_loss":0,"event_name":"The Library","floor":20,"gold_loss":0},{"damage_healed":0,"gold_gain":0,"player_choice":"Ignored","damage_taken":0,"max_hp_gain":0,"max_hp_loss":0,"event_name":"Ghosts","floor":24,"gold_loss":0},{"damage_healed":0,"gold_gain":0,"player_choice":"Simplicity","damage_taken":0,"max_hp_gain":0,"max_hp_loss":0,"event_name":"Back to Basics","floor":25,"gold_loss":0,"cards_upgraded":["Strike_R","Strike_R","Strike_R","Strike_R","Defend_R","Defend_R","Defend_R","Defend_R","Strike_G"]}],"is_beta":false,"boss_relics":[{"not_picked":["Replay:Ancient Bell","Replay:Bronze Core"],"picked":"Runic Pyramid"}],"items_purged_floors":[22],"is_endless":false,"potions_floor_spawned":[1,7,16,18,19],"killed_by":"Book of Stabbing","ascension_level":0}}