{"host":"3zmssa4s99zhxek5","time":1611058437,"event":{"mods":["AchievementEnabler","BaseMod","Minty Spire (QoL Compilation)","Permanent Neow","Relic Stats"],"gold_per_floor":[14,29,29,50,74,74,74,74],"floor_reached":7,"language":"KOR","playtime":441,"items_purged":[],"score":86,"play_id":"a923b615-cee1-4759-b34e-129fd5f711c5","local_time":"20210119211357","is_ascension_mode":true,"campfire_choices":[{"data":"1","floor":6,"key":"LIFT"}],"circlet_count":0,"master_deck":["AscendersBane","Strike_R","Strike_R","Strike_R","Strike_R","Strike_R","Defend_R","Defend_R","Defend_R","Defend_R","Bash","Spot Weakness","Feel No Pain","Heavy Blade"],"relics":["Burning Blood","Girya","Golden Idol"],"acts_visited":["Exordium"],"potions_floor_usage":[],"damage_taken":[{"damage":20,"enemies":"Small Slimes","floor":1,"turns":5},{"damage":6,"enemies":"2 Louse","floor":2,"turns":4},{"damage":4,"enemies":"Jaw Worm","floor":4,"turns":5},{"damage":12,"enemies":"Exordium Wildlife","floor":5,"turns":5},{"damage":52,"enemies":"Lagavulin","floor":7,"turns":5}],"seed_played":"5912306728664580949","potions_obtained":[],"is_trial":false,"path_per_floor":["M","M","?","M","M","R","E"],"character_chosen":"IRONCLAD","items_purchased":[],"campfire_rested":0,"item_purchase_floors":[],"current_hp_per_floor":[54,54,54,56,50,50,0,0],"gold":74,"neow_bonus":"ONE_RARE_RELIC","is_daily":false,"chose_seed":false,"campfire_upgraded":0,"win_rate":0.0,"timestamp":1611058437,"path_taken":["M","M","?","M","M","R","E"],"items_purchased_type":[],"build_version":"2020-12-22","purchased_purges":0,"victory":false,"max_hp_per_floor":[75,75,68,68,68,68,68,68],"relic_stats":{"counters":[5,24],"Golden Idol":9,"obtain_stats":[{"Girya":0,"Golden Idol":3,"Burning Blood":0},{"Girya":0,"Golden Idol":2,"Burning Blood":0},{"Girya":0,"Golden Idol":9,"Burning Blood":0}],"Burning Blood":24},"card_choices":[{"not_picked":["Flex","Havoc"],"picked":"Spot Weakness","floor":1},{"not_picked":["Sentinel","Warcry","Dark Embrace"],"picked":"SKIP","floor":2},{"not_picked":["Rupture","Intimidate"],"picked":"Feel No Pain","floor":4},{"not_picked":["Flex","Havoc"],"picked":"Heavy Blade","floor":5}],"player_experience":1524895,"relics_obtained":[],"event_choices":[{"damage_healed":0,"gold_gain":0,"player_choice":"Lose Max HP","damage_taken":0,"relics_obtained":["Golden Idol"],"max_hp_gain":0,"max_hp_loss":7,"event_name":"Golden Idol","floor":3,"gold_loss":0}],"is_beta":false,"boss_relics":[],"items_purged_floors":[],"is_endless":false,"potions_floor_spawned":[],"killed_by":"Lagavulin","ascension_level":20}}