{"host":"Qube","time":1611022084,"event":{"mods":["AchievementEnabler","BaseMod","Colored Map","Colored Powertips","Highlight Path","Minty Spire (QoL Compilation)","Permanent Neow","Quick Restart","Random Character Button","StSLib"],"gold_per_floor":[110,122,137,137,137,170,183,209,233,233,243,268,279,308,308,380,380,392,307,307,33,33,33,47,72,72,72,101,101,23,40,40,113,113,132,132,132,132,51,51,69,69,69,69,82,82,7,27,27,27,27,27],"floor_reached":51,"language":"ENG","playtime":2937,"items_purged":["Infinite Blades"],"score":1477,"play_id":"a9452b89-0eb4-4aaf-bf5e-f03e3409cb50","local_time":"20210118180804","is_ascension_mode":true,"campfire_choices":[{"data":"Bullet Time","floor":10.0,"key":"SMITH"},{"data":"Acrobatics","floor":15.0,"key":"SMITH"},{"data":"Underhanded Strike","floor":23.0,"key":"SMITH"},{"data":"Adrenaline","floor":27.0,"key":"SMITH"},{"data":"Crippling Poison","floor":29.0,"key":"SMITH"},{"floor":32.0,"key":"REST"},{"data":"Noxious Fumes","floor":40.0,"key":"SMITH"},{"data":"Malaise","floor":42.0,"key":"SMITH"},{"floor":44.0,"key":"REST"},{"data":"A Thousand Cuts","floor":49.0,"key":"SMITH"}],"circlet_count":0,"master_deck":["AscendersBane","Survivor+1","Neutralize+1","Deflect","Distraction","Reflex","Deflect","Dagger Throw+1","Blade Dance","Underhanded Strike+1","Crippling Poison+1","Bullet Time+1","Poisoned Stab+1","Acrobatics+1","Blur+1","Slice","Burst","Acrobatics+1","Adrenaline+1","RitualDagger+1","Bouncing Flask","A Thousand Cuts+1","Backflip","Malaise+1","Noxious Fumes+1"],"relics":["Pandora\u0027s Box","Gremlin Horn","Juzu Bracelet","War Paint","Anchor","Strawberry","HoveringKite","Molten Egg 2","Singing Bowl","Darkstone Periapt","Lantern","Whetstone","Calling Bell","Happy Flower","Sundial","StoneCalendar","Toxic Egg 2","Pantograph"],"acts_visited":["Exordium","TheCity","TheBeyond"],"potions_floor_usage":[51],"damage_taken":[{"damage":0.0,"enemies":"Cultist","floor":1.0,"turns":2.0},{"damage":0.0,"enemies":"2 Louse","floor":2.0,"turns":2.0},{"damage":0.0,"enemies":"Small Slimes","floor":3.0,"turns":2.0},{"damage":11.0,"enemies":"Lagavulin","floor":6.0,"turns":5.0},{"damage":1.0,"enemies":"Blue Slaver","floor":7.0,"turns":2.0},{"damage":2.0,"enemies":"3 Sentries","floor":8.0,"turns":7.0},{"damage":0.0,"enemies":"Large Slime","floor":11.0,"turns":4.0},{"damage":0.0,"enemies":"Looter","floor":13.0,"turns":2.0},{"damage":8.0,"enemies":"Gremlin Nob","floor":14.0,"turns":3.0},{"damage":0.0,"enemies":"Hexaghost","floor":16.0,"turns":7.0},{"damage":0.0,"enemies":"Spheric Guardian","floor":18.0,"turns":3.0},{"damage":0.0,"enemies":"3 Byrds","floor":24.0,"turns":3.0},{"damage":2.0,"enemies":"Gremlin Leader","floor":25.0,"turns":7.0},{"damage":10.0,"enemies":"Book of Stabbing","floor":28.0,"turns":5.0},{"damage":14.0,"enemies":"Shelled Parasite and Fungi","floor":31.0,"turns":3.0},{"damage":24.0,"enemies":"Collector","floor":33.0,"turns":6.0},{"damage":45.0,"enemies":"3 Darklings","floor":35.0,"turns":4.0},{"damage":2.0,"enemies":"Orb Walker","floor":41.0,"turns":3.0},{"damage":10.0,"enemies":"4 Shapes","floor":45.0,"turns":5.0},{"damage":2.0,"enemies":"Spire Growth","floor":48.0,"turns":4.0},{"damage":4.0,"enemies":"Donu and Deca","floor":50.0,"turns":8.0},{"damage":73,"enemies":"Time Eater","floor":51,"turns":10}],"seed_played":"-6017275736267812841","potions_obtained":[{"floor":6.0,"key":"EssenceOfSteel"},{"floor":7.0,"key":"SpeedPotion"},{"floor":11.0,"key":"Poison Potion"},{"floor":13.0,"key":"Dexterity Potion"},{"floor":24.0,"key":"SteroidPotion"},{"floor":25.0,"key":"Strength Potion"},{"floor":41.0,"key":"Poison Potion"},{"floor":45.0,"key":"SteroidPotion"}],"is_trial":false,"path_per_floor":["M","M","M","?","?","E","M","E","T","R","M","T","M","E","R","B",null,"M","?","?","$","?","R","M","E","T","R","E","R","$","M","R","B",null,"M","?","?","?","$","R","M","R","T","R","M","T","$","M","R","B","B"],"character_chosen":"THE_SILENT","items_purchased":["Singing Bowl","A Thousand Cuts","Noxious Fumes"],"campfire_rested":2,"item_purchase_floors":[21,30,39],"current_hp_per_floor":[59,59,59,39,44,33,32,30,30,30,30,30,30,29,29,29,66,66,66,60,60,60,60,60,60,60,60,52,52,52,38,62,38,71,28,28,30,30,30,30,30,30,30,56,48,48,48,48,48,69,19,19],"gold":27,"neow_bonus":"BOSS_RELIC","is_daily":false,"chose_seed":false,"campfire_upgraded":8,"win_rate":0.0,"timestamp":1611022084,"path_taken":["M","?","M","?","?","E","M","E","T","R","M","?","M","E","R","BOSS","M","?","?","$","?","R","M","E","T","R","E","R","?","M","R","BOSS","M","?","?","?","?","R","M","R","T","R","M","?","$","M","R","BOSS","BOSS"],"items_purchased_type":["Relic","Card","Card"],"build_version":"2020-12-18","purchased_purges":1,"victory":false,"max_hp_per_floor":[66,66,66,66,71,71,71,71,71,71,71,71,71,78,78,78,78,78,78,78,78,78,78,78,80,80,80,82,82,82,82,82,82,82,84,84,86,86,86,86,88,88,88,88,90,90,90,92,92,92,92,92],"card_choices":[{"not_picked":["Outmaneuver","PiercingWail"],"picked":"Poisoned Stab","floor":1.0},{"not_picked":["Sucker Punch","Deadly Poison"],"picked":"Acrobatics","floor":2.0},{"not_picked":["Endless Agony","Outmaneuver"],"picked":"Blur","floor":3.0},{"not_picked":["Riddle With Holes","Dagger Throw"],"picked":"Slice","floor":6.0},{"not_picked":["Flying Knee","Dagger Throw","Blade Dance"],"picked":"SKIP","floor":7.0},{"not_picked":["Setup","Dagger Throw"],"picked":"Burst","floor":8.0},{"not_picked":["Heel Hook","Riddle With Holes","Slice"],"picked":"SKIP","floor":11.0},{"not_picked":["Accuracy","Bane"],"picked":"Acrobatics","floor":13.0},{"not_picked":["Expertise","PiercingWail"],"picked":"Infinite Blades","floor":14.0},{"not_picked":["Phantasmal Killer","Unload"],"picked":"Adrenaline","floor":16.0},{"not_picked":["Dagger Throw","Sucker Punch","Poisoned Stab"],"picked":"SKIP","floor":18.0},{"not_picked":["Flying Knee+1","Blur"],"picked":"Bouncing Flask","floor":24.0},{"not_picked":["Underhanded Strike+1","Flechettes+1","All Out Attack+1"],"picked":"Singing Bowl","floor":25.0},{"not_picked":["Cloak And Dagger","Accuracy","Terror"],"picked":"Singing Bowl","floor":28.0},{"not_picked":["Blade Dance","Dagger Throw+1"],"picked":"Backflip","floor":31.0},{"not_picked":["Die Die Die+1","Storm of Steel"],"picked":"Malaise","floor":33.0},{"not_picked":["Blur","Cloak And Dagger","Slice+1"],"picked":"Singing Bowl","floor":35.0},{"not_picked":["Finesse","Blind","Discovery"],"picked":"Singing Bowl","floor":37.0},{"not_picked":["Masterful Stab+1","Blur","Footwork"],"picked":"Singing Bowl","floor":41.0},{"not_picked":["Blade Dance+1","Slice+1","Dagger Throw+1"],"picked":"Singing Bowl","floor":45.0},{"not_picked":["Cloak And Dagger+1","Bane+1","Escape Plan+1"],"picked":"Singing Bowl","floor":48.0}],"player_experience":933274,"relics_obtained":[{"floor":6.0,"key":"Gremlin Horn"},{"floor":8.0,"key":"Juzu Bracelet"},{"floor":9.0,"key":"War Paint"},{"floor":12.0,"key":"Anchor"},{"floor":14.0,"key":"Strawberry"},{"floor":25.0,"key":"Darkstone Periapt"},{"floor":26.0,"key":"Lantern"},{"floor":28.0,"key":"Whetstone"},{"floor":34.0,"key":"Happy Flower"},{"floor":34.0,"key":"Sundial"},{"floor":34.0,"key":"StoneCalendar"},{"floor":43.0,"key":"Toxic Egg 2"},{"floor":46.0,"key":"Pantograph"}],"event_choices":[{"damage_healed":0.0,"max_hp_gain":0.0,"max_hp_loss":0.0,"gold_gain":0.0,"event_name":"Shining Light","player_choice":"Entered Light","floor":4.0,"gold_loss":0.0,"damage_taken":20.0,"cards_upgraded":["Poisoned Stab","Blur"]},{"damage_healed":0.0,"max_hp_gain":5.0,"max_hp_loss":0.0,"gold_gain":0.0,"event_name":"Big Fish","player_choice":"Donut","floor":5.0,"gold_loss":0.0,"damage_taken":0.0},{"damage_healed":0.0,"max_hp_gain":0.0,"max_hp_loss":0.0,"gold_gain":0.0,"event_name":"Addict","player_choice":"Obtained Relic","floor":19.0,"gold_loss":85.0,"damage_taken":0.0,"relics_obtained":["Molten Egg 2"]},{"damage_healed":0.0,"max_hp_gain":0.0,"max_hp_loss":0.0,"gold_gain":0.0,"event_name":"Nest","player_choice":"Joined the Cult","floor":20.0,"gold_loss":0.0,"damage_taken":6.0,"cards_obtained":["RitualDagger"]},{"damage_healed":0.0,"max_hp_gain":0.0,"max_hp_loss":0.0,"gold_gain":0.0,"event_name":"Vampires","player_choice":"Ignored","floor":22.0,"gold_loss":0.0,"damage_taken":0.0},{"damage_healed":0.0,"max_hp_gain":0.0,"max_hp_loss":0.0,"gold_gain":0.0,"event_name":"Tomb of Lord Red Mask","player_choice":"Ignored","floor":36.0,"gold_loss":0.0,"damage_taken":0.0},{"damage_healed":0.0,"max_hp_gain":0.0,"max_hp_loss":0.0,"gold_gain":0.0,"event_name":"SensoryStone","player_choice":"Memory 1","floor":37.0,"gold_loss":0.0,"damage_taken":0.0},{"cards_removed":["Masterful Stab"],"damage_healed":0.0,"max_hp_gain":0.0,"max_hp_loss":0.0,"gold_gain":0.0,"event_name":"Falling","player_choice":"Removed Attack","floor":38.0,"gold_loss":0.0,"damage_taken":0.0}],"is_beta":true,"boss_relics":[{"not_picked":["Runic Dome","Empty Cage"],"picked":"HoveringKite"},{"not_picked":["Tiny House","Runic Pyramid"],"picked":"Calling Bell"}],"items_purged_floors":[47],"is_endless":false,"potions_floor_spawned":[6,7,11,13,24,25,41,45],"killed_by":"Time Eater","ascension_level":20}}