{"host":"saki","time":1611046114,"event":{"mods":["BaseMod","Marisa（F雨　魔理沙）","Minty Spire (QoL Compilation)","Nova Terra(诺娃・泰拉)","Reimu（博丽灵梦）","StSLib","TestMod","Waifu the Spire"],"gold_per_floor":[112,125,300,319,18,49,49,75,154,154,154,154,74,106,106,208,208,219,136,148,148,165,165,191,210,291,310,225,252,252,252,252,352,352,363,375,275,309,328,371,388,432,500,544,544,576,576,638,638,638],"floor_reached":51,"language":"ZHS","playtime":2245,"items_purged":["Doubt"],"score":1509,"play_id":"9171697b-18ce-45d4-a9a8-d0bdc7967dac","local_time":"20210119164834","is_ascension_mode":true,"campfire_choices":[{"floor":7,"key":"DIG"},{"floor":11,"key":"DIG"},{"floor":15,"key":"DIG"},{"floor":23,"key":"DIG"},{"floor":32,"key":"DIG"},{"floor":45,"key":"DIG"},{"floor":49,"key":"DIG"}],"circlet_count":0,"master_deck":["AscendersBane","Strike_MRS","Strike_MRS","Strike_MRS","Strike_MRS","Defend_MRS","Defend_MRS","Defend_MRS","Defend_MRS","MasterSpark","UpSweep","OrrerysSun","DoubleSpark","PowerUp","DarkSpark","6A","SuperNova","EarthLightRay","BlazeAway","UltimateShortwave","WitchLeyline+1","WitchLeyline","DragonMeteor","SprinkleStarSeal","MachineGunSpark+1","BlazeAway","RefractionSpark","CollectingQuirk","SuperPerseids+1","StarlightTyphoon+1","StarBarrage","WitchOfGreed","PowerUp+1","OpenUniverse+1","Singularity","WitchOfGreed","WitchOfGreed","BinaryStars+1","Magnetism","testmod-SelfRegulatingSystem","testmod-TaurusBlackCat","PowerUp+1","Pain","Wraith","Parasite"],"relics":["MiniHakkero","testmod-TestBox","testmod-SaigiyounoYou","NeowsBlessing","testmod-Charity","Shovel","Anchor","Bottled Tornado","Pantograph","YidongShenshe:ReiMu","Matryoshka","Spirit Poop","Strawberry","MealTicket","Runic Pyramid","testmod-CrystalShield","Mummified Hand","HornCleat","Toxic Egg 2","testmod-BouquetWithThorns","Mastiff:ReiMu","testmod-InfectionSource","Meat on the Bone","testmod-ArcanaOfDestiny","testmod-TimeTraveler","CrazyTorch:ReiMu","Bag of Marbles","White Beast Statue","Bird Faced Urn","testmod-Antiphasic","testmod-BalancedPeriapt","testmod-Laevatain"],"acts_visited":["Exordium","TheCity","TheBeyond"],"potions_floor_usage":[2,6,25,50,50,50,50],"damage_taken":[{"damage":0,"enemies":"Jaw Worm","floor":1,"turns":1},{"damage":0,"enemies":"Small Slimes","floor":2,"turns":1},{"damage":0,"enemies":"Cultist","floor":4,"turns":1},{"damage":16,"enemies":"Gremlin Nob","floor":6,"turns":3},{"damage":15,"enemies":"3 Sentries","floor":8,"turns":5},{"damage":10,"enemies":"Lagavulin","floor":14,"turns":7},{"damage":97,"enemies":"The Guardian","floor":16,"turns":11},{"damage":19,"enemies":"Shell Parasite","floor":18,"turns":5},{"damage":2,"enemies":"Chosen","floor":20,"turns":4},{"damage":36,"enemies":"Snecko","floor":22,"turns":5},{"damage":49,"enemies":"Book of Stabbing","floor":24,"turns":7},{"damage":5,"enemies":"3 Cultists","floor":25,"turns":5},{"damage":4,"enemies":"Cultist and Chosen","floor":27,"turns":6},{"damage":75,"enemies":"Gremlin Leader","floor":29,"turns":8},{"damage":0,"enemies":"Champ","floor":33,"turns":8},{"damage":6,"enemies":"Orb Walker","floor":35,"turns":3},{"damage":16,"enemies":"3 Shapes","floor":36,"turns":3},{"damage":18,"enemies":"Sphere and 2 Shapes","floor":38,"turns":4},{"damage":9,"enemies":"3 Darklings","floor":39,"turns":4},{"damage":52,"enemies":"Nemesis","floor":40,"turns":5},{"damage":2,"enemies":"Spire Growth","floor":41,"turns":3},{"damage":69,"enemies":"Reptomancer","floor":42,"turns":7},{"damage":10,"enemies":"Nemesis","floor":44,"turns":5},{"damage":12,"enemies":"4 Shapes","floor":46,"turns":2},{"damage":0,"enemies":"Giant Head","floor":48,"turns":5},{"damage":31,"enemies":"Time Eater","floor":50,"turns":5}],"seed_played":"-5615354829033893550","potions_obtained":[{"floor":1,"key":"Fire Potion"},{"floor":2,"key":"testmod-SpacePotion"},{"floor":24,"key":"Regen Potion"},{"floor":25,"key":"StarNLove"},{"floor":33,"key":"Energy Potion"},{"floor":38,"key":"Strength Potion"},{"floor":39,"key":"PowerPotion"},{"floor":40,"key":"MagicPotion:ReiMu"},{"floor":44,"key":"DistilledChaos"},{"floor":48,"key":"PowerPotion"}],"is_trial":false,"path_per_floor":["M","M","?","M","$","E","R","E","T","?","R","?","$","E","R","B",null,"M","$","M","$","M","R","E","M","T","M","?","E","T","?","R","B",null,"M","M","$","M","M","E","M","E","T","E","R","M","?","E","R","B",null],"character_chosen":"MARISA","items_purchased":["testmod-Charity","DarkSpark","EarthLightRay","WitchLeyline","DragonMeteor","StarBarrage","WitchOfGreed"],"campfire_rested":0,"item_purchase_floors":[5,5,13,19,19,37,37],"current_hp_per_floor":[69,71,71,72,72,64,64,66,67,67,67,67,67,83,83,22,71,66,81,89,89,59,59,47,80,81,94,94,37,37,37,37,88,94,97,98,98,85,100,68,92,70,71,105,105,106,96,107,107,91],"gold":638,"neow_bonus":"THREE_ENEMY_KILL","is_daily":false,"chose_seed":false,"campfire_upgraded":0,"win_rate":0.0,"timestamp":1611046114,"path_taken":["M","M","?","M","$","E","R","E","T","?","R","?","$","E","R","BOSS","M","$","?","$","M","R","E","M","T","M","?","E","?","?","R","BOSS","M","M","$","M","M","E","M","E","T","E","R","M","?","E","R","BOSS"],"items_purchased_type":["Relic","Card","Card","Card","Card","Card","Card"],"build_version":"2020-12-18","purchased_purges":1,"victory":true,"max_hp_per_floor":[75,75,75,75,75,76,76,77,78,78,78,78,78,86,86,87,87,88,88,89,89,90,90,91,92,93,94,94,95,95,95,95,96,96,97,98,98,99,100,101,102,103,104,105,105,106,106,107,107,107],"card_choices":[{"not_picked":["EventHorizon","DarkMatter"],"picked":"OrrerysSun","floor":1},{"not_picked":["DeepEcoloBomb","UnstableBomb"],"picked":"DoubleSpark","floor":2},{"not_picked":["SporeBomb","DC"],"picked":"PowerUp","floor":4},{"not_picked":["SporeBomb","ShootTheMoon"],"picked":"6A","floor":6},{"not_picked":["IllusionStar","SporeBomb"],"picked":"SuperNova","floor":8},{"not_picked":["GrandCross","UnstableBomb"],"picked":"BlazeAway","floor":14},{"not_picked":["BlazingStar","MaximisePower"],"picked":"UltimateShortwave","floor":16},{"not_picked":["GalacticHalo","ShootingEcho"],"picked":"WitchLeyline+1","floor":18},{"not_picked":["MagicAbsorber","EnergyRecoil"],"picked":"SprinkleStarSeal","floor":20},{"not_picked":["GravityBeat","Robbery"],"picked":"MachineGunSpark+1","floor":22},{"not_picked":["MysteriousBeam","SporeBomb"],"picked":"BlazeAway","floor":24},{"not_picked":["GrandCross","EarthLightRay","IllusionStar"],"picked":"SKIP","floor":25},{"not_picked":["IllusionStar+1","DarkSpark"],"picked":"RefractionSpark","floor":27},{"not_picked":["LuminesStrike","ShootTheMoon","ChargeUpSpray"],"picked":"SKIP","floor":29},{"not_picked":["JA","AbsoluteMagnitude"],"picked":"CollectingQuirk","floor":33},{"not_picked":["NonDirectionalLaser+1","6A+1"],"picked":"SuperPerseids+1","floor":35},{"not_picked":["LuminesStrike+1","SprinkleStarSeal+1"],"picked":"StarlightTyphoon+1","floor":36},{"not_picked":["FairyDestructionRay+1","RefractionSpark+1"],"picked":"PowerUp+1","floor":38},{"not_picked":["OneTimeOff+1","Occultation+1"],"picked":"OpenUniverse+1","floor":39},{"not_picked":["DragonMeteor","6A"],"picked":"Singularity","floor":40},{"not_picked":["UnstableBomb","NonDirectionalLaser+1","MysteriousBeam+1"],"picked":"SKIP","floor":41},{"not_picked":["LuminesStrike+1","DragonMeteor"],"picked":"WitchOfGreed","floor":42},{"not_picked":["UnstableBomb+1","IllusionStar+1"],"picked":"WitchOfGreed","floor":44},{"not_picked":["PowerUp+1","AsteroidBelt+1"],"picked":"BinaryStars+1","floor":46},{"not_picked":["Deep Breath+1","Purity+1"],"picked":"Magnetism","floor":47},{"not_picked":["testmod-LifeRuler+1","Secret Weapon+1"],"picked":"testmod-SelfRegulatingSystem","floor":47},{"not_picked":["testmod-PocketStoneCalender","testmod-BackupPower+1"],"picked":"testmod-TaurusBlackCat","floor":47},{"not_picked":["MilkyWay+1","Occultation+1"],"picked":"PowerUp+1","floor":48}],"player_experience":273985,"relics_obtained":[{"floor":6,"key":"Shovel"},{"floor":7,"key":"Anchor"},{"floor":8,"key":"Bottled Tornado"},{"floor":9,"key":"Pantograph"},{"floor":11,"key":"Matryoshka"},{"floor":14,"key":"Strawberry"},{"floor":15,"key":"MealTicket"},{"floor":23,"key":"testmod-CrystalShield"},{"floor":24,"key":"Mummified Hand"},{"floor":26,"key":"HornCleat"},{"floor":26,"key":"Toxic Egg 2"},{"floor":29,"key":"Mastiff:ReiMu"},{"floor":30,"key":"testmod-InfectionSource"},{"floor":30,"key":"Meat on the Bone"},{"floor":32,"key":"testmod-ArcanaOfDestiny"},{"floor":40,"key":"CrazyTorch:ReiMu"},{"floor":42,"key":"Bag of Marbles"},{"floor":43,"key":"White Beast Statue"},{"floor":44,"key":"Bird Faced Urn"},{"floor":45,"key":"testmod-Antiphasic"},{"floor":48,"key":"testmod-BalancedPeriapt"},{"floor":49,"key":"testmod-Laevatain"}],"event_choices":[{"damage_healed":0,"gold_gain":175,"player_choice":"AGREE","damage_taken":0,"max_hp_gain":0,"max_hp_loss":0,"event_name":"Liars Game","floor":3,"gold_loss":0,"cards_obtained":["Doubt"]},{"damage_healed":0,"gold_gain":0,"player_choice":"带走神社","damage_taken":0,"relics_obtained":["YidongShenshe:ReiMu"],"max_hp_gain":0,"max_hp_loss":0,"event_name":"yidonshenshe","floor":10,"gold_loss":0,"cards_obtained":["Poor:ReiMu"]},{"cards_removed":["Poor:ReiMu"],"damage_healed":0,"gold_gain":0,"player_choice":"Offered Curse","damage_taken":0,"relics_obtained":["Spirit Poop"],"max_hp_gain":0,"max_hp_loss":0,"event_name":"Bonfire Elementals","floor":12,"gold_loss":0},{"damage_healed":0,"gold_gain":0,"player_choice":"Obtained Relic","damage_taken":0,"relics_obtained":["testmod-BouquetWithThorns"],"max_hp_gain":0,"max_hp_loss":0,"event_name":"Addict","floor":28,"gold_loss":85},{"damage_healed":0,"gold_gain":0,"player_choice":"Ignored","damage_taken":0,"max_hp_gain":0,"max_hp_loss":0,"event_name":"给自己的盒子","floor":31,"gold_loss":0},{"damage_healed":0,"gold_gain":0,"player_choice":"Memory 3","damage_taken":10,"max_hp_gain":0,"max_hp_loss":0,"event_name":"SensoryStone","floor":47,"gold_loss":0}],"is_beta":true,"boss_relics":[{"not_picked":["Cursed Key","Fusion Hammer"],"picked":"Runic Pyramid"},{"not_picked":["testmod-Prudence","testmod-IncinerationGenerator"],"picked":"testmod-TimeTraveler"}],"items_purged_floors":[5],"is_endless":false,"potions_floor_spawned":[1,2,24,25,33,39,41,44,46,48],"ascension_level":10}}