{"host":"2l3i55whvwk76mom","time":1611087849,"event":{"mods":["BaseMod","Googly Eyes","Hermit","Hubris","Minty Spire (QoL Compilation)","Replay The Spire","StSLib","The Cursed","The Disciple","The Hierophant","The Jungle","The Necromancer"],"gold_per_floor":[114,133,308,308,326,326,352,352,352,313,340,340,366,366,366,372,372],"floor_reached":16,"language":"ENG","playtime":715,"items_purged":[],"score":145,"play_id":"cea37c38-c07f-4f3a-9e77-738c44f80838","local_time":"20210119122409","is_ascension_mode":true,"campfire_choices":[{"data":"ReplayTheSpireMod:Corrosion Curse","floor":6,"key":"SMITH"},{"floor":8,"key":"REST"},{"floor":15,"key":"REST"}],"circlet_count":0,"master_deck":["Strike_R","Strike_R","Strike_R","Strike_R","Strike_R","Defend_R","Defend_R","Defend_R","Defend_R","Bash","Replay:Undeath\u0027s Touch","Infernal Blade","ReplayTheSpireMod:Corrosion Curse+1","Rage","Iron Wave","Life Link"],"relics":["Black Star","Bag of Preparation","InkBottle","Toxic Egg 2","hubris:SlimyHat","Potion Belt","Boot","Replay:Bandana"],"acts_visited":["Exordium"],"potions_floor_usage":[7,16],"damage_taken":[{"damage":8,"enemies":"Small Slimes","floor":1,"turns":4},{"damage":0,"enemies":"2 Louse","floor":2,"turns":2},{"damage":13,"enemies":"Jaw Worm","floor":5,"turns":4},{"damage":50,"enemies":"Lagavulin","floor":7,"turns":9},{"damage":28,"enemies":"3 Sentries","floor":11,"turns":10},{"damage":19,"enemies":"Replay:BlueRogue","floor":13,"turns":6},{"damage":29,"enemies":"The Guardian","floor":16,"turns":2}],"seed_played":"-5231541444477356525","potions_obtained":[{"floor":1,"key":"Dexterity Potion"},{"floor":5,"key":"FairyPotion"},{"floor":11,"key":"Ancient Potion"},{"floor":13,"key":"Dexterity Potion"}],"is_trial":false,"path_per_floor":["M","M","?","?","M","R","E","R","T","$","E","?","E","?","R","B"],"character_chosen":"IRONCLAD","items_purchased":["hubris:CleavingFinish"],"campfire_rested":2,"item_purchase_floors":[10],"current_hp_per_floor":[72,72,72,65,52,52,2,26,26,26,24,24,5,5,29,0,0],"gold":372,"neow_bonus":"BOSS_RELIC","is_daily":false,"chose_seed":false,"campfire_upgraded":1,"win_rate":0.0,"timestamp":1611087849,"path_taken":["M","M","?","?","M","R","E","R","T","$","E","?","E","?","R","BOSS"],"items_purchased_type":["Card"],"build_version":"2020-12-22","purchased_purges":0,"victory":false,"max_hp_per_floor":[80,80,80,80,80,80,80,80,80,80,80,80,80,80,80,80,80],"card_choices":[{"not_picked":["Bloodletting","Rampage"],"picked":"Replay:Undeath\u0027s Touch","floor":1},{"not_picked":["Cleave","Twin Strike"],"picked":"Infernal Blade","floor":2},{"not_picked":["Spot Weakness","Replay:Undeath\u0027s Touch"],"picked":"ReplayTheSpireMod:Corrosion Curse","floor":5},{"not_picked":["Perfected Strike","Dark Embrace"],"picked":"Rage","floor":7},{"not_picked":["Massacre","Heavy Blade"],"picked":"Iron Wave","floor":11},{"not_picked":["Sentinel+1","Combust"],"picked":"Life Link","floor":13}],"player_experience":293758,"relics_obtained":[{"floor":7,"key":"Bag of Preparation"},{"floor":7,"key":"InkBottle"},{"floor":9,"key":"Toxic Egg 2"},{"floor":11,"key":"hubris:SlimyHat"},{"floor":11,"key":"Potion Belt"},{"floor":13,"key":"Boot"},{"floor":13,"key":"Replay:Bandana"}],"event_choices":[{"damage_healed":0,"gold_gain":175,"player_choice":"AGREE","damage_taken":0,"max_hp_gain":0,"max_hp_loss":0,"event_name":"Liars Game","floor":3,"gold_loss":0,"cards_obtained":["Doubt"]},{"cards_removed":["Doubt"],"damage_healed":0,"gold_gain":0,"player_choice":"Card Removal","damage_taken":7,"max_hp_gain":0,"max_hp_loss":0,"event_name":"Golden Wing","floor":4,"gold_loss":0},{"damage_healed":0,"gold_gain":0,"player_choice":"Fled","damage_taken":0,"max_hp_gain":0,"max_hp_loss":0,"event_name":"Scrap Ooze","floor":12,"gold_loss":0},{"cards_removed":["hubris:CleavingFinish"],"damage_healed":0,"gold_gain":0,"player_choice":"Purged","damage_taken":0,"max_hp_gain":0,"max_hp_loss":0,"event_name":"Purifier","floor":14,"gold_loss":0}],"is_beta":false,"boss_relics":[],"items_purged_floors":[],"is_endless":false,"potions_floor_spawned":[1,5,11,13],"killed_by":"The Guardian","ascension_level":5}}