{"host":"kmq7aw60w430zvtx","time":1611052405,"event":{"mods":["BaseMod","Downfall","GifTheSpireLib","Hermit","Hubris","Minty Spire (QoL Compilation)","StSLib","The Jungle"],"gold_per_floor":[111,126,136,79,95,95,125,125,125,125,144,144,173,183,183,285,285,302,316,17,27,45,45,45,45,45,45,45,45,61,61,61,166,166,176,176,187,199,210,210,210],"floor_reached":40,"language":"ENG","playtime":2041,"items_purged":["Strike_R"],"score":504,"play_id":"921ea4c0-20d5-495d-b3e4-9dff30dd98b2","local_time":"20210119113325","is_ascension_mode":true,"campfire_choices":[{"floor":12.0,"key":"REST"},{"floor":15,"key":"REST"},{"data":"Barricade","floor":23,"key":"SMITH"},{"floor":25,"key":"RECALL"},{"data":"Madness","floor":27,"key":"SMITH"},{"data":"Madness","floor":29,"key":"SMITH"},{"floor":32,"key":"REST"}],"circlet_count":0,"master_deck":["Strike_R+1","Strike_R","Strike_R","Strike_R+1","Defend_R","Defend_R","Defend_R","Bash","Flame Barrier","Flex","Madness+1","Rage","Rage","Thunderclap","Flame Barrier","Madness+1","Metallicize","Dropkick","Barricade+1","Warcry+1","Heavy Blade+1","Demon Form","Flame Barrier","Rampage","Inflame+1","Limit Break","Clothesline+1","Spot Weakness+1","Body Slam+1","Iron Wave"],"relics":["Burning Blood","Oddly Smooth Stone","Ornamental Fan","hubris:SphereOfDissonance","Cursed Key","Vajra","Ice Cream","Philosopher\u0027s Stone"],"acts_visited":["Exordium","theJungle:Jungle","TheBeyond"],"potions_floor_usage":[16,24,30,30,39,39,40],"damage_taken":[{"damage":0.0,"enemies":"Cultist","floor":1.0,"turns":3.0},{"damage":0.0,"enemies":"Small Slimes","floor":2.0,"turns":3.0},{"damage":0.0,"enemies":"2 Louse","floor":3.0,"turns":3.0},{"damage":4.0,"enemies":"Blue Slaver","floor":5.0,"turns":6.0},{"damage":39.0,"enemies":"3 Sentries","floor":7.0,"turns":14.0},{"damage":3.0,"enemies":"Exordium Wildlife","floor":11.0,"turns":3.0},{"damage":27.0,"enemies":"Replay:BlueRogue","floor":13.0,"turns":6.0},{"damage":0.0,"enemies":"2 Fungi Beasts","floor":14.0,"turns":4.0},{"damage":9,"enemies":"Slime Boss","floor":16,"turns":9},{"damage":11,"enemies":"theJungle:Flameango_and_Byrd","floor":18,"turns":6},{"damage":8,"enemies":"Shell Parasite","floor":19,"turns":9},{"damage":9,"enemies":"theJungle:SlimyTreeVines","floor":21,"turns":3},{"damage":18,"enemies":"theJungle:2_Snecko_Cultists","floor":22,"turns":4},{"damage":0,"enemies":"theJungle:2_Phrogs","floor":24,"turns":3},{"damage":17,"enemies":"theJungle:2_Flameangoes","floor":30,"turns":5},{"damage":23,"enemies":"theJungle:FunGuy","floor":33,"turns":9},{"damage":0,"enemies":"3 Shapes","floor":35,"turns":6},{"damage":9,"enemies":"Orb Walker","floor":37,"turns":4},{"damage":21,"enemies":"Maw","floor":38,"turns":6},{"damage":41,"enemies":"Sphere and 2 Shapes","floor":39,"turns":9},{"damage":26,"enemies":"Nemesis","floor":40,"turns":4}],"seed_played":"-7099620299368355034","potions_obtained":[{"floor":1.0,"key":"BlessingOfTheForge"},{"floor":2.0,"key":"SneckoOil"},{"floor":11.0,"key":"ColorlessPotion"},{"floor":14.0,"key":"AttackPotion"},{"floor":16,"key":"SmokeBomb"},{"floor":18,"key":"HeartOfIron"},{"floor":22,"key":"Block Potion"},{"floor":28,"key":"Ancient Potion"},{"floor":30,"key":"LiquidMemories"},{"floor":39,"key":"DuplicationPotion"}],"is_trial":false,"path_per_floor":["M","M","M","$","M","?","E","?","T","$","M","R","E","M","R","B",null,"M","M","$","M","M","R","E","R","T","R","?","R","M","?","R","B",null,"M","?","M","M","M","E"],"character_chosen":"IRONCLAD","items_purchased":["Rage","Vajra","Demon Form"],"campfire_rested":3,"item_purchase_floors":[4,20,20],"current_hp_per_floor":[80,80,80,80,80,64,31,24,24,24,27,51,30,36,60,57,80,75,73,73,73,61,61,67,67,67,67,67,67,56,46,69,52,77,77,73,70,55,20,0,0],"gold":210,"neow_bonus":"RANDOM_COMMON_RELIC","is_daily":false,"chose_seed":false,"campfire_upgraded":3,"win_rate":0.0,"timestamp":1611052405,"path_taken":["M","M","?","$","M","?","E","?","T","?","M","R","E","M","R","BOSS","M","M","$","M","M","R","E","R","T","R","?","R","?","?","R","BOSS","M","?","M","M","M","E"],"items_purchased_type":["Card","Relic","Card"],"build_version":"2020-12-22","purchased_purges":1,"victory":false,"max_hp_per_floor":[80,80,80,80,80,80,80,80,80,80,80,80,80,80,80,80,80,80,80,80,80,80,80,80,80,80,80,80,80,80,77,77,77,77,77,73,73,73,73,73,73],"card_choices":[{"not_picked":["Headbutt","Havoc"],"picked":"Flame Barrier","floor":1.0},{"not_picked":["Sword Boomerang","Heavy Blade"],"picked":"Flex","floor":2.0},{"not_picked":["Replay:Undeath\u0027s Touch","Shrug It Off"],"picked":"Run Through","floor":3.0},{"not_picked":["Abandon","Evolve"],"picked":"Thunderclap","floor":5.0},{"not_picked":["Evolve","Combust"],"picked":"Flame Barrier","floor":7.0},{"not_picked":["Armaments","Massacre"],"picked":"ReplayReversal","floor":11.0},{"not_picked":["Corruption","Disarm"],"picked":"Metallicize","floor":13.0},{"not_picked":["Run Through","Havoc"],"picked":"Dropkick","floor":14.0},{"not_picked":["Corruption","Berserk"],"picked":"Barricade","floor":16},{"not_picked":["Pommel Strike","Sword Boomerang"],"picked":"Warcry+1","floor":18},{"not_picked":["Thunderclap","Clothesline"],"picked":"Heavy Blade+1","floor":19},{"not_picked":["Feel No Pain+1","Bloodletting"],"picked":"Flame Barrier","floor":21},{"not_picked":["Evolve+1","Rupture"],"picked":"Rampage","floor":22},{"not_picked":["Heavy Blade","Havoc"],"picked":"Inflame+1","floor":30},{"not_picked":["Exhume","Demon Form"],"picked":"Limit Break","floor":33},{"not_picked":["Thunderclap","Clash+1"],"picked":"Clothesline+1","floor":35},{"not_picked":["Disarm","hubris:ReadiedAction"],"picked":"Spot Weakness+1","floor":37},{"not_picked":["Combust+1","Spot Weakness+1"],"picked":"Body Slam+1","floor":38},{"not_picked":["Twin Strike","Reckless Charge+1"],"picked":"Iron Wave","floor":39}],"player_experience":286049,"relics_obtained":[{"floor":7.0,"key":"Ornamental Fan"},{"floor":13.0,"key":"hubris:SphereOfDissonance"},{"floor":26,"key":"Ice Cream"}],"event_choices":[{"damage_healed":0.0,"max_hp_gain":0.0,"max_hp_loss":0.0,"gold_gain":0.0,"event_name":"Shining Light","player_choice":"Entered Light","floor":6.0,"gold_loss":0.0,"damage_taken":16.0,"cards_upgraded":["Strike_R","Strike_R"]},{"cards_removed":["Defend_R"],"damage_healed":0.0,"max_hp_gain":0.0,"max_hp_loss":0.0,"gold_gain":0.0,"event_name":"Golden Wing","player_choice":"Card Removal","floor":8.0,"gold_loss":0.0,"damage_taken":7.0},{"damage_healed":0,"gold_gain":0,"player_choice":"Got Potions","damage_taken":0,"max_hp_gain":0,"max_hp_loss":0,"event_name":"Lab","floor":28,"gold_loss":0},{"damage_healed":0,"gold_gain":0,"player_choice":"Max HP","damage_taken":0,"max_hp_gain":0,"max_hp_loss":4,"event_name":"Winding Halls","floor":36,"gold_loss":0}],"is_beta":false,"boss_relics":[{"not_picked":["Circlet","Busted Crown"],"picked":"Cursed Key"},{"not_picked":["hubris:CrackedHourglass","Velvet Choker"],"picked":"Philosopher\u0027s Stone"}],"items_purged_floors":[20],"is_endless":false,"potions_floor_spawned":[1,2,11,14,16,18,22,30,39],"killed_by":"Nemesis","ascension_level":4}}