{"host":"4qt77pm52ljaz00q","time":1611074202,"event":{"mods":["2.2 Compatiblity","BaseMod","Colored Map","Downfall","Minty Spire (QoL Compilation)","Relic Sorter","StSLib","Unknown Chances"],"gold_per_floor":[99,112,112,129,139,168,221,235,35,52,52,71,71,97,117,217,217,117,130,149,174,189,208,208,228,68,98,114,114,114,30,44,139,139,139,159,163,181,181,181,206,15,15,27,46,56,73,73,89,89,89,89],"floor_reached":50,"language":"ENG","playtime":2054,"items_purged":["Pain"],"score":606,"play_id":"14915aeb-87ab-447b-a536-e6ef0fe676cd","local_time":"20210119113642","is_ascension_mode":true,"campfire_choices":[{"floor":1.0,"key":"RECALL"},{"data":"bronze:Goto","floor":9,"key":"SMITH"},{"data":"bronze:Iterate","floor":11,"key":"SMITH"},{"data":"bronze:InfiniteLoop","floor":18,"key":"SMITH"},{"data":"bronze:Repulsor","floor":29,"key":"SMITH"},{"data":"bronze:Verify","floor":35,"key":"SMITH"},{"floor":43,"key":"REST"}],"circlet_count":0,"master_deck":["bronze:Strike","bronze:Strike","bronze:Strike","bronze:Defend","bronze:Defend","bronze:Defend","bronze:Defend","bronze:Replicate","bronze:Goto+1","bronze:Iterate+1","bronze:Repair","bronze:FollowUp","bronze:DigitalCarnage","bronze:Boost","bronze:Philosophize","bronze:InfiniteLoop+1","bronze:InfiniteBeams+1","bronze:Repulsor+1","bronze:FunctionCard","bronze:WhirlingStrike","downfall:Aged","bronze:Fortify","bronze:Virus","bronze:ForceShield","bronze:FollowUp+1","bronze:WhirlingStrike","bronze:Flail","bronze:WhirlingStrike+1","bronze:Verify+1","bronze:DelayedSlice","bronze:Repulsor","expansioncontent:Chronoboost","Regret","CurseOfTheBell","bronze:FineTuning","Flash of Steel","bronze:WhirlingStrike+1","bronze:Iterate","bronze:BronzeArmor+1","bronze:BronzeOrb","bronze:ClassDefault+1"],"relics":["bronze:BronzeCore","Vajra","downfall:HeartBlessingRed","downfall:HeartBlessingGreen","FossilizedHelix","Cursed Key","downfall:HeartBlessingBlue","Red Mask","Regal Pillow","PreservedInsect","Pantograph","Sozu","Eternal Feather","Calling Bell","Blood Vial","Blue Candle","Torii","Omamori"],"acts_visited":["Exordium","TheCity","TheBeyond"],"potions_floor_usage":[6,14,50],"damage_taken":[{"damage":0.0,"enemies":"Small Slimes","floor":2.0,"turns":3.0},{"damage":1.0,"enemies":"Cultist","floor":4.0,"turns":3.0},{"damage":1.0,"enemies":"2 Louse","floor":5.0,"turns":2.0},{"damage":34,"enemies":"Gremlin Nob","floor":6,"turns":5},{"damage":7,"enemies":"Exordium Wildlife","floor":8,"turns":4},{"damage":0,"enemies":"3 Louse","floor":10,"turns":2},{"damage":13,"enemies":"Exordium Wildlife","floor":12,"turns":2},{"damage":5,"enemies":"3 Sentries","floor":14,"turns":7},{"damage":0,"enemies":"2 Fungi Beasts","floor":15,"turns":2},{"damage":41,"enemies":"SI_SHIV_ARCHETYPE","floor":16,"turns":8},{"damage":0,"enemies":"Chosen","floor":19,"turns":2},{"damage":0,"enemies":"3 Byrds","floor":20,"turns":4},{"damage":13,"enemies":"Masked Bandits","floor":21,"turns":4},{"damage":20,"enemies":"Cultist and Chosen","floor":22,"turns":6},{"damage":8,"enemies":"Centurion and Healer","floor":23,"turns":4},{"damage":0,"enemies":"Chosen and Byrds","floor":25,"turns":3},{"damage":0,"enemies":"downfall:FleeingMerchant","floor":26,"turns":4},{"damage":29,"enemies":"Slavers","floor":27,"turns":4},{"damage":10,"enemies":"Snake Plant","floor":28,"turns":4},{"damage":0,"enemies":"downfall:FleeingMerchant","floor":31,"turns":4},{"damage":0,"enemies":"Snecko","floor":32,"turns":3},{"damage":33,"enemies":"WA_ARCHETYPE_CALM","floor":33,"turns":7},{"damage":55,"enemies":"3 Shapes","floor":36,"turns":3},{"damage":0,"enemies":"downfall:FleeingMerchant","floor":37,"turns":2},{"damage":34,"enemies":"3 Darklings","floor":38,"turns":4},{"damage":8,"enemies":"Sphere and 2 Shapes","floor":44,"turns":3},{"damage":1,"enemies":"Maw","floor":45,"turns":6},{"damage":31,"enemies":"Writhing Mass","floor":46,"turns":6},{"damage":41,"enemies":"Transient","floor":47,"turns":5},{"damage":0,"enemies":"Sphere and 2 Shapes","floor":49,"turns":3},{"damage":67,"enemies":"DF_ARCHETYPE_ORBS","floor":50,"turns":5}],"seed_played":"2349653320306886327","potions_obtained":[{"floor":2.0,"key":"DuplicationPotion"},{"floor":4.0,"key":"EssenceOfSteel"},{"floor":14,"key":"bronze:BurnAndBuffPotion"},{"floor":15,"key":"Regen Potion"},{"floor":16,"key":"Strength Potion"},{"floor":20,"key":"bronze:FreeFunctionsPotion"}],"is_trial":false,"path_per_floor":["R","M","?","M","M","E","T","M","R","M","R","M","?","E","M","B",null,"R","M","M","?","M","M","T","M","$","E","M","R","?","$","M","B",null,"R","M","$","M","?","?","T","$","R","M","M","M","M","?","M","B"],"character_chosen":"THE_AUTOMATON","items_purchased":["PreservedInsect","bronze:Flail","Eternal Feather","bronze:Repulsor","bronze:FineTuning","Flash of Steel"],"campfire_rested":1,"item_purchase_floors":[26,31,37,37,42,42],"current_hp_per_floor":[77,77,77,76,75,41,41,41,41,48,48,42,42,44,44,10,77,87,87,87,74,61,60,60,67,67,45,42,42,42,42,49,48,87,87,32,39,5,5,5,5,5,67,68,69,47,15,15,24,0,0,0],"gold":89,"neow_bonus":"TEN_PERCENT_HP_BONUS","is_daily":false,"chose_seed":false,"campfire_upgraded":5,"win_rate":0.0,"timestamp":1611074202,"path_taken":["R","M","?","M","M","E","T","?","R","M","R","M","?","E","M","BOSS","R","M","M","?","M","M","T","M","$","E","M","R","?","$","M","BOSS","R","M","$","M","?","?","T","?","R","M","M","M","M","?","M","BOSS"],"items_purchased_type":["Relic","Card","Relic","Card","Card","Card"],"build_version":"2020-12-22","purchased_purges":1,"victory":false,"max_hp_per_floor":[77,77,77,77,77,77,77,77,77,77,77,77,77,77,77,77,77,87,87,87,87,87,87,87,87,87,87,87,87,87,87,87,87,87,87,87,87,87,87,87,87,87,87,87,87,87,87,87,87,87,87,87],"card_choices":[{"not_picked":["bronze:CloningBeam","bronze:OilSpill"],"picked":"bronze:Iterate","floor":2.0},{"not_picked":["bronze:BuggyMess","bronze:Turbo","bronze:CutThrough"],"picked":"SKIP","floor":4.0},{"not_picked":["bronze:Turbo","bronze:Branch","bronze:ChildClass"],"picked":"SKIP","floor":5.0},{"not_picked":["bronze:BuggyMess","bronze:Overheat"],"picked":"bronze:Repair","floor":6},{"not_picked":["bronze:Frontload","bronze:BuggyMess"],"picked":"bronze:FollowUp","floor":8},{"not_picked":["bronze:BuggyMess","bronze:HyperBeam"],"picked":"bronze:DigitalCarnage","floor":10},{"not_picked":["bronze:FineTuning","bronze:ChosenStrike"],"picked":"bronze:Boost","floor":12},{"not_picked":["bronze:Invalidate","bronze:Backtrace"],"picked":"bronze:Hardcode","floor":14},{"not_picked":["bronze:Overheat","bronze:Shield"],"picked":"bronze:Philosophize","floor":15},{"not_picked":["bronze:Verify","bronze:HyperBeam"],"picked":"bronze:InfiniteLoop","floor":16},{"not_picked":["bronze:ForceShield","bronze:OilSpill","bronze:Overheat"],"picked":"SKIP","floor":19},{"not_picked":["bronze:Frontload","bronze:ChosenStrike+1"],"picked":"bronze:InfiniteBeams+1","floor":20},{"not_picked":["bronze:BuggyMess+1","bronze:DarkDash+1"],"picked":"bronze:Repulsor","floor":21},{"not_picked":["bronze:Deprecate","bronze:BitShift","bronze:ForceShield+1"],"picked":"SKIP","floor":22},{"not_picked":["bronze:Constructor+1","bronze:MaxOutput+1"],"picked":"bronze:WhirlingStrike","floor":23},{"not_picked":["bronze:ChosenStrike","bronze:Allocate"],"picked":"bronze:Fortify","floor":25},{"not_picked":["bronze:BugBarrage","bronze:WildBeam"],"picked":"bronze:Virus","floor":26},{"not_picked":["bronze:Optimize","bronze:Repulsor"],"picked":"bronze:ForceShield","floor":27},{"not_picked":["bronze:Deprecate","bronze:DigitalCarnage"],"picked":"bronze:FollowUp+1","floor":28},{"not_picked":["bronze:Frontload","bronze:Repulsor"],"picked":"bronze:WhirlingStrike","floor":31},{"not_picked":["bronze:Separator","bronze:Branch"],"picked":"bronze:WhirlingStrike+1","floor":32},{"not_picked":["bronze:Hardcode","bronze:Assembly"],"picked":"bronze:Verify","floor":33},{"not_picked":["bronze:Frontload+1","bronze:Return","bronze:Separator+1"],"picked":"SKIP","floor":36},{"not_picked":["bronze:ChosenStrike+1","bronze:BugBarrage"],"picked":"bronze:DelayedSlice","floor":37},{"not_picked":["bronze:Repulsor","bronze:Allocate","bronze:Frontload+1"],"picked":"SKIP","floor":38},{"not_picked":["expansioncontent:AwakenDeath","expansioncontent:PolyBeam"],"picked":"expansioncontent:Chronoboost","floor":39},{"not_picked":["bronze:BitShift+1","bronze:BronzeArmor+1"],"picked":"bronze:WhirlingStrike+1","floor":44},{"not_picked":["bronze:ClassDefault","bronze:Frontload+1"],"picked":"bronze:Iterate","floor":45},{"not_picked":["bronze:Turbo+1","bronze:DarkDash"],"picked":"bronze:BronzeArmor+1","floor":46},{"not_picked":["bronze:WhirlingStrike","bronze:Invalidate+1"],"picked":"bronze:BronzeOrb","floor":47},{"not_picked":["bronze:Frontload","bronze:DelayedSlice"],"picked":"bronze:ClassDefault+1","floor":49}],"player_experience":204426,"relics_obtained":[{"floor":6,"key":"Vajra"},{"floor":14,"key":"FossilizedHelix"},{"floor":21,"key":"Red Mask"},{"floor":24,"key":"Regal Pillow"},{"floor":27,"key":"Pantograph"},{"floor":40,"key":"Blood Vial"},{"floor":40,"key":"Blue Candle"},{"floor":40,"key":"Torii"},{"floor":41,"key":"Omamori"}],"event_choices":[{"cards_removed":["bronze:Strike"],"damage_healed":0.0,"max_hp_gain":0.0,"max_hp_loss":0.0,"gold_gain":0.0,"event_name":"Bonfire Elementals","player_choice":"Offered Basic","floor":3.0,"gold_loss":0.0,"damage_taken":0.0},{"damage_healed":0,"gold_gain":0,"player_choice":"Fought Bandits","damage_taken":0,"max_hp_gain":0,"max_hp_loss":0,"event_name":"Masked Bandits","floor":21,"gold_loss":0}],"is_beta":false,"boss_relics":[{"not_picked":["Pandora\u0027s Box","bronze:PlatinumCore"],"picked":"Cursed Key"},{"not_picked":["Velvet Choker","bronze:MakeshiftBattery"],"picked":"Sozu"}],"items_purged_floors":[42],"is_endless":false,"potions_floor_spawned":[2,4,14,15,16,20,23,27,32,33,44,45,47],"killed_by":"DF_ARCHETYPE_ORBS","ascension_level":1}}