{"host":"ockkdcgl3b18tfz9","time":1611073458,"event":{"mods":["2.2 Compatiblity","BaseMod","Better Skull","Better Third Choice","BetterRewards","Hermit","Minty Spire (QoL Compilation)","Quick Restart","Replay The Spire","Spicy Shops","StSLib","SuperFastMode","The Jungle"],"gold_per_floor":[115,70,70,85,104,104,104],"floor_reached":6,"language":"ENG","playtime":149,"items_purged":["Parasite"],"score":61,"play_id":"ada7f122-78b7-46fe-b0af-d5c693ea90aa","local_time":"20210119232418","is_ascension_mode":true,"campfire_choices":[],"circlet_count":0,"master_deck":["AscendersBane","Strike_G","Strike_G","Strike_G","Strike_G","Strike_G","Defend_G","Defend_G","Defend_G","Defend_G","Defend_G","Survivor","Neutralize","Parasite","Dodge and Roll","Blade Dance","Deflect","Backstab"],"relics":["Ring of the Snake","ReplayTheSpireMod:CursedCoin","The Specimen","Vampiric Spirits"],"acts_visited":["Exordium"],"potions_floor_usage":[6,6],"damage_taken":[{"damage":1,"enemies":"Cultist","floor":1,"turns":5},{"damage":2,"enemies":"Jaw Worm","floor":4,"turns":5},{"damage":10,"enemies":"Small Slimes","floor":5,"turns":5},{"damage":12,"enemies":"Gremlin Nob","floor":6,"turns":3}],"seed_played":"7662054226704547077","potions_obtained":[{"floor":1,"key":"PowerPotion"},{"floor":4,"key":"EssenceOfSteel"}],"is_trial":false,"path_per_floor":["M","$","?","M","M","E"],"character_chosen":"THE_SILENT","items_purchased":["ReplayTheSpireMod:CursedCoin","The Specimen","Vampiric Spirits","Blade Dance"],"campfire_rested":0,"item_purchase_floors":[0,0,0,2],"current_hp_per_floor":[34,34,39,38,30,23,23],"gold":104,"neow_bonus":"","is_daily":false,"chose_seed":false,"campfire_upgraded":0,"win_rate":0.0,"timestamp":1611073458,"path_taken":["M","?","?","M","?","E"],"items_purchased_type":["Relic","Relic","Relic","Card"],"build_version":"2020-12-22","purchased_purges":1,"victory":false,"max_hp_per_floor":[63,63,63,63,63,63,63],"card_choices":[{"not_picked":["Setup","Quick Slash"],"picked":"Hidden Blade","floor":1},{"not_picked":["Underhanded Strike","Heel Hook"],"picked":"Deflect","floor":4},{"not_picked":["Flying Knee","Poisoned Stab"],"picked":"Backstab","floor":5}],"player_experience":293531,"relics_obtained":[],"event_choices":[{"cards_removed":["Hidden Blade"],"damage_healed":5,"gold_gain":0,"player_choice":"Offered Common","damage_taken":0,"max_hp_gain":0,"max_hp_loss":0,"event_name":"Bonfire Elementals","floor":3,"gold_loss":0},{"cards_removed":["Hidden Blade"],"damage_healed":5,"gold_gain":0,"player_choice":"Offered Special","damage_taken":0,"max_hp_gain":0,"max_hp_loss":0,"event_name":"Bonfire Elementals","floor":3,"gold_loss":0}],"is_beta":false,"boss_relics":[],"items_purged_floors":[0],"is_endless":false,"potions_floor_spawned":[1,4],"killed_by":"Gremlin Nob","ascension_level":14}}