{"host":"y76x98twjnyyxs83","time":1611074424,"event":{"mods":["BaseMod","Colored Powertips","Minty Spire (QoL Compilation)","Permanent Neow","Quick Restart","Rare Cards Sparkle","Relic Stats","StSLib"],"gold_per_floor":[111,111,125,125,139,139,153,153,232,256,10,26,60,74,74,169,169,185,185,9,9,9,9],"floor_reached":22,"language":"ENG","playtime":724,"items_purged":["Strike_G","Strike_G"],"score":353,"play_id":"59f28a96-b299-42b8-a10c-c33f18c5def7","local_time":"20210120004024","is_ascension_mode":true,"campfire_choices":[{"data":"Poisoned Stab","floor":6.0,"key":"SMITH"},{"data":"Bane","floor":8.0,"key":"SMITH"},{"data":"Skewer","floor":15,"key":"SMITH"}],"circlet_count":0,"master_deck":["AscendersBane","Strike_G","Strike_G","Strike_G","Defend_G","Defend_G","Defend_G","Defend_G","Defend_G","Survivor","Neutralize","PiercingWail","Poisoned Stab+1","Bane+1","Dagger Spray","Infinite Blades","Skewer+1","Well Laid Plans","Glass Knife","Wraith Form v2","Noxious Fumes","Necronomicurse"],"relics":["Busted Crown","Golden Idol","Letter Opener","Anchor","Black Star","Necronomicon"],"acts_visited":["Exordium","TheCity"],"potions_floor_usage":[13,16,18],"damage_taken":[{"damage":0.0,"enemies":"2 Louse","floor":1.0,"turns":3.0},{"damage":2.0,"enemies":"Small Slimes","floor":3.0,"turns":5.0},{"damage":0.0,"enemies":"Cultist","floor":5.0,"turns":5.0},{"damage":9.0,"enemies":"3 Louse","floor":7.0,"turns":4.0},{"damage":3,"enemies":"Looter","floor":10,"turns":3},{"damage":2,"enemies":"Gremlin Gang","floor":12,"turns":6},{"damage":17,"enemies":"Lagavulin","floor":13,"turns":6},{"damage":3,"enemies":"Blue Slaver","floor":14,"turns":3},{"damage":26,"enemies":"The Guardian","floor":16,"turns":12},{"damage":15,"enemies":"2 Thieves","floor":18,"turns":4},{"damage":14,"enemies":"3 Byrds","floor":22,"turns":3}],"seed_played":"5479474081146257461","potions_obtained":[{"floor":12,"key":"Explosive Potion"},{"floor":14,"key":"CunningPotion"},{"floor":16,"key":"CunningPotion"}],"is_trial":false,"path_per_floor":["M","?","M","?","M","R","M","R","T","M","$","M","E","M","R","B",null,"M","?","$","?","M"],"character_chosen":"THE_SILENT","items_purchased":["Infinite Blades","Skewer","Noxious Fumes"],"campfire_rested":0,"item_purchase_floors":[11,11,20],"current_hp_per_floor":[59,64,62,62,62,62,53,53,53,50,50,48,31,28,28,2,49,34,34,34,13,0,0],"gold":9,"neow_bonus":"BOSS_RELIC","is_daily":false,"chose_seed":false,"campfire_upgraded":3,"win_rate":0.0,"timestamp":1611074424,"path_taken":["M","?","M","?","M","R","M","R","T","M","$","M","E","M","R","BOSS","M","?","$","?","M"],"items_purchased_type":["Card","Card","Card"],"build_version":"2020-12-22","purchased_purges":2,"victory":false,"max_hp_per_floor":[66,71,71,64,64,64,64,64,64,64,64,64,64,64,64,64,64,64,64,64,64,64,64],"relic_stats":{"Busted Crown":20,"counters":[11,54],"Golden Idol":46,"Black Star":0,"Necronomicon":[0],"Letter Opener":[10],"obtain_stats":[{"Anchor":13,"Busted Crown":0,"Golden Idol":4,"Black Star":17,"Necronomicon":21,"Letter Opener":9,"Ring of the Snake":0},{"Anchor":7,"Busted Crown":0,"Golden Idol":2,"Black Star":9,"Necronomicon":10,"Letter Opener":4,"Ring of the Snake":0},{"Anchor":32,"Busted Crown":0,"Golden Idol":8,"Black Star":47,"Necronomicon":51,"Letter Opener":17,"Ring of the Snake":0}]},"card_choices":[{"not_picked":[],"picked":"PiercingWail","floor":1.0},{"not_picked":["PiercingWail"],"picked":"SKIP","floor":3.0},{"not_picked":[],"picked":"Poisoned Stab","floor":5.0},{"not_picked":[],"picked":"Bane","floor":7.0},{"not_picked":[],"picked":"Dagger Spray","floor":10},{"not_picked":[],"picked":"Well Laid Plans","floor":12},{"not_picked":[],"picked":"Glass Knife","floor":13},{"not_picked":["Dagger Spray"],"picked":"SKIP","floor":14},{"not_picked":[],"picked":"Wraith Form v2","floor":16},{"not_picked":["Distraction"],"picked":"SKIP","floor":18}],"player_experience":1168038,"relics_obtained":[{"floor":9.0,"key":"Letter Opener"},{"floor":13,"key":"Anchor"},{"floor":21,"key":"Necronomicon"}],"event_choices":[{"damage_healed":0.0,"max_hp_gain":5.0,"max_hp_loss":0.0,"gold_gain":0.0,"event_name":"Big Fish","player_choice":"Donut","floor":2.0,"gold_loss":0.0,"damage_taken":0.0},{"damage_healed":0.0,"max_hp_gain":0.0,"max_hp_loss":7.0,"gold_gain":0.0,"event_name":"Golden Idol","player_choice":"Lose Max HP","floor":4.0,"gold_loss":0.0,"damage_taken":0.0,"relics_obtained":["Golden Idol"]},{"damage_healed":0,"gold_gain":0,"player_choice":"Ignored","damage_taken":0,"max_hp_gain":0,"max_hp_loss":0,"event_name":"Vampires","floor":19,"gold_loss":0},{"damage_healed":0,"gold_gain":0,"player_choice":"Obtained Book","damage_taken":21,"max_hp_gain":0,"max_hp_loss":0,"event_name":"Cursed Tome","floor":21,"gold_loss":0}],"is_beta":false,"boss_relics":[{"not_picked":["Cursed Key","Ectoplasm"],"picked":"Black Star"}],"items_purged_floors":[11,20],"is_endless":false,"potions_floor_spawned":[12,14,16],"killed_by":"3 Byrds","ascension_level":18}}