{"host":"o9f8b8qp367yg72z","time":1611060247,"event":{"mods":["2.2 Compatiblity","Aspiration","BaseMod","Beaked The Cultist","Clockwork Mod","Colored Map","Colored Powertips","Conjunction","Conspire","Downfall","Friendly Minions","FutureSeer","Gold Saver","Halation","Highlight Path","Hubris","Infinite Spire","Marisa????????","Minty Spire (QoL Compilation)","Rare Cards Sparkle","Relic Stats","Shade Mod","StSLib","The Blackbeard","The Caster","The Construct","The Disciple","The Dragon Tamer","The Gatherer","The Hierophant","The Necromancer","The Servant 0.9.4","The Spell Scribe","The Witch","TheVacant"],"gold_per_floor":[0,12,24,306,29,49,73,92,120,120,120,138,138,155,169,274,274,274,287,387,387,249,149,149,74,74,88,115,132,32,32,48,152,152,152,171,181,181,230,230,230,268,180,227,254,327,339,351,378,398,410,450,254,254,254,257],"floor_reached":57,"language":"ENG","playtime":3221,"items_purged":["Guardian:Strike_Guardian","Guardian:Strike_Guardian","Guardian:Strike_Guardian"],"score":1678,"play_id":"bb21db58-afbf-4515-82a1-0ceb3e96498d","local_time":"20210119234407","is_ascension_mode":false,"campfire_choices":[{"data":"Guardian:TwinSlam","floor":1,"key":"SMITH"},{"data":"Guardian:Planning","floor":10,"key":"SMITH"},{"data":"Guardian:SentryBeam","floor":13,"key":"SMITH"},{"floor":18,"key":"RECALL"},{"data":"infinitespire:OneForAll","floor":23,"key":"SMITH"},{"data":"Guardian:ExploitGems","floor":26,"key":"SMITH"},{"data":"Guardian:PrismaticBeam","floor":30,"key":"SMITH"},{"data":"Guardian:PrimingBeam","floor":35,"key":"SMITH"},{"data":"Guardian:Strike_Guardian","floor":43,"key":"PURGE"},{"data":"Guardian:Defend_Guardian","floor":54,"key":"PURGE"}],"circlet_count":0,"master_deck":["Guardian:Defend_Guardian","Guardian:Defend_Guardian","Guardian:CurlUp","Guardian:TwinSlam+1","Guardian:CrystalBeam","Guardian:SentryBeam+1","Guardian:PrimingBeam+1","Guardian:Planning+1","Guardian:PrismaticBeam+1","Double Energy+1","Double Energy+1","Double Energy+1","Double Energy+1","Double Energy+1","Guardian:ExploitGems+1","infinitespire:OneForAll+1","Flash of Steel","Flash of Steel","Flash of Steel","Flash of Steel","Flash of Steel","Flash of Steel","Flash of Steel","Flash of Steel","Flash of Steel","Flash of Steel","Flash of Steel","Flash of Steel","Flash of Steel","Flash of Steel","Flash of Steel","Flash of Steel","Flash of Steel","Flash of Steel","Flash of Steel","Flash of Steel","Flash of Steel","Flash of Steel","Flash of Steel","Flash of Steel","Flash of Steel","Flash of Steel","Flash of Steel","Flash of Steel","Flash of Steel","Flash of Steel","Flash of Steel","Guardian:Gem_Orange","Guardian:Gem_Lightblue","Guardian:DecasProtection+1","Guardian:TemporalShield+1","Guardian:TemporalStrike"],"relics":["Guardian:ModeShifter","Ice Cream","Membership Card","Gremlin Horn","Oddly Smooth Stone","hubris:FunFungus","halation:LostSnail","Matryoshka","aspiration:HummingbirdHeart","beaked:BlessedCoat","White Beast Statue","Sling","Bronze Scales","downfall:HeartBlessingRed","infinitespire:CheckeredPen","Eternal Feather","hubris:TenFootPole","Mummified Hand","downfall:HeartBlessingGreen","sneckomod:BabySnecko","hubris:ScarierMask","Peace Pipe","MawBank","Pear","downfall:HeartBlessingBlue","halation:IllGainedPizza","halation:Trompette","Busted Crown","hubris:DeckOfHolding","Dead Branch","hubris:BlackHole"],"acts_visited":["Exordium","TheCity","TheBeyond","TheEnding"],"potions_floor_usage":[29,33,50,55,55,55],"damage_taken":[{"damage":8,"enemies":"infinitespire:Voidling","floor":2,"turns":5},{"damage":0,"enemies":"Cultist","floor":3,"turns":3},{"damage":5,"enemies":"downfall:FleeingMerchant","floor":4,"turns":3},{"damage":2,"enemies":"conspire:RoseBush","floor":6,"turns":4},{"damage":12,"enemies":"Blue Slaver","floor":8,"turns":4},{"damage":6,"enemies":"Lagavulin","floor":9,"turns":6},{"damage":0,"enemies":"2 Fungi Beasts","floor":12,"turns":3},{"damage":13,"enemies":"Exordium Thugs","floor":15,"turns":9},{"damage":0,"enemies":"DF_ARCHETYPE_STREAMLINE","floor":16,"turns":1},{"damage":18,"enemies":"conspire:FuzzyDice","floor":19,"turns":5},{"damage":98,"enemies":"downfall:LadyInBlue","floor":20,"turns":15},{"damage":18,"enemies":"Shelled Parasite and Fungi","floor":27,"turns":3},{"damage":18,"enemies":"Nightmare","floor":28,"turns":4},{"damage":1,"enemies":"Sentry and Sphere","floor":29,"turns":3},{"damage":0,"enemies":"Centurion and Healer","floor":32,"turns":2},{"damage":0,"enemies":"WA_ARCHETYPE_CALM","floor":33,"turns":5},{"damage":0,"enemies":"3 Darklings","floor":36,"turns":1},{"damage":0,"enemies":"3 Shapes","floor":37,"turns":1},{"damage":7,"enemies":"2 Orb Walkers","floor":39,"turns":2},{"damage":65,"enemies":"Nightmare","floor":42,"turns":6},{"damage":13,"enemies":"beaked:SuperParasite","floor":44,"turns":4},{"damage":0,"enemies":"Sphere and 2 Shapes","floor":45,"turns":1},{"damage":21,"enemies":"Sphere and 2 Shapes","floor":46,"turns":7},{"damage":0,"enemies":"Jaw Worm Horde","floor":49,"turns":1},{"damage":15,"enemies":"SI_POISON_ARCHETYPE","floor":50,"turns":5},{"damage":0,"enemies":"downfall:CharBossMerchant","floor":52,"turns":1},{"damage":0,"enemies":"downfall:NeowBoss","floor":55,"turns":3},{"damage":0,"enemies":"downfall:NeowBossFinal","floor":56,"turns":3}],"seed_played":"1875001950832305304","potions_obtained":[{"floor":3,"key":"SteroidPotion"},{"floor":8,"key":"EssenceOfSteel"},{"floor":12,"key":"AttackPotion"},{"floor":20,"key":"AttackPotion"},{"floor":29,"key":"FearPotion"},{"floor":33,"key":"Guardian:AcceleratePotion"},{"floor":47,"key":"CultistPotion"},{"floor":52,"key":"FearPotion"}],"is_trial":false,"path_per_floor":["R","M","M","$","$","M","T","M","E","R","?","M","R","$","M","B",null,"R","M","?","AVR","$","R","T","$","R","M","NM","M","R","?","M","B",null,"R","M","M","?","?","?","T","NM","R","E","M","?","?","AVR","M","B",null,"E","$","R","B","B",null],"character_chosen":"GUARDIAN","items_purchased":["Guardian:Gem_Orange","Guardian:Gem_Lightblue","Guardian:SentryBeam","Membership Card","Guardian:Gem_Lightblue","Gremlin Horn","Guardian:PrimingBeam","halation:LostSnail","Matryoshka","aspiration:HummingbirdHeart","Flash of Steel","Bronze Scales","Guardian:Gem_Cyan","hubris:TenFootPole","Dead Branch"],"campfire_rested":0,"item_purchase_floors":[4,4,4,5,5,5,5,14,14,14,22,22,22,25,53],"current_hp_per_floor":[80,72,72,67,67,65,65,53,47,47,47,50,50,50,80,80,80,80,80,80,80,80,80,80,80,80,80,80,80,80,80,80,80,80,80,80,80,80,80,80,80,90,100,100,100,100,100,100,100,100,100,100,100,100,100,100],"gold":257,"neow_bonus":"ONE_RARE_RELIC","is_daily":false,"chose_seed":false,"campfire_upgraded":7,"win_rate":0.0,"timestamp":1611060247,"path_taken":["R","M","?","?","$","M","T","M","E","R","?","M","R","$","M","BOSS","R","M","?","AVR","?","R","T","$","R","?","NM","M","R","?","M","BOSS","R","M","M","?","?","?","T","NM","R","E","?","?","?","AVR","M","BOSS","E","$","R","BOSS","BOSS"],"items_purchased_type":["Card","Card","Card","Relic","Card","Relic","Card","Relic","Relic","Relic","Card","Relic","Card","Relic","Relic"],"build_version":"2020-12-22","purchased_purges":3,"victory":true,"max_hp_per_floor":[80,80,80,80,80,80,80,80,80,80,80,80,80,80,80,80,80,80,80,80,80,80,80,80,80,80,80,80,80,80,80,80,80,80,80,80,80,80,80,80,80,90,100,100,100,100,100,100,100,100,100,100,100,100,100,100],"relic_stats":{"Peace Pipe":2,"Busted Crown":10,"Gremlin Horn":[8,8],"counters":[28,109],"Mummified Hand":[1],"Bronze Scales":[138],"Dead Branch":[192],"Eternal Feather":0,"MawBank":144,"obtain_stats":[{"Ice Cream":0,"Gremlin Horn":5,"downfall:HeartBlessingGreen":30,"beaked:BlessedCoat":17,"Sling":21,"hubris:BlackHole":53,"Matryoshka":14,"Mummified Hand":28,"downfall:HeartBlessingBlue":43,"hubris:ScarierMask":34,"hubris:DeckOfHolding":52,"hubris:FunFungus":9,"Pear":42,"downfall:HeartBlessingRed":23,"Dead Branch":53,"Guardian:ModeShifter":0,"Oddly Smooth Stone":7,"halation:IllGainedPizza":44,"Eternal Feather":24,"aspiration:HummingbirdHeart":14,"infinitespire:CheckeredPen":24,"MawBank":41,"White Beast Statue":20,"Du-Vu Doll":0,"Peace Pipe":39,"sneckomod:BabySnecko":31,"Busted Crown":48,"Bronze Scales":22,"hubris:TenFootPole":25,"Membership Card":5,"halation:LostSnail":14,"halation:Trompette":46},{"Ice Cream":0,"Gremlin Horn":3,"downfall:HeartBlessingGreen":14,"beaked:BlessedCoat":9,"Sling":11,"hubris:BlackHole":26,"Matryoshka":7,"Mummified Hand":13,"downfall:HeartBlessingBlue":20,"hubris:ScarierMask":16,"hubris:DeckOfHolding":26,"hubris:FunFungus":6,"Pear":20,"downfall:HeartBlessingRed":11,"Dead Branch":26,"Guardian:ModeShifter":0,"Oddly Smooth Stone":4,"halation:IllGainedPizza":21,"Eternal Feather":11,"aspiration:HummingbirdHeart":7,"infinitespire:CheckeredPen":11,"MawBank":19,"White Beast Statue":11,"Du-Vu Doll":0,"Peace Pipe":19,"sneckomod:BabySnecko":14,"Busted Crown":23,"Bronze Scales":11,"hubris:TenFootPole":11,"Membership Card":3,"halation:LostSnail":7,"halation:Trompette":23},{"Ice Cream":0,"Gremlin Horn":11,"downfall:HeartBlessingGreen":68,"beaked:BlessedCoat":38,"Sling":58,"hubris:BlackHole":103,"Matryoshka":28,"Mummified Hand":65,"downfall:HeartBlessingBlue":85,"hubris:ScarierMask":75,"hubris:DeckOfHolding":103,"hubris:FunFungus":25,"Pear":85,"downfall:HeartBlessingRed":58,"Dead Branch":103,"Guardian:ModeShifter":0,"Oddly Smooth Stone":15,"halation:IllGainedPizza":89,"Eternal Feather":58,"aspiration:HummingbirdHeart":28,"infinitespire:CheckeredPen":58,"MawBank":79,"White Beast Statue":58,"Du-Vu Doll":0,"Peace Pipe":79,"sneckomod:BabySnecko":68,"Busted Crown":97,"Bronze Scales":58,"hubris:TenFootPole":58,"Membership Card":11,"halation:LostSnail":28,"halation:Trompette":97}]},"card_choices":[{"not_picked":["Guardian:RollAttack","Guardian:Gem_Red"],"picked":"Guardian:CrystalBeam","floor":2},{"not_picked":["Guardian:TemporalStrike","Guardian:CrystalBeam"],"picked":"Guardian:Gem_Green","floor":3},{"not_picked":["Guardian:VentSteam","Guardian:ConstructionForm"],"picked":"Guardian:Gem_Red","floor":4},{"not_picked":["Guardian:Recover","Guardian:RollAttack"],"picked":"Guardian:Gem_Green","floor":6},{"not_picked":["Guardian:WalkerClaw","Guardian:Recover"],"picked":"Guardian:Planning","floor":8},{"not_picked":["Guardian:TemporalShield","Guardian:Repulse"],"picked":"Guardian:Gem_Purple","floor":9},{"not_picked":["Guardian:ShieldCharger","Guardian:WalkerClaw","Guardian:Preprogram"],"picked":"SKIP","floor":12},{"not_picked":["Guardian:WalkerClaw","Guardian:SentryBeam"],"picked":"Guardian:PrismaticBeam","floor":15},{"not_picked":["Guardian:GemFire","Guardian:RevengeProtocol"],"picked":"Guardian:ExploitGems","floor":16},{"not_picked":["Guardian:TemporalStrike","Guardian:Suspension"],"picked":"Guardian:Gem_Red","floor":19},{"not_picked":["Guardian:ShieldCharger+1","Guardian:Recover"],"picked":"Guardian:Gem_Cyan","floor":20},{"not_picked":["Guardian:Gem_Yellow","Guardian:Suspension+1"],"picked":"Guardian:Gem_Cyan","floor":27},{"not_picked":["Guardian:MultiBeam","Guardian:PolyBeam"],"picked":"Guardian:Gem_Cyan","floor":28},{"not_picked":["Guardian:Gem_Yellow","Guardian:Emergency","Guardian:TimeBomb"],"picked":"SKIP","floor":29},{"not_picked":["Guardian:Gem_Crimson","Guardian:RefractedBeam+1","Guardian:TemporalStrike"],"picked":"SKIP","floor":32},{"not_picked":["Guardian:FastForward","Guardian:StasisStrike"],"picked":"Guardian:Gem_Orange","floor":33},{"not_picked":["Guardian:FloatingOrbs","Guardian:Recover+1","Guardian:Emergency+1"],"picked":"SKIP","floor":36},{"not_picked":["Guardian:ChargeCore+1","Guardian:WalkerClaw","Guardian:ShieldCharger"],"picked":"SKIP","floor":37},{"not_picked":["Guardian:Orbwalk+1","Guardian:Gem_Yellow"],"picked":"Guardian:Gem_Lightblue","floor":39},{"not_picked":["Guardian:SentryBeam+1","Guardian:FastForward"],"picked":"Guardian:DecasProtection+1","floor":42},{"not_picked":["Guardian:Suspension+1","Guardian:Orbwalk+1"],"picked":"Guardian:Gem_White","floor":44},{"not_picked":["Guardian:Gem_Green","Guardian:Gem_Purple"],"picked":"Guardian:TemporalShield+1","floor":45},{"not_picked":[],"picked":"Guardian:TemporalStrike","floor":49},{"not_picked":["Guardian:CrystalBeam"],"picked":"SKIP","floor":52}],"player_experience":366967,"relics_obtained":[{"floor":7,"key":"Oddly Smooth Stone"},{"floor":9,"key":"hubris:FunFungus"},{"floor":20,"key":"White Beast Statue"},{"floor":24,"key":"infinitespire:CheckeredPen"},{"floor":24,"key":"Eternal Feather"},{"floor":28,"key":"Mummified Hand"},{"floor":39,"key":"Peace Pipe"},{"floor":41,"key":"MawBank"},{"floor":42,"key":"Pear"},{"floor":44,"key":"halation:IllGainedPizza"},{"floor":46,"key":"halation:Trompette"},{"floor":52,"key":"hubris:DeckOfHolding"}],"event_choices":[{"damage_healed":0,"gold_gain":0,"player_choice":"Leave","damage_taken":0,"max_hp_gain":0,"max_hp_loss":0,"event_name":"conspire:Investor","floor":11,"gold_loss":0},{"cards_removed":["Guardian:Defend_Guardian"],"damage_healed":0,"gold_gain":0,"player_choice":"Removed Skill","damage_taken":0,"max_hp_gain":0,"max_hp_loss":0,"event_name":"Falling","floor":38,"gold_loss":0},{"damage_healed":0,"gold_gain":0,"player_choice":"Fight","damage_taken":0,"max_hp_gain":0,"max_hp_loss":0,"event_name":"Mysterious Sphere","floor":39,"gold_loss":0},{"damage_healed":0,"gold_gain":0,"player_choice":"Got Potions","damage_taken":0,"max_hp_gain":0,"max_hp_loss":0,"event_name":"Lab","floor":47,"gold_loss":0}],"is_beta":false,"boss_relics":[{"not_picked":["Runic Pyramid","aspiration:SecretTechniqueScroll","Snecko Eye"]},{"not_picked":["halation:ForbiddenBikini","halation:Risk"],"picked":"hubris:ScarierMask"}],"items_purged_floors":[4,5,53],"is_endless":false,"potions_floor_spawned":[3,8,12,16,20,27,28,29,32,33,36,37,39,42,44,45,46,49,52],"ascension_level":0}}