{"host":"fbrnmnl7irs6wn10","time":1611028613,"event":{"mods":["BaseMod","Custom Start","Friendly Minions","Hero for Fun","Minty Spire (QoL Compilation)","Quick Restart","Relic Stats","Shade Mod","StSLib","The Hierophant","The Necromancer"],"gold_per_floor":[119,92,108,108,128,162,112,132,186,215,215,249,266,266,266,369,369,384,398,398,398,398,423,423,423,423,27,27,38,58,91,91,194,194,207,53,53,53,53],"floor_reached":38,"language":"FRA","playtime":1884,"items_purged":["Shade:Consume"],"score":480,"play_id":"c1bd1b03-b372-4ef8-bf34-cee3204589f5","local_time":"20210119045653","is_ascension_mode":false,"campfire_choices":[{"data":"Shade:Carnophage","floor":11,"key":"SMITH"},{"data":"Shade:OpenGraves","floor":15,"key":"SMITH"},{"floor":24,"key":"REST"},{"data":"Metamorphosis","floor":28,"key":"SMITH"},{"floor":32,"key":"REST"}],"circlet_count":0,"master_deck":["Shade:Strike_Shade","Shade:Defend_Shade","Shade:Defend_Shade","Shade:AnimateDead+1","Shade:CarefulCut","Shade:Carnophage+1","Shade:OpenGraves+1","Shade:GraveStillness","Shade:Brains+1","Shade:Patience","Metamorphosis+1","Shade:LichForm","Shade:FleshToFlesh+1"],"relics":["Shade:YorickPolishedSkull","Mercury Hourglass","Strawberry","Juzu Bracelet","Regal Pillow","Smiling Mask","Torii","Vajra","Bag of Preparation","Philosopher\u0027s Stone","Lantern"],"acts_visited":["Exordium","TheCity","TheBeyond"],"potions_floor_usage":[6,10,10,16,31,31,38,38],"damage_taken":[{"damage":0,"enemies":"Cultist","floor":1,"turns":3},{"damage":0,"enemies":"Small Slimes","floor":3,"turns":3},{"damage":0,"enemies":"2 Louse","floor":5,"turns":4},{"damage":4,"enemies":"Lagavulin","floor":6,"turns":10},{"damage":9,"enemies":"Lots of Slimes","floor":8,"turns":3},{"damage":8,"enemies":"3 Sentries","floor":10,"turns":6},{"damage":12,"enemies":"Gremlin Nob","floor":12,"turns":5},{"damage":0,"enemies":"2 Fungi Beasts","floor":13,"turns":3},{"damage":0,"enemies":"Slime Boss","floor":16,"turns":9},{"damage":17,"enemies":"2 Thieves","floor":18,"turns":4},{"damage":0,"enemies":"Chosen","floor":19,"turns":4},{"damage":27,"enemies":"Slavers","floor":23,"turns":6},{"damage":7,"enemies":"Shelled Parasite and Fungi","floor":29,"turns":4},{"damage":1,"enemies":"Centurion and Healer","floor":30,"turns":4},{"damage":1,"enemies":"Gremlin Leader","floor":31,"turns":6},{"damage":21,"enemies":"Champ","floor":33,"turns":9},{"damage":23,"enemies":"3 Darklings","floor":35,"turns":5},{"damage":60,"enemies":"2 Orb Walkers","floor":38,"turns":5}],"seed_played":"291315879335914381","potions_obtained":[{"floor":3,"key":"Dexterity Potion"},{"floor":5,"key":"Regen Potion"},{"floor":6,"key":"SteroidPotion"},{"floor":13,"key":"LiquidMemories"},{"floor":16,"key":"SteroidPotion"},{"floor":29,"key":"DuplicationPotion"},{"floor":30,"key":"Explosive Potion"},{"floor":33,"key":"Swift Potion"},{"floor":35,"key":"PowerPotion"}],"is_trial":false,"path_per_floor":["M","?","M","?","M","E","?","M","T","E","R","E","M","?","R","B",null,"M","M","?","?","?","E","R","?","T","$","R","M","M","E","R","B",null,"M","$","?","?"],"character_chosen":"SHADE","items_purchased":["Vajra","Metamorphosis","Lantern"],"campfire_rested":2,"item_purchase_floors":[27,27,36],"current_hp_per_floor":[65,65,65,65,65,61,61,52,52,66,66,54,54,51,51,51,72,55,55,55,55,42,15,53,53,53,53,53,46,45,44,77,56,77,54,54,54,0,0],"gold":53,"neow_bonus":"TRANSFORM_CARD","is_daily":false,"chose_seed":false,"campfire_upgraded":3,"win_rate":0.0,"timestamp":1611028613,"path_taken":["M","?","M","?","M","E","?","M","T","E","R","E","M","?","R","BOSS","M","M","?","?","?","E","R","?","T","$","R","M","M","E","R","BOSS","M","$","?","?"],"items_purchased_type":["Relic","Card","Relic"],"build_version":"2020-12-22","purchased_purges":1,"victory":false,"max_hp_per_floor":[65,65,65,65,65,65,65,65,65,72,72,72,72,72,72,72,72,72,72,72,72,77,77,77,77,77,77,77,77,77,77,77,77,77,77,77,73,73,73],"relic_stats":{"Regal Pillow":25,"Torii":10,"counters":[18,93],"Juzu Bracelet":1,"Bag of Preparation":[6],"Smiling Mask":25,"obtain_stats":[{"Regal Pillow":14,"Lantern":36,"Torii":26,"Shade:YorickSkull":0,"Strawberry":10,"Vajra":27,"Shade:YorickPolishedSkull":17,"Philosopher\u0027s Stone":34,"Juzu Bracelet":12,"Bag of Preparation":31,"Smiling Mask":23,"Mercury Hourglass":6},{"Regal Pillow":8,"Lantern":17,"Torii":12,"Shade:YorickSkull":0,"Strawberry":6,"Vajra":12,"Shade:YorickPolishedSkull":9,"Philosopher\u0027s Stone":16,"Juzu Bracelet":7,"Bag of Preparation":15,"Smiling Mask":12,"Mercury Hourglass":4},{"Regal Pillow":37,"Lantern":88,"Torii":60,"Shade:YorickSkull":0,"Strawberry":29,"Vajra":60,"Shade:YorickPolishedSkull":46,"Philosopher\u0027s Stone":83,"Juzu Bracelet":34,"Bag of Preparation":74,"Smiling Mask":60,"Mercury Hourglass":20}],"Mercury Hourglass":[386]},"card_choices":[{"not_picked":["Shade:CommandSoldier","Shade:FleshOffering"],"picked":"Shade:OpenGraves","floor":1},{"not_picked":["Shade:StitchTogether","Shade:Brains","Shade:CallWraith"],"picked":"SKIP","floor":3},{"not_picked":["Shade:PotionOfRestlessness","Shade:Doomsay","Shade:CoffinDance"],"picked":"SKIP","floor":5},{"not_picked":["Shade:BoneShards","Shade:FingerOfDeath","Shade:PoundOfFlesh"],"picked":"SKIP","floor":6},{"not_picked":["Shade:FleshOffering","Shade:PressTheAttack","Shade:FreshBones"],"picked":"SKIP","floor":8},{"not_picked":["Shade:DarkOfNight","Shade:FingerOfDeath"],"picked":"Shade:GraveStillness","floor":10},{"not_picked":["Shade:Frenzy","Shade:FingerOfDeath","Shade:FleshLikeOak"],"picked":"SKIP","floor":12},{"not_picked":["Shade:SoulToxin","Shade:Doomsay","Shade:Frenzy"],"picked":"SKIP","floor":13},{"not_picked":["Shade:FleshOffering","Shade:CallWraith","Shade:ExtraLimbs"],"picked":"SKIP","floor":18},{"not_picked":["Shade:ExtraLimbs","Shade:Awaken","Shade:CallWraith"],"picked":"SKIP","floor":19},{"not_picked":["Shade:SkeletonArmy","Shade:GreyBargain"],"picked":"Shade:Brains+1","floor":23},{"not_picked":["Shade:FreshBones","Shade:FingerOfDeath","Shade:SkeletonHug"],"picked":"SKIP","floor":29},{"not_picked":["Shade:ExtraLimbs","Shade:FuneraryArmor","Shade:BoneShards"],"picked":"SKIP","floor":30},{"not_picked":["Shade:ScuttlingHand","Shade:SkeletonHug"],"picked":"Shade:LichForm","floor":31},{"not_picked":["Shade:Bite_Shade+1","Shade:SensePrey"],"picked":"Shade:FleshToFlesh+1","floor":35}],"player_experience":542044,"relics_obtained":[{"floor":6,"key":"Mercury Hourglass"},{"floor":10,"key":"Strawberry"},{"floor":12,"key":"Juzu Bracelet"},{"floor":23,"key":"Smiling Mask"},{"floor":26,"key":"Torii"},{"floor":31,"key":"Bag of Preparation"}],"event_choices":[{"damage_healed":0,"gold_gain":0,"player_choice":"Left Gold","damage_taken":0,"max_hp_gain":0,"max_hp_loss":0,"event_name":"World of Goop","floor":2,"gold_loss":27},{"damage_healed":0,"gold_gain":0,"player_choice":"Grow","damage_taken":0,"max_hp_gain":0,"max_hp_loss":0,"event_name":"Living Wall","floor":4,"gold_loss":0,"cards_upgraded":["Shade:AnimateDead"]},{"cards_removed":["Shade:Defend_Shade"],"damage_healed":0,"gold_gain":0,"player_choice":"Card Removal","damage_taken":0,"max_hp_gain":0,"max_hp_loss":0,"event_name":"The Cleric","floor":7,"gold_loss":50},{"damage_healed":0,"gold_gain":0,"player_choice":"Success","damage_taken":3,"relics_obtained":["Regal Pillow"],"max_hp_gain":0,"max_hp_loss":0,"event_name":"Scrap Ooze","floor":14,"gold_loss":0},{"cards_removed":["Shade:Strike_Shade"],"damage_healed":0,"gold_gain":0,"player_choice":"Purged","damage_taken":0,"max_hp_gain":0,"max_hp_loss":0,"event_name":"Purifier","floor":20,"gold_loss":0},{"damage_healed":0,"gold_gain":0,"player_choice":"Ignored","damage_taken":0,"max_hp_gain":0,"max_hp_loss":0,"event_name":"Beggar","floor":21,"gold_loss":0},{"damage_healed":0,"gold_gain":0,"player_choice":"Shed Blood","damage_taken":18,"max_hp_gain":5,"max_hp_loss":0,"event_name":"Forgotten Altar","floor":22,"gold_loss":0},{"damage_healed":0,"gold_gain":0,"cards_transformed":["Shade:Defend_Shade","Shade:Strike_Shade"],"player_choice":"Became Test Subject","damage_taken":0,"max_hp_gain":0,"max_hp_loss":0,"event_name":"Drug Dealer","floor":25,"gold_loss":0,"cards_obtained":["Shade:Patience","Shade:Consume"]},{"damage_healed":0,"gold_gain":0,"player_choice":"Max HP","damage_taken":0,"max_hp_gain":0,"max_hp_loss":4,"event_name":"Winding Halls","floor":37,"gold_loss":0},{"damage_healed":0,"gold_gain":0,"player_choice":"Fight","damage_taken":0,"max_hp_gain":0,"max_hp_loss":0,"event_name":"Mysterious Sphere","floor":38,"gold_loss":0}],"is_beta":false,"boss_relics":[{"not_picked":["Pandora\u0027s Box","Ectoplasm"],"picked":"Shade:YorickPolishedSkull"},{"not_picked":["Cursed Key","Black Star"],"picked":"Philosopher\u0027s Stone"}],"items_purged_floors":[27],"is_endless":false,"potions_floor_spawned":[3,5,6,13,16,29,30,33,35],"killed_by":"2 Orb Walkers","ascension_level":0}}