{"host":"1a3cjta80tad0aqj","time":1611051059,"event":{"mods":["2.2 Compatiblity","AchievementEnabler","BaseMod","Colored Map","DeckTracker","KOR Keyword Fix","Keyboard Shortcuts","Minty Spire (QoL Compilation)","Permanent Neow","Quick Restart","Random Character Button","StSLib","SuperFastMode","everything is the same but u backflip on backflip"],"gold_per_floor":[111,131,131,131,143,182,24,24,24,24,24,24,91,128,140,232,271,308,329,370,382,309,321,372,384,469,507,530,560,222,249,249,249,249],"floor_reached":33,"language":"KOR","playtime":1126,"items_purged":[],"score":626,"play_id":"4d07efef-e72f-48be-8c11-4f43962c7124","local_time":"20210119191059","is_ascension_mode":true,"campfire_choices":[{"floor":8.0,"key":"REST"},{"floor":10.0,"key":"REST"},{"data":"SashWhip","floor":12.0,"key":"SMITH"},{"data":"BowlingBash","floor":15.0,"key":"SMITH"},{"floor":23.0,"key":"REST"},{"data":"Blasphemy","floor":25.0,"key":"SMITH"},{"floor":32,"key":"REST"}],"circlet_count":0,"master_deck":["AscendersBane","Strike_P","Strike_P","Defend_P","Defend_P","Eruption+1","Vigilance","FlurryOfBlows","FollowUp","BowlingBash+1","SashWhip+1","TalkToTheHand","Blasphemy+1","PathToVictory+1","ForeignInfluence+1","Crescendo+1","InnerPeace","Eruption+1","EmptyFist","EmptyBody","Adaptation","MentalFortress","CutThroughFate","Dark Shackles","EmptyMind"],"relics":["PureWater","NeowsBlessing","Lizard Tail","CeramicFish","Membership Card","Gambling Chip","MawBank","Regal Pillow","Astrolabe","Letter Opener","Juzu Bracelet","Gremlin Horn","Bag of Preparation","Pear"],"acts_visited":["Exordium","TheCity"],"potions_floor_usage":[33],"damage_taken":[{"damage":0.0,"enemies":"Small Slimes","floor":1.0,"turns":2.0},{"damage":0.0,"enemies":"Cultist","floor":2.0,"turns":1.0},{"damage":0.0,"enemies":"2 Louse","floor":5.0,"turns":2.0},{"damage":16.0,"enemies":"Gremlin Nob","floor":6.0,"turns":3.0},{"damage":12.0,"enemies":"Gremlin Nob","floor":13.0,"turns":3.0},{"damage":0.0,"enemies":"Slime Boss","floor":16.0,"turns":3.0},{"damage":32.0,"enemies":"2 Thieves","floor":18.0,"turns":3.0},{"damage":9.0,"enemies":"3 Byrds","floor":20.0,"turns":4.0},{"damage":2.0,"enemies":"Gremlin Leader","floor":24.0,"turns":2.0},{"damage":3.0,"enemies":"Snecko","floor":27.0,"turns":3.0},{"damage":15.0,"enemies":"Snake Plant","floor":28.0,"turns":3.0},{"damage":19.0,"enemies":"Centurion and Healer","floor":29.0,"turns":3.0},{"damage":5,"enemies":"Shelled Parasite and Fungi","floor":31,"turns":2},{"damage":47,"enemies":"Champ","floor":33,"turns":10}],"seed_played":"4286837884170839308","potions_obtained":[{"floor":1.0,"key":"Ambrosia"},{"floor":5.0,"key":"PowerPotion"},{"floor":16.0,"key":"Regen Potion"}],"is_trial":false,"path_per_floor":["M","M","?","?","M","E","$","R","T","R","?","R","?","T","R","B",null,"M","?","M","$","?","R","E","R","T","M","M","M","$","M","R","B"],"character_chosen":"WATCHER","items_purchased":["Membership Card","StancePotion","Bag of Preparation","Pear","MentalFortress","CutThroughFate","Dark Shackles"],"campfire_rested":4,"item_purchase_floors":[7,30,30,30,30,30,30],"current_hp_per_floor":[61,61,43,43,43,27,27,47,47,67,60,60,48,48,48,48,63,31,31,22,22,22,57,55,55,55,52,37,27,37,32,70,23,23],"gold":249,"neow_bonus":"THREE_ENEMY_KILL","is_daily":false,"chose_seed":false,"campfire_upgraded":3,"win_rate":0.0,"timestamp":1611051059,"path_taken":["M","M","?","?","?","E","$","R","T","R","?","R","?","?","R","BOSS","M","?","?","$","?","R","E","R","T","M","M","M","$","M","R","BOSS"],"items_purchased_type":["Relic","Potion","Relic","Relic","Card","Card","Card"],"build_version":"2020-12-22","purchased_purges":0,"victory":false,"max_hp_per_floor":[68,68,68,68,68,68,68,68,68,68,68,68,68,68,68,68,68,68,68,68,68,68,68,68,68,68,68,68,68,78,78,78,78,78],"card_choices":[{"not_picked":["ForeignInfluence","DeceiveReality"],"picked":"FlurryOfBlows","floor":1.0},{"not_picked":["Fasting2","Nirvana"],"picked":"FollowUp","floor":2.0},{"not_picked":["Evaluate","ClearTheMind"],"picked":"BowlingBash","floor":5.0},{"not_picked":["Evaluate","Weave"],"picked":"SashWhip","floor":6.0},{"not_picked":["WheelKick","SandsOfTime"],"picked":"TalkToTheHand","floor":13.0},{"not_picked":["Devotion","Brilliance"],"picked":"Blasphemy","floor":16.0},{"not_picked":["WaveOfTheHand","CutThroughFate"],"picked":"InnerPeace","floor":18.0},{"not_picked":["InnerPeace","Nirvana+1"],"picked":"EmptyFist","floor":20.0},{"not_picked":["BowlingBash","ClearTheMind"],"picked":"EmptyBody","floor":24.0},{"not_picked":["InnerPeace","Evaluate"],"picked":"Adaptation","floor":27.0},{"not_picked":["Protect","Indignation","Prostrate"],"picked":"SKIP","floor":28.0},{"not_picked":["Evaluate","WreathOfFlame","Sanctity"],"picked":"SKIP","floor":29.0},{"not_picked":["DeceiveReality","CarveReality"],"picked":"EmptyMind","floor":31}],"player_experience":778421,"relics_obtained":[{"floor":6.0,"key":"CeramicFish"},{"floor":9.0,"key":"Gambling Chip"},{"floor":13.0,"key":"MawBank"},{"floor":14.0,"key":"Regal Pillow"},{"floor":24.0,"key":"Juzu Bracelet"},{"floor":26.0,"key":"Gremlin Horn"}],"event_choices":[{"damage_healed":0.0,"max_hp_gain":0.0,"max_hp_loss":0.0,"gold_gain":0.0,"event_name":"Scrap Ooze","player_choice":"Success","floor":3.0,"gold_loss":0.0,"damage_taken":18.0,"relics_obtained":["Lizard Tail"]},{"damage_healed":0.0,"max_hp_gain":0.0,"max_hp_loss":0.0,"gold_gain":0.0,"event_name":"Upgrade Shrine","player_choice":"Upgraded","floor":4.0,"gold_loss":0.0,"damage_taken":0.0,"cards_upgraded":["Eruption"]},{"cards_removed":["Defend_P"],"damage_healed":0.0,"max_hp_gain":0.0,"max_hp_loss":0.0,"gold_gain":0.0,"event_name":"Golden Wing","player_choice":"Card Removal","floor":11.0,"gold_loss":0.0,"damage_taken":7.0},{"damage_healed":0.0,"max_hp_gain":0.0,"max_hp_loss":0.0,"gold_gain":0.0,"event_name":"Dead Adventurer","player_choice":"Searched \u00272\u0027 times","floor":13.0,"gold_loss":0.0,"damage_taken":0.0},{"damage_healed":0.0,"max_hp_gain":0.0,"max_hp_loss":0.0,"gold_gain":0.0,"event_name":"Duplicator","player_choice":"Copied","floor":19.0,"gold_loss":0.0,"damage_taken":0.0,"cards_obtained":["Eruption"]},{"damage_healed":0.0,"max_hp_gain":0.0,"max_hp_loss":0.0,"gold_gain":0.0,"event_name":"Addict","player_choice":"Obtained Relic","floor":22.0,"gold_loss":85.0,"damage_taken":0.0,"relics_obtained":["Letter Opener"]}],"is_beta":false,"boss_relics":[{"not_picked":["SacredBark","Coffee Dripper"],"picked":"Astrolabe"}],"items_purged_floors":[],"is_endless":false,"potions_floor_spawned":[1,5,16,18,20,28],"killed_by":"Champ","ascension_level":20}}