{"host":"pno9h1fupbyz205f","time":1611015943,"event":{"mods":["Aspiration","BaseMod","Better Altar","Better Match","Better Note","Better Sensory Stone","Better Skull","Better Third Choice","Colored Map","Colored Powertips","Hermit","Highlight Path","Hubris","Infinite Spire","Jedi Mod","Mad Scientist","Marisa????????","Minty Spire (QoL Compilation)","Permanent Neow","Potionbrewer","Prisma Mod","Replay The Spire","Robot Space Explorer","Shop Mod","Spicy Shops","StSLib","Td1madao Mod","The Blackbeard","The Gatherer","The Hierophant","The Marked","The Poker Player","The Runesmith","The Servant 0.9.4","The Spell Scribe","The Vixen","thorton","vexMod"],"gold_per_floor":[116,131,131,141,156,156,181,181,181,198,72,72,85,97,97,200,200,210,65,75,125,35,35,61,61,61,61,96,108,108],"floor_reached":29,"language":"ENG","playtime":1568,"items_purged":["Defend_G","Defend_G"],"score":280,"play_id":"15035321-ab0a-4b46-8ba8-9db392030797","local_time":"20210118162543","is_ascension_mode":false,"campfire_choices":[{"data":"Infinite Blades","floor":6,"key":"SMITH"},{"data":"Terror","floor":23,"key":"SMITH"},{"data":"infinitespire:Starlight","floor":25,"key":"SMITH"},{"data":"jedi:brewingpoison","floor":27,"key":"SMITH"}],"circlet_count":0,"master_deck":["Strike_G","Strike_G","Strike_G+1","Strike_G","Strike_G","Defend_G","Defend_G","Neutralize+1","Deflect","Infinite Blades+1","Deflect","Poisoned Stab","Fluid Movement","Fluid Movement","Slice+1","ReplayTheSpireMod:Speed Training","jedi:brewingpoison+1","Terror+1","Flying Knee+1","infinitespire:Starlight+1","Escape Plan","Slice"],"relics":["Ring of the Snake","Centennial Puzzle","vexMod:TanglingVine","jedi:paperlyon","aspiration:MobileForge","MerchantsRug","infinitespire:EmpoweringShard","Tiny House","potionbrewer:Torch","TungstenRod","MawBank"],"acts_visited":["Exordium","TheCity"],"potions_floor_usage":[5,7,13,18,24,28],"damage_taken":[{"damage":9,"enemies":"Jaw Worm","floor":1,"turns":5},{"damage":1,"enemies":"Cultist","floor":2,"turns":5},{"damage":0,"enemies":"Small Slimes","floor":4,"turns":3},{"damage":3,"enemies":"Looter","floor":5,"turns":3},{"damage":11,"enemies":"Exordium Thugs","floor":7,"turns":6},{"damage":2,"enemies":"2 Fungi Beasts","floor":10,"turns":4},{"damage":20,"enemies":"Exordium Wildlife","floor":13,"turns":5},{"damage":6,"enemies":"Blue Slaver","floor":14,"turns":4},{"damage":28,"enemies":"Hexaghost","floor":16,"turns":14},{"damage":25,"enemies":"Spheric Guardian","floor":18,"turns":5},{"damage":14,"enemies":"3 Byrds","floor":20,"turns":6},{"damage":0,"enemies":"Nightmare","floor":24,"turns":1},{"damage":43,"enemies":"Slavers","floor":28,"turns":8},{"damage":0,"enemies":"Cultist and Chosen","floor":29,"turns":1}],"seed_played":"4500812073153342439","potions_obtained":[{"floor":4,"key":"SteroidPotion"},{"floor":5,"key":"potionbrewer:MidasPotion"},{"floor":10,"key":"SkillPotion"},{"floor":16,"key":"Swift Potion"},{"floor":20,"key":"ColorlessPotion"},{"floor":21,"key":"infinitespire:BlackPotion"}],"is_trial":false,"path_per_floor":["M","M","?","M","M","R","M","?","T","M","$","?","M","M","R_BF","B",null,"M","$","M","AVR","?","R","NM","R","T","R","E","M"],"character_chosen":"THE_SILENT","items_purchased":["Fluid Movement","MerchantsRug","Flying Knee"],"campfire_rested":0,"item_purchase_floors":[11,19,19],"current_hp_per_floor":[61,60,70,70,67,67,56,56,56,54,54,54,34,28,49,21,70,45,45,31,36,36,36,36,36,36,36,8,8,8],"gold":108,"neow_bonus":"RANDOM_COMMON_RELIC","is_daily":false,"chose_seed":false,"campfire_upgraded":4,"win_rate":0.0,"timestamp":1611015943,"path_taken":["M","M","?","?","M","R","M","?","T","?","$","?","M","M","R_BF","BOSS","M","$","M","AVR","?","R","NM","R","T","R","E","M"],"items_purchased_type":["Card","Relic","Card"],"build_version":"2020-12-22","purchased_purges":2,"victory":false,"max_hp_per_floor":[70,70,70,70,70,70,70,70,70,70,70,70,70,70,70,70,70,70,70,70,75,75,75,75,75,75,75,75,75,75],"card_choices":[{"not_picked":["Bouncing Flask","jedi:poisonivy"],"picked":"Deflect","floor":1},{"not_picked":["Deflect","Quick Slash"],"picked":"Infinite Blades","floor":2},{"not_picked":["Blade Dance","Deadly Poison"],"picked":"Deflect","floor":4},{"not_picked":["Hidden Blade","hubris:Sniper","Predator"],"picked":"SKIP","floor":5},{"not_picked":["hubris:TrickCloak","Quick Slash","Blade Dance"],"picked":"SKIP","floor":7},{"not_picked":["Blade Dance","Underhanded Strike"],"picked":"Poisoned Stab","floor":10},{"not_picked":["Dagger Spray","Hidden Blade"],"picked":"Slice","floor":13},{"not_picked":["jedi:pocketpoison","jedi:acidrain"],"picked":"ReplayTheSpireMod:Speed Training","floor":14},{"not_picked":["Tools of the Trade","Unload"],"picked":"jedi:brewingpoison","floor":16},{"not_picked":["Replay:Poison Smokescreen+1","ReplayTheSpireMod:Exploit Weakness"],"picked":"Terror","floor":18},{"not_picked":["Prepared","Sucker Punch+1","Acrobatics"],"picked":"SKIP","floor":20},{"not_picked":["Outmaneuver","Terror"],"picked":"Escape Plan","floor":24},{"not_picked":["Fluid Movement+1","Acrobatics"],"picked":"Slice","floor":28}],"player_experience":209217,"relics_obtained":[{"floor":9,"key":"Centennial Puzzle"},{"floor":24,"key":"potionbrewer:Torch"},{"floor":26,"key":"TungstenRod"},{"floor":28,"key":"MawBank"}],"event_choices":[{"damage_healed":10,"gold_gain":0,"player_choice":"Full Heal","damage_taken":0,"max_hp_gain":0,"max_hp_loss":0,"event_name":"Wheel of Change","floor":3,"gold_loss":0},{"damage_healed":0,"gold_gain":0,"player_choice":"Upgraded","damage_taken":0,"max_hp_gain":0,"max_hp_loss":0,"event_name":"Upgrade Shrine","floor":8,"gold_loss":0,"cards_upgraded":["Neutralize"]},{"cards_removed":["Survivor"],"damage_healed":0,"gold_gain":0,"player_choice":"Purged","damage_taken":0,"max_hp_gain":0,"max_hp_loss":0,"event_name":"Purifier","floor":12,"gold_loss":0},{"cards_removed":["Defend_G"],"damage_healed":0,"gold_gain":0,"player_choice":"Upgrade and Remove","damage_taken":0,"max_hp_gain":0,"max_hp_loss":0,"event_name":"Designer","floor":22,"gold_loss":90,"cards_upgraded":["Strike_G"]}],"is_beta":false,"boss_relics":[{"not_picked":["vexMod:MegatonBomb","vexMod:MysteryBossChallenge"],"picked":"Replay:Grab Bag"},{"not_picked":["vexMod:FluxCapacitor","jedi:battlestandard"],"picked":"vexMod:TanglingVine"},{"not_picked":["vexMod:EndlessSickness","ReplayTheSpireMod:Onyx Gauntlets"],"picked":"jedi:paperlyon"},{"not_picked":["Astrolabe","thethorton:BottledFunds"],"picked":"aspiration:MobileForge"}],"items_purged_floors":[11,21],"is_endless":true,"potions_floor_spawned":[4,5,10,16,20],"killed_by":"Cultist and Chosen","ascension_level":0}}