{"host":"jexbkylv34f8xu3o","time":1611097890,"event":{"mods":["AchievementEnabler","BaseMod","Colored Map","Colored Powertips","GifTheSpireLib","Highlight Path","Minty Spire (QoL Compilation)","Quick Restart","StSLib"],"gold_per_floor":[119,119,294,0,11,11,45,45,70,40,40,57,132,32,32,32,32],"floor_reached":16,"language":"ENG","playtime":414,"items_purged":["Doubt"],"score":144,"play_id":"df4fc619-2851-4772-a1a6-b07bca5dba1e","local_time":"20210119201130","is_ascension_mode":true,"campfire_choices":[{"data":"Corruption","floor":6,"key":"SMITH"},{"floor":8,"key":"REST"},{"data":"Havoc","floor":11,"key":"SMITH"},{"data":"Bash","floor":15,"key":"SMITH"}],"circlet_count":0,"master_deck":["AscendersBane","Strike_R","Strike_R","Strike_R","Strike_R","Strike_R","Defend_R","Defend_R","Defend_R","Defend_R","Bash+1","Corruption+1","Havoc+1","Dark Embrace","Dark Embrace","Evolve","True Grit","Feel No Pain","True Grit"],"relics":["Burning Blood","Red Skull","Darkstone Periapt","Smiling Mask"],"acts_visited":["Exordium"],"potions_floor_usage":[7,12,12,16],"damage_taken":[{"damage":1,"enemies":"2 Louse","floor":1,"turns":4},{"damage":8,"enemies":"Jaw Worm","floor":5,"turns":5},{"damage":56,"enemies":"Lagavulin","floor":7,"turns":8},{"damage":4,"enemies":"Cultist","floor":12,"turns":6},{"damage":41,"enemies":"Slime Boss","floor":16,"turns":9}],"seed_played":"5018568638931924006","potions_obtained":[{"floor":5,"key":"SkillPotion"},{"floor":7,"key":"PowerPotion"},{"floor":10,"key":"HeartOfIron"},{"floor":10,"key":"Dexterity Potion"}],"is_trial":false,"path_per_floor":["M","?","?","$","M","R","E","R","T","?","R","M","?","$","R","B"],"character_chosen":"IRONCLAD","items_purchased":["Dark Embrace","Red Skull","Feel No Pain","True Grit"],"campfire_rested":1,"item_purchase_floors":[4,4,14,14],"current_hp_per_floor":[77,70,70,70,68,68,18,42,42,42,42,44,33,33,33,0,0],"gold":32,"neow_bonus":"THREE_RARE_CARDS","is_daily":false,"chose_seed":false,"campfire_upgraded":3,"win_rate":0.0,"timestamp":1611097890,"path_taken":["M","?","?","$","M","R","E","R","T","?","R","?","?","$","R","BOSS"],"items_purchased_type":["Card","Relic","Card","Card"],"build_version":"2020-12-22","purchased_purges":1,"victory":false,"max_hp_per_floor":[80,80,80,80,80,80,80,80,80,80,80,80,80,80,80,80,80],"card_choices":[{"not_picked":["Exhume","Reaper"],"picked":"Corruption","floor":0},{"not_picked":["True Grit","Burning Pact"],"picked":"Havoc","floor":1},{"not_picked":["Reckless Charge","Ghostly Armor"],"picked":"Dark Embrace","floor":5},{"not_picked":["Reckless Charge","Warcry"],"picked":"Evolve","floor":7},{"not_picked":["Clash","Pummel"],"picked":"True Grit","floor":12}],"player_experience":568042,"relics_obtained":[{"floor":7,"key":"Darkstone Periapt"},{"floor":9,"key":"Smiling Mask"}],"event_choices":[{"cards_removed":["Normality"],"damage_healed":0,"gold_gain":0,"player_choice":"Card Removal","damage_taken":7,"max_hp_gain":0,"max_hp_loss":0,"event_name":"Golden Wing","floor":2,"gold_loss":0},{"damage_healed":0,"gold_gain":175,"player_choice":"AGREE","damage_taken":0,"max_hp_gain":0,"max_hp_loss":0,"event_name":"Liars Game","floor":3,"gold_loss":0,"cards_obtained":["Doubt"]},{"damage_healed":0,"gold_gain":0,"player_choice":"Bought 2 Potions","damage_taken":0,"max_hp_gain":0,"max_hp_loss":0,"event_name":"The Woman in Blue","floor":10,"gold_loss":0},{"damage_healed":0,"gold_gain":75,"player_choice":"Gather Gold","damage_taken":11,"max_hp_gain":0,"max_hp_loss":0,"event_name":"World of Goop","floor":13,"gold_loss":0}],"is_beta":false,"boss_relics":[],"items_purged_floors":[4],"is_endless":false,"potions_floor_spawned":[5,7],"killed_by":"Slime Boss","ascension_level":10}}