{"host":"kerxro2ytzukjey9","time":1611036488,"event":{"mods":["BaseMod","Colored Map","Downfall","Minty Spire (QoL Compilation)","Permanent Neow","StSLib"],"gold_per_floor":[99,118,53,65,79,97,122,132,166,166,166,13,13,35,48,48,48],"floor_reached":16,"language":"ENG","playtime":1505,"items_purged":["bronze:Defend"],"score":102,"play_id":"b4b812ed-3288-428e-9906-77e0a8f46401","local_time":"20210119010808","is_ascension_mode":false,"campfire_choices":[{"data":"bronze:Goto","floor":1,"key":"SMITH"},{"data":"bronze:Replicate","floor":13,"key":"SMITH"}],"circlet_count":0,"master_deck":["bronze:Strike","bronze:Strike","bronze:Strike","bronze:Strike","bronze:Defend","bronze:Defend","bronze:Defend","bronze:Replicate+1","bronze:Goto+1","bronze:FollowUp","bronze:WhirlingStrike","bronze:CutThrough","bronze:CloningBeam","bronze:Spike","bronze:BronzeOrb","bronze:Assembly"],"relics":["bronze:BronzeCore","Smiling Mask","Anchor","Oddly Smooth Stone","Boot","Odd Mushroom"],"acts_visited":["Exordium"],"potions_floor_usage":[9,16,16],"damage_taken":[{"damage":0,"enemies":"Cultist","floor":2,"turns":3},{"damage":0,"enemies":"downfall:FleeingMerchant","floor":3,"turns":4},{"damage":5,"enemies":"2 Louse","floor":4,"turns":3},{"damage":1,"enemies":"Jaw Worm","floor":5,"turns":3},{"damage":11,"enemies":"Large Slime","floor":6,"turns":4},{"damage":3,"enemies":"Red Slaver","floor":8,"turns":2},{"damage":4,"enemies":"3 Sentries","floor":9,"turns":7},{"damage":7,"enemies":"3 Sentries","floor":11,"turns":4},{"damage":9,"enemies":"downfall:FleeingMerchant","floor":12,"turns":4},{"damage":8,"enemies":"The Mushroom Lair","floor":14,"turns":4},{"damage":0,"enemies":"2 Fungi Beasts","floor":15,"turns":2},{"damage":25,"enemies":"IC_STATUS_ARCHETYPE","floor":16,"turns":6}],"seed_played":"-9081071657145558346","potions_obtained":[{"floor":2,"key":"Dexterity Potion"},{"floor":5,"key":"AttackPotion"},{"floor":9,"key":"LiquidMemories"},{"floor":14,"key":"hexamod:SoulburnPotion"}],"is_trial":false,"path_per_floor":["R","M","$","M","M","M","T","M","E","?","?","$","R","?","M","B"],"character_chosen":"THE_AUTOMATON","items_purchased":["bronze:Assembly"],"campfire_rested":0,"item_purchase_floors":[12],"current_hp_per_floor":[70,70,70,65,64,53,53,50,46,46,39,30,30,22,22,0,0],"gold":48,"neow_bonus":"RANDOM_COMMON_RELIC","is_daily":false,"chose_seed":false,"campfire_upgraded":2,"win_rate":0.0,"timestamp":1611036488,"path_taken":["R","M","$","M","?","M","T","M","E","?","?","$","R","?","M","BOSS"],"items_purchased_type":["Card"],"build_version":"2020-12-22","purchased_purges":1,"victory":false,"max_hp_per_floor":[70,70,70,70,70,70,70,70,70,70,70,70,70,70,70,70,70],"card_choices":[{"not_picked":["bronze:Shell","bronze:Safeguard"],"picked":"bronze:FollowUp","floor":2},{"not_picked":["bronze:Frontload","bronze:NullPointer","bronze:WildBeam"],"picked":"SKIP","floor":3},{"not_picked":["bronze:WildBeam","bronze:Overheat"],"picked":"bronze:WhirlingStrike","floor":4},{"not_picked":["bronze:DelayedGuard","bronze:Shell"],"picked":"bronze:CutThrough","floor":5},{"not_picked":["bronze:Frontload","bronze:FollowUp","bronze:HyperBeam"],"picked":"SKIP","floor":6},{"not_picked":["bronze:Shell","bronze:Optimize"],"picked":"bronze:CloningBeam","floor":8},{"not_picked":["bronze:Frontload","bronze:BuggyMess","bronze:CutThrough"],"picked":"SKIP","floor":9},{"not_picked":[],"picked":"bronze:Spike","floor":11},{"not_picked":["bronze:DelayedSlice","bronze:CleanCode"],"picked":"bronze:BronzeOrb","floor":12},{"not_picked":["bronze:Shield","bronze:Allocate","bronze:DelayedGuard"],"picked":"SKIP","floor":15}],"player_experience":759036,"relics_obtained":[{"floor":7,"key":"Anchor"},{"floor":9,"key":"Oddly Smooth Stone"},{"floor":14,"key":"Odd Mushroom"}],"event_choices":[{"damage_healed":0,"gold_gain":0,"player_choice":"Fought Mushrooms","damage_taken":0,"max_hp_gain":0,"max_hp_loss":0,"event_name":"Mushrooms","floor":14,"gold_loss":0}],"is_beta":false,"boss_relics":[],"items_purged_floors":[3],"is_endless":false,"potions_floor_spawned":[2,5,9,14,15],"killed_by":"IC_STATUS_ARCHETYPE","ascension_level":0}}