{"host":"5ezk7t18wcb10u1o","time":1611019679,"event":{"mods":["BaseMod","Bestiary","Colored Powertips","Minty Spire (QoL Compilation)","Relic Sorter"],"gold_per_floor":[116,128,146,146,158,158,491,491,563,598,563,488,503,518,518,518,518],"floor_reached":16,"language":"ENG","playtime":2957,"items_purged":["Strike_B"],"score":224,"play_id":"237e4a82-da17-43d1-80cc-f082690d22b9","local_time":"20210119012759","is_ascension_mode":true,"campfire_choices":[{"data":"Sweeping Beam","floor":6,"key":"SMITH"},{"floor":8,"key":"REST"},{"floor":15,"key":"REST"}],"circlet_count":0,"master_deck":["AscendersBane","Strike_B","Strike_B","Strike_B","Defend_B","Defend_B","Defend_B","Defend_B","Zap","Dualcast","Sweeping Beam","Sunder+1","Sweeping Beam+1","Beam Cell","Cold Snap","Genetic Algorithm","Coolheaded","Sweeping Beam"],"relics":["Cracked Core","Old Coin","Darkstone Periapt","Lantern"],"acts_visited":["Exordium"],"potions_floor_usage":[7,7,14,14],"damage_taken":[{"damage":10,"enemies":"Small Slimes","floor":1,"turns":4},{"damage":4,"enemies":"Jaw Worm","floor":2,"turns":4},{"damage":1,"enemies":"Cultist","floor":3,"turns":3},{"damage":11,"enemies":"Exordium Thugs","floor":5,"turns":4},{"damage":40,"enemies":"Lagavulin","floor":7,"turns":4},{"damage":6,"enemies":"Gremlin Nob","floor":10,"turns":3},{"damage":0,"enemies":"Exordium Wildlife","floor":13,"turns":2},{"damage":3,"enemies":"Blue Slaver","floor":14,"turns":3},{"damage":62,"enemies":"Slime Boss","floor":16,"turns":9}],"seed_played":"-6454858302379055860","potions_obtained":[{"floor":2,"key":"Dexterity Potion"},{"floor":3,"key":"SteroidPotion"},{"floor":7,"key":"Block Potion"},{"floor":13,"key":"ColorlessPotion"}],"is_trial":false,"path_per_floor":["M","M","M","?","M","R","E","R","T","E","?","$","M","M","R","B"],"character_chosen":"DEFECT","items_purchased":[],"campfire_rested":2,"item_purchase_floors":[],"current_hp_per_floor":[61,57,56,56,45,45,5,28,28,22,41,41,41,38,61,0,0],"gold":518,"neow_bonus":"TEN_PERCENT_HP_BONUS","is_daily":false,"chose_seed":false,"campfire_upgraded":1,"win_rate":0.0,"timestamp":1611019679,"path_taken":["M","M","M","?","M","R","E","R","T","E","?","$","M","M","R","BOSS"],"items_purchased_type":[],"build_version":"2020-12-22","purchased_purges":1,"victory":false,"max_hp_per_floor":[78,78,78,78,78,78,78,78,78,78,78,78,78,78,78,78,78],"card_choices":[{"not_picked":["Coolheaded","Streamline"],"picked":"Sweeping Beam","floor":1},{"not_picked":["Static Discharge","BootSequence"],"picked":"Sunder","floor":2},{"not_picked":["Aggregate","Hologram"],"picked":"Sweeping Beam","floor":3},{"not_picked":["Rebound","Meteor Strike"],"picked":"Beam Cell","floor":5},{"not_picked":["Force Field","Stack"],"picked":"Cold Snap","floor":7},{"not_picked":["Fission","Capacitor"],"picked":"Genetic Algorithm","floor":10},{"not_picked":["Barrage","Stack"],"picked":"Coolheaded","floor":13},{"not_picked":["Chaos","Stack"],"picked":"Sweeping Beam","floor":14}],"player_experience":1143600,"relics_obtained":[{"floor":7,"key":"Old Coin"},{"floor":9,"key":"Darkstone Periapt"},{"floor":10,"key":"Lantern"}],"event_choices":[{"damage_healed":0,"gold_gain":0,"player_choice":"Grow","damage_taken":0,"max_hp_gain":0,"max_hp_loss":0,"event_name":"Living Wall","floor":4,"gold_loss":0,"cards_upgraded":["Sunder"]},{"damage_healed":19,"gold_gain":0,"player_choice":"Healed","damage_taken":0,"max_hp_gain":0,"max_hp_loss":0,"event_name":"The Cleric","floor":11,"gold_loss":35}],"is_beta":false,"boss_relics":[],"items_purged_floors":[12],"is_endless":false,"potions_floor_spawned":[2,3,7,13],"killed_by":"Slime Boss","ascension_level":20}}