{"host":"h4qgcirtxz6qax9j","time":1611056891,"event":{"mods":["AchievementEnabler","BaseMod","Colored Powertips","Hermit","Minty Spire (QoL Compilation)","StSLib","SuperFastMode","The Servant 0.9.4"],"gold_per_floor":[116,135,83,102,112,137,137,168,192,204,204,239,90,119,119,214,214,233,233,148,97,110,138,151,170,170,170,92,92,103,122,122,222,222,236,236,248,94,110,139,139,472,543,543,543,555,555,555],"floor_reached":47,"language":"KOR","playtime":1171,"items_purged":[],"score":748,"play_id":"bd4261ab-23a2-4f13-9c77-d197cfb727f3","local_time":"20210119204811","is_ascension_mode":true,"campfire_choices":[{"floor":7,"key":"REST"},{"floor":11,"key":"REST"},{"floor":15,"key":"REST"},{"data":"KidneyShot","floor":27,"key":"SMITH"},{"data":"TrueSight","floor":29,"key":"SMITH"},{"floor":32,"key":"REST"},{"floor":41,"key":"REST"},{"floor":44,"key":"REST"}],"circlet_count":0,"master_deck":["Strike_S","Strike_S","Strike_S","Strike_S","Defend_S","Defend_S","Defend_S","Defend_S","KidneyShot+1","Exchange","Moonlight","Starlight","Starlight","Comet","Rearm","Advance","TimeWarp","Sabotage","FastForward","Rearm","Moonlight","ShatteredReality","TrueSight+1","ShatteredReality+1","Starlight","FastForward+1","Rearm","Desolation","TimeWarp","SurpressingFire","ReturningBlade","TheWorld","TimeWarp","FanOfKnives+1","TimeWarp","Potential","TimeWarp+1"],"relics":["SplendidAttire","NeowsBlessing","Shuriken","Pen Nib","Bronze Scales","Strawberry","Vajra","MutagenicStrength","Boot","Matryoshka","Bottled Flame","Art of War","MealTicket","White Beast Statue","Oddly Smooth Stone","Calipers","Old Coin","Toxic Egg 2"],"acts_visited":["Exordium","TheCity","TheBeyond"],"potions_floor_usage":[33,39,42,46,47],"damage_taken":[{"damage":0,"enemies":"2 Louse","floor":1,"turns":1},{"damage":0,"enemies":"Jaw Worm","floor":2,"turns":1},{"damage":0,"enemies":"Cultist","floor":4,"turns":1},{"damage":10,"enemies":"Red Slaver","floor":5,"turns":3},{"damage":30,"enemies":"Lagavulin","floor":6,"turns":5},{"damage":0,"enemies":"Gremlin Nob","floor":8,"turns":2},{"damage":6,"enemies":"Blue Slaver","floor":10,"turns":3},{"damage":30,"enemies":"Lagavulin","floor":12,"turns":4},{"damage":21,"enemies":"3 Sentries","floor":14,"turns":4},{"damage":30,"enemies":"The Guardian","floor":16,"turns":7},{"damage":0,"enemies":"3 Byrds","floor":18,"turns":2},{"damage":0,"enemies":"2 Thieves","floor":22,"turns":2},{"damage":12,"enemies":"Book of Stabbing","floor":23,"turns":4},{"damage":0,"enemies":"Snake Plant","floor":24,"turns":1},{"damage":0,"enemies":"Cultist and Chosen","floor":25,"turns":3},{"damage":19,"enemies":"Centurion and Healer","floor":30,"turns":4},{"damage":0,"enemies":"Snake Plant","floor":31,"turns":1},{"damage":40,"enemies":"Champ","floor":33,"turns":8},{"damage":42,"enemies":"3 Shapes","floor":35,"turns":3},{"damage":28,"enemies":"3 Darklings","floor":37,"turns":3},{"damage":0,"enemies":"Transient","floor":39,"turns":5},{"damage":7,"enemies":"Nemesis","floor":40,"turns":3},{"damage":0,"enemies":"Giant Head","floor":42,"turns":6},{"damage":32,"enemies":"4 Shapes","floor":46,"turns":1},{"damage":28,"enemies":"Spire Growth","floor":47,"turns":2}],"seed_played":"4568868789883620291","potions_obtained":[{"floor":1,"key":"BlessingOfTheForge"},{"floor":8,"key":"Block Potion"},{"floor":10,"key":"AttackPotion"},{"floor":12,"key":"LiquidMemories"},{"floor":14,"key":"Weak Potion"},{"floor":18,"key":"Strength Potion"},{"floor":37,"key":"Regen Potion"},{"floor":39,"key":"Fire Potion"},{"floor":42,"key":"SkillPotion"},{"floor":46,"key":"Fire Potion"}],"is_trial":false,"path_per_floor":["M","M","$","M","M","E","R","E","T","M","R","E","$","E","R","B",null,"M","?","?","$","M","E","M","M","T","R","$","R","M","M","R","B",null,"M","T","M","$","M","E","R","E","T","R","?","M","M"],"character_chosen":"THE_SERVANT","items_purchased":["Starlight","FastForward","Rearm","Moonlight","Starlight","SurpressingFire","Oddly Smooth Stone"],"campfire_rested":6,"item_purchase_floors":[3,13,13,13,21,28,38],"current_hp_per_floor":[65,65,65,65,55,25,44,44,44,38,57,34,34,13,34,4,72,72,72,72,72,72,60,60,60,60,60,60,60,41,41,62,22,72,30,30,2,17,17,10,31,31,31,52,52,20,0,0],"gold":555,"neow_bonus":"THREE_ENEMY_KILL","is_daily":false,"chose_seed":false,"campfire_upgraded":2,"win_rate":0.0,"timestamp":1611056891,"path_taken":["M","M","$","M","M","E","R","E","T","M","R","E","$","E","R","BOSS","M","?","?","?","M","E","M","M","T","R","$","R","M","?","R","BOSS","M","?","M","$","M","E","R","E","T","R","?","M","?"],"items_purchased_type":["Card","Card","Card","Card","Card","Card","Relic"],"build_version":"2020-12-22","purchased_purges":0,"victory":false,"max_hp_per_floor":[65,65,65,65,65,65,65,65,65,65,65,72,72,72,72,72,72,72,72,72,72,72,72,72,72,72,72,72,72,72,72,72,72,72,72,72,72,72,72,72,72,72,72,72,72,72,72,72],"card_choices":[{"not_picked":["Rewind","Revamp"],"picked":"Moonlight","floor":1},{"not_picked":["DancingSilver","ShatteredReality"],"picked":"Starlight","floor":2},{"not_picked":["Potential","Manipulate"],"picked":"Comet","floor":4},{"not_picked":["FastForward","Rewind"],"picked":"Rearm","floor":5},{"not_picked":["Foresight","FlawlessForm"],"picked":"Advance","floor":6},{"not_picked":["StarChef","Hightail","MoonPhase"],"picked":"SKIP","floor":8},{"not_picked":["Orbit","Revamp"],"picked":"TimeWarp","floor":10},{"not_picked":["ShiftingGears","PendulumOfEternity"],"picked":"Sabotage","floor":12},{"not_picked":["MoonPhase","TimeWarp"],"picked":"ShatteredReality","floor":14},{"not_picked":["Deny","SilverMatrix"],"picked":"TrueSight","floor":16},{"not_picked":["Potential","Defy"],"picked":"ShatteredReality+1","floor":18},{"not_picked":["Barrier","BottledTime"],"picked":"FastForward+1","floor":22},{"not_picked":["Potential","TrueSight"],"picked":"Rearm","floor":23},{"not_picked":["Revamp","Misdirection+1"],"picked":"Desolation","floor":24},{"not_picked":["Barrier","Moondial+1"],"picked":"TimeWarp","floor":25},{"not_picked":["FastForward+1","Unruled"],"picked":"ReturningBlade","floor":30},{"not_picked":["TimeTheft","SurpressingFire","StarChef+1"],"picked":"SKIP","floor":31},{"not_picked":["SilverMatrix","Initiator"],"picked":"TheWorld","floor":33},{"not_picked":["DualDimension","Unruled+1","DoubleEdge"],"picked":"SKIP","floor":35},{"not_picked":["DoubleEdge+1","Replace"],"picked":"TimeWarp","floor":37},{"not_picked":["Starlight","ShatteredReality"],"picked":"FanOfKnives+1","floor":39},{"not_picked":["StarChef+1","FanOfKnives"],"picked":"TimeWarp","floor":40},{"not_picked":["Spin","Replace"],"picked":"Potential","floor":42},{"not_picked":["DancingSilver+1","Duplication+1"],"picked":"TimeWarp+1","floor":46}],"player_experience":68441,"relics_obtained":[{"floor":6,"key":"Shuriken"},{"floor":8,"key":"Pen Nib"},{"floor":9,"key":"Bronze Scales"},{"floor":12,"key":"Strawberry"},{"floor":14,"key":"Vajra"},{"floor":23,"key":"Matryoshka"},{"floor":26,"key":"Bottled Flame"},{"floor":26,"key":"Art of War"},{"floor":36,"key":"MealTicket"},{"floor":36,"key":"White Beast Statue"},{"floor":40,"key":"Calipers"},{"floor":42,"key":"Old Coin"},{"floor":43,"key":"Toxic Egg 2"}],"event_choices":[{"damage_healed":0,"gold_gain":0,"player_choice":"Inject Mutagens","damage_taken":0,"relics_obtained":["MutagenicStrength"],"max_hp_gain":0,"max_hp_loss":0,"event_name":"Drug Dealer","floor":19,"gold_loss":0},{"damage_healed":0,"gold_gain":0,"player_choice":"Obtained Relic","damage_taken":0,"relics_obtained":["Boot"],"max_hp_gain":0,"max_hp_loss":0,"event_name":"Addict","floor":20,"gold_loss":85},{"damage_healed":0,"gold_gain":0,"player_choice":"Ignored","damage_taken":0,"max_hp_gain":0,"max_hp_loss":0,"event_name":"SecretPortal","floor":45,"gold_loss":0}],"is_beta":false,"boss_relics":[{"not_picked":["Velvet Choker","SlaversCollar"],"picked":"SplendidAttire"},{"not_picked":["MysterySword","Runic Dome","Astrolabe"]}],"items_purged_floors":[],"is_endless":false,"potions_floor_spawned":[1,8,10,12,14,16,18,24,25,30,37,39,40,42,46],"killed_by":"Spire Growth","ascension_level":3}}