{"host":"tch6k55kfxnw5l94","time":1611077539,"event":{"mods":["BaseMod","Downfall","Hermit","Luminous","Minty Spire (QoL Compilation)","StSLib","The Caster"],"gold_per_floor":[99,9999,9999,10009,10019,10035,10035,10060,10060,9860,8626,8653,8667,8677,8687,8783,8783,8783,8783,8783,7580,7600,7635,7635,6670,6570,6603,6628,6628,6656,6656,6672,6769,6769,6769,6785,6885,6899,6038,6038,6038,5344,5358,5385,5403,5438,5455,5482,5498,5498,5498,5533,4672,4672,4672,4672],"floor_reached":57,"language":"ENG","playtime":4023,"items_purged":["bronze:Strike","bronze:Strike","bronze:Strike","bronze:ClassDefault","bronze:InfiniteLoop"],"score":1643,"play_id":"0c14ea2c-84b9-4708-a690-b198ce68f20b","local_time":"20210119123219","is_ascension_mode":true,"campfire_choices":[{"floor":1.0,"key":"RECALL"},{"data":"bronze:Goto","floor":10.0,"key":"SMITH"},{"data":"bronze:Iterate","floor":18.0,"key":"SMITH"},{"data":"bronze:Iterate","floor":26.0,"key":"SMITH"},{"data":"bronze:Virus","floor":35.0,"key":"SMITH"},{"data":"bronze:Assembly","floor":40.0,"key":"SMITH"},{"data":"bronze:FineTuning","floor":54.0,"key":"SMITH"}],"circlet_count":0,"master_deck":["bronze:Defend","bronze:Defend","bronze:Defend","bronze:Defend","bronze:Replicate","bronze:Goto+1","bronze:TinkerersToolbox","bronze:Iterate+1","bronze:BronzeArmor","bronze:CloningBeam","bronze:MaxOutput+1","bronze:FineTuning+1","Secret Technique","expansioncontent:GuardianWhirl","bronze:InfiniteBeams+1","bronze:ForLoop","bronze:Virus+1","bronze:Terminator+1","bronze:MaxOutput+1","expansioncontent:StudyTheSpire+1","bronze:ClassDefault+1","bronze:Philosophize+1","bronze:FineTuning+1","bronze:Terminator+1","bronze:Boost","bronze:Iterate+1","bronze:ClassDefault+1","expansioncontent:QuickStudy","bronze:BronzeOrb+1","bronze:FineTuning","Writhe","bronze:RecursiveStrike","bronze:Fortify+1","bronze:Boost","bronze:ItsAFeature+1","bronze:Assembly+1","bronze:GetLatest+1","bronze:ItsAFeature+1","bronze:FineTuning","bronze:CutThrough+1","bronze:FineTuning","bronze:Return","bronze:Verify+1","bronze:FunctionCard","bronze:BuggyMess+1","bronze:FunctionCard","bronze:Optimize+1","Panacea"],"relics":["bronze:BronzeCore","Mercury Hourglass","Frozen Egg 2","downfall:HeartBlessingRed","downfall:HeartBlessingGreen","Potion Belt","Torii","TheAbacus","Gambling Chip","Philosopher\u0027s Stone","Enchiridion","WingedGreaves","Lee\u0027s Waffle","TungstenRod","Strawberry","Kunai","DollysMirror","Calipers","Bottled Tornado","downfall:HeartBlessingBlue","Meat on the Bone","Centennial Puzzle","Dead Branch","Mummified Hand","Sozu","Matryoshka","InkBottle","Bronze Scales","Sundial","Guardian:GemstoneGun","Bottled Flame","Orrery","Gremlin Horn","Ancient Tea Set","HornCleat","Pantograph","Frozen Eye","Du-Vu Doll","Anchor"],"acts_visited":["Exordium","TheCity","TheBeyond","TheEnding"],"potions_floor_usage":[],"damage_taken":[{"damage":3.0,"enemies":"2 Louse","floor":2.0,"turns":3.0},{"damage":0.0,"enemies":"Cultist","floor":4.0,"turns":4.0},{"damage":7.0,"enemies":"Jaw Worm","floor":5.0,"turns":3.0},{"damage":57.0,"enemies":"Exordium Thugs","floor":6.0,"turns":7.0},{"damage":62.0,"enemies":"Lagavulin","floor":8.0,"turns":9.0},{"damage":4.0,"enemies":"downfall:FleeingMerchant","floor":11.0,"turns":4.0},{"damage":18.0,"enemies":"Gremlin Nob","floor":12.0,"turns":3.0},{"damage":7.0,"enemies":"3 Louse","floor":13.0,"turns":4.0},{"damage":20.0,"enemies":"Gremlin Gang","floor":14.0,"turns":3.0},{"damage":0.0,"enemies":"Large Slime","floor":15.0,"turns":2.0},{"damage":10.0,"enemies":"WA_ARCHETYPE_RETAIN","floor":16.0,"turns":4.0},{"damage":2.0,"enemies":"downfall:FleeingMerchant","floor":21.0,"turns":4.0},{"damage":0.0,"enemies":"Chosen","floor":22.0,"turns":1.0},{"damage":24.0,"enemies":"Book of Stabbing","floor":23.0,"turns":3.0},{"damage":0.0,"enemies":"downfall:FleeingMerchant","floor":25.0,"turns":3.0},{"damage":8.0,"enemies":"Gremlin Leader","floor":27.0,"turns":3.0},{"damage":24.0,"enemies":"Book of Stabbing","floor":28.0,"turns":3.0},{"damage":18.0,"enemies":"Gremlin Leader","floor":30.0,"turns":2.0},{"damage":0.0,"enemies":"Shell Parasite","floor":32.0,"turns":1.0},{"damage":8.0,"enemies":"SI_MIRROR_ARCHETYPE","floor":33.0,"turns":4.0},{"damage":0.0,"enemies":"Orb Walker","floor":36.0,"turns":2.0},{"damage":0.0,"enemies":"3 Darklings","floor":38.0,"turns":3.0},{"damage":0.0,"enemies":"Maw","floor":43.0,"turns":3.0},{"damage":0.0,"enemies":"Nemesis","floor":44.0,"turns":1.0},{"damage":5.0,"enemies":"Sphere and 2 Shapes","floor":45.0,"turns":2.0},{"damage":0.0,"enemies":"Giant Head","floor":46.0,"turns":1.0},{"damage":0.0,"enemies":"Writhing Mass","floor":47.0,"turns":3.0},{"damage":0.0,"enemies":"Reptomancer","floor":48.0,"turns":1.0},{"damage":0.0,"enemies":"Spire Growth","floor":49.0,"turns":2.0},{"damage":41.0,"enemies":"DF_ARCHETYPE_ORBS","floor":50.0,"turns":4.0},{"damage":0.0,"enemies":"downfall:CharBossMerchant","floor":52.0,"turns":1.0},{"damage":0,"enemies":"downfall:NeowBoss","floor":55,"turns":7},{"damage":41,"enemies":"downfall:NeowBossFinal","floor":56,"turns":5}],"seed_played":"1457097036413650648","potions_obtained":[{"floor":2.0,"key":"Dexterity Potion"},{"floor":13.0,"key":"Regen Potion"},{"floor":14.0,"key":"sneckomod:MuddlingPotion"},{"floor":15.0,"key":"Energy Potion"},{"floor":27.0,"key":"ColorlessPotion"},{"floor":28.0,"key":"bronze:BurnAndBuffPotion"}],"is_trial":false,"path_per_floor":["R","M","?","M","M","M","T","E","?","R","$","E","M","M","M","B",null,"R","?","T","$","M","E","T","$","R","E","E","?","E","?","M","B",null,"R","M","?","M","$","R","T","?","M","E","M","E","M","E","M","B",null,"E","$","R","B","B",null],"character_chosen":"THE_AUTOMATON","items_purchased":["Potion Belt","Torii","TheAbacus","bronze:MaxOutput+1","bronze:FineTuning","LiquidMemories","PowerPotion","hexamod:SoulburnPotion","Secret Technique","expansioncontent:GuardianWhirl","Lee\u0027s Waffle","TungstenRod","Strawberry","bronze:MaxOutput+1","expansioncontent:StudyTheSpire","Slimebound:ThreeZeroPotion","ColorlessPotion","Ancient Potion","DollysMirror","Calipers","Bottled Tornado","Energy Potion","bronze:FreeFunctionsPotion","bronze:Boost","bronze:Iterate","bronze:ClassDefault+1","expansioncontent:QuickStudy","Matryoshka","InkBottle","bronze:Boost","bronze:ItsAFeature+1","bronze:Assembly","Guardian:GemstoneGun","Bottled Flame","Orrery","Frozen Eye","Du-Vu Doll","Anchor","Panacea"],"campfire_rested":0,"item_purchase_floors":[11,11,11,11,11,11,11,11,11,11,21,21,21,21,21,21,21,21,25,25,25,25,25,25,25,25,25,39,39,39,39,39,42,42,42,53,53,53,53],"current_hp_per_floor":[70,67,72,72,65,75,75,75,75,75,71,53,46,75,75,69,75,75,59,59,89,89,89,89,89,99,91,67,67,99,99,99,91,99,99,99,99,99,99,99,99,99,99,99,94,94,94,94,94,53,99,99,99,99,99,58],"gold":4672,"neow_bonus":"ONE_RANDOM_RARE_CARD","is_daily":false,"chose_seed":false,"campfire_upgraded":6,"win_rate":0.0,"timestamp":1611077539,"path_taken":["R","M","?","M","M","M","T","E","?","R","$","E","M","?","M","BOSS","R","?","?","$","M","E","T","$","R","E","E","?","E","?","M","BOSS","R","M","?","?","$","R","T","?","M","E","M","E","M","E","M","BOSS","E","$","R","BOSS","BOSS"],"items_purchased_type":["Relic","Relic","Relic","Card","Card","Potion","Potion","Potion","Card","Card","Relic","Relic","Relic","Card","Card","Potion","Potion","Potion","Relic","Relic","Relic","Potion","Potion","Card","Card","Card","Card","Relic","Relic","Card","Card","Card","Relic","Relic","Relic","Relic","Relic","Relic","Card"],"build_version":"2020-12-22","purchased_purges":5,"victory":true,"max_hp_per_floor":[70,70,75,75,75,75,75,75,75,75,75,75,75,75,75,75,75,75,75,75,89,89,89,89,89,99,99,99,99,99,99,99,99,99,99,99,99,99,99,99,99,99,99,99,99,99,99,99,99,99,99,99,99,99,99,99],"card_choices":[{"not_picked":["bronze:FollowUp","bronze:BronzeArmor"],"picked":"bronze:Iterate","floor":2.0},{"not_picked":["bronze:WildBeam","bronze:BuggyMess"],"picked":"bronze:BronzeArmor","floor":4.0},{"not_picked":["bronze:Safeguard","bronze:WildBeam"],"picked":"bronze:ClassDefault","floor":5.0},{"not_picked":["bronze:ChildClass","bronze:Invalidate"],"picked":"bronze:CloningBeam","floor":6.0},{"not_picked":["bronze:DelayedGuard","bronze:Shield","bronze:Invalidate"],"picked":"SKIP","floor":8.0},{"not_picked":["bronze:BuggyMess","bronze:WildBeam"],"picked":"bronze:InfiniteLoop","floor":11.0},{"not_picked":["bronze:OilSpill","bronze:Overload"],"picked":"bronze:InfiniteBeams+1","floor":12.0},{"not_picked":["bronze:Invalidate","bronze:CutThrough","bronze:DigitalCarnage"],"picked":"SKIP","floor":13.0},{"not_picked":["bronze:Iterate","bronze:Frontload"],"picked":"bronze:ForLoop","floor":14.0},{"not_picked":["bronze:DelayedGuard","bronze:Invalidate"],"picked":"bronze:Virus","floor":15.0},{"not_picked":["bronze:DelayedGuard","bronze:Invalidate+1"],"picked":"bronze:Terminator+1","floor":21.0},{"not_picked":["bronze:DelayedSlice","bronze:BitShift"],"picked":"bronze:ClassDefault+1","floor":22.0},{"not_picked":["bronze:HyperBeam","bronze:FineTuning"],"picked":"bronze:Philosophize+1","floor":23.0},{"not_picked":["bronze:BronzeOrb","bronze:Constructor"],"picked":"bronze:FineTuning+1","floor":25.0},{"not_picked":["bronze:Overload","bronze:Branch","bronze:BitShift"],"picked":"SKIP","floor":27.0},{"not_picked":["bronze:WhirlingStrike","bronze:Separator+1"],"picked":"bronze:BronzeOrb+1","floor":28.0},{"not_picked":["bronze:DelayedSlice","bronze:Deprecate+1"],"picked":"bronze:FineTuning","floor":30.0},{"not_picked":["bronze:Overheat","bronze:Shell","bronze:Optimize+1"],"picked":"SKIP","floor":32.0},{"not_picked":["bronze:Assembly","bronze:Virus"],"picked":"bronze:RecursiveStrike","floor":33.0},{"not_picked":["bronze:Deprecate","bronze:FineTuning"],"picked":"bronze:Fortify+1","floor":36.0},{"not_picked":["bronze:OilSpill","bronze:Overheat+1","bronze:Constructor"],"picked":"SKIP","floor":38.0},{"not_picked":["bronze:BitShift","bronze:Branch+1"],"picked":"bronze:GetLatest+1","floor":42.0},{"not_picked":["bronze:Flail","bronze:WildBeam+1"],"picked":"bronze:ItsAFeature+1","floor":42.0},{"not_picked":["bronze:FollowUp","bronze:Terminator"],"picked":"bronze:FineTuning","floor":42.0},{"not_picked":["bronze:ForLoop+1","bronze:BronzeArmor"],"picked":"bronze:CutThrough+1","floor":42.0},{"not_picked":["bronze:DelayedSlice","bronze:Deprecate"],"picked":"bronze:FineTuning","floor":42.0},{"not_picked":["bronze:NullPointer","bronze:Overload+1"],"picked":"bronze:Hardcode+1","floor":43.0},{"not_picked":["bronze:Overheat+1","bronze:Frontload"],"picked":"bronze:Return","floor":44.0},{"not_picked":["bronze:Invalidate","bronze:DelayedSlice","bronze:Branch"],"picked":"SKIP","floor":45.0},{"not_picked":["bronze:ForLoop+1","bronze:Deprecate"],"picked":"bronze:Verify+1","floor":46.0},{"not_picked":["bronze:DarkDash+1","bronze:BugBarrage+1","bronze:ItsAFeature+1"],"picked":"SKIP","floor":47.0},{"not_picked":["bronze:Frontload+1","bronze:Overheat+1"],"picked":"bronze:Hardcode+1","floor":48.0},{"not_picked":["bronze:Overheat","bronze:ChosenStrike"],"picked":"bronze:BuggyMess+1","floor":49.0},{"not_picked":["bronze:Flail","bronze:Turbo"],"picked":"bronze:Optimize+1","floor":52.0}],"player_experience":269284,"relics_obtained":[{"floor":7.0,"key":"Mercury Hourglass"},{"floor":8.0,"key":"Frozen Egg 2"},{"floor":12.0,"key":"Gambling Chip"},{"floor":19.0,"key":"Enchiridion"},{"floor":20.0,"key":"WingedGreaves"},{"floor":23.0,"key":"Kunai"},{"floor":27.0,"key":"Meat on the Bone"},{"floor":28.0,"key":"Centennial Puzzle"},{"floor":30.0,"key":"Dead Branch"},{"floor":41.0,"key":"Bronze Scales"},{"floor":41.0,"key":"Sundial"},{"floor":44.0,"key":"Gremlin Horn"},{"floor":46.0,"key":"Ancient Tea Set"},{"floor":48.0,"key":"HornCleat"},{"floor":52.0,"key":"Pantograph"}],"event_choices":[{"damage_healed":0.0,"max_hp_gain":5.0,"max_hp_loss":0.0,"gold_gain":0.0,"event_name":"Big Fish","player_choice":"Donut","floor":3.0,"gold_loss":0.0,"damage_taken":0.0}],"is_beta":false,"boss_relics":[{"not_picked":["Runic Pyramid","Empty Cage"],"picked":"Philosopher\u0027s Stone"},{"not_picked":["expansioncontent:StudyCardRelic","Snecko Eye"],"picked":"Sozu"}],"items_purged_floors":[11,21,25,39,53],"is_endless":false,"potions_floor_spawned":[2,13,14,15,22,27,28,44,45,46,52],"ascension_level":2}}