{"host":"a1u4jo6xlg3w0wsm","time":1611048771,"event":{"mods":["BaseMod","Better Third Choice","DeckTracker","Downfall","Hermit","Hubris","Minty Spire (QoL Compilation)","Rare Cards Sparkle","Replay The Spire","StSLib","The Cursed"],"gold_per_floor":[115,115,115,115,126,126,317,317,391,410,410,410,439,450,450,547,547,562,562,110,122,139,139,17,17,17,17,17,42,55,67,166,178,178,283,283,296,296,346,346,346],"floor_reached":40,"playtime":3951,"items_purged":[],"score":482,"play_id":"42ce6d01-5453-4160-a7ba-f94fdf4d69a6","local_time":"20210119223251","is_ascension_mode":true,"campfire_choices":[{"data":"hermit:Vantage","floor":6.0,"key":"SMITH"},{"floor":8.0,"key":"REST"},{"data":"hermit:Maintenance","floor":12.0,"key":"SMITH"},{"floor":15.0,"key":"REST"},{"floor":23.0,"key":"REST"},{"floor":27.0,"key":"REST"}],"circlet_count":0,"master_deck":["hermit:Strike_Hermit","hermit:Strike_Hermit","hermit:Strike_Hermit","hermit:Strike_Hermit","hermit:Snapshot+1","hermit:Covet","hermit:Snipe+1","hermit:Vantage+1","hermit:Quickdraw","hermit:Vantage","hermit:Maintenance+1","hermit:HighNoon","hermit:Dissolve","Looming Evil","hermit:ShadowCloak","hermit:Showdown","hermit:Coalescence","hermit:Coalescence+1","hermit:Dive","hermit:EyeOfTheStorm","hermit:Glare","hermit:HoleUp+1","hermit:Showdown","hermit:ShadowCloak","hermit:Brawl","hermit:Adapt","hermit:LowProfile+1"],"relics":["hermit:Momento","Question Card","Sundial","Replay:Drink Me","Ring of Misfortune","Ring of Fangs","Akabeko","Orrery","Regal Pillow","TungstenRod"],"acts_visited":["Exordium","TheCity","TheBeyond"],"potions_floor_usage":[33],"damage_taken":[{"damage":0.0,"enemies":"Cultist","floor":1.0,"turns":3.0},{"damage":1.0,"enemies":"2 Louse","floor":5.0,"turns":2.0},{"damage":0.0,"enemies":"Small Slimes","floor":10.0,"turns":2.0},{"damage":7.0,"enemies":"3 Sentries","floor":13.0,"turns":8.0},{"damage":2.0,"enemies":"Blue Slaver","floor":14.0,"turns":4.0},{"damage":35.0,"enemies":"Fading Forest","floor":16.0,"turns":11.0},{"damage":31.0,"enemies":"Spheric Guardian","floor":18.0,"turns":6.0},{"damage":0.0,"enemies":"Shell Parasite","floor":21.0,"turns":5.0},{"damage":2.0,"enemies":"Snecko","floor":22.0,"turns":5.0},{"damage":32.0,"enemies":"Slavers","floor":29.0,"turns":7.0},{"damage":0.0,"enemies":"Chosen and Byrds","floor":30.0,"turns":9.0},{"damage":16.0,"enemies":"Centurion and Healer","floor":31.0,"turns":9.0},{"damage":7,"enemies":"Snecko","floor":33,"turns":5},{"damage":9,"enemies":"Automaton","floor":35,"turns":12},{"damage":25,"enemies":"3 Darklings","floor":37,"turns":13},{"damage":15,"enemies":"Mind Bloom Boss Battle","floor":39,"turns":17},{"damage":20,"enemies":"Orb Walker","floor":40,"turns":5}],"seed_played":"7160321098713632597","potions_obtained":[{"floor":1.0,"key":"Guardian:BlockOnCardUsePotion"},{"floor":13.0,"key":"SteroidPotion"},{"floor":14.0,"key":"hermit:Tonic"},{"floor":16.0,"key":"Guardian:BlockOnCardUsePotion"},{"floor":22.0,"key":"Death Potion"},{"floor":31.0,"key":"BlessingOfTheForge"},{"floor":35,"key":"Elixir"}],"is_trial":false,"path_per_floor":["M","$","?","?","M","R","?","R","T","M","?","R","E","M","R","B",null,"M","?","$","M","M","R","$","PTL","PTL","R","T","E","M","M","?","M","R","B",null,"M","?","?","M"],"character_chosen":"HERMIT","items_purchased":["hermit:ShadowCloak","Akabeko","LiquidMemories","Orrery","hermit:HoleUp","hermit:Showdown"],"campfire_rested":4,"item_purchase_floors":[20,20,20,20,24,24],"current_hp_per_floor":[75,75,60,60,59,59,29,51,51,51,51,51,44,42,64,29,57,26,26,26,26,24,41,41,41,41,57,57,25,25,9,9,2,34,25,57,32,32,17,0,0],"gold":346,"neow_bonus":"RANDOM_EVENT","is_daily":false,"chose_seed":false,"campfire_upgraded":2,"win_rate":0.0,"timestamp":1611048771,"path_taken":["M","$","?","?","?","R","?","R","T","?","?","R","E","M","R","BOSS","M","?","$","M","M","R","$","PTL","PTL","R","T","E","M","M","?","M","R","BOSS","M","?","?","M"],"items_purchased_type":["Card","Relic","Potion","Relic","Card","Card"],"build_version":"2020-12-13","purchased_purges":0,"victory":false,"max_hp_per_floor":[75,75,75,75,75,75,75,75,75,75,75,75,75,75,75,75,57,57,57,57,57,57,57,57,57,57,57,57,57,57,57,57,57,57,57,57,57,57,57,57,57],"card_choices":[{"not_picked":["hermit:NoHoldsBarred","hermit:BodyArmor"],"picked":"hermit:Snipe","floor":1.0},{"not_picked":["hermit:Headshot","hermit:Enervate"],"picked":"hermit:Vantage","floor":5.0},{"not_picked":["hermit:HighCaliber","hermit:Dive"],"picked":"hermit:Quickdraw","floor":7.0},{"not_picked":["hermit:Ricochet","hermit:Cheat","hermit:Scavenge"],"picked":"hermit:Vantage","floor":10.0},{"not_picked":["hermit:BodyArmor","hermit:Deadeye","hermit:LoneWolf","hermit:ItchyTrigger"],"picked":"SKIP","floor":13.0},{"not_picked":["hermit:WideOpen","hermit:HoleUp","hermit:Spite"],"picked":"hermit:HighNoon","floor":14.0},{"not_picked":["hermit:Magnum","hermit:BlackWind","hermit:FinalCanter"],"picked":"hermit:Dissolve","floor":16.0},{"not_picked":["hermit:Snipe","hermit:WideOpen","hermit:CalledShot","hermit:PistolWhip"],"picked":"SKIP","floor":18.0},{"not_picked":["hermit:TakeAim+1","hermit:Malice","hermit:FlashPowder"],"picked":"hermit:Showdown","floor":20.0},{"not_picked":["hermit:Roughhouse","hermit:GoldenBullet","hermit:Vantage"],"picked":"hermit:Coalescence","floor":20.0},{"not_picked":["hermit:Grudge","hermit:SprayPray+1","hermit:TakeAim"],"picked":"hermit:Coalescence+1","floor":20.0},{"not_picked":["hermit:Roulette+1","hermit:Coalescence","hermit:CalledShot"],"picked":"hermit:Dive","floor":20.0},{"not_picked":["hermit:Magnum","hermit:Snipe","hermit:Glare+1"],"picked":"hermit:EyeOfTheStorm","floor":21.0},{"not_picked":["hermit:Snipe","hermit:GoldenBullet","hermit:Maintenance"],"picked":"hermit:Glare","floor":22.0},{"not_picked":["hermit:TakeCover","hermit:GoldenBullet","hermit:Quickdraw"],"picked":"hermit:ShadowCloak","floor":29.0},{"not_picked":["hermit:ItchyTrigger","hermit:Feint","hermit:Grudge","hermit:TrackingShot"],"picked":"SKIP","floor":30.0},{"not_picked":["hermit:Dive","hermit:Vantage+1","hermit:HighCaliber","hermit:Feint"],"picked":"SKIP","floor":31.0},{"not_picked":["hermit:Grudge+1","hermit:EternalForm","hermit:LowProfile"],"picked":"hermit:Brawl","floor":33},{"not_picked":["hermit:Roughhouse","hermit:Dissolve","hermit:HighNoon"],"picked":"hermit:Adapt","floor":35},{"not_picked":["hermit:Misfire","hermit:WideOpen+1","hermit:Snipe+1"],"picked":"hermit:LowProfile+1","floor":37}],"player_experience":363138,"relics_obtained":[{"floor":9.0,"key":"Question Card"},{"floor":13.0,"key":"Sundial"},{"floor":19.0,"key":"Ring of Misfortune"},{"floor":19.0,"key":"Ring of Fangs"},{"floor":29.0,"key":"Regal Pillow"},{"floor":39,"key":"TungstenRod"}],"event_choices":[{"damage_healed":0.0,"max_hp_gain":0.0,"max_hp_loss":0.0,"gold_gain":0.0,"event_name":"Living Wall","player_choice":"Grow","floor":0.0,"gold_loss":0.0,"damage_taken":0.0,"cards_upgraded":["hermit:Snapshot"]},{"damage_healed":75.0,"max_hp_gain":0.0,"max_hp_loss":75.0,"gold_gain":0.0,"event_name":"betterThird:BetterShining","player_choice":"Upgrade","floor":3.0,"gold_loss":0.0,"damage_taken":15.0,"cards_upgraded":["hermit:Defend_Hermit","hermit:Snipe"]},{"cards_removed":["hermit:Defend_Hermit"],"damage_healed":0.0,"max_hp_gain":0.0,"max_hp_loss":0.0,"gold_gain":0.0,"event_name":"Purifier","player_choice":"Purged","floor":4.0,"gold_loss":0.0,"damage_taken":0.0},{"damage_healed":0.0,"max_hp_gain":0.0,"max_hp_loss":0.0,"gold_gain":99.0,"event_name":"betterThird:BetterNest","player_choice":"Steal","floor":32.0,"gold_loss":0.0,"damage_taken":0.0},{"damage_healed":0,"gold_gain":0,"player_choice":"Ignored","damage_taken":0,"max_hp_gain":0,"max_hp_loss":0,"event_name":"Mysterious Sphere","floor":38,"gold_loss":0},{"damage_healed":0,"gold_gain":0,"player_choice":"Fight","damage_taken":0,"max_hp_gain":0,"max_hp_loss":0,"event_name":"MindBloom","floor":39,"gold_loss":0}],"is_beta":false,"boss_relics":[{"not_picked":["Replay:Bronze Core","SacredBark"],"picked":"Replay:Drink Me"},{"not_picked":["Fusion Hammer","hermit:ClaspedLocket","Coffee Dripper"]}],"items_purged_floors":[],"is_endless":false,"potions_floor_spawned":[1,13,14,16,22,31,35],"killed_by":"Orb Walker","ascension_level":4}}