{"host":"7kj0ynzap1jglrpi","time":1611027034,"event":{"mods":["Act Like it!","BaseMod","Hallownest","Minty Spire (QoL Compilation)","StSLib","The Bug Knight"],"gold_per_floor":[15,31,47,47,70,95,95,127,127,127,46,46,78,3,3,100,100,117,117,132,199,199,199,199,199],"floor_reached":24,"language":"ZHS","playtime":1776,"items_purged":["HollowMod:QuickDashStart"],"score":258,"play_id":"626efd5e-eb24-4f84-b83d-4111179da321","local_time":"20210119113034","is_ascension_mode":true,"campfire_choices":[{"data":"HollowMod:MonarchWings","floor":7.0,"key":"SMITH"},{"data":"HollowMod:ChannelNail","floor":10.0,"key":"SMITH"},{"data":"HollowMod:GreatSlash","floor":12.0,"key":"SMITH"},{"data":"HollowMod:QuirrelsAssistance","floor":15,"key":"SMITH"},{"data":"HollowMod:CloakDash","floor":23,"key":"SMITH"}],"circlet_count":0,"master_deck":["HollowMod:NailStrikeStart","HollowMod:NailStrikeStart","HollowMod:QuickDashStart","HollowMod:QuickDashStart","HollowMod:FocusHealStart","HollowMod:PogoStrike","HollowMod:MonarchWings+1","HollowMod:ChannelNail+1","HollowMod:LuriensSpire","HollowMod:SiblingsSouls","HollowMod:CrystalDash","HollowMod:GreatSlash+1","HollowMod:QuirrelsAssistance+1","HollowMod:HornetsHelp","HollowMod:InfectedCysts+1","HollowMod:CornifersMapStart+1","HollowMod:theNailsmith+1","HollowMod:SoulSplash","HollowMod:NewGlowingWomb","HollowMod:CloakDash+1","Hallownest:attackFallenFury"],"relics":["HollowMod:VesselMask","Unceasing Top","HollowMod:MillibellesNoteRelic","Ice Cream","Mango","HollowMod:DelicateFlower","Torii","Astrolabe"],"acts_visited":["Hallownest:Greenpath","Hallownest:CityofTears"],"potions_floor_usage":[],"damage_taken":[{"damage":5.0,"enemies":"Hallownest:monsterHuskGuard","floor":1.0,"turns":4.0},{"damage":0.0,"enemies":"Hallownest:monsterHuskWarrior","floor":2.0,"turns":4.0},{"damage":0.0,"enemies":"Hallownest:2_MossCreeps","floor":3.0,"turns":4.0},{"damage":13.0,"enemies":"Hallownest:eliteVengeflyKing","floor":6.0,"turns":15.0},{"damage":37.0,"enemies":"Hallownest:eliteMossKnight","floor":8.0,"turns":25.0},{"damage":0,"enemies":"Hallownest:eliteVengeflyKing","floor":13,"turns":7},{"damage":31,"enemies":"Hallownest:BossBrokenVessel","floor":16,"turns":15},{"damage":14,"enemies":"Hallownest:Guard_and_Sentry","floor":18,"turns":4},{"damage":11,"enemies":"Hallownest:Flukemon_and_Top","floor":20,"turns":6},{"damage":34,"enemies":"Hallownest:Glutton_and_Coward","floor":21,"turns":4},{"damage":38,"enemies":"Hallownest:eliteWatcherKnight","floor":24,"turns":3}],"seed_played":"-5480229252290235421","potions_obtained":[{"floor":3.0,"key":"Weak Potion"},{"floor":13,"key":"Dexterity Potion"},{"floor":16,"key":"Fire Potion"},{"floor":20,"key":"Explosive Potion"}],"is_trial":false,"path_per_floor":["M","M","M","?","T","E","R","E","T","R","$","R","E","$","R","B",null,"M","?","M","M","?","R","E"],"character_chosen":"THE_BUGKNIGHT","items_purchased":["HollowMod:GreatSlash"],"campfire_rested":0,"item_purchase_floors":[11],"current_hp_per_floor":[75,75,75,75,75,71,71,60,60,60,60,60,60,60,60,29,89,75,75,64,30,30,30,0,0],"gold":199,"neow_bonus":"ONE_RARE_RELIC","is_daily":false,"chose_seed":false,"campfire_upgraded":5,"win_rate":0.0,"timestamp":1611027034,"path_taken":["M","M","M","?","?","E","R","E","T","R","$","R","E","$","R","BOSS","M","?","M","M","?","R","E"],"items_purchased_type":["Card"],"build_version":"2020-12-22","purchased_purges":1,"victory":false,"max_hp_per_floor":[75,75,75,75,75,75,75,89,89,89,89,89,89,89,89,89,89,89,89,89,89,89,89,89,89],"card_choices":[{"not_picked":["HollowMod:LifebloodCocoon","HollowMod:NewGlowingWomb"],"picked":"HollowMod:MonarchWings","floor":1.0},{"not_picked":["HollowMod:BlackTendrils","HollowMod:SiblingsShadow"],"picked":"HollowMod:ChannelNail","floor":2.0},{"not_picked":["HollowMod:WraithStrike","HollowMod:PureNailStrike"],"picked":"HollowMod:LuriensSpire","floor":3.0},{"not_picked":["HollowMod:SoulEater","HollowMod:MonarchWings"],"picked":"HollowMod:SiblingsSouls","floor":6.0},{"not_picked":["HollowMod:HeavyBlow","HollowMod:GrimmsGift"],"picked":"HollowMod:CrystalDash","floor":8.0},{"not_picked":["HollowMod:InfectedCysts","HollowMod:DoubleDash"],"picked":"HollowMod:QuirrelsAssistance","floor":13},{"not_picked":["HollowMod:LordofShades","HollowMod:VoidDash"],"picked":"HollowMod:HornetsHelp","floor":16},{"not_picked":["HollowMod:DoubleDash+1","HollowMod:SoulStrike"],"picked":"HollowMod:SoulSplash","floor":18},{"not_picked":["HollowMod:DescendingDark","HollowMod:SharpenedNail"],"picked":"HollowMod:NewGlowingWomb","floor":20},{"not_picked":["HollowMod:RecoilStrike","HollowMod:PureNailStrike"],"picked":"HollowMod:CloakDash","floor":21}],"player_experience":125473,"relics_obtained":[{"floor":5.0,"key":"HollowMod:MillibellesNoteRelic"},{"floor":6.0,"key":"Ice Cream"},{"floor":8.0,"key":"Mango"},{"floor":9.0,"key":"HollowMod:DelicateFlower"},{"floor":13,"key":"Torii"}],"event_choices":[],"is_beta":false,"boss_relics":[{"not_picked":["SlaversCollar","Pandora\u0027s Box"],"picked":"Astrolabe"}],"items_purged_floors":[14],"is_endless":false,"potions_floor_spawned":[3,13,16,20],"killed_by":"Hallownest:eliteWatcherKnight","ascension_level":2}}