{"host":"2qv44oxt58ptq59r","time":1611081833,"event":{"mods":["AchievementEnabler","BaseMod","Colored Powertips","Highlight Path","Minty Spire (QoL Compilation)","Permanent Neow","StSLib"],"gold_per_floor":[118,33,33,33,33,63,63,94,118,137,160,160,174,207,207,309,309,329,339,29,41,52,52,66,66,66,66,66,86,86,20,20,117,117,129,129,141,154,154,154,168,168,192,192,192,211,230,112,112,112,112],"floor_reached":50,"language":"ENG","playtime":11086,"items_purged":[],"score":510,"play_id":"0670a189-0b69-4f6f-9531-94baea30a5fb","local_time":"20210119184353","is_ascension_mode":true,"campfire_choices":[{"data":"Blind","floor":7.0,"key":"SMITH"},{"floor":15.0,"key":"REST"},{"data":"Barricade","floor":23.0,"key":"SMITH"},{"floor":28.0,"key":"RECALL"},{"data":"Inflame","floor":30.0,"key":"SMITH"},{"data":"Metallicize","floor":32.0,"key":"SMITH"},{"floor":40,"key":"REST"},{"floor":42,"key":"REST"},{"floor":44,"key":"REST"},{"floor":49,"key":"REST"}],"circlet_count":0,"master_deck":["Strike_R","Strike_R","Strike_R+1","Strike_R","Strike_R","Defend_R","Defend_R+1","Defend_R","Defend_R","Bash+1","Intimidate","Blind+1","Cleave","Inflame+1","Metallicize+1","Pommel Strike","Thunderclap","Barricade+1","Rage+1","Thunderclap+1","Headbutt+1","Limit Break+1","Sentinel+1","Panacea","Shrug It Off+1","Madness","Madness","Whirlwind","Clothesline+1","Sword Boomerang","Bash","Metallicize+1","Parasite","Uppercut","Sword Boomerang","Twin Strike+1","Flame Barrier","Limit Break","Armaments+1"],"relics":["Burning Blood","Champion Belt","Ginger","PreservedInsect","Strawberry","Happy Flower","Vajra","Runic Cube","Sling","Pen Nib","The Courier","Bronze Scales","Orrery"],"acts_visited":["Exordium","TheCity","TheBeyond"],"potions_floor_usage":[39],"damage_taken":[{"damage":5.0,"enemies":"2 Louse","floor":1.0,"turns":2.0},{"damage":24.0,"enemies":"3 Sentries","floor":6.0,"turns":13.0},{"damage":23.0,"enemies":"Lagavulin","floor":8.0,"turns":9.0},{"damage":3.0,"enemies":"Jaw Worm","floor":10.0,"turns":3.0},{"damage":0.0,"enemies":"Cultist","floor":13.0,"turns":3.0},{"damage":12.0,"enemies":"3 Sentries","floor":14.0,"turns":6.0},{"damage":21.0,"enemies":"Hexaghost","floor":16.0,"turns":12.0},{"damage":5.0,"enemies":"Spheric Guardian","floor":18.0,"turns":4.0},{"damage":0.0,"enemies":"Shell Parasite","floor":19.0,"turns":6.0},{"damage":13.0,"enemies":"Sentry and Sphere","floor":21.0,"turns":5.0},{"damage":10.0,"enemies":"Cultist and Chosen","floor":22.0,"turns":7.0},{"damage":0.0,"enemies":"Centurion and Healer","floor":24.0,"turns":7.0},{"damage":23.0,"enemies":"Snecko","floor":29.0,"turns":5.0},{"damage":37.0,"enemies":"Automaton","floor":33.0,"turns":10.0},{"damage":17.0,"enemies":"3 Shapes","floor":35.0,"turns":7.0},{"damage":8.0,"enemies":"Orb Walker","floor":37.0,"turns":4.0},{"damage":28.0,"enemies":"3 Darklings","floor":38.0,"turns":5.0},{"damage":0,"enemies":"4 Shapes","floor":39,"turns":1},{"damage":55,"enemies":"Transient","floor":41,"turns":5},{"damage":59,"enemies":"Spire Growth","floor":46,"turns":6},{"damage":23,"enemies":"Writhing Mass","floor":47,"turns":7},{"damage":45,"enemies":"Time Eater","floor":50,"turns":7}],"seed_played":"5490887969083105714","potions_obtained":[{"floor":1.0,"key":"Fruit Juice"},{"floor":6.0,"key":"PowerPotion"},{"floor":13.0,"key":"SkillPotion"},{"floor":16.0,"key":"DistilledChaos"},{"floor":18.0,"key":"SmokeBomb"},{"floor":22.0,"key":"Weak Potion"},{"floor":29.0,"key":"BlessingOfTheForge"},{"floor":37.0,"key":"Block Potion"},{"floor":41,"key":"Strength Potion"}],"is_trial":false,"path_per_floor":["M","$","?","$","?","E","R","E","T","M","T","?","M","E","R","B",null,"M","M","$","M","M","R","M","$","T","?","R","M","R","$","R","B",null,"M","?","M","M","M","R","M","R","T","R","?","M","M","$","R","B"],"character_chosen":"IRONCLAD","items_purchased":["Blind","Sling","Pen Nib","Panacea","Orrery"],"campfire_rested":5,"item_purchase_floors":[2,20,20,31,48],"current_hp_per_floor":[80,80,64,64,64,51,51,34,34,37,44,41,47,41,68,53,92,92,92,92,85,81,81,87,87,87,87,87,70,70,70,70,39,92,81,69,67,45,51,78,29,56,56,83,83,30,13,13,40,0,0],"gold":112,"neow_bonus":"UPGRADE_CARD","is_daily":false,"chose_seed":false,"campfire_upgraded":4,"win_rate":0.0,"timestamp":1611081833,"path_taken":["M","$","?","$","?","E","R","E","T","M","?","?","M","E","R","BOSS","M","M","$","M","M","R","M","$","T","?","R","M","R","?","R","BOSS","M","?","M","M","M","R","M","R","T","R","?","M","?","$","R","BOSS"],"items_purchased_type":["Card","Relic","Relic","Card","Relic"],"build_version":"2020-12-22","purchased_purges":0,"victory":false,"max_hp_per_floor":[80,80,80,80,80,85,85,85,85,85,92,92,92,92,92,92,92,92,92,92,92,92,92,92,92,92,92,92,92,92,92,92,92,92,92,92,92,92,92,92,92,92,92,92,92,92,92,92,92,92,92],"card_choices":[{"not_picked":["Heavy Blade","Evolve"],"picked":"Intimidate","floor":1.0},{"not_picked":["Evolve","Wild Strike"],"picked":"Cleave","floor":6.0},{"not_picked":["True Grit","Battle Trance"],"picked":"Inflame","floor":8.0},{"not_picked":["Thunderclap","Cleave"],"picked":"Metallicize","floor":10.0},{"not_picked":["Second Wind","Dual Wield"],"picked":"Pommel Strike","floor":13.0},{"not_picked":["Havoc","Rupture"],"picked":"Thunderclap","floor":14.0},{"not_picked":["Immolate","Berserk"],"picked":"Barricade","floor":16.0},{"not_picked":["Sentinel","Dropkick"],"picked":"Rage+1","floor":18.0},{"not_picked":["Perfected Strike","Pommel Strike+1"],"picked":"Thunderclap+1","floor":19.0},{"not_picked":["Havoc","Flex"],"picked":"Headbutt+1","floor":21.0},{"not_picked":["Pummel+1","Pommel Strike","Perfected Strike"],"picked":"SKIP","floor":22.0},{"not_picked":["Perfected Strike","Havoc"],"picked":"Limit Break","floor":24.0},{"not_picked":["Wild Strike","Headbutt"],"picked":"Sentinel+1","floor":29.0},{"not_picked":["Warcry","Flex+1"],"picked":"Shrug It Off+1","floor":35.0},{"not_picked":["Thunderclap+1","Pummel+1","Anger"],"picked":"SKIP","floor":37.0},{"not_picked":["Reckless Charge+1","Cleave"],"picked":"Whirlwind","floor":38.0},{"not_picked":["Dropkick+1","Iron Wave+1"],"picked":"Clothesline+1","floor":41},{"not_picked":["Clash","Inflame"],"picked":"Metallicize+1","floor":46},{"not_picked":["Ghostly Armor+1","Brutality"],"picked":"Uppercut","floor":47},{"not_picked":["Headbutt","Warcry"],"picked":"Sword Boomerang","floor":48},{"not_picked":["Dropkick","Intimidate"],"picked":"Twin Strike+1","floor":48},{"not_picked":["Havoc","Perfected Strike+1"],"picked":"Flame Barrier","floor":48},{"not_picked":["Perfected Strike+1","Sever Soul"],"picked":"Limit Break","floor":48},{"not_picked":["Evolve","True Grit"],"picked":"Armaments+1","floor":48}],"player_experience":5402078,"relics_obtained":[{"floor":6.0,"key":"Champion Belt"},{"floor":8.0,"key":"Ginger"},{"floor":9.0,"key":"PreservedInsect"},{"floor":11.0,"key":"Strawberry"},{"floor":14.0,"key":"Vajra"},{"floor":26.0,"key":"The Courier"},{"floor":43,"key":"Bronze Scales"}],"event_choices":[{"damage_healed":0.0,"max_hp_gain":0.0,"max_hp_loss":0.0,"gold_gain":0.0,"event_name":"Shining Light","player_choice":"Entered Light","floor":3.0,"gold_loss":0.0,"damage_taken":16.0,"cards_upgraded":["Strike_R","Defend_R"]},{"damage_healed":0.0,"max_hp_gain":0.0,"max_hp_loss":0.0,"gold_gain":0.0,"event_name":"Liars Game","player_choice":"Ignored","floor":5.0,"gold_loss":0.0,"damage_taken":0.0},{"damage_healed":0.0,"max_hp_gain":0.0,"max_hp_loss":0.0,"gold_gain":0.0,"event_name":"Scrap Ooze","player_choice":"Success","floor":12.0,"gold_loss":0.0,"damage_taken":3.0,"relics_obtained":["Happy Flower"]},{"damage_healed":0.0,"max_hp_gain":0.0,"max_hp_loss":0.0,"gold_gain":0.0,"event_name":"Upgrade Shrine","player_choice":"Upgraded","floor":27.0,"gold_loss":0.0,"damage_taken":0.0,"cards_upgraded":["Limit Break"]},{"damage_healed":0.0,"max_hp_gain":0.0,"max_hp_loss":0.0,"gold_gain":0.0,"event_name":"Winding Halls","player_choice":"Embrace Madness","floor":36.0,"gold_loss":0.0,"damage_taken":12.0,"cards_obtained":["Madness","Madness"]},{"damage_healed":0,"gold_gain":0,"player_choice":"2 cards matched","damage_taken":0,"max_hp_gain":0,"max_hp_loss":0,"event_name":"Match and Keep!","floor":45,"gold_loss":0,"cards_obtained":["Sword Boomerang","Bash"]}],"is_beta":false,"boss_relics":[{"not_picked":["Cursed Key","Pandora\u0027s Box"],"picked":"Runic Cube"},{"not_picked":["Snecko Eye","Runic Pyramid","Sozu"]}],"items_purged_floors":[],"is_endless":false,"potions_floor_spawned":[1,6,13,16,18,22,29,37,39,41],"killed_by":"Time Eater","ascension_level":1}}