{"host":"h2gxemxa99wv6yfu","time":1611017834,"event":{"mods":["BaseMod","Block Reminder","Colored Powertips","Friendly Minions","Highlight Path","Infinite Spire","Minty Spire (QoL Compilation)","Permanent Neow","Quick Restart","Relic Stats","Replay The Spire","Shop Mod","StSLib"],"gold_per_floor":[110,110,123,163,163,163,176,176,201,220,220,245,245,195,195,323,323,336,336,336,246,271,271,292,292,367,380,400,400,301,301,301,401,451,471,489,539,286,300,300,328,328,355,355,355],"floor_reached":44,"language":"ENG","playtime":1549,"items_purged":["Defend_B","Injury"],"score":476,"play_id":"5bd9ac3e-1456-4784-8335-1a31d58e70fe","local_time":"20210118185714","is_ascension_mode":false,"campfire_choices":[{"floor":6.0,"key":"REST"},{"data":"infinitespire:Gouge","floor":8.0,"key":"SMITH"},{"data":"Zap","floor":13.0,"key":"SMITH"},{"floor":15.0,"key":"REST"},{"data":"Electrodynamics","floor":23.0,"key":"SMITH"},{"data":"Crystallizer","floor":25.0,"key":"SMITH"},{"data":"BasicCrystalCard","floor":29.0,"key":"SMITH"},{"floor":32.0,"key":"REST"},{"data":"Amplify","floor":40.0,"key":"SMITH"}],"circlet_count":0,"master_deck":["Strike_B+1","Strike_B+1","Defend_B","Defend_B","Defend_B+1","Zap+1","Dualcast+1","infinitespire:Gouge+1","Crystallizer+1","BasicCrystalCard+1","Electrodynamics+1","Amplify+1","CurseOfTheBell","Heatsinks","FIFO Queue","Buffer","Panic Button+1","Capacitor","Defragment+1","Defragment+1"],"relics":["Cracked Core","NeowsBlessing","Bottled Flame","Bloody Idol","Replay:Rubber Ducky","Calling Bell","infinitespire:Freezer","Sundial","TungstenRod","MutagenicStrength","ReplayTheSpireMod:CursedCoin","Tiny House","Counterbalance","infinitespire:Lucky Rock","infinitespire:SolderingIron","Potion Belt"],"acts_visited":["Exordium","TheCity","TheBeyond"],"potions_floor_usage":[],"damage_taken":[{"damage":0.0,"enemies":"2 Louse","floor":1.0,"turns":1.0},{"damage":0.0,"enemies":"Small Slimes","floor":3.0,"turns":1.0},{"damage":0.0,"enemies":"Jaw Worm","floor":7.0,"turns":1.0},{"damage":7.0,"enemies":"Looter","floor":10.0,"turns":3.0},{"damage":4.0,"enemies":"Blue Slaver","floor":12.0,"turns":2.0},{"damage":0.0,"enemies":"Slime Boss","floor":16.0,"turns":6.0},{"damage":9.0,"enemies":"Chosen","floor":18.0,"turns":5.0},{"damage":1.0,"enemies":"Spheric Guardian","floor":22.0,"turns":4.0},{"damage":10.0,"enemies":"Centurion and Healer","floor":24.0,"turns":3.0},{"damage":26.0,"enemies":"3 Cultists","floor":27.0,"turns":5.0},{"damage":0.0,"enemies":"Chosen and Byrds","floor":28.0,"turns":3.0},{"damage":54.0,"enemies":"Champ","floor":33.0,"turns":11.0},{"damage":0.0,"enemies":"3 Shapes","floor":35.0,"turns":4.0},{"damage":22.0,"enemies":"3 Darklings","floor":36.0,"turns":4.0},{"damage":0.0,"enemies":"Mind Bloom Boss Battle","floor":37.0,"turns":10.0},{"damage":13.0,"enemies":"Sphere and 2 Shapes","floor":39.0,"turns":8.0},{"damage":64.0,"enemies":"Nightmare","floor":41.0,"turns":10.0},{"damage":23,"enemies":"Jaw Worm Horde","floor":44,"turns":1}],"seed_played":"-4382226929716579557","potions_obtained":[{"floor":1.0,"key":"Doom Potion"},{"floor":3.0,"key":"Strength Potion"},{"floor":16.0,"key":"EssenceOfDarkness"},{"floor":33.0,"key":"Swift Potion"},{"floor":34.0,"key":"SteroidPotion"},{"floor":39.0,"key":"SkillPotion"},{"floor":41.0,"key":"LiquidMemories"}],"is_trial":false,"path_per_floor":["M","?","M","?","?","R","M","R","T","M","?","M","R","?","R","B",null,"M","?","AVR","?","M","R","M","R","T","M","M","R","$","?","R","B",null,"M","M","?","$","M","R","NM","?","T","M"],"character_chosen":"DEFECT","items_purchased":["FIFO Queue","Fruit Juice","ReplayTheSpireMod:CursedCoin","infinitespire:Lucky Rock"],"campfire_rested":3,"item_purchase_floors":[30,30,30,38],"current_hp_per_floor":[75,57,57,27,9,31,31,31,31,24,9,5,5,5,27,27,75,66,66,66,66,65,65,55,55,55,29,29,29,34,34,58,9,85,85,68,73,73,65,65,6,6,11,0,0],"gold":355,"neow_bonus":"THREE_ENEMY_KILL","is_daily":false,"chose_seed":false,"campfire_upgraded":6,"win_rate":0.0,"timestamp":1611017834,"path_taken":["M","?","M","?","?","R","?","R","T","M","?","M","R","?","R","BOSS","M","?","AVR","?","M","R","M","R","T","?","M","R","$","?","R","BOSS","M","M","?","$","M","R","NM","?","T","M"],"items_purchased_type":["Card","Potion","Relic","Relic"],"build_version":"2020-12-22","purchased_purges":2,"victory":false,"max_hp_per_floor":[75,75,75,75,75,75,75,75,75,75,75,75,75,75,75,75,75,75,75,75,75,75,75,75,75,75,75,75,75,80,80,80,80,85,85,85,85,85,85,85,85,85,85,85,85],"relic_stats":{"counters":[18,82],"Sundial":[16],"Bloody Idol":35,"obtain_stats":[{"Potion Belt":43,"Tiny House":34,"NeowsBlessing":0,"Golden Idol":5,"ReplayTheSpireMod:CursedCoin":30,"Counterbalance":37,"infinitespire:Lucky Rock":38,"Replay:Rubber Ducky":9,"Calling Bell":17,"Bottled Flame":4,"infinitespire:SolderingIron":41,"Sundial":17,"MutagenicStrength":19,"Bloody Idol":31,"Cracked Core":0,"TungstenRod":17,"infinitespire:Freezer":17},{"Potion Belt":17,"Tiny House":12,"NeowsBlessing":0,"Golden Idol":2,"ReplayTheSpireMod:CursedCoin":11,"Counterbalance":15,"infinitespire:Lucky Rock":15,"Replay:Rubber Ducky":3,"Calling Bell":6,"Bottled Flame":2,"infinitespire:SolderingIron":17,"Sundial":6,"MutagenicStrength":7,"Bloody Idol":11,"Cracked Core":0,"TungstenRod":6,"infinitespire:Freezer":6},{"Potion Belt":81,"Tiny House":45,"NeowsBlessing":0,"Golden Idol":2,"ReplayTheSpireMod:CursedCoin":34,"Counterbalance":63,"infinitespire:Lucky Rock":63,"Replay:Rubber Ducky":3,"Calling Bell":14,"Bottled Flame":2,"infinitespire:SolderingIron":81,"Sundial":14,"MutagenicStrength":19,"Bloody Idol":34,"Cracked Core":0,"TungstenRod":14,"infinitespire:Freezer":14}],"TungstenRod":32},"card_choices":[{"not_picked":["Force Field","Barrage","Conserve Battery"],"picked":"SKIP","floor":1.0},{"not_picked":["infinitespire:UltimateForm","ReplayTheSpireMod:Echoes of Time"],"picked":"infinitespire:Gouge","floor":2.0},{"not_picked":["Barrage","Sunder","Reinforced Body"],"picked":"SKIP","floor":3.0},{"not_picked":["Rebound","Steam"],"picked":"Crystallizer","floor":4.0},{"not_picked":["FTL","Stack"],"picked":"BasicCrystalCard","floor":7.0},{"not_picked":["Redo","Beam Cell"],"picked":"Electrodynamics","floor":10.0},{"not_picked":["Compile Driver","Lockon","Panic Button"],"picked":"SKIP","floor":12.0},{"not_picked":["ReplayRNGCard","Mirror Shield"],"picked":"Amplify","floor":16.0},{"not_picked":["Sweeping Beam","Cold Snap","Go for the Eyes"],"picked":"SKIP","floor":18.0},{"not_picked":["Hologram","Scrape+1","Beam Cell"],"picked":"SKIP","floor":22.0},{"not_picked":["BasicCrystalCard","Core Surge","Turbo"],"picked":"SKIP","floor":24.0},{"not_picked":["Hologram","Redo+1"],"picked":"Heatsinks","floor":27.0},{"not_picked":["FTL","Compile Driver+1","Leap"],"picked":"SKIP","floor":28.0},{"not_picked":["ReplayTheSpireMod:Fabricate Wheel","Amplify"],"picked":"Buffer","floor":33.0},{"not_picked":["Ball Lightning","Gash+1"],"picked":"Panic Button+1","floor":34.0},{"not_picked":["Reprogram+1","Streamline+1"],"picked":"Chaos+1","floor":35.0},{"not_picked":["Steam+1","Crystallizer"],"picked":"Capacitor","floor":36.0},{"not_picked":["Stack+1","Beam Cell"],"picked":"Defragment+1","floor":39.0},{"not_picked":["Turbo+1","ReplayTheSpireMod:GoodbyeWorld"],"picked":"Defragment+1","floor":41.0}],"player_experience":15849,"relics_obtained":[{"floor":4.0,"key":"Bottled Flame"},{"floor":9.0,"key":"Replay:Rubber Ducky"},{"floor":17.0,"key":"infinitespire:Freezer"},{"floor":17.0,"key":"Sundial"},{"floor":17.0,"key":"TungstenRod"},{"floor":37.0,"key":"Counterbalance"},{"floor":41.0,"key":"infinitespire:SolderingIron"},{"floor":43.0,"key":"Potion Belt"}],"event_choices":[{"damage_healed":0.0,"max_hp_gain":0.0,"max_hp_loss":0.0,"gold_gain":0.0,"event_name":"Golden Idol","player_choice":"Take Damage","floor":5.0,"gold_loss":0.0,"damage_taken":18.0,"relics_obtained":["Golden Idol"]},{"damage_healed":0.0,"max_hp_gain":0.0,"max_hp_loss":0.0,"gold_gain":0.0,"event_name":"Shining Light","player_choice":"Entered Light","floor":11.0,"gold_loss":0.0,"damage_taken":15.0,"cards_upgraded":["Dualcast","Strike_B"]},{"cards_removed":["Strike_B"],"damage_healed":0.0,"max_hp_gain":0.0,"max_hp_loss":0.0,"gold_gain":0.0,"event_name":"The Cleric","player_choice":"Card Removal","floor":14.0,"gold_loss":50.0,"damage_taken":0.0},{"damage_healed":0.0,"max_hp_gain":0.0,"max_hp_loss":0.0,"gold_gain":0.0,"event_name":"Drug Dealer","player_choice":"Inject Mutagens","floor":19.0,"gold_loss":0.0,"damage_taken":0.0,"relics_obtained":["MutagenicStrength"]},{"cards_removed":["Strike_B"],"damage_healed":0.0,"max_hp_gain":0.0,"max_hp_loss":0.0,"gold_gain":0.0,"event_name":"Designer","player_choice":"Upgrade and Remove","floor":21.0,"gold_loss":90.0,"damage_taken":0.0,"cards_upgraded":["Strike_B"]},{"damage_healed":0.0,"max_hp_gain":0.0,"max_hp_loss":0.0,"gold_gain":0.0,"event_name":"Forgotten Altar","player_choice":"Gave Idol","floor":31.0,"relics_lost":["Golden Idol"],"gold_loss":0.0,"damage_taken":0.0,"relics_obtained":["Bloody Idol"]},{"damage_healed":0.0,"max_hp_gain":0.0,"max_hp_loss":0.0,"gold_gain":0.0,"event_name":"MindBloom","player_choice":"Fight","floor":37.0,"gold_loss":0.0,"damage_taken":0.0},{"cards_removed":["Chaos"],"damage_healed":0.0,"max_hp_gain":0.0,"max_hp_loss":0.0,"gold_gain":0.0,"event_name":"Falling","player_choice":"Removed Skill","floor":42.0,"gold_loss":0.0,"damage_taken":0.0}],"is_beta":false,"boss_relics":[{"not_picked":["Philosopher\u0027s Stone","ChewingGum"],"picked":"Calling Bell"},{"not_picked":["Snecko Eye","Nuclear Battery"],"picked":"Tiny House"}],"items_purged_floors":[30,38],"is_endless":true,"potions_floor_spawned":[1,3,16,24,27,28,33,39,41],"killed_by":"Jaw Worm Horde","ascension_level":0}}