{"host":"rl3s470f8onwqc1s","time":1611070042,"event":{"mods":["ATMod(°¢èªMod)","BaseMod","Gold Saver","Minty Spire (QoL Compilation)","MostiFishMod","Shop Mod","Spicy Shops","StSLib","TestMod"],"gold_per_floor":[421,1420,1420,1432,1432,1432,1464,1464,1464,1491,1507,1538,1538,659,659,735,735,751,751,764,774,792,820,840,875,923,976,1064,1169,1205,1267,1267,1414,1414,1504,1602,1642,1642,1685,1740,1740,1800,1800,706,844,844,899,1019,1019,1044,1094,1094,1094,0,81,106],"floor_reached":57,"language":"ZHS","playtime":1937,"items_purged":["Strike_R"],"score":4009,"play_id":"d0b35b3e-7ca7-4a50-8067-d5037b618f22","local_time":"20210119232722","is_ascension_mode":true,"campfire_choices":[{"data":"Armaments","floor":6.0,"key":"SMITH"},{"data":"AT_IchimonjiDouble","floor":8.0,"key":"SMITH"},{"data":"Dark Embrace","floor":15.0,"key":"SMITH"},{"floor":32.0,"key":"RECALL"},{"data":"Defend_R","floor":41.0,"key":"PURGE"},{"data":"Defend_R","floor":46.0,"key":"PURGE"},{"data":"Defend_R","floor":49.0,"key":"PURGE"},{"data":"Defend_R","floor":53.0,"key":"PURGE"}],"circlet_count":0,"master_deck":["AscendersBane","Bash","AT_IchimonjiDouble+1","Clothesline+1","AT_DiedThrough+1","MostiFishMod:FireWorks+1","Armaments+1","MostiFishMod:OrdinaryWorld","Power Through","Evolve","Dark Embrace+1","AT_BodySlamDance","Second Wind","MostiFishMod:ChineseTea","Entrench+1","Bash","Bloodletting","Whirlwind","Feel No Pain","Dark Embrace+1","AT_CaressingTears+1","Bloodletting+1","Feel No Pain","Entrench+1","Second Wind+1","MostiFishMod:#F4004+1","AT_ManFootWork+1","Power Through+1","Bloodletting+1","MostiFishMod:FlyOverUtopia+1","MostiFishMod:SephirahHod+1","MostiFishMod:#F4004+1","AT_CaressingTears+1","Feel No Pain+1","Fiend Fire","Disarm+1","Shrug It Off+1","Exhume+1","Hemokinesis","Shrug It Off+1","Offering+1","Dark Embrace+1","Shockwave+1","MostiFishMod:RainCloud","AT_BodySlamDance+1"],"relics":["testmod-TestBox","DaveBox","AT_ATBox","EGODaCapo","testmod-StringDisintegrator","SynthV:TestCard","Eternal Feather","Lizard Tail","Peace Pipe","Prayer Wheel","AT_GuinsooRageblade","AT_ImmortalShieldbow","Civilization","AT_RedNoBalance","Self Forming Clay","testmod-Fanaticism","Toxic Egg 2","testmod-Justice","AT_MibuBalloonWealth","Meat on the Bone","testmod-TurbochargingSystem","MostiFishMod:Hod","testmod-BlackFramedGlasses","Potion Belt","Happy Flower","Anchor","White Beast Statue","testmod-OneHitWonder","testmod-CasingShield","HandDrill","Medical Kit","Turnip","AT_ChloranthyRing","Chemical X","Shuriken","Letter Opener","Champion Belt"],"acts_visited":["Exordium","TheCity","TheBeyond","TheEnding"],"potions_floor_usage":[56,56,56,56],"damage_taken":[{"damage":0.0,"enemies":"Small Slimes","floor":1.0,"turns":2.0},{"damage":0.0,"enemies":"Jaw Worm","floor":4.0,"turns":1.0},{"damage":4.0,"enemies":"Gremlin Nob","floor":7.0,"turns":2.0},{"damage":8.0,"enemies":"Lagavulin","floor":10.0,"turns":6.0},{"damage":4.0,"enemies":"Cultist","floor":11.0,"turns":1.0},{"damage":4.0,"enemies":"Gremlin Nob","floor":12.0,"turns":1.0},{"damage":4.0,"enemies":"Hexaghost","floor":16.0,"turns":3.0},{"damage":4.0,"enemies":"Shell Parasite","floor":18.0,"turns":2.0},{"damage":0.0,"enemies":"2 Thieves","floor":20.0,"turns":1.0},{"damage":3.0,"enemies":"Shelled Parasite and Fungi","floor":21.0,"turns":2.0},{"damage":3.0,"enemies":"Snake Plant","floor":22.0,"turns":2.0},{"damage":0.0,"enemies":"Slavers","floor":23.0,"turns":1.0},{"damage":7.0,"enemies":"Centurion and Healer","floor":24.0,"turns":1.0},{"damage":3.0,"enemies":"Gremlin Leader","floor":25.0,"turns":2.0},{"damage":4.0,"enemies":"Book of Stabbing","floor":27.0,"turns":2.0},{"damage":6.0,"enemies":"3 Cultists","floor":28.0,"turns":3.0},{"damage":39.0,"enemies":"Slavers","floor":29.0,"turns":3.0},{"damage":3.0,"enemies":"Snake Plant","floor":30.0,"turns":1.0},{"damage":4.0,"enemies":"Sentry and Sphere","floor":31.0,"turns":1.0},{"damage":10.0,"enemies":"Collector","floor":33.0,"turns":3.0},{"damage":11.0,"enemies":"3 Shapes","floor":35.0,"turns":1.0},{"damage":4.0,"enemies":"2 Orb Walkers","floor":36.0,"turns":2.0},{"damage":4.0,"enemies":"Orb Walker","floor":37.0,"turns":1.0},{"damage":10.0,"enemies":"Transient","floor":39.0,"turns":2.0},{"damage":8.0,"enemies":"Nemesis","floor":40.0,"turns":2.0},{"damage":11.0,"enemies":"Giant Head","floor":42.0,"turns":4.0},{"damage":7.0,"enemies":"3 Darklings","floor":45.0,"turns":1.0},{"damage":9.0,"enemies":"Nemesis","floor":47.0,"turns":1.0},{"damage":16.0,"enemies":"4 Shapes","floor":48.0,"turns":1.0},{"damage":19.0,"enemies":"Time Eater","floor":50.0,"turns":2.0},{"damage":16.0,"enemies":"Donu and Deca","floor":51.0,"turns":1.0},{"damage":7.0,"enemies":"Shield and Spear","floor":55.0,"turns":2.0},{"damage":22,"enemies":"The Heart","floor":56,"turns":4}],"seed_played":"4822814383105563045","potions_obtained":[{"floor":1.0,"key":"testmod-TestPotion"},{"floor":7.0,"key":"testmod-SpacePotion"},{"floor":18.0,"key":"ColorlessPotion"},{"floor":23.0,"key":"BloodPotion"},{"floor":31.0,"key":"testmod-SpacePotion"},{"floor":37.0,"key":"ColorlessPotion"},{"floor":39.0,"key":"PowerPotion"},{"floor":45.0,"key":"BlessingOfTheForge"},{"floor":47.0,"key":"Weak Potion"},{"floor":48.0,"key":"ElixirPotion"},{"floor":55.0,"key":"Strength Potion"}],"is_trial":false,"path_per_floor":["M","?","T","M","?","R","E","R","T","E","M","E","T","$","R","B",null,"M","?","M","M","M","E","M","E","T","E","M","E","M","M","R","B",null,"M","?","M","T","M","E","R","E","T","$","M","R","E","M","R","B","B",null,"R","$","E","B",null],"character_chosen":"IRONCLAD","items_purchased":["Civilization","AT_SilverBalance","Self Forming Clay","Second Wind","White Beast Statue","testmod-OneHitWonder","testmod-CasingShield","HandDrill","Medical Kit","AT_ChloranthyRing","Chemical X","Shuriken","Letter Opener","Shockwave+1","MostiFishMod:RainCloud"],"campfire_rested":0,"item_purchase_floors":[14,14,14,14,44,44,44,44,44,54,54,54,54,54,54],"current_hp_per_floor":[68,68,68,68,68,74,70,75,75,67,63,59,59,59,68,34,66,44,44,48,50,52,66,74,90,90,101,111,121,123,124,132,137,137,133,147,149,149,157,162,162,167,167,167,165,172,168,182,182,187,192,192,192,192,197,202],"gold":106,"neow_bonus":"BOSS_RELIC","is_daily":false,"chose_seed":false,"campfire_upgraded":3,"win_rate":0.0,"timestamp":1611070042,"path_taken":["M","?","?","?","?","R","E","R","T","E","M","E","?","$","R","BOSS","M","?","?","M","M","E","M","E","T","E","M","E","M","M","R","BOSS","M","?","M","?","M","E","R","E","T","$","M","R","E","M","R","BOSS","BOSS","R","$","E","BOSS"],"items_purchased_type":["Relic","Relic","Relic","Card","Relic","Relic","Relic","Relic","Relic","Relic","Relic","Relic","Relic","Card","Card"],"build_version":"2020-12-22","purchased_purges":1,"victory":true,"max_hp_per_floor":[75,75,75,75,75,75,75,75,75,75,75,75,75,75,75,76,76,78,78,82,87,92,97,102,107,107,112,117,122,127,132,132,137,137,142,147,152,152,157,162,162,167,167,167,172,172,177,182,182,187,192,192,192,192,197,202],"card_choices":[{"not_picked":["Perfected Strike","Warcry","MostiFishMod:BrandingRite"],"picked":"SKIP","floor":1.0},{"not_picked":["Clothesline","Entrench","True Grit","Rage"],"picked":"Armaments","floor":4.0},{"not_picked":["Cleave","MostiFishMod:KnuckleDown","Berserk","Clothesline"],"picked":"Power Through","floor":7.0},{"not_picked":["Power Through","Iron Wave","Headbutt","AT_IchimonjiDouble"],"picked":"Evolve","floor":10.0},{"not_picked":["Warcry","Thunderclap","Flame Barrier","Evolve"],"picked":"Dark Embrace","floor":11.0},{"not_picked":["Pommel Strike","True Grit","Clothesline","Carnage"],"picked":"AT_BodySlamDance","floor":11.0},{"not_picked":["Infernal Blade","Combust","Double Tap","Pommel Strike","Cleave"],"picked":"SKIP","floor":12.0},{"not_picked":["Brutality","MostiFishMod:RainCloud","Feed","Double Tap"],"picked":"MostiFishMod:ChineseTea","floor":16.0},{"not_picked":["Body Slam","Searing Blow","Sever Soul","Dark Embrace"],"picked":"Entrench+1","floor":18.0},{"not_picked":["Spot Weakness","Shockwave","Pommel Strike","True Grit","Perfected Strike"],"picked":"SKIP","floor":18.0},{"not_picked":["Warcry","Armaments","Headbutt","Havoc"],"picked":"Bloodletting","floor":20.0},{"not_picked":["Perfected Strike","Pummel","Cleave","Twin Strike","AT_IchimonjiDouble"],"picked":"SKIP","floor":20.0},{"not_picked":["Flame Barrier+1","Shrug It Off","MostiFishMod:FlyOverUtopia","Flex+1"],"picked":"Whirlwind","floor":21.0},{"not_picked":["Havoc+1","Headbutt","Evolve","Body Slam","AT_IchimonjiDouble+1"],"picked":"SKIP","floor":21.0},{"not_picked":["Heavy Blade","Evolve","AT_GerminateFire","AT_IchimonjiDouble","Flame Barrier+1"],"picked":"SKIP","floor":22.0},{"not_picked":["Heavy Blade","AT_BodySlamDance","Iron Wave","Sword Boomerang","Reckless Charge"],"picked":"SKIP","floor":22.0},{"not_picked":["Clothesline","Twin Strike","Perfected Strike","AT_DrawKnifeCut"],"picked":"Feel No Pain","floor":23.0},{"not_picked":["Flex+1","Thunderclap","Body Slam","Iron Wave"],"picked":"Dark Embrace+1","floor":24.0},{"not_picked":["MostiFishMod:BrandingRite+1","Reckless Charge","Flex+1","Heavy Blade"],"picked":"AT_CaressingTears+1","floor":24.0},{"not_picked":["Evolve","Havoc+1","Sword Boomerang","Twin Strike"],"picked":"Bloodletting+1","floor":25.0},{"not_picked":["Clash","Twin Strike","Corruption","Bloodletting+1"],"picked":"Feel No Pain","floor":27.0},{"not_picked":["Anger","Rupture+1","Warcry+1","Flex+1"],"picked":"Entrench+1","floor":28.0},{"not_picked":["Intimidate+1","Sword Boomerang","Clash","Thunderclap"],"picked":"Second Wind+1","floor":28.0},{"not_picked":["Ghostly Armor+1","True Grit+1","Carnage","Thunderclap"],"picked":"MostiFishMod:#F4004+1","floor":29.0},{"not_picked":["Clothesline","Cleave","Metallicize+1","MostiFishMod:DarkDeal+1"],"picked":"AT_ManFootWork+1","floor":30.0},{"not_picked":["Flex+1","Armaments+1","Wild Strike","Havoc+1"],"picked":"Power Through+1","floor":30.0},{"not_picked":["MostiFishMod:BrandingRite+1","Thunderclap+1","Heavy Blade","Wild Strike+1"],"picked":"Bloodletting+1","floor":31.0},{"not_picked":["Ghostly Armor+1","Pommel Strike","Rage+1","Twin Strike","Havoc+1"],"picked":"SKIP","floor":31.0},{"not_picked":["MostiFishMod:Chiaki+1","Immolate","MostiFishMod:Mania","MostiFishMod:KnuckleDown+1"],"picked":"MostiFishMod:FlyOverUtopia+1","floor":33.0},{"not_picked":["Body Slam+1","Inflame","Rage+1","Rampage+1"],"picked":"MostiFishMod:#F4004+1","floor":35.0},{"not_picked":["Dual Wield+1","Sentinel+1","Thunderclap+1","Hemokinesis"],"picked":"AT_CaressingTears+1","floor":35.0},{"not_picked":["AT_BodySlamDance+1","MostiFishMod:BrandingRite+1","Pummel+1","Anger"],"picked":"Feel No Pain+1","floor":37.0},{"not_picked":["Wild Strike","Flex+1","AT_IchimonjiDouble","Sever Soul"],"picked":"Fiend Fire","floor":37.0},{"not_picked":["AT_CaressingTears+1","Wild Strike","Evolve","Havoc+1"],"picked":"Disarm+1","floor":39.0},{"not_picked":["Clash","Pommel Strike","Iron Wave+1","Intimidate+1"],"picked":"Shrug It Off+1","floor":39.0},{"not_picked":["Cleave+1","Clothesline","Wild Strike","AT_IchimonjiDouble+1"],"picked":"Exhume+1","floor":40.0},{"not_picked":["Thunderclap+1","Power Through+1","Battle Trance+1","Wild Strike","Perfected Strike"],"picked":"SKIP","floor":42.0},{"not_picked":["Flex+1","Pummel","Iron Wave","Uppercut"],"picked":"Hemokinesis","floor":45.0},{"not_picked":["Dropkick","Thunderclap+1","AT_ManFootWork+1","True Grit+1"],"picked":"Shrug It Off+1","floor":45.0},{"not_picked":["Wild Strike","Rampage+1","Thunderclap","Armaments+1"],"picked":"Offering+1","floor":47.0},{"not_picked":["Cleave+1","Heavy Blade","Ghostly Armor+1","AT_BodySlamDance+1"],"picked":"Dark Embrace+1","floor":48.0},{"not_picked":["Cleave","Havoc+1","Battle Trance+1","Warcry+1","Uppercut+1"],"picked":"SKIP","floor":48.0},{"not_picked":["Thunderclap","AT_IchimonjiDouble","Pummel","MostiFishMod:PerfectStrikeMKII"],"picked":"AT_BodySlamDance+1","floor":55.0}],"player_experience":1304373,"relics_obtained":[{"floor":1.0,"key":"SynthV:TestCard"},{"floor":3.0,"key":"Eternal Feather"},{"floor":7.0,"key":"Lizard Tail"},{"floor":9.0,"key":"Peace Pipe"},{"floor":10.0,"key":"Prayer Wheel"},{"floor":12.0,"key":"AT_GuinsooRageblade"},{"floor":13.0,"key":"AT_ImmortalShieldbow"},{"floor":23.0,"key":"Toxic Egg 2"},{"floor":25.0,"key":"testmod-Justice"},{"floor":26.0,"key":"AT_MibuBalloonWealth"},{"floor":27.0,"key":"Meat on the Bone"},{"floor":29.0,"key":"testmod-TurbochargingSystem"},{"floor":36.0,"key":"testmod-BlackFramedGlasses"},{"floor":40.0,"key":"Potion Belt"},{"floor":42.0,"key":"Happy Flower"},{"floor":43.0,"key":"Anchor"},{"floor":47.0,"key":"Turnip"},{"floor":55.0,"key":"Champion Belt"}],"event_choices":[{"damage_healed":0.0,"max_hp_gain":0.0,"max_hp_loss":0.0,"gold_gain":999.0,"event_name":"¶÷ÂåË¹µÄÅÌ×Ó","player_choice":"Sell","floor":2.0,"relics_lost":["Astrolabe"],"gold_loss":0.0,"damage_taken":0.0},{"damage_healed":0.0,"max_hp_gain":0.0,"max_hp_loss":0.0,"gold_gain":0.0,"cards_transformed":["Strike_R"],"event_name":"Living Wall","player_choice":"Change","floor":5.0,"gold_loss":0.0,"damage_taken":0.0,"cards_obtained":["MostiFishMod:OrdinaryWorld"]},{"damage_healed":0.0,"max_hp_gain":0.0,"max_hp_loss":0.0,"gold_gain":0.0,"event_name":"Match and Keep!","player_choice":"1 cards matched","floor":19.0,"gold_loss":0.0,"damage_taken":0.0,"cards_obtained":["Bash"]},{"damage_healed":0.0,"max_hp_gain":0.0,"max_hp_loss":0.0,"gold_gain":0.0,"event_name":"Mysterious Sphere","player_choice":"Fight","floor":36.0,"gold_loss":0.0,"damage_taken":0.0}],"is_beta":false,"boss_relics":[{"not_picked":["Mark of Pain","GuanYuAspect"],"picked":"testmod-Fanaticism"},{"not_picked":["FrostBlade","PatriotShield"],"picked":"MostiFishMod:Hod"}],"items_purged_floors":[14],"is_endless":false,"potions_floor_spawned":[1,7,18,23,24,25,28,31,37,39,45,47,48,55],"ascension_level":20}}