{"host":"9jkzatiwan7o33sr","time":1611018690,"event":{"mods":["A Magickal Journey","AchievementEnabler","Act Like it!","BaseMod","Colored Map","Colored Powertips","Conspire","Downfall","GifTheSpireLib","Hallownest","Hermit","Hubris","Infinite Spire","Marisa????????","Mimic Mod","Minty Spire (QoL Compilation)","StSLib","Stuff the Spire","The Bug Knight","The Construct","The Cursed","The Disciple","The Elementalist","The Factory","The Hierophant","The Jungle","The Mystic","The Necromancer","The Runesmith","The Servant 0.9.4","[IsaacMod]????"],"gold_per_floor":[117,128,5,5,20,20,30,40,67,67,67,67,101,117,117,212,212,229,229,229],"floor_reached":19,"language":"ENG","playtime":1129,"items_purged":[],"score":194,"play_id":"6667a3e6-d6b7-459f-80de-b620443da582","local_time":"20210119021130","is_ascension_mode":true,"campfire_choices":[{"data":"Gash","floor":6,"key":"SMITH"},{"data":"Beam Cell","floor":10,"key":"SMITH"},{"floor":12,"key":"REST"},{"floor":15,"key":"REST"}],"circlet_count":0,"master_deck":["Strike_B","Strike_B","Strike_B","Strike_B","Defend_B","Defend_B","Defend_B","Defend_B","Zap","Dualcast","BloodyBrimstone","Gash+1","Fan","Gash","Rainbow","Rebound","Beam Cell+1","Steam","Leap","Creative AI","Melter"],"relics":["Cracked Core","HushsDoor","TheBean","hubris:Towel","Bag of Marbles","StuffTheSpire:ColdMirror","Philosopher\u0027s Stone"],"acts_visited":["Exordium","TheCity"],"potions_floor_usage":[],"damage_taken":[{"damage":4,"enemies":"Small Slimes","floor":1,"turns":4},{"damage":3,"enemies":"Jaw Worm","floor":2,"turns":4},{"damage":5,"enemies":"Cultist","floor":5,"turns":4},{"damage":19,"enemies":"Blue Slaver","floor":7,"turns":4},{"damage":7,"enemies":"Red Slaver","floor":8,"turns":4},{"damage":23,"enemies":"Lagavulin","floor":13,"turns":5},{"damage":0,"enemies":"Gremlin Gang","floor":14,"turns":3},{"damage":52,"enemies":"Slime Boss","floor":16,"turns":11},{"damage":6,"enemies":"Chosen","floor":18,"turns":3},{"damage":33,"enemies":"3 Byrds","floor":19,"turns":2}],"seed_played":"5677392580726062206","potions_obtained":[{"floor":2,"key":"bronze:BurnAndBuffPotion"},{"floor":8,"key":"LiquidMemories"},{"floor":14,"key":"FocusPotion"},{"floor":16,"key":"FearPotion"},{"floor":18,"key":"ColorlessPotion"}],"is_trial":false,"path_per_floor":["M","M","$","?","M","R","M","M","T","R","?","R","E","M","R","B",null,"M","M"],"character_chosen":"DEFECT","items_purchased":["Gash","Rainbow"],"campfire_rested":2,"item_purchase_floors":[3,3],"current_hp_per_floor":[78,75,75,75,70,70,51,44,44,44,44,68,45,45,69,17,82,76,43,43],"gold":229,"neow_bonus":"TEN_PERCENT_HP_BONUS","is_daily":false,"chose_seed":false,"campfire_upgraded":2,"win_rate":0.0,"timestamp":1611018690,"path_taken":["M","M","$","?","M","R","M","?","T","R","?","R","E","?","R","BOSS","M","M"],"items_purchased_type":["Card","Card"],"build_version":"2020-12-22","purchased_purges":0,"victory":false,"max_hp_per_floor":[82,82,82,82,82,82,82,82,82,82,82,82,82,82,82,82,82,82,82,82],"card_choices":[{"not_picked":[],"picked":"BloodyBrimstone","floor":0},{"not_picked":["Redo","StuffTheSpire:Plugnplay"],"picked":"Gash","floor":1},{"not_picked":["Fusion","Genetic Algorithm"],"picked":"Fan","floor":2},{"not_picked":["StuffTheSpire:CleanHardDrive","Lockon"],"picked":"Rebound","floor":5},{"not_picked":["StuffTheSpire:Plugnplay","Redo"],"picked":"Beam Cell","floor":7},{"not_picked":["StuffTheSpire:Plugnplay","Hologram"],"picked":"Steam","floor":8},{"not_picked":["StuffTheSpire:Plugnplay","hubris:Ukulele","conspire:Rain"],"picked":"SKIP","floor":13},{"not_picked":["Heatsinks","StuffTheSpire:NuclearReactor"],"picked":"Leap","floor":14},{"not_picked":["hubris:Prefetch","Reboot"],"picked":"Creative AI","floor":16},{"not_picked":["Chill","BootSequence+1"],"picked":"Melter","floor":18}],"player_experience":572137,"relics_obtained":[{"floor":9,"key":"Bag of Marbles"},{"floor":13,"key":"StuffTheSpire:ColdMirror"}],"event_choices":[],"is_beta":false,"boss_relics":[{"not_picked":["hubris:ScarierMask","Ectoplasm"],"picked":"Philosopher\u0027s Stone"},{"not_picked":[]}],"items_purged_floors":[],"is_endless":false,"potions_floor_spawned":[2,8,14,16,18],"killed_by":"3 Byrds","ascension_level":3}}