{"host":"s41rn2jhghpwfrvz","time":1611024284,"event":{"mods":["BaseMod","Minty Spire (QoL Compilation)","Quick Restart","Relic Stats","SuperFastMode"],"gold_per_floor":[111,36,36,36,36,36,50,76,76,105,124,157,157,171,183,272,284,315,341,353,365,394,433,463,503,538,589,601,643,925,948,960,972,972],"floor_reached":33,"language":"ENG","playtime":683,"items_purged":["Inflame"],"score":786,"play_id":"dbcc1171-9086-4352-8e45-1c1f0e38595f","local_time":"20210119044444","daily_mods":["SealedDeck","Vintage","DeadlyEvents"],"is_ascension_mode":true,"campfire_choices":[{"data":"Pommel Strike","floor":6,"key":"SMITH"},{"data":"Pummel","floor":13,"key":"PURGE"},{"data":"Shrug It Off","floor":15,"key":"SMITH"},{"floor":28,"key":"RECALL"},{"floor":32,"key":"REST"}],"circlet_count":0,"master_deck":["AscendersBane","Flex+1","Pommel Strike+1","Shockwave+1","Pommel Strike+1","Shrug It Off+1","Pummel","Offering+1","Dark Embrace+1","Evolve"],"relics":["Burning Blood","Peace Pipe","Bag of Marbles","Centennial Puzzle","War Paint","Orichalcum","Toy Ornithopter","Vajra","MawBank","Empty Cage","White Beast Statue","Question Card","Champion Belt","Oddly Smooth Stone","CeramicFish","Bottled Lightning","Pen Nib","Nunchaku","Bag of Preparation","Shuriken"],"acts_visited":["Exordium","TheCity"],"potions_floor_usage":[],"damage_taken":[{"damage":0,"enemies":"2 Louse","floor":1,"turns":1},{"damage":0,"enemies":"Jaw Worm","floor":7,"turns":2},{"damage":0,"enemies":"Gremlin Nob","floor":8,"turns":2},{"damage":13,"enemies":"3 Sentries","floor":10,"turns":3},{"damage":0,"enemies":"Small Slimes","floor":11,"turns":1},{"damage":6,"enemies":"Gremlin Nob","floor":12,"turns":1},{"damage":6,"enemies":"Exordium Wildlife","floor":14,"turns":2},{"damage":20,"enemies":"The Guardian","floor":16,"turns":8},{"damage":6,"enemies":"Shell Parasite","floor":18,"turns":2},{"damage":6,"enemies":"2 Thieves","floor":19,"turns":1},{"damage":6,"enemies":"Centurion and Healer","floor":22,"turns":1},{"damage":19,"enemies":"Book of Stabbing","floor":23,"turns":4},{"damage":6,"enemies":"Shelled Parasite and Fungi","floor":24,"turns":1},{"damage":16,"enemies":"Slavers","floor":25,"turns":3},{"damage":12,"enemies":"Book of Stabbing","floor":27,"turns":2},{"damage":13,"enemies":"Slavers","floor":29,"turns":3},{"damage":9,"enemies":"Chosen and Byrds","floor":31,"turns":3},{"damage":69,"enemies":"Champ","floor":33,"turns":6}],"seed_played":"6471667326281917750","potions_obtained":[{"floor":1,"key":"AttackPotion"},{"floor":7,"key":"PowerPotion"},{"floor":8,"key":"SteroidPotion"}],"is_trial":true,"path_per_floor":["M","$","?","?","?","R","M","E","T","E","M","E","R","M","R","B",null,"M","M","?","$","M","E","M","E","T","E","R","E","?","M","R","B"],"character_chosen":"IRONCLAD","items_purchased":[],"campfire_rested":1,"item_purchase_floors":[],"current_hp_per_floor":[74,74,74,51,56,56,62,68,68,61,67,67,67,67,67,53,73,73,73,80,80,80,67,67,57,57,51,51,44,17,14,38,0,0],"gold":972,"neow_bonus":"","is_daily":false,"chose_seed":false,"campfire_upgraded":2,"win_rate":0.0,"timestamp":1611024284,"path_taken":["M","$","?","?","?","R","M","E","T","E","M","E","R","?","R","BOSS","M","M","?","$","M","E","M","E","T","E","R","E","?","M","R","BOSS"],"items_purchased_type":[],"build_version":"2020-12-22","purchased_purges":1,"victory":false,"max_hp_per_floor":[75,75,75,75,80,80,80,80,80,80,80,80,80,80,80,80,80,80,80,80,80,80,80,80,80,80,80,80,80,80,80,80,80,80],"relic_stats":{"counters":[18,46],"CeramicFish":9,"Pen Nib":[3],"Bag of Preparation":[4],"War Paint":["Offering","Shockwave"],"Orichalcum":[60],"MawBank":228,"Question Card":4,"Burning Blood":102,"Peace Pipe":1,"Centennial Puzzle":[40],"Nunchaku":[2],"Shuriken":[3],"Champion Belt":[22],"obtain_stats":[{"CeramicFish":24,"Vajra":12,"Oddly Smooth Stone":23,"Pen Nib":26,"Bag of Preparation":29,"War Paint":9,"Orichalcum":10,"MawBank":14,"Empty Cage":17,"Question Card":19,"Burning Blood":0,"White Beast Statue":18,"Peace Pipe":1,"Centennial Puzzle":8,"Nunchaku":27,"Shuriken":31,"Bag of Marbles":7,"Champion Belt":22,"Bottled Lightning":25,"Toy Ornithopter":11},{"CeramicFish":13,"Vajra":6,"Oddly Smooth Stone":12,"Pen Nib":14,"Bag of Preparation":16,"War Paint":3,"Orichalcum":4,"MawBank":7,"Empty Cage":8,"Question Card":10,"Burning Blood":0,"White Beast Statue":9,"Peace Pipe":1,"Centennial Puzzle":3,"Nunchaku":15,"Shuriken":17,"Bag of Marbles":2,"Champion Belt":11,"Bottled Lightning":14,"Toy Ornithopter":5},{"CeramicFish":29,"Vajra":10,"Oddly Smooth Stone":28,"Pen Nib":32,"Bag of Preparation":37,"War Paint":5,"Orichalcum":8,"MawBank":12,"Empty Cage":20,"Question Card":23,"Burning Blood":0,"White Beast Statue":22,"Peace Pipe":1,"Centennial Puzzle":5,"Nunchaku":34,"Shuriken":40,"Bag of Marbles":3,"Champion Belt":24,"Bottled Lightning":32,"Toy Ornithopter":9}],"Toy Ornithopter":0},"card_choices":[{"not_picked":["Inflame","Body Slam"],"picked":"Offering","floor":8},{"not_picked":["Heavy Blade","Armaments","Flex"],"picked":"SKIP","floor":10},{"not_picked":["Whirlwind","Entrench","Dropkick"],"picked":"SKIP","floor":12},{"not_picked":["Perfected Strike","Flex","Spot Weakness"],"picked":"Dark Embrace+1","floor":23},{"not_picked":["Pommel Strike+1","Flex","True Grit+1","Clash"],"picked":"SKIP","floor":25},{"not_picked":["Barricade","Cleave","Clash"],"picked":"Evolve","floor":27},{"not_picked":["Whirlwind","Seeing Red","Barricade","Rupture"],"picked":"SKIP","floor":29}],"player_experience":1800139,"relics_obtained":[{"floor":1,"key":"Peace Pipe"},{"floor":7,"key":"Bag of Marbles"},{"floor":8,"key":"Centennial Puzzle"},{"floor":9,"key":"War Paint"},{"floor":10,"key":"Orichalcum"},{"floor":11,"key":"Toy Ornithopter"},{"floor":12,"key":"Vajra"},{"floor":14,"key":"MawBank"},{"floor":18,"key":"White Beast Statue"},{"floor":19,"key":"Question Card"},{"floor":22,"key":"Champion Belt"},{"floor":23,"key":"Oddly Smooth Stone"},{"floor":24,"key":"CeramicFish"},{"floor":25,"key":"Bottled Lightning"},{"floor":26,"key":"Pen Nib"},{"floor":27,"key":"Nunchaku"},{"floor":29,"key":"Bag of Preparation"},{"floor":31,"key":"Shuriken"}],"event_choices":[{"damage_healed":0,"gold_gain":0,"player_choice":"Grow","damage_taken":0,"max_hp_gain":0,"max_hp_loss":0,"event_name":"Living Wall","floor":3,"gold_loss":0,"cards_upgraded":["Flex"]},{"damage_healed":0,"gold_gain":0,"player_choice":"Entered Light","damage_taken":23,"max_hp_gain":0,"max_hp_loss":0,"event_name":"Shining Light","floor":4,"gold_loss":0,"cards_upgraded":["Pommel Strike","Ghostly Armor"]},{"damage_healed":0,"gold_gain":0,"player_choice":"Donut","damage_taken":0,"max_hp_gain":5,"max_hp_loss":0,"event_name":"Big Fish","floor":5,"gold_loss":0},{"damage_healed":16,"gold_gain":0,"player_choice":"Heal","damage_taken":0,"max_hp_gain":0,"max_hp_loss":0,"event_name":"The Library","floor":20,"gold_loss":0},{"damage_healed":0,"gold_gain":270,"player_choice":"GOLD GOLD GOLD ","damage_taken":27,"max_hp_gain":0,"max_hp_loss":0,"event_name":"Knowing Skull","floor":30,"potions_obtained":[],"gold_loss":0,"cards_obtained":[]}],"is_beta":false,"boss_relics":[{"not_picked":["Fusion Hammer","Black Blood"],"picked":"Empty Cage"}],"items_purged_floors":[2],"is_endless":false,"potions_floor_spawned":[1,7,8,18,19,22,23,24,25,27,29,31],"killed_by":"Champ","ascension_level":20}}