{"host":"2yhbarjh4s9lrrzt","time":1611018684,"event":{"mods":["BaseMod","Better Third Choice","Minty Spire (QoL Compilation)","Replay The Spire","StSLib"],"gold_per_floor":[119,135,30,47,63,97,108,108,135,135,154,167,182,197,197,292,292,310,310,310,310,310],"floor_reached":21,"language":"ENG","playtime":1460,"items_purged":[],"score":185,"play_id":"5957a4f8-4161-475a-ad77-29028b839f56","local_time":"20210118201124","is_ascension_mode":false,"campfire_choices":[{"floor":8,"key":"REST"},{"floor":15,"key":"REST"}],"circlet_count":0,"master_deck":["Strike_P","Strike_P","Defend_P","Defend_P","Defend_P","Eruption+1","Vigilance","BattleHymn","EmptyBody","Protect","LikeWater","CarveReality","FollowUp","Replay:Cycle","Collect","MasterReality","Crescendo","Replay:Battleflow","EmptyMind","DevaForm","Evaluate+1","Scrawl+1","Wish+1","Wallop","RitualDagger","Languid"],"relics":["PureWater","NeowsBlessing","Juzu Bracelet","Blue Doll","Astrolabe"],"acts_visited":["Exordium","TheCity"],"potions_floor_usage":[6,16,16],"damage_taken":[{"damage":0,"enemies":"Cultist","floor":1,"turns":1},{"damage":0,"enemies":"Small Slimes","floor":2,"turns":1},{"damage":0,"enemies":"Jaw Worm","floor":4,"turns":1},{"damage":0,"enemies":"2 Fungi Beasts","floor":5,"turns":4},{"damage":13,"enemies":"3 Sentries","floor":6,"turns":7},{"damage":4,"enemies":"Large Slime","floor":7,"turns":5},{"damage":2,"enemies":"Exordium Wildlife","floor":11,"turns":4},{"damage":6,"enemies":"2 Fungi Beasts","floor":12,"turns":4},{"damage":10,"enemies":"Large Slime","floor":13,"turns":5},{"damage":28,"enemies":"Gremlin Gang","floor":14,"turns":5},{"damage":42,"enemies":"The Guardian","floor":16,"turns":15},{"damage":5,"enemies":"Chosen","floor":18,"turns":6},{"damage":63,"enemies":"3 Byrds","floor":21,"turns":8}],"seed_played":"-5485335826681046663","potions_obtained":[{"floor":2,"key":"Strength Potion"},{"floor":4,"key":"DistilledChaos"},{"floor":12,"key":"Languid Potion"},{"floor":18,"key":"BlessingOfTheForge"}],"is_trial":false,"path_per_floor":["M","M","$","M","M","E","M","R","T","?","M","M","M","M","R","B",null,"M","?","?","M"],"character_chosen":"WATCHER","items_purchased":["Protect","LikeWater"],"campfire_rested":2,"item_purchase_floors":[3,3],"current_hp_per_floor":[72,72,72,72,72,59,55,72,72,72,70,64,54,26,47,5,72,67,61,61,0,0],"gold":310,"neow_bonus":"THREE_ENEMY_KILL","is_daily":false,"chose_seed":false,"campfire_upgraded":0,"win_rate":0.0,"timestamp":1611018684,"path_taken":["M","M","?","M","M","E","M","R","T","?","M","M","M","M","R","BOSS","M","?","?","M"],"items_purchased_type":["Card","Card"],"build_version":"2020-12-22","purchased_purges":0,"victory":false,"max_hp_per_floor":[72,72,72,72,72,72,72,72,72,72,72,72,72,72,72,72,72,72,72,72,72,72],"card_choices":[{"not_picked":["Replay:AtTheReady","Protect"],"picked":"BattleHymn","floor":1},{"not_picked":["Crescendo","Evaluate"],"picked":"EmptyBody","floor":2},{"not_picked":["PathToVictory","Protect"],"picked":"CarveReality","floor":4},{"not_picked":["EmptyFist","FlyingSleeves"],"picked":"FollowUp","floor":5},{"not_picked":["PathToVictory","Worship"],"picked":"Replay:Cycle","floor":6},{"not_picked":["Perseverance","ThirdEye"],"picked":"Collect","floor":7},{"not_picked":["EmptyBody","BowlingBash"],"picked":"MasterReality","floor":11},{"not_picked":["EmptyBody","FollowUp"],"picked":"Crescendo","floor":12},{"not_picked":["Halt","Prostrate"],"picked":"Replay:Battleflow","floor":13},{"not_picked":["Replay:Cycle","Crescendo"],"picked":"EmptyMind","floor":14},{"not_picked":["Scrawl","Replay:LoomingThreat"],"picked":"DevaForm","floor":16},{"not_picked":["FlyingSleeves","Crescendo"],"picked":"Wallop","floor":18}],"player_experience":224347,"relics_obtained":[{"floor":6,"key":"Juzu Bracelet"},{"floor":9,"key":"Blue Doll"}],"event_choices":[{"damage_healed":0,"gold_gain":0,"player_choice":"Grow","damage_taken":0,"max_hp_gain":0,"max_hp_loss":0,"event_name":"Living Wall","floor":10,"gold_loss":0,"cards_upgraded":["Eruption"]},{"damage_healed":0,"gold_gain":0,"player_choice":"Dagger","damage_taken":6,"max_hp_gain":0,"max_hp_loss":0,"event_name":"betterThird:BetterNest","floor":19,"gold_loss":0,"cards_obtained":["RitualDagger"]}],"is_beta":false,"boss_relics":[{"not_picked":["Coffee Dripper","Snecko Eye"],"picked":"Astrolabe"}],"items_purged_floors":[],"is_endless":false,"potions_floor_spawned":[2,4,12,18],"killed_by":"3 Byrds","ascension_level":0}}