{"host":"0j14tftqx740pozz","time":1611037388,"event":{"mods":["Act Like it!","BaseMod","Bestiary","Better Altar","Better Match","Better Note","Better Sensory Stone","Better Skull","DeckTracker","Gensokyo","Minty Spire (QoL Compilation)","MostiFishMod","Replay The Spire","StSLib","Waifu the Spire"],"gold_per_floor":[113,124,54,271,285,317,327,13,36,55,88,100,112,336,348,521,533,594,717,253,299,350,417,429,679,691,703,715,331,401,431,431,583,633,668,668,695,620,688,688,387,387,387,297,297,297,367,403,403,425],"floor_reached":51,"language":"ZHS","playtime":2069,"items_purged":["Accuracy"],"score":1362,"play_id":"84b433ba-ad59-45d7-9874-10b0149fa383","local_time":"20210119142308","is_ascension_mode":true,"campfire_choices":[{"data":"Acrobatics","floor":15.0,"key":"SMITH"},{"data":"Survivor","floor":24.0,"key":"SMITH"},{"data":"MostiFishMod:SpreadingSpore","floor":28.0,"key":"SMITH"},{"data":"MostiFishMod:FrostNova","floor":32.0,"key":"SMITH"},{"data":"Gensokyo:GreaterSplit","floor":40.0,"key":"SMITH"},{"floor":42.0,"key":"RECALL"},{"data":"Dagger Spray","floor":49,"key":"SMITH"}],"circlet_count":0,"master_deck":["Strike_G+1","Strike_G","Strike_G","Strike_G","Strike_G","Defend_G+1","Defend_G","Defend_G","Defend_G","Defend_G+1","Survivor+1","MostiFishMod:FrostNova+1","Dagger Spray+1","Acrobatics+1","Cloak And Dagger","MostiFishMod:SpreadingSpore+1","Flechettes+1","Adrenaline+1","Grand Finale+1","Glass Knife+1","Gensokyo:GreaterSplit+1","Doubt","Gensokyo:CustomPotion","A Thousand Cuts+1"],"relics":["DaveBox","FrostBlade","xbg","SynthV:TestCard","SynthV:C4","MetatronsCube","Blue Doll","MawBank","Gensokyo:Mercy","Gensokyo:OccultBall","Replay:Bandana","BionicSphere","ExusiaiGun","SynthV","BirthdayGift-Icosahedron","BrkXgEgg","Oddly Smooth Stone","Shuriken","Sundial","Ring of Hypnosis","Ring of Misfortune","InkBottle","Centennial Puzzle","Tiny House","ReplayTheSpireMod:EnergyBall","Civilization","Durian"],"acts_visited":["Gensokyo:Gensokyo","Gensokyo:Gensokyoer","Gensokyo:Gensokyoest"],"potions_floor_usage":[50,50],"damage_taken":[{"damage":4.0,"enemies":"Gensokyo:3_Fairies","floor":1.0,"turns":5.0},{"damage":0.0,"enemies":"Gensokyo:Gryphon","floor":2.0,"turns":3.0},{"damage":1.0,"enemies":"Gensokyo:2_Kodama","floor":5.0,"turns":3.0},{"damage":0.0,"enemies":"Gensokyo:Aya","floor":6.0,"turns":3.0},{"damage":0.0,"enemies":"Gensokyo:VengefulSpirit","floor":7.0,"turns":5.0},{"damage":0.0,"enemies":"Gensokyo:Kitsune","floor":10.0,"turns":4.0},{"damage":0.0,"enemies":"Gensokyo:Cirno","floor":11.0,"turns":5.0},{"damage":0.0,"enemies":"Gensokyo:Python_and_Kodama","floor":14.0,"turns":2.0},{"damage":0.0,"enemies":"Gensokyo:Reimu","floor":16.0,"turns":3.0},{"damage":0.0,"enemies":"Gensokyo:3_Dogs","floor":18.0,"turns":1.0},{"damage":0.0,"enemies":"Gensokyo:Chomper","floor":21.0,"turns":1.0},{"damage":0.0,"enemies":"Gensokyo:Slime_Group","floor":22.0,"turns":1.0},{"damage":0.0,"enemies":"Gensokyo:Tenshi","floor":23.0,"turns":1.0},{"damage":0.0,"enemies":"Gensokyo:Reisen","floor":25.0,"turns":2.0},{"damage":0.0,"enemies":"Gensokyo:Tenshi","floor":30.0,"turns":1.0},{"damage":0.0,"enemies":"Gensokyo:Mirror_and_Dog","floor":31.0,"turns":1.0},{"damage":0.0,"enemies":"Gensokyo:Kaguya","floor":33.0,"turns":1.0},{"damage":0.0,"enemies":"Gensokyo:3_Bats","floor":35.0,"turns":1.0},{"damage":0.0,"enemies":"Gensokyo:3_Boulders","floor":37.0,"turns":1.0},{"damage":0.0,"enemies":"Gensokyo:Rafflesia","floor":39.0,"turns":1.0},{"damage":0,"enemies":"Gensokyo:Sharpion","floor":47,"turns":1},{"damage":0,"enemies":"Gensokyo:SeedOfUnknown","floor":48,"turns":1},{"damage":0,"enemies":"Gensokyo:Yuyuko","floor":50,"turns":2}],"seed_played":"-3861787651786352279","potions_obtained":[{"floor":1.0,"key":"Energy Potion"},{"floor":6.0,"key":"SteroidPotion"},{"floor":7.0,"key":"Adrenaline Potion"},{"floor":16.0,"key":"Swift Potion"},{"floor":22.0,"key":"SteroidPotion"}],"is_trial":false,"path_per_floor":["M","M","?","?","M","E","M","COS","T","M","E","?","?","M","R","B",null,"M","?","COS","M","M","E","R","E","T","?","R","$","E","M","R","B",null,"M","?","M","?","M","R","COS","R","T","?","?","?","M","M","R","B",null],"character_chosen":"THE_SILENT","items_purchased":["Grand Finale+1","InkBottle"],"campfire_rested":0,"item_purchase_floors":[29,29],"current_hp_per_floor":[66,66,66,52,51,51,51,51,51,51,51,51,51,51,51,51,70,70,63,63,64,65,66,66,67,67,67,67,67,68,69,69,70,75,75,75,75,75,75,75,75,75,75,75,75,50,52,55,55,56],"gold":425,"neow_bonus":"BOSS_RELIC","is_daily":false,"chose_seed":false,"campfire_upgraded":6,"win_rate":0.0,"timestamp":1611037388,"path_taken":["M","M","?","?","?","E","?","COS","T","M","E","?","?","M","R","BOSS","M","?","COS","M","?","E","R","E","T","?","R","$","E","M","R","BOSS","M","?","M","?","?","R","COS","R","T","?","?","?","M","M","R","BOSS"],"items_purchased_type":["Card","Relic"],"build_version":"2020-12-22","purchased_purges":1,"victory":true,"max_hp_per_floor":[70,70,70,70,70,70,70,70,70,70,70,70,70,70,70,70,70,70,70,70,70,70,70,70,70,70,70,70,70,70,70,70,70,75,75,75,75,75,75,75,75,75,75,75,75,80,81,83,83,86],"card_choices":[{"not_picked":["Skewer","Underhanded Strike"],"picked":"Dagger Spray","floor":1.0},{"not_picked":["Underhanded Strike","Fluid Movement","Dagger Spray","Bane"],"picked":"Acrobatics","floor":2.0},{"not_picked":["Cloak And Dagger","Terror","Bane","Skewer"],"picked":"Accuracy","floor":5.0},{"not_picked":["Blur","Acrobatics","ReplayTheSpireMod:The Works","Night Terror","MostiFishMod:WinterMarkForm"],"picked":"SKIP","floor":6.0},{"not_picked":["Cloak And Dagger","Infinite Blades","MostiFishMod:FrostNova","Flying Knee"],"picked":"Blade Dance","floor":7.0},{"not_picked":["Dodge and Roll","Venomology","Backflip","Hidden Blade","MostiFishMod:PerfectParry"],"picked":"SKIP","floor":10.0},{"not_picked":["Envenom","Quick Slash","Prepared","ReplayTheSpireMod:Tripwire"],"picked":"Cloak And Dagger","floor":11.0},{"not_picked":["Flying Knee","MostiFishMod:PerfectParry","Dodge and Roll","Hidden Blade","Deflect"],"picked":"SKIP","floor":14.0},{"not_picked":["Unload","Wraith Form v2","Storm of Steel","Envenom"],"picked":"MostiFishMod:SpreadingSpore","floor":16.0},{"not_picked":["Replay:Poison Smokescreen","MostiFishMod:PerfectParry","Acrobatics","Quick Slash"],"picked":"Flechettes+1","floor":18.0},{"not_picked":["Catalyst","Poisoned Stab","Escape Plan","Cloak And Dagger","Deflect"],"picked":"SKIP","floor":21.0},{"not_picked":["All Out Attack","Sucker Punch+1","ReplayTheSpireMod:Shiv Toss","Blade Dance","Bane"],"picked":"SKIP","floor":22.0},{"not_picked":["Acrobatics","Backflip","PiercingWail+1","MostiFishMod:Wind+1","Sneak Up+1"],"picked":"SKIP","floor":23.0},{"not_picked":["Dodge and Roll","Catalyst","Sneak Up","ReplayTheSpireMod:Scrap Shanks"],"picked":"Adrenaline+1","floor":25.0},{"not_picked":["Poisoned Stab","Distraction+1","ReplayTheSpireMod:Speed Training+1","ReplayTheSpireMod:Tripwire+1","Sucker Punch+1"],"picked":"SKIP","floor":30.0},{"not_picked":["Noxious Fumes+1","Poisoned Stab","Deflect","Quick Slash+1","Predator"],"picked":"SKIP","floor":31.0},{"not_picked":["Tools of the Trade+1","MostiFishMod:Confrontation+1","Venomology+1","Storm of Steel+1"],"picked":"Glass Knife+1","floor":33.0},{"not_picked":["ReplayTheSpireMod:Speed Training+1","Deadly Poison+1","Riddle With Holes","Calculated Gamble","ReplayTheSpireMod:Tripwire"],"picked":"SKIP","floor":35.0},{"not_picked":["Slice","Blade Dance+1","Dagger Spray+1","Flechettes","ReplayTheSpireMod:Tripwire+1"],"picked":"SKIP","floor":37.0},{"not_picked":["Quick Slash+1","Backflip+1","MostiFishMod:FrostNova+1","Prepared","Blade Dance"],"picked":"SKIP","floor":39.0},{"not_picked":["Slice","Cloak And Dagger","Dagger Spray","Flechettes+1","Flying Knee+1"],"picked":"SKIP","floor":47},{"not_picked":["MostiFishMod:ThornCasing","MostiFishMod:ShivMaster+1","Deflect+1","Deadly Poison","Masterful Stab+1"],"picked":"SKIP","floor":48}],"player_experience":700284,"relics_obtained":[{"floor":1.0,"key":"SynthV:TestCard"},{"floor":6.0,"key":"SynthV:C4"},{"floor":9.0,"key":"Blue Doll"},{"floor":11.0,"key":"MawBank"},{"floor":16.0,"key":"Gensokyo:OccultBall"},{"floor":23.0,"key":"Oddly Smooth Stone"},{"floor":25.0,"key":"Shuriken"},{"floor":26.0,"key":"Sundial"},{"floor":27.0,"key":"Ring of Hypnosis"},{"floor":27.0,"key":"Ring of Misfortune"},{"floor":30.0,"key":"Centennial Puzzle"},{"floor":31.0,"key":"Gensokyo:OccultBall"},{"floor":33.0,"key":"Gensokyo:OccultBall"},{"floor":47,"key":"Gensokyo:OccultBall"}],"event_choices":[{"damage_healed":0.0,"max_hp_gain":0.0,"max_hp_loss":0.0,"gold_gain":217.0,"event_name":"betterSkull:BetterSkull","player_choice":"GO GO ","floor":4.0,"gold_loss":0.0,"damage_taken":16.0,"cards_upgraded":[],"relics_obtained":[]},{"damage_healed":0.0,"max_hp_gain":0.0,"max_hp_loss":0.0,"gold_gain":111.0,"event_name":"betterSkull:BetterSkull","player_choice":"GO ","floor":19.0,"gold_loss":0.0,"damage_taken":8.0,"cards_upgraded":[],"relics_obtained":[]},{"damage_healed":0.0,"max_hp_gain":0.0,"max_hp_loss":0.0,"gold_gain":0.0,"event_name":"betterMatch:BetterMatch","player_choice":"3","floor":38.0,"gold_loss":0.0,"damage_taken":0.0,"cards_obtained":[]}],"is_beta":false,"boss_relics":[{"not_picked":["GreenFoldingFan","SacredBark"],"picked":"ExusiaiGun"},{"not_picked":["TakeMeEscape","Replay:Bronze Core"],"picked":"Tiny House"}],"items_purged_floors":[29],"is_endless":false,"potions_floor_spawned":[1,6,7,16,22,23,30,35,48],"ascension_level":1}}