{"host":"7qqg3hyzrz6apiso","time":1611073792,"event":{"mods":["AchievementEnabler","BaseMod","Better Debug","Colored Map","Colored Powertips","KOR Keyword Fix","Keyboard Shortcuts","Minty Spire (QoL Compilation)","Permanent Neow","Quick Restart","StSLib","SuperFastMode"],"gold_per_floor":[360,360,360,87,87,122,139,139,166,166,179,3,3,3,3,107,107,124,138,138,138,157,157,19,38,84,84,84],"floor_reached":27,"language":"KOR","playtime":1105,"items_purged":["Regret","Strike_B"],"score":272,"play_id":"5d25e8a1-47b8-4d49-b233-9c30b596ba99","local_time":"20210120012952","is_ascension_mode":true,"campfire_choices":[{"floor":8.0,"key":"REST"},{"data":"All For One","floor":10.0,"key":"SMITH"},{"data":"Self Repair","floor":13.0,"key":"SMITH"},{"floor":15.0,"key":"REST"},{"data":"Skim","floor":23.0,"key":"SMITH"}],"circlet_count":0,"master_deck":["Defend_B","Defend_B","Defend_B","Defend_B","Zap","Dualcast","Rip and Tear","All For One+1","Gash+1","Leap","Self Repair+1","Chill","Skim+1","Gash+1","Go for the Eyes+1","Finesse"],"relics":["Cracked Core","Shuriken","Omamori","Du-Vu Doll","Art of War","Ancient Tea Set","Empty Cage","Whetstone"],"acts_visited":["Exordium","TheCity"],"potions_floor_usage":[27],"damage_taken":[{"damage":18.0,"enemies":"Jaw Worm","floor":1.0,"turns":4.0},{"damage":25.0,"enemies":"3 Sentries","floor":6.0,"turns":6.0},{"damage":0.0,"enemies":"2 Louse","floor":7.0,"turns":2.0},{"damage":0.0,"enemies":"Small Slimes","floor":11.0,"turns":2.0},{"damage":44.0,"enemies":"Hexaghost","floor":16.0,"turns":12.0},{"damage":22.0,"enemies":"Spheric Guardian","floor":18.0,"turns":6.0},{"damage":6.0,"enemies":"Shell Parasite","floor":19.0,"turns":9.0},{"damage":22.0,"enemies":"Cultist and Chosen","floor":22.0,"turns":7.0},{"damage":16.0,"enemies":"Sentry and Sphere","floor":25.0,"turns":5.0},{"damage":52,"enemies":"Gremlin Leader","floor":27,"turns":4}],"seed_played":"2194635548531787560","potions_obtained":[{"floor":6.0,"key":"Dexterity Potion"},{"floor":11.0,"key":"AttackPotion"},{"floor":19.0,"key":"PowerPotion"},{"floor":22.0,"key":"Dexterity Potion"}],"is_trial":false,"path_per_floor":["M","?","?","$","?","E","M","R","T","R","M","$","R","?","R","B",null,"M","M","?","?","M","R","$","M","T","E"],"character_chosen":"DEFECT","items_purchased":["All For One","Gash","Chill","Go for the Eyes","Finesse"],"campfire_rested":2,"item_purchase_floors":[4,4,12,24,24],"current_hp_per_floor":[50,50,47,47,40,15,15,35,35,35,35,35,35,35,55,21,56,44,48,68,68,56,56,56,50,50,0,0],"gold":84,"neow_bonus":"TWO_FIFTY_GOLD","is_daily":false,"chose_seed":false,"campfire_upgraded":3,"win_rate":0.0,"timestamp":1611073792,"path_taken":["M","?","?","$","?","E","M","R","T","R","M","?","R","?","R","BOSS","M","M","?","?","M","R","$","M","T","E"],"items_purchased_type":["Card","Card","Card","Card","Card"],"build_version":"2020-12-22","purchased_purges":2,"victory":false,"max_hp_per_floor":[68,68,68,68,68,68,68,68,68,68,68,68,68,68,68,68,68,68,68,68,68,68,68,68,68,68,68,68],"card_choices":[{"not_picked":["Hologram","Chill"],"picked":"Rip and Tear","floor":1.0},{"not_picked":["Turbo","Double Energy","Consume"],"picked":"SKIP","floor":6.0},{"not_picked":["Recycle","Chill"],"picked":"Leap","floor":7.0},{"not_picked":["Undo","Sweeping Beam"],"picked":"Self Repair","floor":11.0},{"not_picked":["Hello World+1","Stack"],"picked":"Skim","floor":18.0},{"not_picked":["Stack","Redo"],"picked":"Gash+1","floor":19.0},{"not_picked":["Coolheaded","Compile Driver","Seek"],"picked":"SKIP","floor":22.0},{"not_picked":["Compile Driver","Barrage","Lockon+1"],"picked":"SKIP","floor":25.0}],"player_experience":239717,"relics_obtained":[{"floor":6.0,"key":"Du-Vu Doll"},{"floor":9.0,"key":"Art of War"},{"floor":26.0,"key":"Whetstone"}],"event_choices":[{"damage_healed":0.0,"max_hp_gain":0.0,"max_hp_loss":0.0,"gold_gain":0.0,"event_name":"Big Fish","player_choice":"Box","floor":2.0,"gold_loss":0.0,"damage_taken":0.0,"relics_obtained":["Shuriken"],"cards_obtained":["Regret"]},{"damage_healed":0.0,"max_hp_gain":0.0,"max_hp_loss":0.0,"gold_gain":0.0,"event_name":"Scrap Ooze","player_choice":"Success","floor":3.0,"gold_loss":0.0,"damage_taken":3.0,"relics_obtained":["Omamori"]},{"cards_removed":["Strike_B"],"damage_healed":0.0,"max_hp_gain":0.0,"max_hp_loss":0.0,"gold_gain":0.0,"event_name":"Golden Wing","player_choice":"Card Removal","floor":5.0,"gold_loss":0.0,"damage_taken":7.0},{"damage_healed":0.0,"max_hp_gain":0.0,"max_hp_loss":0.0,"gold_gain":0.0,"event_name":"Dead Adventurer","player_choice":"Searched \u00271\u0027 times","floor":14.0,"gold_loss":0.0,"damage_taken":0.0,"relics_obtained":["Ancient Tea Set"]},{"damage_healed":22.0,"max_hp_gain":0.0,"max_hp_loss":0.0,"gold_gain":0.0,"event_name":"The Library","player_choice":"Heal","floor":20.0,"gold_loss":0.0,"damage_taken":0.0},{"damage_healed":0.0,"max_hp_gain":0.0,"max_hp_loss":0.0,"gold_gain":0.0,"event_name":"The Woman in Blue","player_choice":"Bought 0 Potions","floor":21.0,"gold_loss":0.0,"damage_taken":0.0}],"is_beta":false,"boss_relics":[{"not_picked":["Runic Pyramid","Fusion Hammer"],"picked":"Empty Cage"}],"items_purged_floors":[4,12],"is_endless":false,"potions_floor_spawned":[6,11,19,22],"killed_by":"Gremlin Leader","ascension_level":6}}