{"host":"ah3fvp1bei8896gw","time":1611032996,"event":{"mods":["BaseMod","Colored Powertips","Downfall","GifTheSpireLib","Minty Spire (QoL Compilation)","StSLib","Trackpad"],"gold_per_floor":[99,111,121,31,44,44,114,99,99,199,37,55,330,344,356,356,356,356],"floor_reached":16,"language":"ENG","playtime":1266,"items_purged":[],"score":117,"play_id":"ae87dbcf-95c6-4cee-bd77-04f4bda088d2","local_time":"20210118210956","is_ascension_mode":false,"campfire_choices":[{"data":"hexamod:Sear","floor":1,"key":"SMITH"},{"data":"hexamod:HexaLevel","floor":9,"key":"SMITH"}],"circlet_count":0,"master_deck":["hexamod:Strike","hexamod:Strike","hexamod:Strike","hexamod:Strike","hexamod:Defend","hexamod:Defend","hexamod:Defend","hexamod:Defend","hexamod:Sear+1","hexamod:Float","hexamod:ThirdSeal","hexamod:RadiantFlame","hexamod:Firestarter","hexamod:ChargedBarrage","hexamod:CatchUp","hexamod:SwordOfDarkness","hexamod:GhostShield","hexamod:HexaLevel+1","hexamod:HeatMetal","hexamod:GhostLash","hexamod:SecondSeal","hexamod:ThermalTransfer","hexamod:Firestarter","hexamod:ThermalTransfer","hexamod:SkipABeat","Regret","hexamod:SpectersWail","hexamod:EmpoweredFlame","hexamod:SpectersWail"],"relics":["hexamod:SpiritBrand","Pear","downfall:GremlinWheel","Orrery"],"acts_visited":["Exordium"],"potions_floor_usage":[10,10,16,16],"damage_taken":[{"damage":0,"enemies":"Small Slimes","floor":2,"turns":4},{"damage":0,"enemies":"Cultist","floor":3,"turns":4},{"damage":0,"enemies":"downfall:FleeingMerchant","floor":4,"turns":4},{"damage":1,"enemies":"Jaw Worm","floor":5,"turns":3},{"damage":10,"enemies":"downfall:FleeingMerchant","floor":8,"turns":4},{"damage":22,"enemies":"downfall:FleeingMerchant","floor":10,"turns":5},{"damage":0,"enemies":"downfall:FleeingMerchant","floor":11,"turns":4},{"damage":25,"enemies":"Gremlin Gang","floor":12,"turns":4},{"damage":4,"enemies":"Large Slime","floor":14,"turns":6},{"damage":10,"enemies":"Red Slaver","floor":15,"turns":3},{"damage":18,"enemies":"WA_ARCHETYPE_RETAIN","floor":16,"turns":4}],"seed_played":"4976794000322031351","potions_obtained":[{"floor":3,"key":"bronze:BurnAndBuffPotion"},{"floor":5,"key":"BlessingOfTheForge"},{"floor":12,"key":"BlessingOfTheForge"},{"floor":15,"key":"champ:CounterPotion"}],"is_trial":false,"path_per_floor":["R","M","M","$","M","?","T","$","R","?","$","M","?","M","M","B"],"character_chosen":"THE_SPIRIT","items_purchased":["hexamod:CatchUp","Orrery"],"campfire_rested":0,"item_purchase_floors":[4,11],"current_hp_per_floor":[77,77,77,77,76,76,86,76,76,54,54,29,29,25,15,0,0,0],"gold":356,"neow_bonus":"TEN_PERCENT_HP_BONUS","is_daily":false,"chose_seed":false,"campfire_upgraded":2,"win_rate":0.0,"timestamp":1611032996,"path_taken":["R","M","M","$","M","?","T","?","R","?","$","?","?","?","M","BOSS"],"items_purchased_type":["Card","Relic"],"build_version":"2020-12-22","purchased_purges":0,"victory":false,"max_hp_per_floor":[77,77,77,77,77,77,87,87,87,87,87,87,87,87,87,87,87,87],"card_choices":[{"not_picked":["hexamod:SpectersWail","hexamod:InspiringFlames"],"picked":"hexamod:ThirdSeal","floor":2},{"not_picked":["hexamod:SwordOfDarkness","hexamod:FastForward"],"picked":"hexamod:RadiantFlame","floor":3},{"not_picked":["hexamod:GhostShield","hexamod:ThermalTransfer"],"picked":"hexamod:Firestarter","floor":3},{"not_picked":["hexamod:InspiringFlames","hexamod:GhostShield"],"picked":"hexamod:ChargedBarrage","floor":4},{"not_picked":["hexamod:SpectersWail","hexamod:Again"],"picked":"hexamod:SwordOfDarkness","floor":5},{"not_picked":["hexamod:PhantomCloak","hexamod:Rewind"],"picked":"hexamod:GhostShield","floor":8},{"not_picked":["hexamod:NightmareStrike","hexamod:HauntingEcho"],"picked":"hexamod:HexaLevel","floor":8},{"not_picked":["hexamod:Again","hexamod:ExtraCrispy"],"picked":"hexamod:HeatMetal","floor":10},{"not_picked":["hexamod:ThirdSeal","hexamod:UnleashSpirits"],"picked":"hexamod:GhostLash","floor":11},{"not_picked":["hexamod:SwordOfDarkness","hexamod:RadiantFlame"],"picked":"hexamod:SecondSeal","floor":11},{"not_picked":["hexamod:GhostShield","hexamod:Rewind"],"picked":"hexamod:ThermalTransfer","floor":11},{"not_picked":["hexamod:AdvancingGuard","hexamod:SpectersWail"],"picked":"hexamod:Firestarter","floor":11},{"not_picked":["hexamod:GhostLash","hexamod:ParanormalForm"],"picked":"hexamod:ThermalTransfer","floor":11},{"not_picked":["hexamod:Hexaguard","hexamod:GhostShield"],"picked":"hexamod:SkipABeat","floor":12},{"not_picked":["hexamod:ShieldOfDarkness","hexamod:EtherealExpedition"],"picked":"hexamod:SpectersWail","floor":14},{"not_picked":["hexamod:HeatCrush","hexamod:CatchUp"],"picked":"hexamod:EmpoweredFlame","floor":14},{"not_picked":["hexamod:ShieldOfDarkness","hexamod:FlameSwitch"],"picked":"hexamod:SpectersWail","floor":15}],"player_experience":324378,"relics_obtained":[{"floor":7,"key":"Pear"},{"floor":10,"key":"downfall:GremlinWheel"}],"event_choices":[{"damage_healed":0,"gold_gain":0,"player_choice":"Ignored","damage_taken":0,"max_hp_gain":0,"max_hp_loss":0,"event_name":"NoteForYourself","floor":6,"gold_loss":0}],"is_beta":false,"boss_relics":[],"items_purged_floors":[],"is_endless":false,"potions_floor_spawned":[3,5,12,15],"killed_by":"WA_ARCHETYPE_RETAIN","ascension_level":0}}