{"host":"skr63qsdfgeey3it","time":1611090114,"event":{"mods":["BaseMod","Colored Map","Hubris","Minty Spire (QoL Compilation)","Replay The Spire","Spicy Shops","StSLib"],"gold_per_floor":[111,111,111,33,33,72,72,72,72,72,72,116,140,159,159,249,249,269,269,285,18,36,36,54,329,411,411,6,6,6],"floor_reached":29,"language":"ENG","playtime":737,"items_purged":["Shame","Regret"],"score":460,"play_id":"a7c391f5-1375-4b1c-96fe-e2fdca3a5dc3","local_time":"20210119150154","is_ascension_mode":true,"campfire_choices":[{"data":"Armaments","floor":7,"key":"SMITH"},{"data":"Combust","floor":11,"key":"SMITH"},{"data":"Heavy Blade","floor":15,"key":"SMITH"},{"floor":23,"key":"REST"},{"data":"Body Slam","floor":27,"key":"SMITH"}],"circlet_count":0,"master_deck":["AscendersBane","Strike_R","Strike_R","Strike_R","Strike_R","Defend_R","Defend_R","Defend_R","Defend_R","Bash","Infernal Blade","Combust+1","Armaments+1","Impervious","Spot Weakness","Heavy Blade+1","Barricade","hubris:ReadiedAction","Shockwave+1","Poisoned Strike","Madness","Panacea","Body Slam+1","Fiend Fire","Impervious","ReplayTheSpireMod:Brewmster","Replay:BasicMightCard"],"relics":["Burning Blood","NeowsBlessing","Golden Idol","Matryoshka","hubris:OldNail","Red Skull","Mirror","hubris:Towel","Replay:Wax Seal","hubris:Backtick","Strange Spoon","Blue Doll","ReplayTheSpireMod:ShopPack","Replay:Rubber Ducky","Replay:Bottled Snecko","DollysMirror"],"acts_visited":["Exordium","TheCity"],"potions_floor_usage":[13,16,20,20,24],"damage_taken":[{"damage":0,"enemies":"Small Slimes","floor":1,"turns":1},{"damage":0,"enemies":"Gremlin Nob","floor":6,"turns":1},{"damage":0,"enemies":"Lagavulin","floor":12,"turns":1},{"damage":4,"enemies":"Jaw Worm","floor":13,"turns":3},{"damage":3,"enemies":"2 Louse","floor":14,"turns":3},{"damage":41,"enemies":"Slime Boss","floor":16,"turns":6},{"damage":16,"enemies":"3 Byrds","floor":18,"turns":4},{"damage":30,"enemies":"Chosen","floor":20,"turns":5},{"damage":35,"enemies":"Shelled Parasite and Fungi","floor":22,"turns":5},{"damage":15,"enemies":"Centurion and Healer","floor":24,"turns":5},{"damage":30,"enemies":"Snake Plant","floor":29,"turns":2}],"seed_played":"3144535170260427207","potions_obtained":[{"floor":1,"key":"Adrenaline Potion"},{"floor":6,"key":"SpeedPotion"},{"floor":14,"key":"Explosive Potion"},{"floor":18,"key":"Swift Potion"},{"floor":20,"key":"Fruit Juice"}],"is_trial":false,"path_per_floor":["M","?","T","$","?","E","R","$","T","?","R","E","M","M","R","B",null,"M","?","M","$","M","R","M","?","T","R","$","M"],"character_chosen":"IRONCLAD","items_purchased":["Combust","Blue Doll","ReplayTheSpireMod:ShopPack","DollysMirror","ReplayTheSpireMod:Brewmster","Replay:BasicMightCard"],"campfire_rested":1,"item_purchase_floors":[4,21,21,28,28,28],"current_hp_per_floor":[78,58,58,58,58,64,64,64,64,64,64,70,72,75,75,40,70,60,60,41,41,12,37,28,28,28,28,28,0,0],"gold":6,"neow_bonus":"THREE_ENEMY_KILL","is_daily":false,"chose_seed":false,"campfire_upgraded":4,"win_rate":0.0,"timestamp":1611090114,"path_taken":["M","?","?","$","?","E","R","?","T","?","R","E","M","M","R","BOSS","M","?","M","$","?","R","M","?","T","R","$","?"],"items_purchased_type":["Card","Relic","Relic","Relic","Card","Card"],"build_version":"2020-12-22","purchased_purges":2,"victory":false,"max_hp_per_floor":[80,80,80,80,80,80,80,80,80,80,80,80,80,80,80,80,80,80,80,85,85,85,85,85,85,85,85,85,85,85],"card_choices":[{"not_picked":["Warcry","Second Wind"],"picked":"Infernal Blade","floor":1},{"not_picked":["Entrench","Abandon"],"picked":"Armaments","floor":6},{"not_picked":["Body Slam","Run Through"],"picked":"Impervious","floor":12},{"not_picked":["Perfected Strike","ReplayTheSpireMod:Strike From Hell"],"picked":"Spot Weakness","floor":13},{"not_picked":["hubris:CleavingFinish","Searing Blow"],"picked":"Heavy Blade","floor":14},{"not_picked":["Berserk","Exhume"],"picked":"Barricade","floor":16},{"not_picked":["Headbutt","Body Slam"],"picked":"hubris:ReadiedAction","floor":18},{"not_picked":["Heavy Blade","Iron Wave"],"picked":"Shockwave+1","floor":20},{"not_picked":["ReplayUltimateDefense","Violence"],"picked":"Poisoned Strike","floor":21},{"not_picked":["Replay:Bootleg Shield Generator","hubris:Ssssneak"],"picked":"Madness","floor":21},{"not_picked":["Bandage Up","ReplayTheSpireMod:Trickstab"],"picked":"Panacea","floor":21},{"not_picked":["hubris:ReadiedAction+1","ReplayTheSpireMod:Strike From Hell+1"],"picked":"Body Slam","floor":22},{"not_picked":["Clash","Run Through"],"picked":"Fiend Fire","floor":24}],"player_experience":757780,"relics_obtained":[{"floor":3,"key":"Matryoshka"},{"floor":6,"key":"hubris:OldNail"},{"floor":9,"key":"Red Skull"},{"floor":9,"key":"Mirror"},{"floor":12,"key":"Replay:Wax Seal"},{"floor":26,"key":"Replay:Rubber Ducky"},{"floor":26,"key":"Replay:Bottled Snecko"}],"event_choices":[{"damage_healed":0,"gold_gain":0,"player_choice":"Take Damage","damage_taken":20,"relics_obtained":["Golden Idol"],"max_hp_gain":0,"max_hp_loss":0,"event_name":"Golden Idol","floor":2,"gold_loss":0},{"cards_removed":["Strike_R"],"damage_healed":0,"gold_gain":0,"player_choice":"Forget","damage_taken":0,"max_hp_gain":0,"max_hp_loss":0,"event_name":"Living Wall","floor":5,"gold_loss":0},{"damage_healed":0,"gold_gain":0,"player_choice":"Bought 0 Potions","damage_taken":0,"max_hp_gain":0,"max_hp_loss":0,"event_name":"The Woman in Blue","floor":19,"gold_loss":0},{"damage_healed":0,"gold_gain":275,"player_choice":"Desecrate","damage_taken":0,"max_hp_gain":0,"max_hp_loss":0,"event_name":"Golden Shrine","floor":25,"gold_loss":0,"cards_obtained":["Regret"]}],"is_beta":false,"boss_relics":[{"not_picked":["Runic Pyramid","hubris:HollowSoul"],"picked":"hubris:Backtick"}],"items_purged_floors":[21,28],"is_endless":false,"potions_floor_spawned":[1,6,14,18,20],"killed_by":"Snake Plant","ascension_level":13}}