{"host":"f5mjulaw5aqlqmd7","time":1611024661,"event":{"mods":["Act Like it!","BaseMod","Colored Map","GifTheSpireLib","Hallownest","Minty Spire (QoL Compilation)","StSLib","The Bug Knight"],"gold_per_floor":[114,125,144,154,168,179,189,189,189],"floor_reached":8,"language":"ENG","playtime":1422,"items_purged":[],"score":54,"play_id":"924b342e-3bdc-43e3-823a-d9eadbf6fe8e","local_time":"20210118215101","is_ascension_mode":false,"campfire_choices":[],"circlet_count":0,"master_deck":["HollowMod:NailStrikeStart","HollowMod:NailStrikeStart","HollowMod:NailStrikeStart","HollowMod:NailStrikeStart","HollowMod:QuickDashStart","HollowMod:QuickDashStart","HollowMod:QuickDashStart","HollowMod:QuickDashStart","HollowMod:FocusHealStart","HollowMod:PogoStrike","HollowMod:DoubleDash","HollowMod:VengefulVoid","HollowMod:DoubleDash","HollowMod:HuntersJournal","HollowMod:ShadowDash","HollowMod:DesolateDive","HollowMod:RecoilStrike","HollowMod:CycloneSlash"],"relics":["HollowMod:VesselMask"],"acts_visited":["Exordium"],"potions_floor_usage":[8,8,8],"damage_taken":[{"damage":0,"enemies":"Cultist","floor":1,"turns":4},{"damage":4,"enemies":"Jaw Worm","floor":2,"turns":4},{"damage":0,"enemies":"Small Slimes","floor":3,"turns":4},{"damage":7,"enemies":"Blue Slaver","floor":4,"turns":5},{"damage":21,"enemies":"Large Slime","floor":5,"turns":8},{"damage":13,"enemies":"Exordium Wildlife","floor":6,"turns":7},{"damage":5,"enemies":"Looter","floor":7,"turns":3},{"damage":36,"enemies":"Lagavulin","floor":8,"turns":6}],"seed_played":"4921562967870929299","potions_obtained":[{"floor":2,"key":"SneckoOil"},{"floor":3,"key":"AttackPotion"},{"floor":4,"key":"EssenceOfSteel"}],"is_trial":false,"path_per_floor":["M","M","M","M","M","M","M","E"],"character_chosen":"THE_BUGKNIGHT","items_purchased":[],"campfire_rested":0,"item_purchase_floors":[],"current_hp_per_floor":[75,71,71,64,43,36,31,0,0],"gold":189,"neow_bonus":"THREE_CARDS","is_daily":false,"chose_seed":false,"campfire_upgraded":0,"win_rate":0.0,"timestamp":1611024661,"path_taken":["M","M","M","M","M","M","M","E"],"items_purchased_type":[],"build_version":"2020-12-22","purchased_purges":0,"victory":false,"max_hp_per_floor":[75,75,75,75,75,75,75,75,75],"card_choices":[{"not_picked":["HollowMod:InfectedCysts","HollowMod:SoulShaman"],"picked":"HollowMod:DoubleDash","floor":0},{"not_picked":["HollowMod:InfectedAttack","HollowMod:QuirrelsAssistance"],"picked":"HollowMod:VengefulVoid","floor":1},{"not_picked":["HollowMod:SoulShaman","HollowMod:CloakDash"],"picked":"HollowMod:DoubleDash","floor":2},{"not_picked":["HollowMod:HowlingWraiths","HollowMod:MonarchWings"],"picked":"HollowMod:HuntersJournal","floor":3},{"not_picked":["HollowMod:InfectedAttack","HollowMod:DoubleDash"],"picked":"HollowMod:ShadowDash","floor":4},{"not_picked":["HollowMod:InfectedCysts","HollowMod:CornifersMapStart"],"picked":"HollowMod:DesolateDive","floor":5},{"not_picked":["HollowMod:SiblingsSouls","HollowMod:ChannelNail"],"picked":"HollowMod:RecoilStrike","floor":6},{"not_picked":["HollowMod:InfectionAssault","HollowMod:NewLittleFool"],"picked":"HollowMod:CycloneSlash","floor":7}],"player_experience":33639,"relics_obtained":[],"event_choices":[],"is_beta":false,"boss_relics":[],"items_purged_floors":[],"is_endless":false,"potions_floor_spawned":[2,3,4,7],"killed_by":"Lagavulin","ascension_level":0}}