{"host":"8f5cu9y0fpol72qs","time":1611092378,"event":{"mods":["AlwaysNeverKeys","BaseMod","Colored Map","Colored Powertips","Curses Come First","Highlight Path","Key Reminder","Minty Spire (QoL Compilation)","StSLib"],"gold_per_floor":[117,136,152,77,77,77,97,123,172,198,209,272,272,289,289,289,289],"floor_reached":16,"language":"ENG","playtime":647,"items_purged":["Strike_R"],"score":190,"play_id":"e6159821-14e4-44d1-a61a-4b81f1ca7631","local_time":"20210119133938","is_ascension_mode":true,"campfire_choices":[{"data":"Bash","floor":6.0,"key":"SMITH"},{"data":"Armaments","floor":15.0,"key":"SMITH"}],"circlet_count":0,"master_deck":["AscendersBane","Strike_R","Strike_R","Strike_R","Defend_R","Defend_R","Defend_R","Defend_R","Bash+1","Pommel Strike","Cleave","Clothesline","Hemokinesis","Armaments+1","Shrug It Off"],"relics":["Burning Blood","Pear","Anchor","Lantern","Pen Nib"],"acts_visited":["Exordium"],"potions_floor_usage":[],"damage_taken":[{"damage":6.0,"enemies":"Cultist","floor":1.0,"turns":4.0},{"damage":12.0,"enemies":"Small Slimes","floor":2.0,"turns":3.0},{"damage":0.0,"enemies":"2 Louse","floor":3.0,"turns":2.0},{"damage":18.0,"enemies":"Lots of Slimes","floor":7.0,"turns":6.0},{"damage":25.0,"enemies":"3 Sentries","floor":8.0,"turns":8.0},{"damage":18.0,"enemies":"Gremlin Nob","floor":10.0,"turns":3.0},{"damage":9.0,"enemies":"Exordium Wildlife","floor":11.0,"turns":5.0},{"damage":19.0,"enemies":"Lagavulin Event","floor":12.0,"turns":5.0},{"damage":2.0,"enemies":"Blue Slaver","floor":14.0,"turns":2.0},{"damage":41,"enemies":"Slime Boss","floor":16,"turns":5}],"seed_played":"-1332046142950889964","potions_obtained":[{"floor":2.0,"key":"EssenceOfSteel"},{"floor":7.0,"key":"FearPotion"},{"floor":10.0,"key":"SteroidPotion"},{"floor":11.0,"key":"SpeedPotion"}],"is_trial":false,"path_per_floor":["M","M","M","$","?","R","M","E","T","E","M","?","?","M","R","B"],"character_chosen":"IRONCLAD","items_purchased":[],"campfire_rested":0,"item_purchase_floors":[],"current_hp_per_floor":[75,69,75,75,75,75,63,54,54,42,39,26,26,30,30,0,0],"gold":289,"neow_bonus":"TEN_PERCENT_HP_BONUS","is_daily":false,"chose_seed":false,"campfire_upgraded":2,"win_rate":0.0,"timestamp":1611092378,"path_taken":["M","M","M","$","?","R","M","E","T","E","M","?","?","M","R","BOSS"],"items_purchased_type":[],"build_version":"2020-12-22","purchased_purges":1,"victory":false,"max_hp_per_floor":[82,82,82,82,82,82,82,92,92,92,92,92,92,92,92,92,92],"card_choices":[{"not_picked":["Heavy Blade","Warcry"],"picked":"Pommel Strike","floor":1.0},{"not_picked":["Thunderclap","Twin Strike"],"picked":"Cleave","floor":2.0},{"not_picked":["Entrench","Combust"],"picked":"Clothesline","floor":3.0},{"not_picked":["Sword Boomerang","Body Slam"],"picked":"Hemokinesis","floor":7.0},{"not_picked":["Combust","Cleave","Berserk"],"picked":"SKIP","floor":8.0},{"not_picked":["Feel No Pain","Clash"],"picked":"Armaments","floor":10.0},{"not_picked":["Clothesline","Intimidate","Sword Boomerang"],"picked":"SKIP","floor":11.0},{"not_picked":["Wild Strike","Combust"],"picked":"Shrug It Off","floor":14.0}],"player_experience":837373,"relics_obtained":[{"floor":8.0,"key":"Pear"},{"floor":9.0,"key":"Anchor"},{"floor":10.0,"key":"Lantern"},{"floor":12.0,"key":"Pen Nib"}],"event_choices":[{"damage_healed":0.0,"max_hp_gain":0.0,"max_hp_loss":0.0,"gold_gain":0.0,"event_name":"Liars Game","player_choice":"Ignored","floor":5.0,"gold_loss":0.0,"damage_taken":0.0},{"damage_healed":0.0,"max_hp_gain":0.0,"max_hp_loss":0.0,"gold_gain":30.0,"event_name":"Dead Adventurer","player_choice":"Searched \u00273\u0027 times","floor":12.0,"gold_loss":0.0,"damage_taken":0.0},{"cards_removed":["Strike_R"],"damage_healed":0.0,"max_hp_gain":0.0,"max_hp_loss":0.0,"gold_gain":0.0,"event_name":"Purifier","player_choice":"Purged","floor":13.0,"gold_loss":0.0,"damage_taken":0.0}],"is_beta":false,"boss_relics":[],"items_purged_floors":[4],"is_endless":false,"potions_floor_spawned":[2,7,10,11],"killed_by":"Slime Boss","ascension_level":14}}