{"host":"6hzrz31j95f2y1pa","time":1611092813,"event":{"mods":["BaseMod","Colored Map","Downfall","Minty Spire (QoL Compilation)","StSLib"],"gold_per_floor":[99,112,129,146,160,179,179,210,10,27,27,55,3,19,32,32,32,32],"floor_reached":16,"language":"ENG","playtime":755,"items_purged":[],"score":122,"play_id":"7a7ffb99-efed-4d03-9dd4-3e27c9c1a153","local_time":"20210119164653","is_ascension_mode":true,"campfire_choices":[{"floor":1.0,"key":"RECALL"},{"floor":9.0,"key":"REST"},{"data":"bronze:Mutator","floor":11.0,"key":"SMITH"}],"circlet_count":0,"master_deck":["bronze:Strike","bronze:Strike","bronze:Strike","bronze:Strike","bronze:Defend","bronze:Defend","bronze:Defend","bronze:Defend","bronze:Replicate","bronze:Goto","bronze:Mutator+1","bronze:DelayedSlice","bronze:WhirlingStrike","bronze:BuggyMess","bronze:Shield","bronze:BuggyMess","bronze:InfiniteBeams","bronze:Constructor","bronze:WildBeam","bronze:Repair"],"relics":["bronze:BronzeCore","Ornamental Fan","Meat on the Bone","downfall:HeartBlessingGreen","downfall:HeartBlessingRed","White Beast Statue"],"acts_visited":["Exordium"],"potions_floor_usage":[16],"damage_taken":[{"damage":5.0,"enemies":"Small Slimes","floor":2.0,"turns":3.0},{"damage":6.0,"enemies":"2 Louse","floor":3.0,"turns":3.0},{"damage":1.0,"enemies":"Cultist","floor":4.0,"turns":3.0},{"damage":7.0,"enemies":"3 Louse","floor":5.0,"turns":3.0},{"damage":3.0,"enemies":"Red Slaver","floor":6.0,"turns":4.0},{"damage":47.0,"enemies":"Lagavulin","floor":8.0,"turns":12.0},{"damage":9.0,"enemies":"Exordium Wildlife","floor":10.0,"turns":4.0},{"damage":12.0,"enemies":"3 Sentries","floor":12.0,"turns":5.0},{"damage":6.0,"enemies":"downfall:FleeingMerchant","floor":13.0,"turns":4.0},{"damage":0.0,"enemies":"Lots of Slimes","floor":14.0,"turns":3.0},{"damage":6.0,"enemies":"Large Slime","floor":15.0,"turns":4.0},{"damage":51,"enemies":"SI_SHIV_ARCHETYPE","floor":16,"turns":10}],"seed_played":"-2064987223985614935","potions_obtained":[{"floor":4.0,"key":"Dexterity Potion"},{"floor":5.0,"key":"Swift Potion"},{"floor":13.0,"key":"bronze:CleanCodePotion"},{"floor":14.0,"key":"Slimebound:ThreeZeroPotion"},{"floor":15.0,"key":"champ:CounterPotion"}],"is_trial":false,"path_per_floor":["R","M","M","M","M","M","T","E","R","M","R","E","$","M","M","B"],"character_chosen":"THE_AUTOMATON","items_purchased":["bronze:Repair"],"campfire_rested":1,"item_purchase_floors":[13],"current_hp_per_floor":[70,65,59,58,51,48,48,1,22,25,25,25,31,38,44,0,0,0],"gold":32,"neow_bonus":"ONE_RANDOM_RARE_CARD","is_daily":false,"chose_seed":false,"campfire_upgraded":1,"win_rate":0.0,"timestamp":1611092813,"path_taken":["R","M","M","M","M","M","T","E","R","M","R","E","$","M","M","BOSS"],"items_purchased_type":["Card"],"build_version":"2020-12-22","purchased_purges":0,"victory":false,"max_hp_per_floor":[70,70,70,70,70,70,70,70,70,70,70,70,70,70,70,70,70,70],"card_choices":[{"not_picked":["bronze:BitShift","bronze:WildBeam"],"picked":"bronze:DelayedSlice","floor":2.0},{"not_picked":["bronze:OilSpill","bronze:WildBeam"],"picked":"bronze:WhirlingStrike","floor":3.0},{"not_picked":["bronze:CleanCode","bronze:Flail"],"picked":"bronze:BuggyMess","floor":4.0},{"not_picked":["bronze:BugBarrage","bronze:DarkDash"],"picked":"bronze:Shield","floor":5.0},{"not_picked":["bronze:FineTuning","bronze:Frontload"],"picked":"bronze:BuggyMess","floor":6.0},{"not_picked":["bronze:Invalidate","bronze:CloningBeam"],"picked":"bronze:InfiniteBeams","floor":8.0},{"not_picked":["bronze:CloningBeam","bronze:Shell","bronze:WhirlingStrike"],"picked":"SKIP","floor":10.0},{"not_picked":["bronze:SpaghettiCode","bronze:DelayedSlice"],"picked":"bronze:Constructor","floor":12.0},{"not_picked":["bronze:CutThrough","bronze:Shield"],"picked":"bronze:WildBeam","floor":13.0},{"not_picked":["bronze:BronzeOrb","bronze:ForceShield","bronze:DelayedSlice"],"picked":"SKIP","floor":14.0},{"not_picked":["bronze:BronzeArmor","bronze:Assembly","bronze:Frontload"],"picked":"SKIP","floor":15.0}],"player_experience":1367524,"relics_obtained":[{"floor":7.0,"key":"Ornamental Fan"},{"floor":8.0,"key":"Meat on the Bone"},{"floor":12.0,"key":"White Beast Statue"}],"event_choices":[],"is_beta":false,"boss_relics":[],"items_purged_floors":[],"is_endless":false,"potions_floor_spawned":[4,5,13,14,15],"killed_by":"SI_SHIV_ARCHETYPE","ascension_level":1}}