{"host":"7kj0ynzap1jglrpi","time":1611018273,"event":{"mods":["Act Like it!","BaseMod","Hallownest","Minty Spire (QoL Compilation)","StSLib","The Bug Knight"],"gold_per_floor":[113,126,146,146,19,48,60,88,88,98,98,175,175,28,28,28,28],"floor_reached":16,"language":"ZHS","playtime":1292,"items_purged":["HollowMod:NailStrikeStart"],"score":119,"play_id":"0ba16cac-58d1-4317-9163-119be05f94aa","local_time":"20210119090433","is_ascension_mode":true,"campfire_choices":[{"floor":15.0,"key":"REST"}],"circlet_count":0,"master_deck":["HollowMod:NailStrikeStart","HollowMod:NailStrikeStart","HollowMod:QuickDashStart","HollowMod:QuickDashStart","HollowMod:QuickDashStart","HollowMod:FocusHealStart","HollowMod:PogoStrike","HollowMod:ShadowDash","HollowMod:ChannelNail","HollowMod:ShadowDash","HollowMod:SharpenedShadows","HollowMod:CycloneSlash","HollowMod:VengefulVoid","HollowMod:SoulEater"],"relics":["HollowMod:VesselMask","Lizard Tail","Hallownest:DreamNailRelic","Nunchaku","Ornamental Fan","Mummified Hand","Hallownest:TeacherSealRelic","Singing Bowl","MealTicket"],"acts_visited":["Hallownest:Greenpath"],"potions_floor_usage":[],"damage_taken":[{"damage":2.0,"enemies":"Hallownest:2_MossCreeps","floor":1.0,"turns":7.0},{"damage":2.0,"enemies":"2_ Uuma","floor":2.0,"turns":4.0},{"damage":2.0,"enemies":"Hallownest:monsterHuskWarrior","floor":3.0,"turns":3.0},{"damage":32.0,"enemies":"Hallownest:eliteVengeflyKing","floor":6.0,"turns":14.0},{"damage":35.0,"enemies":"Hallownest:MossCreep_and_Mosskin","floor":7.0,"turns":8.0},{"damage":60.0,"enemies":"Hallownest:eliteCrystalGuardian","floor":8.0,"turns":7.0},{"damage":3.0,"enemies":"Hallownest:Wandering_and_Horned","floor":10.0,"turns":5.0},{"damage":25,"enemies":"Hallownest:BossHornet","floor":16,"turns":3}],"seed_played":"-8424285172693872045","potions_obtained":[{"floor":2.0,"key":"Energy Potion"},{"floor":7.0,"key":"Strength Potion"},{"floor":8.0,"key":"PowerPotion"}],"is_trial":false,"path_per_floor":["M","M","M","?","$","E","M","E","T","M","?","T","?","$","R","B"],"character_chosen":"THE_BUGKNIGHT","items_purchased":["HollowMod:ShadowDash","MealTicket"],"campfire_rested":1,"item_purchase_floors":[5,14],"current_hp_per_floor":[68,66,68,68,68,46,21,4,4,1,1,1,1,1,21,0,0],"gold":28,"neow_bonus":"ONE_RARE_RELIC","is_daily":false,"chose_seed":false,"campfire_upgraded":0,"win_rate":0.0,"timestamp":1611018273,"path_taken":["M","M","?","?","$","E","M","E","T","?","?","?","?","?","R","BOSS"],"items_purchased_type":["Card","Relic"],"build_version":"2020-12-22","purchased_purges":1,"victory":false,"max_hp_per_floor":[68,68,68,68,68,68,68,68,68,68,68,68,68,68,68,68,68],"card_choices":[{"not_picked":["HollowMod:HowlingWraiths","HollowMod:GreatSlash","HollowMod:VengefulVoid"],"picked":"SKIP","floor":1.0},{"not_picked":["HollowMod:DashSlash","HollowMod:HowlingWraiths"],"picked":"HollowMod:ShadowDash","floor":2.0},{"not_picked":["HollowMod:DoubleDash","HollowMod:Grubsong"],"picked":"HollowMod:ChannelNail","floor":3.0},{"not_picked":["HollowMod:MawleksShell","HollowMod:FastStrike"],"picked":"HollowMod:SharpenedShadows","floor":6.0},{"not_picked":["HollowMod:PureNailStrike","HollowMod:DoubleDash"],"picked":"HollowMod:CycloneSlash","floor":7.0},{"not_picked":["HollowMod:SiblingsSouls","HollowMod:DashSlash"],"picked":"HollowMod:VengefulVoid","floor":8.0},{"not_picked":["HollowMod:NewJinnsSoul","HollowMod:SharpenedNail"],"picked":"HollowMod:SoulEater","floor":10.0}],"player_experience":124181,"relics_obtained":[{"floor":6.0,"key":"Nunchaku"},{"floor":8.0,"key":"Ornamental Fan"},{"floor":9.0,"key":"Mummified Hand"},{"floor":12.0,"key":"Singing Bowl"}],"event_choices":[],"is_beta":false,"boss_relics":[],"items_purged_floors":[5],"is_endless":false,"potions_floor_spawned":[2,7,8],"killed_by":"Hallownest:BossHornet","ascension_level":2}}