{"host":"1a3cjta80tad0aqj","time":1611066841,"event":{"mods":["2.2 Compatiblity","AchievementEnabler","BaseMod","Colored Map","DeckTracker","KOR Keyword Fix","Keyboard Shortcuts","Minty Spire (QoL Compilation)","Permanent Neow","Quick Restart","Random Character Button","StSLib","SuperFastMode","everything is the same but u backflip on backflip"],"gold_per_floor":[16,34,34,49,49,49,49,67,94,94,94,119,119,142,142,241,241,257,257,257,269,281,293,330,342,377,389,215,240,240,254,254,343,343,364,60,91,91,141,141,157,157,157,177,177,177,177,190,190,190,190],"floor_reached":50,"language":"KOR","playtime":2035,"items_purged":["Writhe"],"score":877,"play_id":"c95a71f3-0279-4d7e-bcd3-524358363ae6","local_time":"20210119233401","is_ascension_mode":true,"campfire_choices":[{"data":"Eruption","floor":6.0,"key":"SMITH"},{"data":"Vault","floor":10.0,"key":"SMITH"},{"floor":15.0,"key":"REST"},{"data":"Adaptation","floor":23.0,"key":"SMITH"},{"floor":25.0,"key":"REST"},{"floor":30.0,"key":"REST"},{"floor":32.0,"key":"REST"},{"floor":40.0,"key":"REST"},{"floor":42.0,"key":"REST"},{"data":"Blasphemy","floor":45.0,"key":"SMITH"},{"data":"BowlingBash","floor":47.0,"key":"SMITH"},{"floor":49.0,"key":"REST"}],"circlet_count":0,"master_deck":["AscendersBane","Strike_P","Strike_P","Strike_P","Defend_P","Defend_P","Defend_P","Eruption+1","Vigilance","Apotheosis+1","InnerPeace","Halt","Vault+1","Injury","Adaptation+1","Blasphemy+1","BowlingBash+1","ReachHeaven","CutThroughFate","FlurryOfBlows","TalkToTheHand","SashWhip","DeusExMachina","EmptyBody","TalkToTheHand+1","Madness","Madness","ClearTheMind+1"],"relics":["PureWater","FaceOfCleric","Juzu Bracelet","Golden Idol","Oddly Smooth Stone","Ancient Tea Set","Black Star","MawBank","Happy Flower","Philosopher\u0027s Stone","Strawberry","Bird Faced Urn","Letter Opener"],"acts_visited":["Exordium","TheCity","TheBeyond"],"potions_floor_usage":[50],"damage_taken":[{"damage":0.0,"enemies":"2 Louse","floor":1.0,"turns":4.0},{"damage":1.0,"enemies":"Small Slimes","floor":2.0,"turns":5.0},{"damage":1.0,"enemies":"Cultist","floor":4.0,"turns":4.0},{"damage":13.0,"enemies":"Exordium Thugs","floor":8.0,"turns":5.0},{"damage":0.0,"enemies":"Large Slime","floor":14.0,"turns":3.0},{"damage":30.0,"enemies":"The Guardian","floor":16.0,"turns":11.0},{"damage":0.0,"enemies":"Spheric Guardian","floor":18.0,"turns":3.0},{"damage":41.0,"enemies":"3 Byrds","floor":24.0,"turns":8.0},{"damage":26.0,"enemies":"Snake Plant","floor":29.0,"turns":4.0},{"damage":22.0,"enemies":"Sentry and Sphere","floor":31.0,"turns":5.0},{"damage":40.0,"enemies":"Collector","floor":33.0,"turns":7.0},{"damage":30.0,"enemies":"3 Shapes","floor":35.0,"turns":8.0},{"damage":6.0,"enemies":"Mind Bloom Boss Battle","floor":37.0,"turns":7.0},{"damage":10.0,"enemies":"Orb Walker","floor":41.0,"turns":3.0},{"damage":0.0,"enemies":"Jaw Worm Horde","floor":44.0,"turns":3.0},{"damage":39.0,"enemies":"Sphere and 2 Shapes","floor":48.0,"turns":12.0},{"damage":64,"enemies":"Donu and Deca","floor":50,"turns":5}],"seed_played":"5786501012364088678","potions_obtained":[{"floor":4.0,"key":"BottledMiracle"},{"floor":8.0,"key":"PowerPotion"},{"floor":14.0,"key":"SneckoOil"},{"floor":29.0,"key":"StancePotion"},{"floor":33.0,"key":"LiquidBronze"},{"floor":37.0,"key":"Dexterity Potion"},{"floor":41.0,"key":"FearPotion"}],"is_trial":false,"path_per_floor":["M","M","?","M","$","R","?","M","T","R","?","T","?","M","R","B",null,"M","?","?","?","?","R","M","R","T","?","$","M","R","M","R","B",null,"M","$","?","?","?","R","M","R","T","M","R","?","R","M","R","B"],"character_chosen":"WATCHER","items_purchased":["Strength Potion","Explosive Potion","Strawberry","Regen Potion","EmptyBody"],"campfire_rested":7,"item_purchase_floors":[28,28,36,36,36],"current_hp_per_floor":[61,60,60,59,59,59,59,47,47,47,47,47,36,37,58,29,61,62,62,62,62,62,62,22,43,43,43,43,18,40,19,41,2,58,29,36,46,31,31,56,49,74,74,77,77,77,77,41,67,5,5],"gold":190,"neow_bonus":"RANDOM_COLORLESS_2","is_daily":false,"chose_seed":false,"campfire_upgraded":5,"win_rate":0.0,"timestamp":1611066841,"path_taken":["M","M","?","M","$","R","?","M","T","R","?","?","?","M","R","BOSS","M","?","?","?","?","R","M","R","T","?","$","M","R","M","R","BOSS","M","$","?","?","?","R","M","R","T","M","R","?","R","M","R","BOSS"],"items_purchased_type":["Potion","Potion","Relic","Potion","Card"],"build_version":"2020-12-22","purchased_purges":1,"victory":false,"max_hp_per_floor":[68,68,68,68,68,68,68,69,69,69,69,69,69,70,70,71,71,72,72,72,72,72,72,73,73,73,73,73,74,74,75,75,76,76,77,84,85,85,85,85,86,86,86,87,87,87,87,88,88,88,88],"card_choices":[{"not_picked":["Mayhem","Panache"],"picked":"Apotheosis","floor":0.0},{"not_picked":["FlyingSleeves","Sanctity"],"picked":"Consecrate","floor":1.0},{"not_picked":["WreathOfFlame","Perseverance"],"picked":"InnerPeace","floor":2.0},{"not_picked":["SashWhip","FollowUp"],"picked":"Halt","floor":4.0},{"not_picked":["Conclude","Consecrate"],"picked":"Vault","floor":8.0},{"not_picked":["FollowUp","Halt"],"picked":"Adaptation","floor":14.0},{"not_picked":["Devotion","Alpha"],"picked":"Blasphemy","floor":16.0},{"not_picked":["FlurryOfBlows","InnerPeace"],"picked":"BowlingBash","floor":18.0},{"not_picked":["JustLucky","Sanctity"],"picked":"CutThroughFate","floor":24.0},{"not_picked":["Perseverance","Adaptation"],"picked":"SashWhip","floor":29.0},{"not_picked":["ReachHeaven","Protect","Consecrate+1"],"picked":"SKIP","floor":31.0},{"not_picked":["ConjureBlade","MasterReality"],"picked":"DeusExMachina","floor":33.0},{"not_picked":["Pray","WindmillStrike","SashWhip"],"picked":"SKIP","floor":35.0},{"not_picked":["CutThroughFate+1","Crescendo"],"picked":"TalkToTheHand+1","floor":37.0},{"not_picked":["DevaForm","SashWhip","EmptyBody"],"picked":"SKIP","floor":41.0},{"not_picked":["BowlingBash","FlyingSleeves+1","Consecrate+1"],"picked":"SKIP","floor":44.0},{"not_picked":["WreathOfFlame","Wireheading"],"picked":"ClearTheMind+1","floor":48.0}],"player_experience":788045,"relics_obtained":[{"floor":9.0,"key":"Juzu Bracelet"},{"floor":12.0,"key":"Oddly Smooth Stone"},{"floor":26.0,"key":"Happy Flower"},{"floor":37.0,"key":"Bird Faced Urn"},{"floor":43.0,"key":"Letter Opener"}],"event_choices":[{"damage_healed":0.0,"max_hp_gain":0.0,"max_hp_loss":0.0,"gold_gain":0.0,"event_name":"Living Wall","player_choice":"Grow","floor":3.0,"gold_loss":0.0,"damage_taken":0.0,"cards_upgraded":["Apotheosis"]},{"damage_healed":0.0,"max_hp_gain":0.0,"max_hp_loss":0.0,"gold_gain":0.0,"event_name":"FaceTrader","player_choice":"Trade","floor":7.0,"gold_loss":0.0,"damage_taken":0.0,"relics_obtained":["FaceOfCleric"]},{"damage_healed":0.0,"max_hp_gain":0.0,"max_hp_loss":0.0,"gold_gain":0.0,"event_name":"Golden Idol","player_choice":"Take Wound","floor":11.0,"gold_loss":0.0,"damage_taken":0.0,"relics_obtained":["Golden Idol"],"cards_obtained":["Injury"]},{"damage_healed":0.0,"max_hp_gain":0.0,"max_hp_loss":0.0,"gold_gain":0.0,"event_name":"Scrap Ooze","player_choice":"Success","floor":13.0,"gold_loss":0.0,"damage_taken":11.0,"relics_obtained":["Ancient Tea Set"]},{"damage_healed":0.0,"max_hp_gain":0.0,"max_hp_loss":0.0,"gold_gain":0.0,"event_name":"The Library","player_choice":"Read","floor":19.0,"gold_loss":0.0,"damage_taken":0.0,"cards_obtained":["ReachHeaven"]},{"damage_healed":0.0,"max_hp_gain":0.0,"max_hp_loss":0.0,"gold_gain":0.0,"event_name":"The Mausoleum","player_choice":"Opened","floor":20.0,"gold_loss":0.0,"damage_taken":0.0,"relics_obtained":["MawBank"],"cards_obtained":["Writhe"]},{"damage_healed":0.0,"max_hp_gain":0.0,"max_hp_loss":0.0,"gold_gain":0.0,"event_name":"Vampires","player_choice":"Ignored","floor":21.0,"gold_loss":0.0,"damage_taken":0.0},{"damage_healed":0.0,"max_hp_gain":0.0,"max_hp_loss":0.0,"gold_gain":0.0,"event_name":"Ghosts","player_choice":"Ignored","floor":22.0,"gold_loss":0.0,"damage_taken":0.0},{"damage_healed":0.0,"max_hp_gain":0.0,"max_hp_loss":0.0,"gold_gain":0.0,"cards_transformed":["Defend_P","Strike_P"],"event_name":"Drug Dealer","player_choice":"Became Test Subject","floor":27.0,"gold_loss":0.0,"damage_taken":0.0,"cards_obtained":["FlurryOfBlows","TalkToTheHand"]},{"damage_healed":0.0,"max_hp_gain":0.0,"max_hp_loss":0.0,"gold_gain":0.0,"event_name":"MindBloom","player_choice":"Fight","floor":37.0,"gold_loss":0.0,"damage_taken":0.0},{"damage_healed":0.0,"max_hp_gain":0.0,"max_hp_loss":0.0,"gold_gain":0.0,"event_name":"Winding Halls","player_choice":"Embrace Madness","floor":38.0,"gold_loss":0.0,"damage_taken":15.0,"cards_obtained":["Madness","Madness"]},{"damage_healed":0.0,"max_hp_gain":0.0,"max_hp_loss":0.0,"gold_gain":50.0,"event_name":"Golden Shrine","player_choice":"Pray","floor":39.0,"gold_loss":0.0,"damage_taken":0.0},{"cards_removed":["Consecrate"],"damage_healed":0.0,"max_hp_gain":0.0,"max_hp_loss":0.0,"gold_gain":0.0,"event_name":"Falling","player_choice":"Removed Attack","floor":46.0,"gold_loss":0.0,"damage_taken":0.0}],"is_beta":false,"boss_relics":[{"not_picked":["Busted Crown","Runic Dome"],"picked":"Black Star"},{"not_picked":["Empty Cage","Snecko Eye"],"picked":"Philosopher\u0027s Stone"}],"items_purged_floors":[28],"is_endless":false,"potions_floor_spawned":[4,8,14,29,33,37,41,44],"killed_by":"Donu and Deca","ascension_level":20}}