{"host":"k2mw1od0xoi9pcfj","time":1611074009,"event":{"mods":["Act Like it!","Aspiration","BaseMod","Downfall","Energized Spire","Highlight Path","Minty Spire (QoL Compilation)","Relic Stats","Retaliation","StSLib","TheHeartMod"],"gold_per_floor":[99,199,212,222,233,264,264,280,280,310,34,52,87,87,102,199,199],"floor_reached":16,"language":"ENG","playtime":1518,"items_purged":[],"score":222,"play_id":"f0742aa3-04ef-46f2-9d71-158bf72d01e5","local_time":"20210119103329","is_ascension_mode":false,"campfire_choices":[{"floor":1,"key":"RECALL"}],"circlet_count":0,"master_deck":["theHeart:BloodDrop","theHeart:Scab","theHeart:theHeartDefend","theHeart:theHeartDefend","theHeart:theHeartDefend","theHeart:theHeartDefend","theHeart:theHeartCommonAttack","theHeart:theHeartCommonAttack","theHeart:theHeartCommonAttack+1","theHeart:theHeartCommonAttack+1","theHeart:theHeartCommonAttack","theHeart:Devour","theHeart:Pacemaker","theHeart:BloodClots","theHeart:TentacleWhip","theHeart:AdaptiveCells","theHeart:Terrify","theHeart:Omega3","theHeart:BloodRitual","Injury","theHeart:PulmonaryCirculation"],"relics":["theHeart:BeatOfDeath","Whetstone","Question Card","downfall:ShatteredFragment","Ancient Tea Set","theHeart:Burger","StoneCalendar","Frozen Egg 2"],"acts_visited":["Exordium"],"potions_floor_usage":[],"damage_taken":[{"damage":0,"enemies":"2 Louse","floor":3,"turns":3},{"damage":2,"enemies":"Small Slimes","floor":4,"turns":3},{"damage":1,"enemies":"Cultist","floor":5,"turns":4},{"damage":21,"enemies":"3 Sentries","floor":6,"turns":10},{"damage":5,"enemies":"3 Louse","floor":8,"turns":3},{"damage":0,"enemies":"Lagavulin","floor":10,"turns":8},{"damage":10,"enemies":"downfall:FleeingMerchant","floor":11,"turns":4},{"damage":7,"enemies":"Exordium Wildlife","floor":12,"turns":5},{"damage":19,"enemies":"3 Sentries","floor":13,"turns":6},{"damage":1,"enemies":"Red Slaver","floor":15,"turns":3},{"damage":43,"enemies":"DF_ARCHETYPE_STREAMLINE","floor":16,"turns":10}],"seed_played":"4380551532246208564","potions_obtained":[{"floor":6,"key":"AttackPotion"},{"floor":8,"key":"DuplicationPotion"},{"floor":10,"key":"SneckoOil"},{"floor":12,"key":"ColorlessPotion"}],"is_trial":false,"path_per_floor":["R","?","M","M","M","E","T","M","?","E","$","M","E","?","M","B"],"character_chosen":"THE_HEART","items_purchased":["theHeart:Burger"],"campfire_rested":0,"item_purchase_floors":[11],"current_hp_per_floor":[82,82,82,80,79,58,58,53,53,53,80,73,54,54,53,10,10],"gold":199,"neow_bonus":"TEN_PERCENT_HP_BONUS","is_daily":false,"chose_seed":false,"campfire_upgraded":0,"win_rate":0.0,"timestamp":1611074009,"path_taken":["R","?","M","M","M","E","T","M","?","E","$","M","E","?","M","BOSS"],"items_purchased_type":["Relic"],"build_version":"2020-12-22","purchased_purges":0,"victory":false,"max_hp_per_floor":[82,82,82,82,82,82,82,82,82,82,94,94,94,94,94,94,94],"relic_stats":{"counters":[11,59],"StoneCalendar":[52],"Whetstone":["theHeart:theHeartCommonAttack","theHeart:theHeartCommonAttack"],"Question Card":7,"obtain_stats":[{"theHeart:BeatOfDeath":0,"downfall:ShatteredFragment":9,"theHeart:Burger":11,"StoneCalendar":13,"Whetstone":6,"Frozen Egg 2":14,"Question Card":7,"Ancient Tea Set":10},{"theHeart:BeatOfDeath":0,"downfall:ShatteredFragment":5,"theHeart:Burger":7,"StoneCalendar":9,"Whetstone":4,"Frozen Egg 2":9,"Question Card":4,"Ancient Tea Set":6},{"theHeart:BeatOfDeath":0,"downfall:ShatteredFragment":23,"theHeart:Burger":35,"StoneCalendar":46,"Whetstone":20,"Frozen Egg 2":46,"Question Card":20,"Ancient Tea Set":31}]},"card_choices":[{"not_picked":["theHeart:Embolism","theHeart:TranquilRhythm"],"picked":"theHeart:Devour","floor":3},{"not_picked":["theHeart:Heartbeat","theHeart:TranquilRhythm"],"picked":"theHeart:Pacemaker","floor":4},{"not_picked":["theHeart:CapillaryExchange","theHeart:Hemorrhage"],"picked":"theHeart:BloodClots","floor":5},{"not_picked":["theHeart:Tachycardia","theHeart:Arrhythmia"],"picked":"theHeart:TentacleWhip","floor":6},{"not_picked":["theHeart:ScrapOoze","theHeart:Arrhythmia","theHeart:PainfulStabs"],"picked":"theHeart:AdaptiveCells","floor":8},{"not_picked":["theHeart:TentacleWhip","theHeart:ArterialFlow","theHeart:Pacemaker"],"picked":"theHeart:Terrify","floor":10},{"not_picked":["theHeart:BloodClots","theHeart:Devour","theHeart:Cleanse"],"picked":"theHeart:Omega3","floor":11},{"not_picked":["theHeart:Arrhythmia","theHeart:PainfulStabs","theHeart:Embolism","theHeart:Cleanse"],"picked":"SKIP","floor":12},{"not_picked":["theHeart:Virus","theHeart:ArterialFlow","theHeart:CapillaryExchange"],"picked":"theHeart:BloodRitual","floor":13},{"not_picked":["theHeart:Crush","theHeart:CapillaryExchange","theHeart:Devour"],"picked":"theHeart:PulmonaryCirculation","floor":15}],"player_experience":649566,"relics_obtained":[{"floor":6,"key":"Whetstone"},{"floor":7,"key":"Question Card"},{"floor":10,"key":"Ancient Tea Set"},{"floor":13,"key":"StoneCalendar"}],"event_choices":[],"is_beta":false,"boss_relics":[],"items_purged_floors":[],"is_endless":false,"potions_floor_spawned":[6,8,10,12,16],"killed_by":"DF_ARCHETYPE_STREAMLINE","ascension_level":0}}