{"host":"wj6vwlg8bkoql3lv","time":1611075444,"event":{"mods":["BaseMod","Colored Map","Friendly Minions","Hermit","Hubris","Infinite Spire","JesterMod","Jorbs\u0027s Wanderer Trilogy","Marisa????????","Minty Spire (QoL Compilation)","Replay The Spire","Shade Mod","StSLib","The Blue Laboratory","The Bug Knight","The Cursed","The Disciple","The Gatherer","The Hierophant","The Jungle","The Marked","The Mystic","The Runesmith","The Senshi","The Servant 0.9.4"],"gold_per_floor":[116,132,132,29,29,60,72,72,72,72,97,108,108,125,125,125,125],"floor_reached":16,"language":"ENG","playtime":2037,"items_purged":[],"score":135,"play_id":"83c8c4af-655c-4d53-84c9-671586ca2a2d","local_time":"20210119165723","is_ascension_mode":false,"campfire_choices":[{"data":"HollowMod:MothsMistake","floor":8,"key":"SMITH"},{"data":"HollowMod:ChannelNail","floor":10,"key":"SMITH"},{"data":"HollowMod:InfectedCysts","floor":13,"key":"SMITH"},{"floor":15,"key":"REST"}],"circlet_count":0,"master_deck":["HollowMod:NailStrikeStart","HollowMod:NailStrikeStart","HollowMod:NailStrikeStart","HollowMod:NailStrikeStart","HollowMod:QuickDashStart","HollowMod:QuickDashStart+1","HollowMod:QuickDashStart","HollowMod:QuickDashStart","HollowMod:FocusHealStart+1","HollowMod:PogoStrike+1","HollowMod:MothsMistake+1","HollowMod:SoulStrike","HollowMod:Grubsong+1","HollowMod:ChannelNail+1","HollowMod:SoulShaman","HollowMod:AwokenDreamNail","HollowMod:InfectedCysts+1","HollowMod:NewGlowingWomb","HollowMod:HowlingWraiths"],"relics":["HollowMod:VesselMask","NeowsBlessing","Pen Nib","infinitespire:ShieldingShard","hubris:SlimyHat"],"acts_visited":["Exordium"],"potions_floor_usage":[11,16],"damage_taken":[{"damage":0,"enemies":"2 Louse","floor":1,"turns":1},{"damage":0,"enemies":"Small Slimes","floor":2,"turns":1},{"damage":0,"enemies":"Replay:BlueRogue","floor":6,"turns":1},{"damage":11,"enemies":"Jaw Worm","floor":7,"turns":4},{"damage":20,"enemies":"Gremlin Nob","floor":11,"turns":4},{"damage":9,"enemies":"Blue Slaver","floor":12,"turns":3},{"damage":29,"enemies":"Exordium Thugs","floor":14,"turns":3},{"damage":42,"enemies":"Hexaghost","floor":16,"turns":7}],"seed_played":"-473366537381916706","potions_obtained":[{"floor":2,"key":"SteroidPotion"},{"floor":6,"key":"PowerPotion"},{"floor":11,"key":"blueLaboratory:SavagePotion"}],"is_trial":false,"path_per_floor":["M","M","?","$","?","E","M","R","T","R","E","M","R","M","R","B"],"character_chosen":"THE_BUGKNIGHT","items_purchased":["HollowMod:Grubsong+1","HollowMod:ChannelNail"],"campfire_rested":1,"item_purchase_floors":[4,4],"current_hp_per_floor":[75,75,60,60,60,60,59,59,59,59,39,30,30,7,29,0,0],"gold":125,"neow_bonus":"THREE_ENEMY_KILL","is_daily":false,"chose_seed":false,"campfire_upgraded":3,"win_rate":0.0,"timestamp":1611075443,"path_taken":["M","M","?","$","?","E","M","R","T","R","E","M","R","M","R","BOSS"],"items_purchased_type":["Card","Card"],"build_version":"2020-12-22","purchased_purges":0,"victory":false,"max_hp_per_floor":[75,75,75,75,75,75,75,75,75,75,75,75,75,75,75,75,75],"card_choices":[{"not_picked":["HollowMod:SharpenedNail","HollowMod:WraithStrike"],"picked":"HollowMod:MothsMistake","floor":1},{"not_picked":["HollowMod:SiblingsSouls","HollowMod:VengefulVoid"],"picked":"HollowMod:SoulStrike","floor":2},{"not_picked":["HollowMod:CycloneSlash","HollowMod:SharpenedShadows"],"picked":"HollowMod:SoulShaman","floor":6},{"not_picked":["HollowMod:SharpenedNail","HollowMod:ShadowDash"],"picked":"HollowMod:AwokenDreamNail","floor":7},{"not_picked":["HollowMod:InfectionAssault","HollowMod:SiblingsSouls"],"picked":"HollowMod:InfectedCysts","floor":11},{"not_picked":["HollowMod:NewLittleFool","HollowMod:Hiveblood"],"picked":"HollowMod:NewGlowingWomb","floor":12},{"not_picked":["HollowMod:ChannelNail","HollowMod:SoulSplash"],"picked":"HollowMod:HowlingWraiths","floor":14}],"player_experience":83093,"relics_obtained":[{"floor":6,"key":"Pen Nib"},{"floor":9,"key":"infinitespire:ShieldingShard"},{"floor":11,"key":"hubris:SlimyHat"}],"event_choices":[{"damage_healed":0,"gold_gain":0,"player_choice":"Entered Light","damage_taken":15,"max_hp_gain":0,"max_hp_loss":0,"event_name":"Shining Light","floor":3,"gold_loss":0,"cards_upgraded":["HollowMod:FocusHealStart","HollowMod:PogoStrike"]}],"is_beta":false,"boss_relics":[],"items_purged_floors":[],"is_endless":false,"potions_floor_spawned":[2,6,11],"killed_by":"Hexaghost","ascension_level":0}}