{"host":"64f01u0zptxoviuq","time":1611086769,"event":{"mods":["BaseMod","Downfall","Minty Spire (QoL Compilation)","StSLib","The Cursed"],"gold_per_floor":[109,109,109,123,136,136,152,177,201,151,161,161,236,253,253,355,355,375,392,160,70,70,99,73,73,98,118,118,139,139,139],"floor_reached":30,"language":"ENG","playtime":1496,"items_purged":[],"score":250,"play_id":"b660db26-d0c2-48c1-9992-c88a3f05526c","local_time":"20210119200609","is_ascension_mode":false,"campfire_choices":[{"data":"TheCursedMod:CleanUpWorkshop","floor":6,"key":"SMITH"},{"floor":12,"key":"REST"},{"floor":15,"key":"REST"},{"data":"TheCursedMod:VoidForm","floor":25,"key":"SMITH"},{"floor":28,"key":"REST"}],"circlet_count":0,"master_deck":["TheCursedMod:Strike_TheCursed+1","TheCursedMod:Defend_TheCursed","TheCursedMod:Defend_TheCursed+1","TheCursedMod:Defend_TheCursed","TheCursedMod:Defend_TheCursed+1","TheCursedMod:CursedWand","TheCursedMod:CleanUpWorkshop+1","TheCursedMod:Dregs","TheCursedMod:DoubleShield+1","TheCursedMod:CursedMace","TheCursedMod:RapidMovement","TheCursedMod:Stigma","TheCursedMod:VitalStrike+1","TheCursedMod:OutForBlood","TheCursedMod:SpreadPlague","TheCursedMod:CursedBlade","TheCursedMod:VoidForm","TheCursedMod:SpitefulPray","TheCursedMod:SurpriseAttack+1","TheCursedMod:HellfireBreathing","TheCursedMod:VoidForm+1","TheCursedMod:ReleasedStrength+1","TheCursedMod:CursedBlade","TheCursedMod:AbyssShockwave"],"relics":["TheCursedMod:BlackMagic101","Tiny Chest","Whetstone","Velvet Choker","DollysMirror","Blue Candle","Centennial Puzzle","CeramicFish"],"acts_visited":["Exordium","TheCity"],"potions_floor_usage":[8,16,16,23,30,30],"damage_taken":[{"damage":0,"enemies":"Jaw Worm","floor":1,"turns":7},{"damage":0,"enemies":"Small Slimes","floor":4,"turns":4},{"damage":0,"enemies":"Cultist","floor":5,"turns":4},{"damage":7,"enemies":"Large Slime","floor":7,"turns":9},{"damage":6,"enemies":"Lagavulin","floor":8,"turns":5},{"damage":5,"enemies":"Looter","floor":11,"turns":3},{"damage":15,"enemies":"Exordium Thugs","floor":14,"turns":7},{"damage":55,"enemies":"Hexaghost","floor":16,"turns":8},{"damage":6,"enemies":"Shell Parasite","floor":18,"turns":5},{"damage":7,"enemies":"Chosen","floor":19,"turns":5},{"damage":40,"enemies":"Gremlin Leader","floor":23,"turns":6},{"damage":26,"enemies":"Snake Plant","floor":27,"turns":5},{"damage":23,"enemies":"Centurion and Healer","floor":29,"turns":7},{"damage":9,"enemies":"Book of Stabbing","floor":30,"turns":2}],"seed_played":"2261970578564767916","potions_obtained":[{"floor":5,"key":"hexamod:SoulburnPotion"},{"floor":7,"key":"ColorlessPotion"},{"floor":8,"key":"Explosive Potion"},{"floor":16,"key":"DuplicationPotion"},{"floor":23,"key":"hexamod:SoulburnPotion"},{"floor":27,"key":"CultistPotion"}],"is_trial":false,"path_per_floor":["M","?","?","M","M","R","M","E","T","?","M","R","?","M","R","B",null,"M","M","$","?","T","E","$","R","T","M","R","M","E"],"character_chosen":"THE_CURSED","items_purchased":["TheCursedMod:HellfireBreathing","DollysMirror","TheCursedMod:CursedBlade"],"campfire_rested":3,"item_purchase_floors":[20,20,24],"current_hp_per_floor":[82,66,66,66,66,66,59,53,53,53,48,72,64,49,73,18,82,76,69,69,69,69,29,29,29,29,3,27,4,0,0],"gold":139,"neow_bonus":"TEN_PERCENT_HP_BONUS","is_daily":false,"chose_seed":false,"campfire_upgraded":2,"win_rate":0.0,"timestamp":1611086769,"path_taken":["M","?","?","M","?","R","M","E","T","?","M","R","?","M","R","BOSS","M","M","$","?","?","E","$","R","T","M","R","M","E"],"items_purchased_type":["Card","Relic","Card"],"build_version":"2020-12-22","purchased_purges":0,"victory":false,"max_hp_per_floor":[82,82,82,82,82,82,82,82,82,82,82,82,82,82,82,82,82,82,82,82,82,82,82,82,82,82,82,82,82,82,82],"card_choices":[{"not_picked":["TheCursedMod:CursedAmulet","TheCursedMod:TroublousMinions"],"picked":"TheCursedMod:DoubleShield","floor":1},{"not_picked":["TheCursedMod:Mangle","TheCursedMod:SpreadPlague"],"picked":"TheCursedMod:RapidMovement","floor":4},{"not_picked":["TheCursedMod:VitalStrike","TheCursedMod:FleshFromBone"],"picked":"TheCursedMod:Stigma","floor":5},{"not_picked":["TheCursedMod:AshesToAshes","TheCursedMod:CircleOfFlame"],"picked":"TheCursedMod:VitalStrike","floor":7},{"not_picked":["TheCursedMod:SmokeScreen","TheCursedMod:WearCloak"],"picked":"TheCursedMod:OutForBlood","floor":8},{"not_picked":["TheCursedMod:AshesToAshes","TheCursedMod:CircleOfFocus"],"picked":"TheCursedMod:SpreadPlague","floor":11},{"not_picked":["TheCursedMod:BloodBarrier","TheCursedMod:CursedArmor"],"picked":"TheCursedMod:CursedBlade","floor":14},{"not_picked":["TheCursedMod:Neurasthenia","TheCursedMod:OutForBlood"],"picked":"TheCursedMod:VoidForm","floor":16},{"not_picked":["TheCursedMod:SmokeScreen","TheCursedMod:CircleOfAmplification"],"picked":"TheCursedMod:SpitefulPray","floor":18},{"not_picked":["TheCursedMod:TacticalStrike","TheCursedMod:CircleOfFlame"],"picked":"TheCursedMod:SurpriseAttack+1","floor":19},{"not_picked":["TheCursedMod:CircleOfWindfury","TheCursedMod:VitalStrike"],"picked":"TheCursedMod:ReleasedStrength+1","floor":23},{"not_picked":["TheCursedMod:Obscuration","TheCursedMod:SmokeScreen","TheCursedMod:Stigma"],"picked":"SKIP","floor":27},{"not_picked":["TheCursedMod:OutForBlood","TheCursedMod:ReleasedKnowledge"],"picked":"TheCursedMod:AbyssShockwave","floor":29}],"player_experience":1883871,"relics_obtained":[{"floor":8,"key":"Tiny Chest"},{"floor":9,"key":"Whetstone"},{"floor":22,"key":"Blue Candle"},{"floor":23,"key":"Centennial Puzzle"},{"floor":26,"key":"CeramicFish"}],"event_choices":[{"damage_healed":0,"gold_gain":0,"player_choice":"Entered Light","damage_taken":16,"max_hp_gain":0,"max_hp_loss":0,"event_name":"Shining Light","floor":2,"gold_loss":0,"cards_upgraded":["TheCursedMod:Defend_TheCursed","TheCursedMod:DoubleShield"]},{"damage_healed":0,"gold_gain":0,"cards_transformed":["TheCursedMod:Strike_TheCursed"],"player_choice":"Transformed","damage_taken":0,"max_hp_gain":0,"max_hp_loss":0,"event_name":"Transmorgrifier","floor":3,"gold_loss":0,"cards_obtained":["TheCursedMod:CursedMace"]},{"cards_removed":["TheCursedMod:Strike_TheCursed"],"damage_healed":0,"gold_gain":0,"player_choice":"Card Removal","damage_taken":0,"max_hp_gain":0,"max_hp_loss":0,"event_name":"The Cleric","floor":10,"gold_loss":50},{"damage_healed":0,"gold_gain":75,"player_choice":"Touch","damage_taken":8,"max_hp_gain":0,"max_hp_loss":0,"event_name":"FaceTrader","floor":13,"gold_loss":0},{"cards_removed":["TheCursedMod:Strike_TheCursed"],"damage_healed":0,"gold_gain":0,"player_choice":"Upgrade and Remove","damage_taken":0,"max_hp_gain":0,"max_hp_loss":0,"event_name":"Designer","floor":21,"gold_loss":90,"cards_upgraded":["TheCursedMod:Defend_TheCursed"]}],"is_beta":false,"boss_relics":[{"not_picked":["Coffee Dripper","Busted Crown"],"picked":"Velvet Choker"}],"items_purged_floors":[],"is_endless":false,"potions_floor_spawned":[5,7,8,16,23,27],"killed_by":"Book of Stabbing","ascension_level":0}}