{"host":"1a3cjta80tad0aqj","time":1611091198,"event":{"mods":["2.2 Compatiblity","AchievementEnabler","BaseMod","Colored Map","DeckTracker","KOR Keyword Fix","Keyboard Shortcuts","Minty Spire (QoL Compilation)","Permanent Neow","Quick Restart","Random Character Button","StSLib","SuperFastMode","everything is the same but u backflip on backflip"],"gold_per_floor":[114,114,126,76,151,151,183,183,230,230,265,265,265,281,281,372,372,392,442,462,462,159,159,195,195,195,211,226,247,263,277,277,366,366,387,32,53,2,21,21,94,107,107,107,132,0,0,45,45,45,45,45],"floor_reached":51,"language":"KOR","playtime":2910,"items_purged":["Regret","Injury"],"score":1325,"play_id":"92fc7e7d-706e-4eb4-a9ed-02909e2a501c","local_time":"20210120061958","is_ascension_mode":true,"campfire_choices":[{"data":"Eruption","floor":6.0,"key":"SMITH"},{"data":"EmptyFist","floor":8.0,"key":"SMITH"},{"data":"Vigilance","floor":13.0,"key":"SMITH"},{"data":"CrushJoints","floor":15.0,"key":"SMITH"},{"floor":23.0,"key":"REST"},{"data":"Adaptation","floor":25.0,"key":"SMITH"},{"floor":32.0,"key":"REST"},{"floor":40.0,"key":"REST"},{"data":"Scrawl","floor":49.0,"key":"SMITH"}],"circlet_count":0,"master_deck":["AscendersBane","Strike_P","Strike_P","Defend_P","Defend_P","Defend_P","Eruption+1","Vigilance+1","EmptyMind","EmptyFist+1","CrushJoints+1","CutThroughFate","Halt","Ragnarok","Alpha+1","Adaptation+1","Meditate+1","MentalFortress+1","Adaptation+1","Wallop+1","Scrawl+1","SpiritShield"],"relics":["PureWater","NeowsBlessing","Smiling Mask","TeardropLocket","Pen Nib","The Courier","Vajra","Golden Idol","Astrolabe","Akabeko","Tiny Chest","Eternal Feather","Busted Crown","Shovel","Boot","Letter Opener","Darkstone Periapt","Red Mask","Prayer Wheel","Nunchaku"],"acts_visited":["TheCity","TheBeyond"],"potions_floor_usage":[],"damage_taken":[{"damage":0.0,"enemies":"Jaw Worm","floor":1.0,"turns":1.0},{"damage":0.0,"enemies":"Small Slimes","floor":3.0,"turns":1.0},{"damage":0.0,"enemies":"3 Sentries","floor":7.0,"turns":1.0},{"damage":8.0,"enemies":"Gremlin Nob","floor":11.0,"turns":3.0},{"damage":0.0,"enemies":"2 Louse","floor":14.0,"turns":1.0},{"damage":19.0,"enemies":"Slime Boss","floor":16.0,"turns":6.0},{"damage":24.0,"enemies":"Spheric Guardian","floor":18.0,"turns":4.0},{"damage":0.0,"enemies":"Chosen","floor":20.0,"turns":3.0},{"damage":6.0,"enemies":"Gremlin Leader","floor":24.0,"turns":5.0},{"damage":15.0,"enemies":"Centurion and Healer","floor":27.0,"turns":5.0},{"damage":0.0,"enemies":"Chosen and Byrds","floor":28.0,"turns":3.0},{"damage":21.0,"enemies":"Shelled Parasite and Fungi","floor":29.0,"turns":3.0},{"damage":0.0,"enemies":"Snake Plant","floor":30.0,"turns":1.0},{"damage":0.0,"enemies":"3 Cultists","floor":31.0,"turns":5.0},{"damage":30.0,"enemies":"Champ","floor":33.0,"turns":7.0},{"damage":0.0,"enemies":"3 Darklings","floor":35.0,"turns":5.0},{"damage":0.0,"enemies":"3 Shapes","floor":37.0,"turns":4.0},{"damage":34.0,"enemies":"Sphere and 2 Shapes","floor":39.0,"turns":6.0},{"damage":7.0,"enemies":"Transient","floor":42.0,"turns":6.0},{"damage":0.0,"enemies":"4 Shapes","floor":45.0,"turns":4.0},{"damage":74.0,"enemies":"Donu and Deca","floor":50.0,"turns":9.0},{"damage":17,"enemies":"Awakened One","floor":51,"turns":2}],"seed_played":"1440503909362626043","potions_obtained":[{"floor":3.0,"key":"Dexterity Potion"},{"floor":11.0,"key":"PowerPotion"},{"floor":14.0,"key":"CultistPotion"},{"floor":24.0,"key":"CultistPotion"},{"floor":35.0,"key":"Swift Potion"},{"floor":42.0,"key":"DistilledChaos"}],"is_trial":false,"path_per_floor":["M","?","M","$","?","R","E","R","T","?","E","?","R","M","R","B",null,"M","?","M","?","$","R","E","R","T","M","M","M","M","M","R","B",null,"M","$","M","?","M","R","T","M","T","?","M","?","T","T","R","B","B"],"character_chosen":"WATCHER","items_purchased":["Adaptation","Akabeko","SteroidPotion","Shovel","FairyPotion"],"campfire_rested":3,"item_purchase_floors":[22,22,22,36,36],"current_hp_per_floor":[61,61,61,61,50,50,50,50,50,39,31,31,31,31,31,12,54,30,30,30,30,30,50,44,44,44,29,29,8,8,8,40,10,54,54,54,54,54,20,52,52,45,45,45,45,45,45,45,57,10,0,0],"gold":45,"neow_bonus":"THREE_ENEMY_KILL","is_daily":false,"chose_seed":false,"campfire_upgraded":6,"win_rate":0.0,"timestamp":1611091198,"path_taken":["M","?","M","$","?","R","E","R","T","?","E","?","R","?","R","BOSS","M","?","?","?","$","R","E","R","T","M","?","M","M","M","R","BOSS","M","$","M","?","?","R","?","M","T","?","M","?","?","?","R","BOSS","BOSS"],"items_purchased_type":["Card","Relic","Potion","Relic","Potion"],"build_version":"2020-12-22","purchased_purges":2,"victory":false,"max_hp_per_floor":[68,68,68,68,68,68,68,68,68,68,68,68,68,68,68,68,68,68,68,68,68,68,68,68,68,68,68,68,68,68,68,68,68,68,68,68,68,68,68,68,68,68,68,68,68,68,68,68,68,68,68,68],"card_choices":[{"not_picked":["JustLucky","WaveOfTheHand"],"picked":"EmptyMind","floor":1.0},{"not_picked":["Swivel","ThirdEye"],"picked":"EmptyFist","floor":3.0},{"not_picked":["EmptyBody","DeceiveReality"],"picked":"CrushJoints","floor":7.0},{"not_picked":["SashWhip","Crescendo"],"picked":"CutThroughFate","floor":11.0},{"not_picked":["WindmillStrike","CutThroughFate"],"picked":"Halt","floor":14.0},{"not_picked":["ConjureBlade","SpiritShield"],"picked":"Ragnarok","floor":16.0},{"not_picked":["ThirdEye","ClearTheMind","PathToVictory"],"picked":"SKIP","floor":18.0},{"not_picked":["DeceiveReality","InnerPeace"],"picked":"MentalFortress","floor":20.0},{"not_picked":["CutThroughFate","FlyingSleeves","LessonLearned"],"picked":"SKIP","floor":24.0},{"not_picked":["Conclude","Adaptation","FlurryOfBlows"],"picked":"SKIP","floor":27.0},{"not_picked":["CutThroughFate","Collect"],"picked":"Wallop+1","floor":28.0},{"not_picked":["Halt+1","Evaluate","Meditate+1"],"picked":"SKIP","floor":29.0},{"not_picked":["Conclude","Prostrate+1","ClearTheMind"],"picked":"SKIP","floor":30.0},{"not_picked":["FollowUp","SashWhip"],"picked":"Scrawl","floor":31.0},{"not_picked":["Alpha","Judgement"],"picked":"SpiritShield","floor":33.0},{"not_picked":["Evaluate"],"picked":"SKIP","floor":35.0},{"not_picked":["FollowUp+1"],"picked":"SKIP","floor":37.0},{"not_picked":["Adaptation"],"picked":"SKIP","floor":39.0},{"not_picked":["PathToVictory"],"picked":"SKIP","floor":42.0},{"not_picked":["DeceiveReality+1"],"picked":"SKIP","floor":45.0}],"player_experience":791412,"relics_obtained":[{"floor":7.0,"key":"TeardropLocket"},{"floor":9.0,"key":"Pen Nib"},{"floor":11.0,"key":"Vajra"},{"floor":24.0,"key":"Tiny Chest"},{"floor":26.0,"key":"Eternal Feather"},{"floor":41.0,"key":"Letter Opener"},{"floor":43.0,"key":"Darkstone Periapt"},{"floor":47.0,"key":"Prayer Wheel"},{"floor":48.0,"key":"Nunchaku"}],"event_choices":[{"damage_healed":0.0,"max_hp_gain":0.0,"max_hp_loss":0.0,"gold_gain":0.0,"event_name":"Big Fish","player_choice":"Box","floor":2.0,"gold_loss":0.0,"damage_taken":0.0,"relics_obtained":["Smiling Mask"],"cards_obtained":["Regret"]},{"damage_healed":0.0,"max_hp_gain":0.0,"max_hp_loss":0.0,"gold_gain":75.0,"event_name":"World of Goop","player_choice":"Gather Gold","floor":5.0,"gold_loss":0.0,"damage_taken":11.0},{"damage_healed":0.0,"max_hp_gain":0.0,"max_hp_loss":0.0,"gold_gain":0.0,"event_name":"Scrap Ooze","player_choice":"Success","floor":10.0,"gold_loss":0.0,"damage_taken":11.0,"relics_obtained":["The Courier"]},{"damage_healed":0.0,"max_hp_gain":0.0,"max_hp_loss":0.0,"gold_gain":0.0,"event_name":"Golden Idol","player_choice":"Take Wound","floor":12.0,"gold_loss":0.0,"damage_taken":0.0,"relics_obtained":["Golden Idol"],"cards_obtained":["Injury"]},{"damage_healed":0.0,"max_hp_gain":0.0,"max_hp_loss":0.0,"gold_gain":50.0,"event_name":"Golden Shrine","player_choice":"Pray","floor":19.0,"gold_loss":0.0,"damage_taken":0.0},{"damage_healed":0.0,"max_hp_gain":0.0,"max_hp_loss":0.0,"gold_gain":0.0,"event_name":"Accursed Blacksmith","player_choice":"Forge","floor":21.0,"gold_loss":0.0,"damage_taken":0.0,"cards_upgraded":["MentalFortress"]},{"damage_healed":0.0,"max_hp_gain":0.0,"max_hp_loss":0.0,"gold_gain":0.0,"event_name":"WeMeetAgain","player_choice":"Paid Gold","floor":38.0,"gold_loss":51.0,"damage_taken":0.0,"relics_obtained":["Boot"]},{"damage_healed":0.0,"max_hp_gain":0.0,"max_hp_loss":0.0,"gold_gain":0.0,"event_name":"The Moai Head","player_choice":"Ignored","floor":44.0,"gold_loss":0.0,"damage_taken":0.0},{"damage_healed":0.0,"max_hp_gain":0.0,"max_hp_loss":0.0,"gold_gain":0.0,"event_name":"Tomb of Lord Red Mask","player_choice":"Paid","floor":46.0,"gold_loss":132.0,"damage_taken":0.0,"relics_obtained":["Red Mask"]}],"is_beta":false,"boss_relics":[{"not_picked":["SacredBark","Runic Dome"],"picked":"Astrolabe"},{"not_picked":["Fusion Hammer","Sozu"],"picked":"Busted Crown"}],"items_purged_floors":[4,22],"is_endless":false,"potions_floor_spawned":[3,11,14,24,27,28,35,42],"killed_by":"Awakened One","ascension_level":20}}