{"host":"obplhmlw33xb91v8","time":1611083539,"event":{"mods":["BaseMod","Block Reminder","Curses Come First","Evolution","Minty Spire (QoL Compilation)","Quick Restart","Relic Stats","Spicy Shops","StSLib","Uncapped","Waifu the Spire","slay the spire mod where everything is the same but ironclad has a cowboy hat"],"gold_per_floor":[112,112,112,112,50,50,68,80,80,95,14,14,40,51,51,150,150,160,180,180,198,28,28,44,69,69,168,6,6,26,53,53,53,53],"floor_reached":33,"language":"ENG","playtime":1286,"items_purged":["Writhe","Strike_G"],"score":413,"play_id":"56d6c6a7-eb8f-4de8-a293-a47f14a120ad","local_time":"20210119141219","is_ascension_mode":true,"campfire_choices":[{"data":"A Thousand Cuts","floor":6,"key":"SMITH"},{"floor":15,"key":"REST"},{"data":"Storm of Steel","floor":23,"key":"SMITH"},{"data":"Apotheosis","floor":32,"key":"SMITH"}],"circlet_count":0,"master_deck":["Strike_G+1","Strike_G+1","Strike_G","Defend_G","Defend_G","Defend_G","Defend_G","Defend_G","Survivor","Neutralize","Dodge and Roll","A Thousand Cuts+1","Bouncing Flask","Quick Slash","Sucker Punch","Calculated Gamble","Bane","Storm of Steel+1","Sucker Punch","Ghostly","Ghostly","Ghostly","Ghostly","Ghostly","Slice","Blade Dance","Infinite Blades","Apotheosis+1","Noxious Fumes","Dagger Throw+1"],"relics":["EVO:Axolotl","Snecko Eye","StoneCalendar","Boot","Ornamental Fan","Bird Faced Urn","Smiling Mask","Blood Vial","Busted Crown","FossilizedHelix","Question Card","Happy Flower"],"acts_visited":["Exordium","TheCity"],"potions_floor_usage":[25,31,33],"damage_taken":[{"damage":8,"enemies":"2 Louse","floor":1,"turns":4},{"damage":12,"enemies":"Jaw Worm","floor":7,"turns":3},{"damage":4,"enemies":"Small Slimes","floor":8,"turns":3},{"damage":0,"enemies":"Looter","floor":10,"turns":3},{"damage":14,"enemies":"3 Sentries","floor":13,"turns":5},{"damage":0,"enemies":"Exordium Thugs","floor":14,"turns":3},{"damage":6,"enemies":"Hexaghost","floor":16,"turns":7},{"damage":26,"enemies":"2 Thieves","floor":18,"turns":4},{"damage":6,"enemies":"Shell Parasite","floor":19,"turns":4},{"damage":7,"enemies":"Centurion and Healer","floor":21,"turns":6},{"damage":0,"enemies":"Snecko","floor":24,"turns":6},{"damage":19,"enemies":"Slavers","floor":25,"turns":7},{"damage":1,"enemies":"3 Cultists","floor":30,"turns":5},{"damage":0,"enemies":"Book of Stabbing","floor":31,"turns":5},{"damage":51,"enemies":"Collector","floor":33,"turns":8}],"seed_played":"-3977339224650680106","potions_obtained":[{"floor":8,"key":"Regen Potion"},{"floor":13,"key":"FearPotion"},{"floor":31,"key":"DuplicationPotion"}],"is_trial":false,"path_per_floor":["M","?","T","?","$","R","M","M","T","M","$","T","E","M","R","B",null,"M","M","?","M","$","R","M","E","T","?","$","?","M","E","R","B"],"character_chosen":"THE_SILENT","items_purchased":["Boot","Bird Faced Urn","Blade Dance","Apotheosis"],"campfire_rested":1,"item_purchase_floors":[5,11,22,28],"current_hp_per_floor":[62,62,62,48,48,48,36,32,32,32,32,32,20,24,45,43,63,41,39,35,30,30,30,34,25,25,25,25,25,30,35,35,0,0],"gold":53,"neow_bonus":"BOSS_RELIC","is_daily":false,"chose_seed":false,"campfire_upgraded":3,"win_rate":0.0,"timestamp":1611083539,"path_taken":["M","?","?","?","$","R","M","M","T","M","?","?","E","M","R","BOSS","M","M","?","M","$","R","M","E","T","?","?","?","M","E","R","BOSS"],"items_purchased_type":["Relic","Relic","Card","Card"],"build_version":"2020-12-22","purchased_purges":2,"victory":false,"max_hp_per_floor":[70,70,70,70,70,70,70,70,70,70,70,70,70,70,70,70,70,70,70,35,35,35,35,35,35,35,35,35,35,35,35,35,35,35],"relic_stats":{"Blood Vial":15,"Busted Crown":14,"Happy Flower":[2],"counters":[15,73],"Ornamental Fan":[136],"Bird Faced Urn":[29],"Snecko Eye":[145,117,136,127],"StoneCalendar":[104],"Boot":[99],"Smiling Mask":75,"Question Card":2,"obtain_stats":[{"Happy Flower":31,"StoneCalendar":3,"EVO:Axolotl":0,"Boot":5,"Smiling Mask":12,"Question Card":26,"Blood Vial":13,"Busted Crown":17,"Ornamental Fan":9,"Bird Faced Urn":11,"Snecko Eye":0,"FossilizedHelix":25,"Ring of the Snake":0},{"Happy Flower":14,"StoneCalendar":1,"EVO:Axolotl":0,"Boot":1,"Smiling Mask":4,"Question Card":12,"Blood Vial":5,"Busted Crown":7,"Ornamental Fan":3,"Bird Faced Urn":4,"Snecko Eye":0,"FossilizedHelix":12,"Ring of the Snake":0},{"Happy Flower":65,"StoneCalendar":4,"EVO:Axolotl":0,"Boot":4,"Smiling Mask":13,"Question Card":55,"Blood Vial":18,"Busted Crown":28,"Ornamental Fan":10,"Bird Faced Urn":13,"Snecko Eye":0,"FossilizedHelix":55,"Ring of the Snake":0}]},"card_choices":[{"not_picked":["Acrobatics","Masterful Stab"],"picked":"Dodge and Roll","floor":1},{"not_picked":["Terror","Backflip"],"picked":"Bouncing Flask","floor":7},{"not_picked":["Setup","Prepared"],"picked":"Quick Slash","floor":8},{"not_picked":["PiercingWail","Predator"],"picked":"Sucker Punch","floor":10},{"not_picked":["Leg Sweep","Outmaneuver"],"picked":"Calculated Gamble","floor":13},{"not_picked":["Deflect","Skewer"],"picked":"Bane","floor":14},{"not_picked":["Tools of the Trade","Grand Finale"],"picked":"Storm of Steel","floor":16},{"not_picked":[],"picked":"Sucker Punch","floor":18},{"not_picked":["Quick Slash"],"picked":"SKIP","floor":19},{"not_picked":[],"picked":"Slice","floor":21},{"not_picked":[],"picked":"Infinite Blades","floor":24},{"not_picked":["Quick Slash+1"],"picked":"SKIP","floor":25},{"not_picked":["Prepared"],"picked":"Noxious Fumes","floor":30},{"not_picked":["Dodge and Roll"],"picked":"Dagger Throw+1","floor":31}],"player_experience":208011,"relics_obtained":[{"floor":3,"key":"StoneCalendar"},{"floor":9,"key":"Ornamental Fan"},{"floor":12,"key":"Smiling Mask"},{"floor":13,"key":"Blood Vial"},{"floor":25,"key":"FossilizedHelix"},{"floor":26,"key":"Question Card"},{"floor":31,"key":"Happy Flower"}],"event_choices":[{"damage_healed":0,"gold_gain":0,"cards_transformed":["Strike_G"],"player_choice":"Change","damage_taken":0,"max_hp_gain":0,"max_hp_loss":0,"event_name":"Living Wall","floor":2,"gold_loss":0,"cards_obtained":["A Thousand Cuts"]},{"damage_healed":0,"gold_gain":0,"player_choice":"Entered Light","damage_taken":14,"max_hp_gain":0,"max_hp_loss":0,"event_name":"Shining Light","floor":4,"gold_loss":0,"cards_upgraded":["Strike_G","Strike_G"]},{"damage_healed":0,"gold_gain":0,"player_choice":"Became a Ghost","damage_taken":0,"max_hp_gain":0,"max_hp_loss":35,"event_name":"Ghosts","floor":20,"gold_loss":0,"cards_obtained":["Ghostly","Ghostly","Ghostly","Ghostly","Ghostly"]},{"damage_healed":0,"gold_gain":99,"player_choice":"Stole From Cult","damage_taken":0,"max_hp_gain":0,"max_hp_loss":0,"event_name":"Nest","floor":27,"gold_loss":0}],"is_beta":false,"boss_relics":[{"not_picked":["Philosopher\u0027s Stone","Calling Bell"],"picked":"Busted Crown"}],"items_purged_floors":[22,22],"is_endless":false,"potions_floor_spawned":[8,13,16,19,31],"killed_by":"Collector","ascension_level":5}}