{"host":"j9l1rwahbyzerpwa","time":1611041428,"event":{"mods":["100% Spire Juice","ATMod(°¢èªMod)","Arknights The Spire","BaseMod","Downfall","Energized Spire","KomeijiMod","Minty Spire (QoL Compilation)","MostiFishMod","Relic Stats","Spicy Shops","StSLib","The Dragon Tamer","The Marked","[IsaacMod]ÒÔÈö¼âËþ","¡¾ÒÅÎï¿¨ÅÆ¡¿REMEMod"],"gold_per_floor":[362,380,380,400,419,419,419,419,419],"floor_reached":8,"language":"ZHS","playtime":500,"items_purged":[],"score":53,"play_id":"881434c5-8c7c-4231-919e-a3911ded554a","local_time":"20210119153028","is_ascension_mode":true,"campfire_choices":[{"data":"Eruption","floor":6,"key":"SMITH"}],"circlet_count":0,"master_deck":["Strike_P","Strike_P","Strike_P","Strike_P","Defend_P+1","Defend_P","Defend_P","Defend_P","Eruption+1","Vigilance+1","Double Tap","AT_BreakingExtremeWeapon","MostiFishMod:LegendTransform","Indignation"],"relics":["PureWater","HushsDoor","AT_ATBox","DaveBox","REME_ComplimentaryCards","GuppysPaw","GuanYuAspect","SynthV:TestCard"],"acts_visited":["Exordium"],"potions_floor_usage":[],"damage_taken":[{"damage":0,"enemies":"Small Slimes","floor":1,"turns":1},{"damage":1,"enemies":"Cultist","floor":2,"turns":3},{"damage":0,"enemies":"Jaw Worm","floor":4,"turns":3},{"damage":12,"enemies":"Exordium Wildlife","floor":5,"turns":3},{"damage":45,"enemies":"3 Sentries","floor":8,"turns":7}],"seed_played":"-8378149098895804433","potions_obtained":[{"floor":2,"key":"CultistPotion"}],"is_trial":false,"path_per_floor":["M","M","?","M","M","R","?","E"],"character_chosen":"WATCHER","items_purchased":[],"campfire_rested":0,"item_purchase_floors":[],"current_hp_per_floor":[33,33,26,30,21,21,24,0,0],"gold":419,"neow_bonus":"TWO_FIFTY_GOLD","is_daily":false,"chose_seed":false,"campfire_upgraded":1,"win_rate":0.0,"timestamp":1611041428,"path_taken":["M","M","?","M","?","R","?","E"],"items_purchased_type":[],"build_version":"2020-12-22","purchased_purges":0,"victory":false,"max_hp_per_floor":[33,33,33,30,30,30,35,2,2],"relic_stats":{"counters":[5,17],"obtain_stats":[{"KeepersGift":0,"AT_ATBox":0,"SynthV:TestCard":1,"DaveBox":0,"GuanYuAspect":0,"GuppysPaw":0,"PureWater":0,"HushsDoor":0,"REME_ComplimentaryCards":0},{"KeepersGift":0,"AT_ATBox":0,"SynthV:TestCard":1,"DaveBox":0,"GuanYuAspect":0,"GuppysPaw":0,"PureWater":0,"HushsDoor":0,"REME_ComplimentaryCards":0},{"KeepersGift":0,"AT_ATBox":0,"SynthV:TestCard":1,"DaveBox":0,"GuanYuAspect":0,"GuppysPaw":0,"PureWater":0,"HushsDoor":0,"REME_ComplimentaryCards":0}]},"card_choices":[{"not_picked":["MostiFishMod:Speedup","InnerPeace"],"picked":"MostiFishMod:LegendTransform","floor":1},{"not_picked":["AT_RealFormLess","MostiFishMod:FlowState","Evaluate","DeceiveReality","PathToVictory"],"picked":"SKIP","floor":2},{"not_picked":["PathToVictory","EmptyBody","JustLucky","CutThroughFate"],"picked":"Indignation","floor":4},{"not_picked":["InnerPeace","Conclude","Collect","BattleHymn","Nirvana"],"picked":"SKIP","floor":5}],"player_experience":289830,"relics_obtained":[{"floor":1,"key":"SynthV:TestCard"}],"event_choices":[{"damage_healed":0,"gold_gain":0,"player_choice":"Entered Light","damage_taken":7,"max_hp_gain":0,"max_hp_loss":0,"event_name":"Shining Light","floor":3,"gold_loss":0,"cards_upgraded":["Vigilance","Defend_P"]},{"damage_healed":0,"gold_gain":0,"player_choice":"Donut","damage_taken":0,"max_hp_gain":5,"max_hp_loss":0,"event_name":"Big Fish","floor":7,"gold_loss":0}],"is_beta":false,"boss_relics":[],"items_purged_floors":[],"is_endless":false,"potions_floor_spawned":[2],"killed_by":"3 Sentries","ascension_level":2}}