{"host":"0fm1w3v00gid44jl","time":1611078553,"event":{"mods":["AchievementEnabler","BaseMod","Colored Map","Colored Powertips","Displayed Cursed Tome","Downfall","Googly Eyes","Highlight Path","Minty Spire (QoL Compilation)","Permanent Neow","Relic Stats","StSLib","SuperFastMode","slay the spire mod where everything is the same but ironclad has a cowboy hat"],"gold_per_floor":[99,160,160,173,60,93,116,126,142,158,169,200,200,200,215,215,215],"floor_reached":16,"language":"ENG","playtime":771,"items_purged":[],"score":112,"play_id":"835c4036-aa7c-4656-b446-41358fa79668","local_time":"20210119114913","is_ascension_mode":false,"campfire_choices":[{"data":"bronze:Verify","floor":1,"key":"SMITH"},{"data":"bronze:Shell","floor":13,"key":"SMITH"}],"circlet_count":0,"master_deck":["bronze:Strike","bronze:Strike","bronze:Strike","bronze:Defend","bronze:Defend","bronze:Defend","bronze:Replicate+1","bronze:Goto+1","Clumsy","bronze:Verify+1","bronze:MaxOutput","bronze:FollowUp","bronze:Branch","bronze:FineTuning","bronze:BugBarrage","bronze:MaxOutput","bronze:Philosophize","bronze:CutThrough","bronze:WhirlingStrike","bronze:Iterate","bronze:Shell+1","bronze:Boost"],"relics":["bronze:BronzeCore","StrikeDummy","Guardian:PocketSentry","Ancient Tea Set","Boot","GremlinMask"],"acts_visited":["Exordium"],"potions_floor_usage":[16],"damage_taken":[{"damage":39,"enemies":"Gremlin Nob","floor":2,"turns":5},{"damage":1,"enemies":"Jaw Worm","floor":4,"turns":3},{"damage":0,"enemies":"downfall:FleeingMerchant","floor":5,"turns":4},{"damage":2,"enemies":"Gremlin Nob","floor":6,"turns":4},{"damage":2,"enemies":"Cultist","floor":8,"turns":3},{"damage":5,"enemies":"2 Louse","floor":9,"turns":3},{"damage":3,"enemies":"Lots of Slimes","floor":10,"turns":3},{"damage":8,"enemies":"3 Louse","floor":11,"turns":2},{"damage":2,"enemies":"Lagavulin","floor":12,"turns":5},{"damage":0,"enemies":"2 Fungi Beasts","floor":15,"turns":2},{"damage":12,"enemies":"WA_ARCHETYPE_RETAIN","floor":16,"turns":4}],"seed_played":"-8967675752500779237","potions_obtained":[{"floor":9,"key":"bronze:CleanCodePotion"},{"floor":10,"key":"bronze:FreeFunctionsPotion"},{"floor":11,"key":"BlessingOfTheForge"}],"is_trial":false,"path_per_floor":["R","?","?","M","$","E","T","M","M","M","M","E","R","?","M","B"],"character_chosen":"THE_AUTOMATON","items_purchased":["bronze:BugBarrage","bronze:MaxOutput"],"campfire_rested":0,"item_purchase_floors":[5,5],"current_hp_per_floor":[70,31,31,30,30,28,28,26,21,18,10,8,8,8,8,0,0],"gold":215,"neow_bonus":"TRANSFORM_TWO_CARDS","is_daily":false,"chose_seed":false,"campfire_upgraded":2,"win_rate":0.0,"timestamp":1611078553,"path_taken":["R","?","?","M","$","E","T","?","M","M","M","E","R","?","M","BOSS"],"items_purchased_type":["Card","Card"],"build_version":"2020-12-22","purchased_purges":0,"victory":false,"max_hp_per_floor":[70,70,70,70,70,70,70,70,70,70,70,70,70,70,70,70,70],"relic_stats":{"counters":[11,37],"Boot":[5],"obtain_stats":[{"bronze:BronzeCore":0,"GremlinMask":14,"Guardian:PocketSentry":6,"StrikeDummy":2,"Ancient Tea Set":7,"Boot":12},{"bronze:BronzeCore":0,"GremlinMask":9,"Guardian:PocketSentry":4,"StrikeDummy":1,"Ancient Tea Set":4,"Boot":9},{"bronze:BronzeCore":0,"GremlinMask":31,"Guardian:PocketSentry":16,"StrikeDummy":5,"Ancient Tea Set":16,"Boot":31}]},"card_choices":[{"not_picked":["bronze:DelayedSlice","bronze:OilSpill"],"picked":"bronze:FollowUp","floor":2},{"not_picked":["bronze:Overheat","bronze:BuggyMess"],"picked":"bronze:Branch","floor":4},{"not_picked":["bronze:DigitalCarnage","bronze:CutThrough"],"picked":"bronze:FineTuning","floor":5},{"not_picked":["bronze:Return","bronze:Virus"],"picked":"bronze:Philosophize","floor":6},{"not_picked":["bronze:Invalidate","bronze:Deprecate"],"picked":"bronze:CutThrough","floor":8},{"not_picked":["bronze:Frontload","bronze:FineTuning"],"picked":"bronze:WhirlingStrike","floor":9},{"not_picked":["bronze:WildBeam","bronze:CutThrough","bronze:BitShift"],"picked":"SKIP","floor":10},{"not_picked":["bronze:Branch","bronze:Frontload"],"picked":"bronze:Iterate","floor":11},{"not_picked":["bronze:ShipIt","bronze:ChosenStrike"],"picked":"bronze:Shell","floor":12},{"not_picked":["bronze:Iterate","bronze:Branch"],"picked":"bronze:Boost","floor":15}],"player_experience":1464533,"relics_obtained":[{"floor":2,"key":"StrikeDummy"},{"floor":6,"key":"Guardian:PocketSentry"},{"floor":7,"key":"Ancient Tea Set"},{"floor":12,"key":"Boot"}],"event_choices":[{"damage_healed":0,"gold_gain":0,"player_choice":"Trade","damage_taken":0,"relics_obtained":["GremlinMask"],"max_hp_gain":0,"max_hp_loss":0,"event_name":"FaceTrader","floor":14,"gold_loss":0}],"is_beta":false,"boss_relics":[],"items_purged_floors":[],"is_endless":false,"potions_floor_spawned":[9,10,11,12,15],"killed_by":"WA_ARCHETYPE_RETAIN","ascension_level":0}}