{"host":"l5xpox9cbdko122s","time":1611093175,"event":{"mods":["AchievementEnabler","BaseMod","Minty Spire (QoL Compilation)"],"gold_per_floor":[112,123,123,198,223,223,61,85,85,126,150,230,230,299,299,299,299],"floor_reached":16,"language":"ENG","playtime":516,"items_purged":[],"score":100,"play_id":"23d83aed-8cd8-46db-8946-c0f58b7536e6","local_time":"20210119165255","is_ascension_mode":false,"campfire_choices":[{"floor":6,"key":"RECALL"},{"floor":13,"key":"REST"},{"floor":15,"key":"REST"}],"circlet_count":0,"master_deck":["Strike_R","Strike_R","Strike_R","Strike_R","Strike_R","Defend_R","Defend_R","Defend_R","Defend_R","Bash","Heavy Blade","Injury","Limit Break"],"relics":["Burning Blood","NeowsBlessing","Golden Idol","Shovel","Darkstone Periapt"],"acts_visited":["Exordium"],"potions_floor_usage":[8,16],"damage_taken":[{"damage":0,"enemies":"Jaw Worm","floor":1,"turns":1},{"damage":0,"enemies":"2 Louse","floor":2,"turns":1},{"damage":0,"enemies":"Small Slimes","floor":5,"turns":1},{"damage":7,"enemies":"Looter","floor":8,"turns":5},{"damage":71,"enemies":"Lagavulin","floor":10,"turns":7},{"damage":5,"enemies":"3 Louse","floor":11,"turns":5},{"damage":58,"enemies":"Hexaghost","floor":16,"turns":8}],"seed_played":"868867464859672024","potions_obtained":[{"floor":1,"key":"Swift Potion"},{"floor":11,"key":"Strength Potion"}],"is_trial":false,"path_per_floor":["M","M","?","?","M","R","$","M","T","E","M","?","R","T","R","B"],"character_chosen":"IRONCLAD","items_purchased":["Limit Break"],"campfire_rested":2,"item_purchase_floors":[7],"current_hp_per_floor":[80,80,80,69,75,75,75,74,74,9,10,10,34,34,58,0,0],"gold":299,"neow_bonus":"THREE_ENEMY_KILL","is_daily":false,"chose_seed":false,"campfire_upgraded":0,"win_rate":0.0,"timestamp":1611093175,"path_taken":["M","M","?","?","M","R","$","M","T","E","M","?","R","?","R","BOSS"],"items_purchased_type":["Card"],"build_version":"2020-12-22","purchased_purges":0,"victory":false,"max_hp_per_floor":[80,80,80,80,80,80,80,80,80,80,80,80,80,80,80,80,80],"card_choices":[{"not_picked":["Armaments","Second Wind"],"picked":"Heavy Blade","floor":1},{"not_picked":["Dark Embrace","Headbutt","Pommel Strike"],"picked":"SKIP","floor":2},{"not_picked":["Sword Boomerang","Warcry","Clash"],"picked":"SKIP","floor":5},{"not_picked":["Havoc","Battle Trance","Heavy Blade"],"picked":"SKIP","floor":8},{"not_picked":["Searing Blow","Feel No Pain","Entrench"],"picked":"SKIP","floor":10},{"not_picked":["Dual Wield","Cleave","Havoc"],"picked":"SKIP","floor":11}],"player_experience":139969,"relics_obtained":[{"floor":10,"key":"Shovel"},{"floor":14,"key":"Darkstone Periapt"}],"event_choices":[{"damage_healed":0,"gold_gain":0,"player_choice":"Take Wound","damage_taken":0,"relics_obtained":["Golden Idol"],"max_hp_gain":0,"max_hp_loss":0,"event_name":"Golden Idol","floor":3,"gold_loss":0,"cards_obtained":["Injury"]},{"damage_healed":0,"gold_gain":75,"player_choice":"Gather Gold","damage_taken":11,"max_hp_gain":0,"max_hp_loss":0,"event_name":"World of Goop","floor":4,"gold_loss":0},{"damage_healed":0,"gold_gain":80,"player_choice":"Gained Gold","damage_taken":0,"max_hp_gain":0,"max_hp_loss":0,"event_name":"Golden Wing","floor":12,"gold_loss":0}],"is_beta":false,"boss_relics":[],"items_purged_floors":[],"is_endless":false,"potions_floor_spawned":[1,11],"killed_by":"Hexaghost","ascension_level":0}}