{"host":"6749gst1gzuv21qf","time":1611014938,"event":{"mods":["BaseMod","Better Altar","Better Match","Better Note","Better Sensory Stone","Better Skull","Better Third Choice","BetterRewards","Colored Map","Colored Powertips","Downfall","Hermit","Highlight Path","Minty Spire (QoL Compilation)","Permanent Neow","Shop Mod","Spicy Shops","StSLib","The Cursed"],"gold_per_floor":[99,111,111,111,111,129,129,148,58,88,88,99,115,140,155,260,260,260,275,294,311,311,311,336,336,336,36,47,47,81,100,113,113,113],"floor_reached":33,"language":"ENG","playtime":3286,"items_purged":["downfall:Malfunctioning"],"score":329,"play_id":"6fb75129-5eb6-4297-b5bb-207a53eb47ab","local_time":"20210118190858","is_ascension_mode":false,"campfire_choices":[{"data":"bronze:Goto","floor":1,"key":"SMITH"},{"data":"bronze:Return","floor":18,"key":"SMITH"},{"floor":25,"key":"RECALL"},{"floor":27,"key":"REST"},{"data":"bronze:Deprecate","floor":29,"key":"SMITH"}],"circlet_count":0,"master_deck":["bronze:Strike+1","bronze:Strike","bronze:Defend","bronze:Defend","bronze:Replicate","bronze:Goto+1","bronze:DelayedGuard","bronze:ClassDefault+1","bronze:Terminator+1","Jack Of All Trades","bronze:Constructor","bronze:Deprecate+1","bronze:WhirlingStrike","bronze:Flail","bronze:Separator","bronze:CleanCode","bronze:Return+1","bronze:Fortify","bronze:InfiniteLoop","bronze:ForLoop","bronze:BuggyMess","bronze:Invalidate+1","bronze:DigitalCarnage","bronze:RecursiveStrike","bronze:ItsAFeature","bronze:DarkDash"],"relics":["bronze:BronzeCore","Turnip","Regal Pillow","Vajra","bronze:MakeshiftBattery","Nloth\u0027s Gift","downfall:HeartBlessingRed","downfall:HeartBlessingGreen","downfall:HeartBlessingBlue","Bag of Marbles"],"acts_visited":["Exordium","TheCity"],"potions_floor_usage":[10,28,33,33],"damage_taken":[{"damage":0,"enemies":"Small Slimes","floor":2,"turns":4},{"damage":11,"enemies":"Jaw Worm","floor":6,"turns":3},{"damage":0,"enemies":"Cultist","floor":8,"turns":5},{"damage":0,"enemies":"downfall:FleeingMerchant","floor":9,"turns":4},{"damage":0,"enemies":"3 Sentries","floor":10,"turns":8},{"damage":0,"enemies":"3 Louse","floor":12,"turns":1},{"damage":0,"enemies":"Large Slime","floor":13,"turns":3},{"damage":0,"enemies":"Gremlin Nob","floor":14,"turns":4},{"damage":10,"enemies":"Exordium Wildlife","floor":15,"turns":4},{"damage":31,"enemies":"WA_ARCHETYPE_RETAIN","floor":16,"turns":9},{"damage":7,"enemies":"Shell Parasite","floor":19,"turns":5},{"damage":13,"enemies":"3 Cultists","floor":20,"turns":3},{"damage":30,"enemies":"Cultist and Chosen","floor":21,"turns":7},{"damage":9,"enemies":"Snecko","floor":28,"turns":4},{"damage":27,"enemies":"Book of Stabbing","floor":30,"turns":5},{"damage":0,"enemies":"Snake Plant","floor":31,"turns":2},{"damage":0,"enemies":"Shelled Parasite and Fungi","floor":32,"turns":4},{"damage":46,"enemies":"SI_MIRROR_ARCHETYPE","floor":33,"turns":8}],"seed_played":"-5106634372109683112","potions_obtained":[{"floor":2,"key":"Strength Potion"},{"floor":12,"key":"SteroidPotion"},{"floor":13,"key":"DuplicationPotion"},{"floor":15,"key":"Strength Potion"},{"floor":19,"key":"EssenceOfSteel"},{"floor":30,"key":"champ:CounterPotion"},{"floor":32,"key":"Regen Potion"}],"is_trial":false,"path_per_floor":["R","M","?","?","?","M","T","M","$","E","?","M","M","E","M","B",null,"R","M","M","M","?","?","T","R","?","R","M","R","E","M","M","B"],"character_chosen":"THE_AUTOMATON","items_purchased":[],"campfire_rested":1,"item_purchase_floors":[],"current_hp_per_floor":[63,63,63,60,60,49,49,49,49,49,49,49,49,49,39,8,63,63,56,43,13,13,18,18,18,18,64,55,55,28,28,28,0,0],"gold":113,"neow_bonus":"TRANSFORM_TWO_CARDS","is_daily":false,"chose_seed":false,"campfire_upgraded":3,"win_rate":0.0,"timestamp":1611014938,"path_taken":["R","M","?","?","?","?","T","M","$","E","?","M","M","E","M","BOSS","R","M","M","M","?","?","T","R","?","R","M","R","E","M","M","BOSS"],"items_purchased_type":[],"build_version":"2020-12-22","purchased_purges":1,"victory":false,"max_hp_per_floor":[63,63,63,63,63,63,63,63,63,63,63,63,63,63,63,63,63,63,63,63,63,63,63,63,63,63,73,73,73,73,73,73,73,73],"card_choices":[{"not_picked":["bronze:FollowUp","bronze:Overheat"],"picked":"bronze:Terminator","floor":2},{"not_picked":["Trip","Forethought"],"picked":"Jack Of All Trades","floor":5},{"not_picked":["bronze:CutThrough","bronze:BugBarrage"],"picked":"bronze:Constructor","floor":6},{"not_picked":["bronze:Boost","bronze:ChildClass"],"picked":"bronze:Deprecate","floor":8},{"not_picked":["bronze:NullPointer","bronze:DelayedGuard"],"picked":"bronze:WhirlingStrike","floor":9},{"not_picked":["bronze:OilSpill","bronze:Repulsor"],"picked":"bronze:Flail","floor":10},{"not_picked":["bronze:DigitalCarnage","bronze:FineTuning"],"picked":"bronze:Separator","floor":12},{"not_picked":["bronze:Overheat","bronze:Constructor"],"picked":"bronze:CleanCode","floor":13},{"not_picked":["bronze:WhirlingStrike","bronze:WildBeam"],"picked":"bronze:Return","floor":14},{"not_picked":["bronze:BugBarrage","bronze:ForLoop"],"picked":"bronze:Fortify","floor":15},{"not_picked":["bronze:Virus","bronze:BurnOut"],"picked":"bronze:InfiniteLoop","floor":16},{"not_picked":["bronze:WildBeam","bronze:Constructor"],"picked":"bronze:ForLoop","floor":19},{"not_picked":["bronze:Branch+1","bronze:Deprecate"],"picked":"bronze:BuggyMess","floor":20},{"not_picked":["bronze:Separator","bronze:Deprecate"],"picked":"bronze:Invalidate+1","floor":21},{"not_picked":["bronze:Overload+1","bronze:Branch"],"picked":"bronze:DigitalCarnage","floor":28},{"not_picked":["bronze:ForLoop","bronze:Overheat"],"picked":"bronze:RecursiveStrike","floor":30},{"not_picked":["bronze:DigitalCarnage","bronze:Overload"],"picked":"bronze:ItsAFeature","floor":31},{"not_picked":["bronze:Branch","bronze:Invalidate+1"],"picked":"bronze:DarkDash","floor":32}],"player_experience":722040,"relics_obtained":[{"floor":7,"key":"Regal Pillow"},{"floor":10,"key":"Vajra"},{"floor":14,"key":"Akabeko"},{"floor":30,"key":"Bag of Marbles"}],"event_choices":[{"damage_healed":0,"gold_gain":0,"player_choice":"Relic ","damage_taken":3,"max_hp_gain":0,"max_hp_loss":0,"event_name":"betterThird:BetterScrap","floor":4,"gold_loss":0,"cards_obtained":["Perseverance"]},{"damage_healed":0,"gold_gain":1,"player_choice":"1","damage_taken":0,"max_hp_gain":0,"max_hp_loss":0,"event_name":"betterStone:BetterStone","floor":5,"gold_loss":0},{"cards_removed":["bronze:DelayedSlice"],"damage_healed":5,"gold_gain":0,"player_choice":"Offered Common","damage_taken":0,"max_hp_gain":0,"max_hp_loss":0,"event_name":"Bonfire Elementals","floor":23,"gold_loss":0},{"cards_removed":["bronze:DelayedSlice"],"damage_healed":5,"gold_gain":0,"player_choice":"Offered Special","damage_taken":0,"max_hp_gain":0,"max_hp_loss":0,"event_name":"Bonfire Elementals","floor":23,"gold_loss":0}],"is_beta":false,"boss_relics":[{"not_picked":["Astrolabe","Empty Cage"],"picked":"bronze:MakeshiftBattery"}],"items_purged_floors":[9],"is_endless":false,"potions_floor_spawned":[2,12,13,15,19,20,30,32],"killed_by":"SI_MIRROR_ARCHETYPE","ascension_level":0}}