{"host":"aafov9cd2fud23mo","time":1611027778,"event":{"mods":["Bartender","BaseMod","Colored Map","Duelist Mod","GifTheSpireLib","KinomotoSakuraMod(木之本樱)","Koishi","Marisa（F雨　魔理沙）","Minty Spire (QoL Compilation)","Replay The Spire","StSLib","The Administrix","The Senshi","WarShipGirlsR/战舰少女R mod"],"gold_per_floor":[113,189,63,81,101,133,145,158,158,158,176,22,22,33,33,131,131,149,149,149,149],"floor_reached":20,"language":"ZHS","playtime":1155,"items_purged":["Normality"],"score":226,"play_id":"71ab302e-09c5-4c05-b1ed-8233da61251c","local_time":"20210119114258","is_ascension_mode":false,"campfire_choices":[{"data":"ClowCardTheFloat","floor":10.0,"key":"SMITH"},{"data":"ClowCardTheSweet","floor":13.0,"key":"SMITH"},{"data":"ClowCardTheWood","floor":15.0,"key":"SMITH"}],"circlet_count":0,"master_deck":["SakuraCardTheSand+","ClowCardTheSword+1","ClowCardTheShield+1","SpellCardSeal","SpellCardRelease","ClowCardTheSand","ClowCardTheGlow","ClowCardTheFirey","ClowCardTheSand","ClowCardTheErase","ClowCardTheFloat+1","ClowCardTheSweet+1","ClowCardTheWave","ClowCardTheWood+1","ClowCardTheTime","Amnesia","Writhe","ReplayTheSpireMod:Restless Dread","ClowCardTheShadow"],"relics":["KSMOD_SealedBook","KSMOD_SealedWand","Gremlin Food","ReplayTheSpireMod:CursedCoin","ReplayTheSpireMod:TigerMarble","Ice Cream","Lantern","KSMOD_GemBrooch","Replay:Ancient Bell","KSMOD_SwordJade","theSenshi:FeatherClipsRelic","Replay:Multitool"],"acts_visited":["Exordium","TheCity"],"potions_floor_usage":[],"damage_taken":[{"damage":0.0,"enemies":"2 Louse","floor":1.0,"turns":2.0},{"damage":0.0,"enemies":"Jaw Worm","floor":4.0,"turns":2.0},{"damage":0.0,"enemies":"Cultist","floor":5.0,"turns":2.0},{"damage":3.0,"enemies":"Replay:BlueRogue","floor":6.0,"turns":4.0},{"damage":15.0,"enemies":"Exordium Thugs","floor":7.0,"turns":5.0},{"damage":5.0,"enemies":"Looter","floor":8.0,"turns":3.0},{"damage":11.0,"enemies":"Exordium Wildlife","floor":11.0,"turns":3.0},{"damage":9.0,"enemies":"2 Fungi Beasts","floor":14.0,"turns":2.0},{"damage":0.0,"enemies":"Hexaghost","floor":16.0,"turns":7.0},{"damage":12.0,"enemies":"Chosen","floor":18.0,"turns":4.0},{"damage":0,"enemies":"Shell Parasite","floor":20,"turns":1}],"seed_played":"7147205342672851537","potions_obtained":[{"floor":5.0,"key":"Explosive Potion"},{"floor":6.0,"key":"FairyPotion"},{"floor":8.0,"key":"Death Potion"},{"floor":14.0,"key":"DuplicationPotion"},{"floor":18.0,"key":"EntropicBrew"}],"is_trial":false,"path_per_floor":["M","?","$","M","M","E","M","M","T","R","M","$","R","M","R","B",null,"M","?","M"],"character_chosen":"KINOMOTOSAKURA","items_purchased":["ReplayTheSpireMod:CursedCoin","ReplayTheSpireMod:TigerMarble","ClowCardTheSand","KSMOD_GemBrooch"],"campfire_rested":0,"item_purchase_floors":[3,3,3,12],"current_hp_per_floor":[77,47,47,47,47,44,29,29,29,29,23,23,23,21,21,26,77,74,74,74,74],"gold":149,"neow_bonus":"TEN_PERCENT_HP_BONUS","is_daily":false,"chose_seed":false,"campfire_upgraded":3,"win_rate":0.0,"timestamp":1611027778,"path_taken":["M","?","$","M","?","E","M","M","T","R","M","$","R","M","R","BOSS","M","?","M"],"items_purchased_type":["Relic","Relic","Card","Relic"],"build_version":"2020-12-22","purchased_purges":1,"victory":false,"max_hp_per_floor":[77,77,77,77,77,77,77,77,77,77,77,77,77,77,77,77,77,77,77,77,77],"card_choices":[{"not_picked":["ClowCardTheCloud","ClowCardTheWindy"],"picked":"ClowCardTheSand","floor":1.0},{"not_picked":["ClowCardTheLoop","ClowCardTheMove"],"picked":"ClowCardTheGlow","floor":2.0},{"not_picked":["ClowCardTheLock","ClowCardTheWindy"],"picked":"ClowCardTheFirey","floor":2.0},{"not_picked":["ClowCardTheLittle","ClowCardTheMirror","ClowCardTheGlow"],"picked":"SKIP","floor":4.0},{"not_picked":["ClowCardThePower","ClowCardTheWatery"],"picked":"ClowCardTheSand","floor":5.0},{"not_picked":["ClowCardTheFreeze","ClowCardTheBig"],"picked":"ClowCardTheErase","floor":6.0},{"not_picked":["ClowCardTheFreeze","ClowCardTheMist"],"picked":"ClowCardTheFloat","floor":7.0},{"not_picked":["ClowCardTheSleep","ClowCardTheMirror"],"picked":"ClowCardTheSweet","floor":8.0},{"not_picked":["ClowCardTheLittle","ClowCardTheChange"],"picked":"ClowCardTheWave","floor":11.0},{"not_picked":["ClowCardTheSilent","ClowCardTheMirror"],"picked":"ClowCardTheWood","floor":14.0},{"not_picked":["ClowCardTheThunder","ClowCardTheFight"],"picked":"ClowCardTheTime","floor":16.0},{"not_picked":["Voices","theDuelist:SummoningCurse"],"picked":"Amnesia","floor":17.0},{"not_picked":["Hallucinations","Languid"],"picked":"Writhe","floor":17.0},{"not_picked":["theDuelist:CurseArmaments","theDuelist:PsiCurse"],"picked":"ReplayTheSpireMod:Restless Dread","floor":17.0},{"not_picked":["ClowCardTheFlower+1","ClowCardTheMirror"],"picked":"ClowCardTheShadow","floor":18.0}],"player_experience":10677,"relics_obtained":[{"floor":2.0,"key":"Gremlin Food"},{"floor":6.0,"key":"Ice Cream"},{"floor":9.0,"key":"Lantern"}],"event_choices":[{"damage_healed":0.0,"max_hp_gain":0.0,"max_hp_loss":0.0,"gold_gain":0.0,"event_name":"Vampires","player_choice":"Ignored","floor":19.0,"gold_loss":0.0,"damage_taken":0.0}],"is_beta":false,"boss_relics":[{"not_picked":["Tiny House","Silver_Glasses"],"picked":"Replay:Ancient Bell"},{"not_picked":["Simple Rune","Ancient Tea Set"],"picked":"KSMOD_SwordJade"},{"not_picked":["KSMOD_TaoistSuit","Replay:Bottled Flurry"],"picked":"theSenshi:FeatherClipsRelic"},{"not_picked":["Shovel","Ginger"],"picked":"Replay:Multitool"}],"items_purged_floors":[3],"is_endless":false,"potions_floor_spawned":[5,6,8,14,16,18],"killed_by":"Shell Parasite","ascension_level":0}}