{"host":"f5y45f7z7ziu0smp","time":1611066070,"event":{"mods":["AchievementEnabler","BaseMod","Marisa£¨Ùöéë¡¡Øª×âÞÞ£©","Minty Spire (QoL Compilation)","Permanent Neow","Starting Relic: Pandora\u0027s Box","SuperFastMode","¡¼?Úª?ø«¡½REMEMod"],"gold_per_floor":[168,187,201,201,77,77,91,91,91,102,118,118,118,133,133,238,238,258,183,131,150,150,150,150,150,197,232,232,242,257,272,272,368,368,381,681,426,131,149,149,183,58,84,134,161,7,42,53,53,53],"floor_reached":51,"language":"KOR","playtime":1945,"items_purged":["Zap","Recycle","Storm+1"],"score":1434,"play_id":"e901e472-60aa-46ad-a561-9b5db8e2dd17","local_time":"20210119232110","is_ascension_mode":true,"campfire_choices":[{"data":"Dualcast","floor":6,"key":"SMITH"},{"data":"Storm","floor":8,"key":"SMITH"},{"data":"1","floor":15,"key":"LIFT"},{"data":"2","floor":23,"key":"LIFT"},{"data":"3","floor":28,"key":"LIFT"},{"data":"Double Energy","floor":32,"key":"SMITH"},{"floor":40,"key":"REST"},{"floor":49,"key":"RECALL"}],"circlet_count":0,"master_deck":["Dualcast+1","Conserve Battery+1","Coolheaded+1","Gash","Heatsinks","REME_EyeOfCthun+1","Coolheaded","Turbo+1","Gash","Gash+1","REME_Shoggoth+1","All For One","Go for the Eyes","Gash","Double Energy+1","REME_SelfUpgrade","REME_ForAll","Seek","Gash+1","Gash+1","Skim","Hologram+1","Gash+1"],"relics":["REME_ComplimentaryCards","Tiny House","Girya","REME_DuelDisc","Thread and Needle","Omamori","Whetstone","Fusion Hammer","Sling","Bag of Marbles","HornCleat","Bronze Scales","StoneCalendar","Lantern","Bag of Preparation","Molten Egg 2"],"acts_visited":["Exordium","TheCity","TheBeyond"],"potions_floor_usage":[29,50],"damage_taken":[{"damage":0,"enemies":"Cultist","floor":1,"turns":2},{"damage":0,"enemies":"Jaw Worm","floor":2,"turns":2},{"damage":0,"enemies":"2 Louse","floor":3,"turns":1},{"damage":1,"enemies":"Blue Slaver","floor":7,"turns":3},{"damage":10,"enemies":"Large Slime","floor":10,"turns":3},{"damage":4,"enemies":"Exordium Wildlife","floor":11,"turns":2},{"damage":0,"enemies":"Exordium Thugs","floor":14,"turns":3},{"damage":0,"enemies":"Slime Boss","floor":16,"turns":2},{"damage":1,"enemies":"2 Thieves","floor":18,"turns":2},{"damage":0,"enemies":"Chosen","floor":21,"turns":1},{"damage":0,"enemies":"Book of Stabbing","floor":27,"turns":1},{"damage":0,"enemies":"Sentry and Sphere","floor":29,"turns":1},{"damage":0,"enemies":"Cultist and Chosen","floor":30,"turns":2},{"damage":2,"enemies":"Shelled Parasite and Fungi","floor":31,"turns":2},{"damage":0,"enemies":"Champ","floor":33,"turns":1},{"damage":0,"enemies":"Orb Walker","floor":35,"turns":1},{"damage":0,"enemies":"3 Darklings","floor":39,"turns":2},{"damage":0,"enemies":"Reptomancer","floor":41,"turns":1},{"damage":0,"enemies":"2 Orb Walkers","floor":44,"turns":1},{"damage":0,"enemies":"Giant Head","floor":45,"turns":1},{"damage":0,"enemies":"Reptomancer","floor":47,"turns":2},{"damage":0,"enemies":"Transient","floor":48,"turns":2},{"damage":17,"enemies":"Time Eater","floor":50,"turns":2}],"seed_played":"-8740145104862660889","potions_obtained":[{"floor":0,"key":"CultistPotion"},{"floor":1,"key":"EssenceOfSteel"},{"floor":10,"key":"GamblersBrew"},{"floor":14,"key":"REME_GoldPotion"},{"floor":29,"key":"Swift Potion"}],"is_trial":false,"path_per_floor":["M","M","M","?","$","R","M","R","T","M","M","?","$","M","R","B",null,"M","?","$","M","?","R","?","$","T","E","R","M","M","M","R","B",null,"M","?","$","$","M","R","E","$","T","?","E","$","E","M","R","B",null],"character_chosen":"DEFECT","items_purchased":["Gash","Gash","Sling","Bag of Marbles","Seek","Bag of Preparation"],"campfire_rested":1,"item_purchase_floors":[5,20,37,38,38,46],"current_hp_per_floor":[73,73,73,73,73,73,72,72,72,62,58,42,42,42,42,42,71,70,70,70,70,70,70,70,70,70,70,70,70,70,68,68,68,77,77,77,77,77,77,80,80,80,80,80,80,80,80,80,80,63],"gold":53,"neow_bonus":"BOSS_RELIC","is_daily":false,"chose_seed":false,"campfire_upgraded":3,"win_rate":0.0,"timestamp":1611066070,"path_taken":["M","?","M","?","$","R","M","R","T","M","M","?","$","M","R","BOSS","M","?","$","M","?","R","?","?","T","E","R","?","M","M","R","BOSS","M","?","?","$","M","R","E","$","T","?","E","$","E","M","R","BOSS"],"items_purchased_type":["Card","Card","Relic","Relic","Card","Relic"],"build_version":"2020-12-22","purchased_purges":3,"victory":true,"max_hp_per_floor":[80,80,80,80,80,80,80,80,80,80,80,80,80,80,80,80,80,80,80,80,80,80,80,80,80,80,80,80,80,80,80,80,80,80,80,80,80,80,80,80,80,80,80,80,80,80,80,80,80,80],"card_choices":[{"not_picked":["Cold Snap","Lockon"],"picked":"Coolheaded","floor":0},{"not_picked":["Sweeping Beam","Compile Driver","Cold Snap"],"picked":"SKIP","floor":1},{"not_picked":["Ball Lightning","Beam Cell"],"picked":"Turbo","floor":2},{"not_picked":["Blizzard","Compile Driver","Leap"],"picked":"SKIP","floor":3},{"not_picked":["REME_DataAnalysis","Go for the Eyes"],"picked":"Gash","floor":7},{"not_picked":["Steam","Tempest"],"picked":"REME_Shoggoth","floor":10},{"not_picked":["Consume","Rebound","Barrage"],"picked":"SKIP","floor":11},{"not_picked":["Sweeping Beam","Ball Lightning","Rebound"],"picked":"SKIP","floor":14},{"not_picked":["Meteor Strike","Thunder Strike"],"picked":"All For One","floor":16},{"not_picked":["Turbo","Barrage"],"picked":"Go for the Eyes","floor":18},{"not_picked":["Sweeping Beam+1","Blizzard","Undo"],"picked":"SKIP","floor":21},{"not_picked":["Lockon","Hologram","Coolheaded"],"picked":"SKIP","floor":27},{"not_picked":["Cold Snap","Loop"],"picked":"Double Energy","floor":29},{"not_picked":["Steam+1","Chaos+1","REME_Compress"],"picked":"SKIP","floor":30},{"not_picked":["Rainbow","Capacitor"],"picked":"REME_SelfUpgrade","floor":31},{"not_picked":["Multi-Cast","Machine Learning"],"picked":"REME_ForAll","floor":33},{"not_picked":["Redo","FTL+1","Reprogram","Cold Snap"],"picked":"SKIP","floor":35},{"not_picked":["Compile Driver+1","Leap"],"picked":"Gash+1","floor":39},{"not_picked":["Blizzard","Undo","Lockon+1","REME_Compress"],"picked":"SKIP","floor":41},{"not_picked":["Barrage","Rebound","Cold Snap+1"],"picked":"Gash+1","floor":44},{"not_picked":["Ball Lightning+1","Conserve Battery+1","Multi-Cast"],"picked":"Skim","floor":45},{"not_picked":["Streamline+1","Meteor Strike+1","Steam"],"picked":"Hologram+1","floor":47},{"not_picked":["Redo","Lockon+1","FTL+1"],"picked":"Gash+1","floor":48}],"player_experience":139192,"relics_obtained":[{"floor":9,"key":"Girya"},{"floor":26,"key":"Omamori"},{"floor":27,"key":"Whetstone"},{"floor":41,"key":"HornCleat"},{"floor":43,"key":"Bronze Scales"},{"floor":44,"key":"StoneCalendar"},{"floor":45,"key":"Lantern"},{"floor":47,"key":"Molten Egg 2"}],"event_choices":[{"damage_healed":0,"gold_gain":0,"player_choice":"Grow","damage_taken":0,"max_hp_gain":0,"max_hp_loss":0,"event_name":"Living Wall","floor":4,"gold_loss":0,"cards_upgraded":["REME_EyeOfCthun"]},{"damage_healed":0,"gold_gain":0,"player_choice":"Entered Light","damage_taken":16,"max_hp_gain":0,"max_hp_loss":0,"event_name":"Shining Light","floor":12,"gold_loss":0,"cards_upgraded":["Turbo","Coolheaded"]},{"cards_removed":["Rebound"],"damage_healed":0,"gold_gain":0,"player_choice":"Gave Gold","damage_taken":0,"max_hp_gain":0,"max_hp_loss":0,"event_name":"Beggar","floor":19,"gold_loss":75},{"cards_removed":["Redo"],"damage_healed":0,"gold_gain":0,"player_choice":"Elegance","damage_taken":0,"max_hp_gain":0,"max_hp_loss":0,"event_name":"Back to Basics","floor":22,"gold_loss":0},{"damage_healed":0,"gold_gain":0,"player_choice":"Opened","damage_taken":0,"relics_obtained":["Thread and Needle"],"max_hp_gain":0,"max_hp_loss":0,"event_name":"The Mausoleum","floor":24,"gold_loss":0},{"damage_healed":0,"gold_gain":300,"player_choice":"Gold","damage_taken":0,"max_hp_gain":0,"max_hp_loss":0,"event_name":"Wheel of Change","floor":36,"gold_loss":0},{"damage_healed":0,"gold_gain":0,"player_choice":"Fight","damage_taken":0,"max_hp_gain":0,"max_hp_loss":0,"event_name":"Mysterious Sphere","floor":44,"gold_loss":0}],"is_beta":false,"boss_relics":[{"not_picked":["Calling Bell","Inserter"],"picked":"REME_DuelDisc"},{"not_picked":["SacredBark","Runic Pyramid"],"picked":"Fusion Hammer"}],"items_purged_floors":[5,37,42],"is_endless":false,"potions_floor_spawned":[1,2,10,14,29,30,31,41,45,47,48],"ascension_level":9}}