{"host":"ojezjkpqju62j8xy","time":1611040304,"event":{"mods":["ATMod(°¢èªMod)","Act Like it!","Aspiration","BaseMod","Conspire","Minty Spire (QoL Compilation)","Pale of the Ancients","Replay The Spire","Robot Space Explorer","Spicy Shops","StSLib","The Marked","Yakumo Yukari mod","¡¾ÒÅÎï¿¨ÅÆ¡¿REMEMod"],"gold_per_floor":[113,113,113,177,23,68,68],"floor_reached":6,"language":"ZHS","playtime":263,"items_purged":[],"score":34,"play_id":"f1718848-fe83-4d6a-acba-6711ce6b1b22","local_time":"20210119151144","is_ascension_mode":false,"campfire_choices":[],"circlet_count":0,"master_deck":["RobotSpaceExplorer:Strike","RobotSpaceExplorer:Strike","RobotSpaceExplorer:Strike","RobotSpaceExplorer:Strike","RobotSpaceExplorer:Defend","RobotSpaceExplorer:Defend","RobotSpaceExplorer:Defend","RobotSpaceExplorer:Defend","RobotSpaceExplorer:Scan","RobotSpaceExplorer:MiniLasers","AT_FamilyPortrait","RobotSpaceExplorer:TurboDodge","RobotSpaceExplorer:SurgingShield","RobotSpaceExplorer:SlimeMissile"],"relics":["RobotSpaceExplorer:RoboCore","AT_ATBox","REME_ComplimentaryCards","Ring of Hypnosis","ReplayTheSpireMod:Ring of Challenge"],"acts_visited":["Exordium"],"potions_floor_usage":[6],"damage_taken":[{"damage":0,"enemies":"2 Louse","floor":1,"turns":2},{"damage":0,"enemies":"Small Slimes","floor":4,"turns":3},{"damage":11,"enemies":"Lagavulin","floor":6,"turns":7}],"seed_played":"59978776088242705","potions_obtained":[{"floor":1,"key":"Dexterity Potion"}],"is_trial":false,"path_per_floor":["M","?","$","M","$","E"],"character_chosen":"RobotSpaceExplorer","items_purchased":["RobotSpaceExplorer:Exploration"],"campfire_rested":0,"item_purchase_floors":[5],"current_hp_per_floor":[82,82,82,82,82,71,71],"gold":68,"neow_bonus":"TEN_PERCENT_HP_BONUS","is_daily":false,"chose_seed":false,"campfire_upgraded":0,"win_rate":0.0,"timestamp":1611040304,"path_taken":["M","?","$","M","$","E"],"items_purchased_type":["Card"],"build_version":"2020-12-22","purchased_purges":0,"victory":false,"max_hp_per_floor":[82,82,82,82,82,82,82],"card_choices":[{"not_picked":["RobotSpaceExplorer:SlimeMissile","RobotSpaceExplorer:RigExplosive"],"picked":"RobotSpaceExplorer:SurgingShield","floor":1},{"not_picked":["RobotSpaceExplorer:Electroshield","RobotSpaceExplorer:MakeshiftVolley"],"picked":"RobotSpaceExplorer:SlimeMissile","floor":4}],"player_experience":1359410,"relics_obtained":[{"floor":2,"key":"Ring of Hypnosis"},{"floor":2,"key":"ReplayTheSpireMod:Ring of Challenge"}],"event_choices":[],"is_beta":false,"boss_relics":[],"items_purged_floors":[],"is_endless":false,"potions_floor_spawned":[1],"killed_by":"Lagavulin","ascension_level":0}}