{"host":"hszimsrtxxc2k25w","time":1611044585,"event":{"mods":["AchievementEnabler","BaseMod","Colored Map","DeckTracker","Minty Spire (QoL Compilation)","Rare Cards Sparkle","SuperFastMode"],"gold_per_floor":[112,112,187,187,187,226,226,265,265,289,289,214,214,228,228,327,327,343,359,93,114,128,128,169,94,94,40,40,40,40],"floor_reached":29,"language":"KOR","playtime":544,"items_purged":["Strike_R","Strike_R+1"],"score":598,"play_id":"8d20ced1-ee9f-4b94-89a0-814253c82d7d","local_time":"20210119172305","is_ascension_mode":true,"campfire_choices":[{"floor":7,"key":"REST"},{"data":"Armaments","floor":15,"key":"SMITH"},{"data":"Immolate","floor":23,"key":"SMITH"},{"floor":28,"key":"REST"}],"circlet_count":0,"master_deck":["AscendersBane","Defend_R","Defend_R","Defend_R+1","Armaments+1","Hemokinesis","Flame Barrier","Immolate+1","Corruption+1","Uppercut+1","Body Slam+1","Feel No Pain","Sentinel","Seeing Red+1"],"relics":["Burning Blood","NeowsBlessing","Golden Idol","StrikeDummy","Blue Candle","Self Forming Clay","Sundial","Astrolabe","Happy Flower","Boot","Mercury Hourglass"],"acts_visited":["Exordium","TheCity"],"potions_floor_usage":[19,29,29],"damage_taken":[{"damage":0,"enemies":"Jaw Worm","floor":1,"turns":1},{"damage":0,"enemies":"Lagavulin","floor":6,"turns":1},{"damage":0,"enemies":"3 Sentries","floor":8,"turns":1},{"damage":11,"enemies":"2 Louse","floor":10,"turns":2},{"damage":9,"enemies":"Small Slimes","floor":14,"turns":2},{"damage":24,"enemies":"The Guardian","floor":16,"turns":13},{"damage":23,"enemies":"Shell Parasite","floor":18,"turns":5},{"damage":18,"enemies":"2 Thieves","floor":19,"turns":4},{"damage":12,"enemies":"Centurion and Healer","floor":21,"turns":6},{"damage":11,"enemies":"3 Cultists","floor":22,"turns":5},{"damage":14,"enemies":"Gremlin Leader","floor":24,"turns":4},{"damage":35,"enemies":"Book of Stabbing","floor":29,"turns":5}],"seed_played":"2604738531579398977","potions_obtained":[{"floor":6,"key":"Energy Potion"},{"floor":18,"key":"Energy Potion"},{"floor":24,"key":"LiquidBronze"}],"is_trial":false,"path_per_floor":["M","?","?","?","?","E","R","E","T","M","?","$","?","M","R","B",null,"M","M","$","M","M","R","E","?","T","$","R","E"],"character_chosen":"IRONCLAD","items_purchased":["Happy Flower","Block Potion"],"campfire_rested":2,"item_purchase_floors":[20,27],"current_hp_per_floor":[74,51,40,33,33,39,59,65,65,60,42,42,64,61,61,43,62,45,33,33,27,22,22,14,14,14,14,34,0,0],"gold":40,"neow_bonus":"THREE_ENEMY_KILL","is_daily":false,"chose_seed":false,"campfire_upgraded":2,"win_rate":0.0,"timestamp":1611044585,"path_taken":["M","?","?","?","?","E","R","E","T","M","?","$","?","M","R","BOSS","M","M","$","M","M","R","E","?","T","$","R","E"],"items_purchased_type":["Relic","Potion"],"build_version":"2020-12-22","purchased_purges":2,"victory":false,"max_hp_per_floor":[75,75,75,75,68,68,68,68,68,68,68,68,68,68,68,68,68,68,68,68,68,68,68,68,68,68,68,68,68,68],"card_choices":[{"not_picked":["Clash","Clothesline","Anger"],"picked":"SKIP","floor":1},{"not_picked":["Inflame","Iron Wave","Anger"],"picked":"SKIP","floor":6},{"not_picked":["Inflame","Iron Wave","Anger"],"picked":"SKIP","floor":6},{"not_picked":["Havoc","Iron Wave"],"picked":"Armaments","floor":8},{"not_picked":["Entrench","Wild Strike"],"picked":"Hemokinesis","floor":10},{"not_picked":["Evolve","Metallicize"],"picked":"Flame Barrier","floor":14},{"not_picked":["Impervious","Reaper"],"picked":"Immolate","floor":16},{"not_picked":["Blood for Blood","Flex"],"picked":"Feel No Pain","floor":18},{"not_picked":["Warcry","Flex"],"picked":"Sentinel","floor":19},{"not_picked":["Anger+1","Fire Breathing","Thunderclap"],"picked":"SKIP","floor":21},{"not_picked":["Perfected Strike","Clash","Headbutt"],"picked":"SKIP","floor":22},{"not_picked":["Blood for Blood","Iron Wave"],"picked":"Seeing Red+1","floor":24}],"player_experience":622514,"relics_obtained":[{"floor":6,"key":"StrikeDummy"},{"floor":8,"key":"Blue Candle"},{"floor":9,"key":"Self Forming Clay"},{"floor":24,"key":"Boot"},{"floor":26,"key":"Mercury Hourglass"}],"event_choices":[{"damage_healed":0,"gold_gain":0,"player_choice":"Entered Light","damage_taken":23,"max_hp_gain":0,"max_hp_loss":0,"event_name":"Shining Light","floor":2,"gold_loss":0,"cards_upgraded":["Defend_R","Strike_R"]},{"damage_healed":0,"gold_gain":75,"player_choice":"Gather Gold","damage_taken":11,"max_hp_gain":0,"max_hp_loss":0,"event_name":"World of Goop","floor":3,"gold_loss":0},{"cards_removed":["Bash"],"damage_healed":0,"gold_gain":0,"player_choice":"Card Removal","damage_taken":7,"max_hp_gain":0,"max_hp_loss":0,"event_name":"Golden Wing","floor":4,"gold_loss":0},{"damage_healed":0,"gold_gain":0,"player_choice":"Lose Max HP","damage_taken":0,"relics_obtained":["Golden Idol"],"max_hp_gain":0,"max_hp_loss":7,"event_name":"Golden Idol","floor":5,"gold_loss":0},{"damage_healed":0,"gold_gain":0,"player_choice":"Success","damage_taken":18,"relics_obtained":["Sundial"],"max_hp_gain":0,"max_hp_loss":0,"event_name":"Scrap Ooze","floor":11,"gold_loss":0},{"damage_healed":22,"gold_gain":0,"player_choice":"Banana","damage_taken":0,"max_hp_gain":0,"max_hp_loss":0,"event_name":"Big Fish","floor":13,"gold_loss":0},{"cards_removed":["Defend_R"],"damage_healed":0,"gold_gain":0,"player_choice":"Gave Gold","damage_taken":0,"max_hp_gain":0,"max_hp_loss":0,"event_name":"Beggar","floor":25,"gold_loss":75}],"is_beta":false,"boss_relics":[{"not_picked":["SlaversCollar","Black Blood"],"picked":"Astrolabe"}],"items_purged_floors":[12,20],"is_endless":false,"potions_floor_spawned":[6,18,24],"killed_by":"Book of Stabbing","ascension_level":20}}