{"host":"7xbu8gt067z192g2","time":1611026885,"event":{"mods":["BaseMod","Better Note","BetterRewards","Colored Map","Colored Powertips","Googly Eyes","Highlight Path","Infinite Spire","Minty Spire (QoL Compilation)","Rare Cards Sparkle","Replay The Spire","StSLib","The Bladedancer","The Construct","The Cursed","The Hierophant","The Valiant","The Wild Card"],"gold_per_floor":[111,122,140,154,26,57,70,100,154,154,166,166,166],"floor_reached":12,"language":"ENG","playtime":524,"items_purged":[],"score":101,"play_id":"a05d31bc-4746-494c-925a-ffb45d665255","local_time":"20210118222805","is_ascension_mode":true,"campfire_choices":[],"circlet_count":0,"master_deck":["Strike_G","Strike_G","Strike_G","Strike_G","Strike_G","Defend_G","Defend_G","Defend_G","Defend_G","Defend_G","Survivor","Neutralize","Dagger Throw","Riddle With Holes","Catalyst","Poisoned Stab","Doppelganger","Phantasmal Killer","Escape Plan","Flechettes","Concentrate"],"relics":["Velvet Choker","Strawberry","Orichalcum","ReplayFunnel","CultistMask"],"acts_visited":["Exordium"],"potions_floor_usage":[8],"damage_taken":[{"damage":0.0,"enemies":"Cultist","floor":1.0,"turns":4.0},{"damage":0.0,"enemies":"2 Louse","floor":2.0,"turns":3.0},{"damage":0.0,"enemies":"Small Slimes","floor":3.0,"turns":2.0},{"damage":5.0,"enemies":"2 Fungi Beasts","floor":4.0,"turns":3.0},{"damage":36.0,"enemies":"3 Sentries","floor":6.0,"turns":7.0},{"damage":16.0,"enemies":"Blue Slaver","floor":7.0,"turns":4.0},{"damage":18,"enemies":"Lagavulin","floor":8,"turns":6},{"damage":0,"enemies":"Large Slime","floor":11,"turns":2},{"damage":2,"enemies":"3 Sentries","floor":12,"turns":2}],"seed_played":"2758867145846347274","potions_obtained":[{"floor":1.0,"key":"Elixir"},{"floor":2.0,"key":"AttackPotion"},{"floor":4.0,"key":"AttackPotion"},{"floor":6.0,"key":"SneckoOil"}],"is_trial":false,"path_per_floor":["M","M","M","M","$","E","M","E","T","?","M","E"],"character_chosen":"THE_SILENT","items_purchased":["Poisoned Stab","Doppelganger"],"campfire_rested":0,"item_purchase_floors":[5,5],"current_hp_per_floor":[70,70,70,65,65,36,20,2,2,2,2,0,0],"gold":166,"neow_bonus":"BOSS_RELIC","is_daily":false,"chose_seed":false,"campfire_upgraded":0,"win_rate":0.0,"timestamp":1611026885,"path_taken":["M","M","M","M","$","E","M","E","T","?","?","E"],"items_purchased_type":["Card","Card"],"build_version":"2020-12-22","purchased_purges":0,"victory":false,"max_hp_per_floor":[70,70,70,70,70,77,77,77,77,77,77,77,77],"card_choices":[{"not_picked":["Deflect","Draining Mist"],"picked":"Dagger Throw","floor":1.0},{"not_picked":["Hidden Blade","Accuracy"],"picked":"Riddle With Holes","floor":2.0},{"not_picked":["Terror","Replay:Poison Smokescreen"],"picked":"Catalyst","floor":3.0},{"not_picked":["Hidden Blade","ReplayTheSpireMod:Exploit Weakness","Deflect"],"picked":"SKIP","floor":4.0},{"not_picked":["Hidden Blade","Underhanded Strike"],"picked":"Phantasmal Killer","floor":6.0},{"not_picked":["Dodge and Roll","Underhanded Strike"],"picked":"Escape Plan","floor":7.0},{"not_picked":["Escape Plan","Masterful Stab"],"picked":"Flechettes","floor":8},{"not_picked":["Choke","Blade Dance"],"picked":"Concentrate","floor":11}],"player_experience":211227,"relics_obtained":[{"floor":6.0,"key":"Strawberry"},{"floor":8,"key":"Orichalcum"},{"floor":9,"key":"ReplayFunnel"}],"event_choices":[{"damage_healed":0,"gold_gain":0,"player_choice":"Trade","damage_taken":0,"relics_obtained":["CultistMask"],"max_hp_gain":0,"max_hp_loss":0,"event_name":"FaceTrader","floor":10,"gold_loss":0}],"is_beta":false,"boss_relics":[],"items_purged_floors":[],"is_endless":false,"potions_floor_spawned":[1,2,4,6],"killed_by":"3 Sentries","ascension_level":2}}