{"host":"1tl36azeqm6yhdgj","time":1611084353,"event":{"mods":["AchievementEnabler","BaseMod","Minty Spire (QoL Compilation)","StSLib","The IronCluck","everything is the same but u backflip on backflip"],"gold_per_floor":[369,380,18,37,50,83,83,122,145,158,233,1,1,26,26,124,124,139,54,68,84,84,84,29,63,89,110,110,90,90,105,105,105,105],"floor_reached":33,"language":"ENG","playtime":1112,"items_purged":["Normality"],"score":589,"play_id":"b3d40cc5-60e0-4bf9-8a61-c7831b958e85","local_time":"20210119142553","is_ascension_mode":true,"campfire_choices":[{"floor":15.0,"key":"REST"},{"floor":23.0,"key":"REST"},{"data":"Body Slam","floor":30.0,"key":"SMITH"},{"data":"Juggernaut","floor":32.0,"key":"SMITH"}],"circlet_count":0,"master_deck":["AscendersBane","Strike_R","Strike_R","Strike_R","Strike_R","Defend_R","Defend_R","Defend_R","Defend_R","Bash","Anger","Shockwave","Flex","Clash","Metallicize","Cleave","Reaper","Body Slam+1","Pommel Strike","Bludgeon","Inflame","Juggernaut+1","Fire Breathing","Reckless Charge"],"relics":["Burning Blood","TungstenRod","Prayer Wheel","Golden Idol","PreservedInsect","Centennial Puzzle","Akabeko","Busted Crown","Omamori","Lantern"],"acts_visited":["Exordium","TheCity"],"potions_floor_usage":[33,33],"damage_taken":[{"damage":6.0,"enemies":"Cultist","floor":1.0,"turns":3.0},{"damage":1.0,"enemies":"2 Louse","floor":2.0,"turns":2.0},{"damage":3.0,"enemies":"Jaw Worm","floor":4.0,"turns":3.0},{"damage":5.0,"enemies":"Exordium Wildlife","floor":5.0,"turns":4.0},{"damage":22.0,"enemies":"3 Sentries","floor":6.0,"turns":11.0},{"damage":34.0,"enemies":"Gremlin Nob","floor":8.0,"turns":4.0},{"damage":7.0,"enemies":"Looter","floor":10.0,"turns":4.0},{"damage":13.0,"enemies":"Large Slime","floor":14.0,"turns":5.0},{"damage":30.0,"enemies":"Slime Boss","floor":16.0,"turns":9.0},{"damage":34.0,"enemies":"2 Thieves","floor":18.0,"turns":4.0},{"damage":32.0,"enemies":"Shell Parasite","floor":20.0,"turns":4.0},{"damage":1.0,"enemies":"Sentry and Sphere","floor":21.0,"turns":3.0},{"damage":0.0,"enemies":"Gremlin Leader","floor":25.0,"turns":3.0},{"damage":3.0,"enemies":"3 Cultists","floor":27.0,"turns":5.0},{"damage":11.0,"enemies":"Cultist and Chosen","floor":31.0,"turns":5.0},{"damage":85,"enemies":"Automaton","floor":33,"turns":6}],"seed_played":"-5949485803018304109","potions_obtained":[{"floor":2.0,"key":"Block Potion"},{"floor":4.0,"key":"LiquidMemories"},{"floor":5.0,"key":"DistilledChaos"},{"floor":6.0,"key":"PowerPotion"},{"floor":10.0,"key":"Swift Potion"},{"floor":20.0,"key":"LiquidMemories"},{"floor":21.0,"key":"ColorlessPotion"},{"floor":27.0,"key":"Strength Potion"},{"floor":29.0,"key":"SkillPotion"},{"floor":31.0,"key":"LiquidBronze"}],"is_trial":false,"path_per_floor":["M","M","$","M","M","E","?","E","T","M","?","$","$","M","R","B",null,"M","?","M","M","?","R","$","E","T","M","?","?","R","M","R","B"],"character_chosen":"IRONCLAD","items_purchased":["TungstenRod","Flex","Akabeko","Energy Potion"],"campfire_rested":2,"item_purchase_floors":[3,3,12,24],"current_hp_per_floor":[68,73,73,75,75,59,59,31,31,34,24,24,24,18,38,14,55,39,39,13,18,18,38,38,44,44,59,59,59,59,63,63,0,0],"gold":105,"neow_bonus":"TWO_FIFTY_GOLD","is_daily":false,"chose_seed":false,"campfire_upgraded":2,"win_rate":0.0,"timestamp":1611084353,"path_taken":["M","?","$","M","M","E","?","E","T","M","?","?","$","M","R","BOSS","M","?","M","M","?","R","$","E","T","M","?","?","R","?","R","BOSS"],"items_purchased_type":["Relic","Card","Relic","Potion"],"build_version":"2020-12-22","purchased_purges":1,"victory":false,"max_hp_per_floor":[75,75,75,75,75,75,68,68,68,68,68,68,68,68,68,68,68,68,68,68,68,68,68,68,68,68,68,68,68,68,68,68,68,68],"card_choices":[{"not_picked":["True Grit","Iron Wave"],"picked":"Anger","floor":1.0},{"not_picked":["Anger","True Grit"],"picked":"Shockwave","floor":2.0},{"not_picked":["Combust","Havoc"],"picked":"Clash","floor":4.0},{"not_picked":["Body Slam","Flex"],"picked":"Metallicize","floor":5.0},{"not_picked":["Bloodletting","Clash"],"picked":"Cleave","floor":6.0},{"not_picked":["Entrench","Wild Strike"],"picked":"Reaper","floor":8.0},{"not_picked":["Anger","Evolve"],"picked":"Body Slam","floor":10.0},{"not_picked":["Iron Wave","Evolve"],"picked":"Pommel Strike","floor":10.0},{"not_picked":["Clash","Clothesline"],"picked":"Bludgeon","floor":14.0},{"not_picked":["Havoc","Hemokinesis"],"picked":"Inflame","floor":14.0},{"not_picked":["Barricade","Limit Break"],"picked":"Juggernaut","floor":16.0},{"not_picked":["Headbutt"],"picked":"SKIP","floor":18.0},{"not_picked":["Headbutt"],"picked":"SKIP","floor":18.0},{"not_picked":[],"picked":"Fire Breathing","floor":20.0},{"not_picked":["Body Slam"],"picked":"SKIP","floor":20.0},{"not_picked":["Armaments"],"picked":"SKIP","floor":21.0},{"not_picked":["Rupture+1"],"picked":"SKIP","floor":21.0},{"not_picked":["Headbutt"],"picked":"SKIP","floor":25.0},{"not_picked":["Searing Blow+1"],"picked":"SKIP","floor":27.0},{"not_picked":["Iron Wave"],"picked":"SKIP","floor":27.0},{"not_picked":[],"picked":"Reckless Charge","floor":31.0},{"not_picked":["Shockwave+1"],"picked":"SKIP","floor":31.0}],"player_experience":2000343,"relics_obtained":[{"floor":6.0,"key":"Prayer Wheel"},{"floor":8.0,"key":"PreservedInsect"},{"floor":9.0,"key":"Centennial Puzzle"},{"floor":25.0,"key":"Lantern"}],"event_choices":[{"damage_healed":0.0,"max_hp_gain":0.0,"max_hp_loss":7.0,"gold_gain":0.0,"event_name":"Golden Idol","player_choice":"Lose Max HP","floor":7.0,"gold_loss":0.0,"damage_taken":0.0,"relics_obtained":["Golden Idol"]},{"damage_healed":0.0,"max_hp_gain":0.0,"max_hp_loss":0.0,"gold_gain":75.0,"event_name":"World of Goop","player_choice":"Gather Gold","floor":11.0,"gold_loss":0.0,"damage_taken":11.0},{"damage_healed":0.0,"max_hp_gain":0.0,"max_hp_loss":0.0,"gold_gain":0.0,"event_name":"Addict","player_choice":"Obtained Relic","floor":19.0,"gold_loss":85.0,"damage_taken":0.0,"relics_obtained":["Omamori"]},{"damage_healed":0.0,"max_hp_gain":0.0,"max_hp_loss":0.0,"gold_gain":0.0,"event_name":"Ghosts","player_choice":"Ignored","floor":22.0,"gold_loss":0.0,"damage_taken":0.0},{"cards_removed":["Strike_R"],"damage_healed":0.0,"max_hp_gain":0.0,"max_hp_loss":0.0,"gold_gain":0.0,"event_name":"Back to Basics","player_choice":"Elegance","floor":28.0,"gold_loss":0.0,"damage_taken":0.0},{"damage_healed":0.0,"max_hp_gain":0.0,"max_hp_loss":0.0,"gold_gain":0.0,"event_name":"The Woman in Blue","player_choice":"Bought 1 Potion","floor":29.0,"gold_loss":0.0,"damage_taken":0.0}],"is_beta":false,"boss_relics":[{"not_picked":["Velvet Choker","Philosopher\u0027s Stone"],"picked":"Busted Crown"}],"items_purged_floors":[12],"is_endless":false,"potions_floor_spawned":[2,4,5,6,10,20,21,27,31],"killed_by":"Automaton","ascension_level":19}}