{"host":"2pmmafybkq7zb6na","time":1611037938,"event":{"mods":["AchievementEnabler","BaseMod","Colored Map","Highlight Path","Keyboard Shortcuts","Minty Spire (QoL Compilation)","Quick Restart","StSLib","SuperFastMode"],"gold_per_floor":[118,118,132,3,21,46,46,63,63,98,98,127,141,154,154,254,254,271,121,137,157,157,157,187,203,228,240,240,269,144,164,164,262,262,272,283,138,138,98,98,128,141,164,182,209,223,70,80,80,80,80],"floor_reached":50,"language":"KOR","playtime":2472,"items_purged":["Strike_B","Strike_B","Sunder"],"score":647,"play_id":"071ecb3a-d93e-4c68-822b-5cf703f73d8b","local_time":"20210119153218","is_ascension_mode":true,"campfire_choices":[{"data":"Sweeping Beam","floor":7.0,"key":"SMITH"},{"floor":15.0,"key":"REST"},{"data":"Coolheaded","floor":23.0,"key":"SMITH"},{"floor":28.0,"key":"REST"},{"data":"Turbo","floor":32.0,"key":"SMITH"},{"data":"Turbo","floor":40.0,"key":"SMITH"},{"floor":49.0,"key":"RECALL"}],"circlet_count":0,"master_deck":["Defend_B","Defend_B","Defend_B+1","Zap+1","Dualcast","Melter","Sweeping Beam+1","Cold Snap","Rip and Tear+1","Conserve Battery","Turbo+1","All For One","Conserve Battery","Streamline","Coolheaded+1","Skim+1","FTL+1","Sweeping Beam","Self Repair","Coolheaded+1","Turbo+1","Capacitor","Amplify","Turbo+1","Rip and Tear+1","Gash+1","Undo"],"relics":["Cracked Core","Ornamental Fan","Mercury Hourglass","Eternal Feather","War Paint","Matryoshka","Runic Pyramid","Thread and Needle","Blood Vial","Darkstone Periapt","Sozu","HandDrill","Regal Pillow","Pantograph","Strawberry","StoneCalendar","Whetstone"],"acts_visited":["Exordium","TheCity","TheBeyond"],"potions_floor_usage":[50],"damage_taken":[{"damage":5.0,"enemies":"Small Slimes","floor":1.0,"turns":4.0},{"damage":4.0,"enemies":"2 Louse","floor":3.0,"turns":3.0},{"damage":0.0,"enemies":"Cultist","floor":5.0,"turns":3.0},{"damage":44.0,"enemies":"Lagavulin","floor":6.0,"turns":9.0},{"damage":11.0,"enemies":"Large Slime","floor":8.0,"turns":3.0},{"damage":8.0,"enemies":"Gremlin Nob","floor":10.0,"turns":3.0},{"damage":0.0,"enemies":"3 Sentries","floor":12.0,"turns":3.0},{"damage":0.0,"enemies":"Blue Slaver","floor":13.0,"turns":2.0},{"damage":2.0,"enemies":"Exordium Thugs","floor":14.0,"turns":3.0},{"damage":13.0,"enemies":"Hexaghost","floor":16.0,"turns":6.0},{"damage":0.0,"enemies":"Chosen","floor":18.0,"turns":4.0},{"damage":13.0,"enemies":"Shell Parasite","floor":20.0,"turns":4.0},{"damage":3.0,"enemies":"Cultist and Chosen","floor":21.0,"turns":6.0},{"damage":40.0,"enemies":"Slavers","floor":24.0,"turns":3.0},{"damage":0.0,"enemies":"Sentry and Sphere","floor":25.0,"turns":2.0},{"damage":7.0,"enemies":"Snake Plant","floor":27.0,"turns":3.0},{"damage":11.0,"enemies":"Book of Stabbing","floor":29.0,"turns":5.0},{"damage":0.0,"enemies":"Cultist and Chosen","floor":31.0,"turns":4.0},{"damage":30.0,"enemies":"Collector","floor":33.0,"turns":8.0},{"damage":20.0,"enemies":"3 Shapes","floor":35.0,"turns":3.0},{"damage":0.0,"enemies":"Orb Walker","floor":36.0,"turns":3.0},{"damage":27.0,"enemies":"Giant Head","floor":41.0,"turns":8.0},{"damage":0.0,"enemies":"Transient","floor":42.0,"turns":5.0},{"damage":33.0,"enemies":"4 Shapes","floor":44.0,"turns":4.0},{"damage":15.0,"enemies":"Reptomancer","floor":45.0,"turns":6.0},{"damage":0.0,"enemies":"3 Darklings","floor":46.0,"turns":3.0},{"damage":15.0,"enemies":"Writhing Mass","floor":48.0,"turns":5.0},{"damage":89,"enemies":"Awakened One","floor":50,"turns":13}],"seed_played":"4188667489448513426","potions_obtained":[{"floor":1.0,"key":"Regen Potion"},{"floor":5.0,"key":"PowerPotion"},{"floor":8.0,"key":"FocusPotion"},{"floor":14.0,"key":"BlessingOfTheForge"},{"floor":18.0,"key":"FearPotion"},{"floor":21.0,"key":"SkillPotion"},{"floor":31.0,"key":"Strength Potion"}],"is_trial":false,"path_per_floor":["M","?","M","$","M","E","R","M","T","E","?","E","M","M","R","B",null,"M","$","M","M","?","R","E","M","T","M","R","E","$","M","R","B",null,"M","M","$","?","?","R","E","M","T","M","E","M","$","M","R","B"],"character_chosen":"DEFECT","items_purchased":["Cold Snap","Coolheaded","HandDrill","Whetstone"],"campfire_rested":2,"item_purchase_floors":[4,19,37,47],"current_hp_per_floor":[77,65,61,61,61,32,32,21,21,13,13,13,13,11,44,31,82,82,82,69,66,66,75,35,35,35,37,73,71,71,80,82,59,82,69,78,78,78,78,82,62,78,85,68,62,71,71,72,87,0,0],"gold":80,"neow_bonus":"TEN_PERCENT_HP_BONUS","is_daily":false,"chose_seed":false,"campfire_upgraded":4,"win_rate":0.0,"timestamp":1611037938,"path_taken":["M","?","M","$","M","E","R","M","T","E","?","E","?","M","R","BOSS","M","$","M","M","?","R","E","M","T","M","R","E","$","M","R","BOSS","M","M","$","?","?","R","E","M","T","M","E","M","$","?","R","BOSS"],"items_purchased_type":["Card","Card","Relic","Relic"],"build_version":"2020-12-22","purchased_purges":3,"victory":false,"max_hp_per_floor":[82,82,82,82,82,82,82,82,82,82,82,82,82,82,82,82,82,82,82,82,82,82,82,82,82,82,82,82,82,82,82,82,82,82,82,82,82,82,82,82,82,82,89,89,89,89,89,89,89,89,89],"card_choices":[{"not_picked":["Hello World","Turbo"],"picked":"Melter","floor":1.0},{"not_picked":["Redo","Compile Driver"],"picked":"Sweeping Beam","floor":3.0},{"not_picked":["Scrape","Barrage","Stack"],"picked":"SKIP","floor":5.0},{"not_picked":["Chaos","Fusion"],"picked":"Rip and Tear","floor":6.0},{"not_picked":["Steam","Hologram"],"picked":"Conserve Battery","floor":8.0},{"not_picked":["Scrape","Steam"],"picked":"Turbo","floor":10.0},{"not_picked":["Rebound","Storm"],"picked":"Sunder","floor":12.0},{"not_picked":["Sweeping Beam","Compile Driver"],"picked":"All For One","floor":13.0},{"not_picked":["Reinforced Body","Compile Driver"],"picked":"Conserve Battery","floor":14.0},{"not_picked":["Leap","Tempest"],"picked":"Streamline","floor":18.0},{"not_picked":["Rebound","Redo"],"picked":"Skim","floor":20.0},{"not_picked":["Streamline","Leap+1","Compile Driver"],"picked":"SKIP","floor":21.0},{"not_picked":["Recycle","Cold Snap"],"picked":"Self Repair","floor":24.0},{"not_picked":["Stack+1","Aggregate"],"picked":"Coolheaded+1","floor":25.0},{"not_picked":["Stack+1","Ball Lightning"],"picked":"Turbo","floor":27.0},{"not_picked":["Streamline","Barrage","Steam+1"],"picked":"SKIP","floor":29.0},{"not_picked":["FTL","Beam Cell+1"],"picked":"Capacitor","floor":31.0},{"not_picked":["Biased Cognition","Meteor Strike"],"picked":"Amplify","floor":33.0},{"not_picked":["Streamline","Cold Snap+1","Undo"],"picked":"SKIP","floor":35.0},{"not_picked":["Compile Driver","Coolheaded+1"],"picked":"Turbo+1","floor":36.0},{"not_picked":["Coolheaded+1","Sweeping Beam"],"picked":"Rip and Tear+1","floor":41.0},{"not_picked":["Storm","Static Discharge+1"],"picked":"Gash+1","floor":42.0},{"not_picked":["Defragment","Conserve Battery+1","Barrage+1"],"picked":"SKIP","floor":44.0},{"not_picked":["Amplify","Steam+1","Rebound"],"picked":"SKIP","floor":45.0},{"not_picked":["Force Field","Rebound"],"picked":"Undo","floor":46.0},{"not_picked":["Sweeping Beam+1","Melter","Loop"],"picked":"SKIP","floor":48.0}],"player_experience":89020,"relics_obtained":[{"floor":6.0,"key":"Mercury Hourglass"},{"floor":9.0,"key":"Eternal Feather"},{"floor":10.0,"key":"War Paint"},{"floor":12.0,"key":"Matryoshka"},{"floor":24.0,"key":"Thread and Needle"},{"floor":26.0,"key":"Blood Vial"},{"floor":29.0,"key":"Darkstone Periapt"},{"floor":41.0,"key":"Regal Pillow"},{"floor":43.0,"key":"Pantograph"},{"floor":43.0,"key":"Strawberry"},{"floor":45.0,"key":"StoneCalendar"}],"event_choices":[{"damage_healed":0.0,"max_hp_gain":0.0,"max_hp_loss":0.0,"gold_gain":0.0,"event_name":"Scrap Ooze","player_choice":"Success","floor":2.0,"gold_loss":0.0,"damage_taken":12.0,"relics_obtained":["Ornamental Fan"]},{"cards_removed":["Strike_B"],"damage_healed":0.0,"max_hp_gain":0.0,"max_hp_loss":0.0,"gold_gain":0.0,"event_name":"Purifier","player_choice":"Purged","floor":11.0,"gold_loss":0.0,"damage_taken":0.0},{"damage_healed":0.0,"max_hp_gain":0.0,"max_hp_loss":0.0,"gold_gain":0.0,"cards_transformed":["Strike_B","Defend_B"],"event_name":"Drug Dealer","player_choice":"Became Test Subject","floor":22.0,"gold_loss":0.0,"damage_taken":0.0,"cards_obtained":["FTL","Sweeping Beam"]},{"damage_healed":0.0,"max_hp_gain":0.0,"max_hp_loss":0.0,"gold_gain":0.0,"event_name":"Tomb of Lord Red Mask","player_choice":"Ignored","floor":38.0,"gold_loss":0.0,"damage_taken":0.0},{"damage_healed":0.0,"max_hp_gain":0.0,"max_hp_loss":0.0,"gold_gain":0.0,"event_name":"Designer","player_choice":"Upgrade","floor":39.0,"gold_loss":40.0,"damage_taken":0.0,"cards_upgraded":["Skim"]}],"is_beta":false,"boss_relics":[{"not_picked":["Fusion Hammer","SacredBark"],"picked":"Runic Pyramid"},{"not_picked":["Calling Bell","Snecko Eye"],"picked":"Sozu"}],"items_purged_floors":[4,19,30],"is_endless":false,"potions_floor_spawned":[1,5,8,14,18,21,31,41,45,46],"killed_by":"Awakened One","ascension_level":1}}