{"host":"h2977v3ax51ohsow","time":1611067067,"event":{"mods":["Act Like it!","BaseMod","CapriCore","Colored Powertips","Gensokyo","Koishi","Marisa£®ÏF”Í°°ƒß¿Ì…≥£©","Minty Spire (QoL Compilation)","Remilia£®¿Ÿ√◊¿Ú—«£©","StSLib","The Immortal","Youmu£®ªÍ∆«—˝√Œ£©","Yuyuko"],"gold_per_floor":[114,64,64,41,61,121,145,145,145],"floor_reached":8,"language":"ZHS","playtime":467,"items_purged":[],"score":57,"play_id":"332f7979-551e-474b-8e1b-2c2ca558f3dd","local_time":"20210119223747","is_ascension_mode":true,"campfire_choices":[],"circlet_count":0,"master_deck":["Strike_MRS","Strike_MRS","Strike_MRS","Defend_MRS","Defend_MRS","MasterSpark","UpSweep","OrrerysSun","DragonMeteor","PowerUp","WitchOfGreed","AsteroidBelt","SatelliteIllusion"],"relics":["MiniHakkero","Golden Idol","FossilizedHelix"],"acts_visited":["Exordium"],"potions_floor_usage":[6,8],"damage_taken":[{"damage":0,"enemies":"Small Slimes","floor":1,"turns":2},{"damage":1,"enemies":"Jaw Worm","floor":5,"turns":2},{"damage":23,"enemies":"3 Sentries","floor":6,"turns":9},{"damage":17,"enemies":"Gremlin Nob","floor":8,"turns":4}],"seed_played":"-6016173408478648220","potions_obtained":[{"floor":5,"key":"SkillPotion"},{"floor":6,"key":"LiquidMemories"}],"is_trial":false,"path_per_floor":["M","?","?","$","M","E","T","E"],"character_chosen":"MARISA","items_purchased":["WitchOfGreed"],"campfire_rested":0,"item_purchase_floors":[4],"current_hp_per_floor":[54,54,36,36,35,12,12,0,0],"gold":145,"neow_bonus":"TRANSFORM_TWO_CARDS","is_daily":false,"chose_seed":false,"campfire_upgraded":0,"win_rate":0.0,"timestamp":1611067067,"path_taken":["M","?","?","?","M","E","?","E"],"items_purchased_type":["Card"],"build_version":"2020-12-22","purchased_purges":0,"victory":false,"max_hp_per_floor":[75,75,75,75,75,75,75,75,75],"card_choices":[{"not_picked":["MilkyWay","OpenUniverse"],"picked":"PowerUp","floor":1},{"not_picked":["OneTimeOff","UnstableBomb"],"picked":"AsteroidBelt","floor":5},{"not_picked":["AsteroidBelt","ChargeUpSpray"],"picked":"SatelliteIllusion","floor":6}],"player_experience":66091,"relics_obtained":[{"floor":6,"key":"FossilizedHelix"}],"event_choices":[{"cards_removed":["Strike_MRS"],"damage_healed":0,"gold_gain":0,"player_choice":"Card Removal","damage_taken":0,"max_hp_gain":0,"max_hp_loss":0,"event_name":"The Cleric","floor":2,"gold_loss":50},{"damage_healed":0,"gold_gain":0,"player_choice":"Take Damage","damage_taken":18,"relics_obtained":["Golden Idol"],"max_hp_gain":0,"max_hp_loss":0,"event_name":"Golden Idol","floor":3,"gold_loss":0}],"is_beta":false,"boss_relics":[],"items_purged_floors":[],"is_endless":false,"potions_floor_spawned":[5],"killed_by":"Gremlin Nob","ascension_level":1}}