{"host":"6es90lqcwaoc0kgm","time":1611072709,"event":{"mods":["Act Like it!","Bard","BaseMod","Hallownest","HololiveMod","Jorbs\u0027s Wanderer Trilogy","Marisa£®ÏF”Í°°ƒß¿Ì…≥£©","Minty Spire (QoL Compilation)","Quick Restart","Remilia£®¿Ÿ√◊¿Ú—«£©","Replay The Spire","StSLib","The Administrix","The Animator","The Bug Knight","The Cursed","The Disciple","The Hierophant","The Necromancer","The Runesmith","The Servant 0.9.4","[GremlinLeader]The Maniac"],"gold_per_floor":[110,110,125,38,38,38,67,67,67,67,96,116,142,155,155,226,226,237,237,237,254,254,282,295,295,295],"floor_reached":25,"language":"ZHS","playtime":5202,"items_purged":[],"score":635,"play_id":"6c5b412d-cc9b-48cc-b756-f84fe269da4b","local_time":"20210120001149","is_ascension_mode":true,"campfire_choices":[{"data":"ReplayTheSpireMod:Muscle Training","floor":6.0,"key":"SMITH"},{"data":"Heavy Blade","floor":8.0,"key":"SMITH"}],"circlet_count":0,"master_deck":["AscendersBane","Strike_R+1","Strike_R+1","Strike_R+1","Strike_R+1","Defend_R+1","Defend_R+1","Defend_R+1","Defend_R+1","Bash","Juggernaut+1","Heavy Blade+1","ReplayTheSpireMod:Muscle Training+1","Combust","Disarm","Feed","Thunderclap","Offering","Feel No Pain","Barricade","Ghostly Armor","Pain","Dropkick","Combust","Blood for Blood"],"relics":["Burning Blood","Self Forming Clay","Replay:Baseball","Paper Frog","Letter Opener","Honey Jar","Lantern","Shovel"],"acts_visited":["Exordium","TheCity"],"potions_floor_usage":[24,25],"damage_taken":[{"damage":6.0,"enemies":"Cultist","floor":1.0,"turns":4.0},{"damage":7.0,"enemies":"Small Slimes","floor":3.0,"turns":3.0},{"damage":19.0,"enemies":"Lagavulin","floor":7.0,"turns":6.0},{"damage":25.0,"enemies":"3 Sentries","floor":11.0,"turns":6.0},{"damage":8.0,"enemies":"2 Louse","floor":12.0,"turns":4.0},{"damage":32.0,"enemies":"Gremlin Nob","floor":13.0,"turns":4.0},{"damage":10.0,"enemies":"3 Louse","floor":14.0,"turns":3.0},{"damage":44.0,"enemies":"Fading Forest","floor":16.0,"turns":11.0},{"damage":26.0,"enemies":"3 Byrds","floor":18.0,"turns":6.0},{"damage":10,"enemies":"Chosen","floor":21,"turns":3},{"damage":19,"enemies":"HollowMod:Nosk","floor":23,"turns":7},{"damage":29,"enemies":"Centurion and Healer","floor":24,"turns":7},{"damage":55,"enemies":"Slavers","floor":25,"turns":4}],"seed_played":"6804973513820937574","potions_obtained":[{"floor":1.0,"key":"DuplicationPotion"},{"floor":7.0,"key":"Venom Potion"},{"floor":12.0,"key":"ColorlessPotion"},{"floor":14.0,"key":"SteroidPotion"},{"floor":21,"key":"LiquidBronze"},{"floor":23,"key":"FairyPotion"},{"floor":24,"key":"Dexterity Potion"}],"is_trial":false,"path_per_floor":["M","T","M","$","?","R","E","R","T","?","E","M","E","M","R","B",null,"M","?","?","M","?","E","M","E"],"character_chosen":"IRONCLAD","items_purchased":["Combust"],"campfire_rested":0,"item_purchase_floors":[4],"current_hp_per_floor":[68,68,67,67,72,72,59,59,59,59,40,41,15,14,39,9,67,50,50,50,49,49,39,19,0,0],"gold":295,"neow_bonus":"ONE_RANDOM_RARE_CARD","is_daily":false,"chose_seed":false,"campfire_upgraded":2,"win_rate":0.0,"timestamp":1611072709,"path_taken":["M","?","M","$","?","R","E","R","T","?","E","?","E","M","R","BOSS","M","?","?","M","?","E","M","E"],"items_purchased_type":["Card"],"build_version":"2020-12-22","purchased_purges":0,"victory":false,"max_hp_per_floor":[75,75,75,75,80,80,80,80,80,80,80,83,83,86,86,86,86,89,89,89,92,92,95,98,101,101],"card_choices":[{"not_picked":["Replay:Undeath\u0027s Touch","ReplayTheSpireMod:Strike From Hell"],"picked":"Heavy Blade","floor":1.0},{"not_picked":["Hemokinesis","Infernal Blade"],"picked":"ReplayTheSpireMod:Muscle Training","floor":3.0},{"not_picked":["Headbutt","Whirlwind"],"picked":"Disarm","floor":7.0},{"not_picked":["Flame Barrier","Rage"],"picked":"Feed","floor":11.0},{"not_picked":["Searing Blow","Wild Strike"],"picked":"Thunderclap","floor":12.0},{"not_picked":["Power Through","ReplayTheSpireMod:Stacked"],"picked":"Offering","floor":13.0},{"not_picked":["Wild Strike","Anger"],"picked":"Feel No Pain","floor":14.0},{"not_picked":["Double Tap","Corruption"],"picked":"Barricade","floor":16.0},{"not_picked":["Heavy Blade","Cleave","Warcry+1"],"picked":"Ghostly Armor","floor":18.0},{"not_picked":["Clothesline","Defy Death","Twin Strike+1"],"picked":"Dropkick","floor":21},{"not_picked":["Perfected Strike","Carnage","Pommel Strike"],"picked":"Combust","floor":23},{"not_picked":["Whirlwind","Perfected Strike","Anger"],"picked":"Blood for Blood","floor":24}],"player_experience":713122,"relics_obtained":[{"floor":2.0,"key":"Self Forming Clay"},{"floor":7.0,"key":"Replay:Baseball"},{"floor":11.0,"key":"Paper Frog"},{"floor":13.0,"key":"Letter Opener"},{"floor":23,"key":"Shovel"}],"event_choices":[{"damage_healed":0.0,"max_hp_gain":5.0,"max_hp_loss":0.0,"gold_gain":0.0,"event_name":"Big Fish","player_choice":"Donut","floor":5.0,"gold_loss":0.0,"damage_taken":0.0},{"cards_removed":["Strike_R"],"damage_healed":0.0,"max_hp_gain":0.0,"max_hp_loss":0.0,"gold_gain":0.0,"event_name":"Purifier","player_choice":"Purged","floor":10.0,"gold_loss":0.0,"damage_taken":0.0},{"damage_healed":0,"gold_gain":0,"player_choice":"Simplicity","damage_taken":0,"max_hp_gain":0,"max_hp_loss":0,"event_name":"Back to Basics","floor":22,"gold_loss":0,"cards_upgraded":["Strike_R","Strike_R","Strike_R","Strike_R","Defend_R","Defend_R","Defend_R","Defend_R"]}],"is_beta":false,"boss_relics":[{"not_picked":["Philosopher\u0027s Stone","Pandora\u0027s Box"],"picked":"Honey Jar"}],"items_purged_floors":[],"is_endless":false,"potions_floor_spawned":[1,7,12,14,21,23,24],"killed_by":"Slavers","ascension_level":16}}