{"host":"9tzam4717zt8ei1o","time":1611047373,"event":{"mods":["BaseMod","Colored Map","Keyboard Shortcuts","Minty Spire (QoL Compilation)","Quick Restart","StSLib","SuperFastMode"],"gold_per_floor":[110,110,110,122,137,137,148,148,148,182,200,200,216,23,23,122,122,139,238,257,257,257],"floor_reached":21,"language":"KOR","playtime":458,"items_purged":[],"score":226,"play_id":"7a06f413-bb52-4be9-a3be-670cea628585","local_time":"20210119180933","is_ascension_mode":true,"campfire_choices":[{"data":"Poisoned Stab","floor":6,"key":"SMITH"},{"data":"Prepared","floor":15,"key":"SMITH"}],"circlet_count":0,"master_deck":["Strike_G","Strike_G","Strike_G","Strike_G","Defend_G+1","Defend_G","Defend_G+1","Defend_G","Survivor","Neutralize","Quick Slash","PiercingWail","Poisoned Stab+1","Underhanded Strike","Prepared","Underhanded Strike","Prepared+1","Tools of the Trade","Acrobatics"],"relics":["Ring of the Snake","Sundial","Bottled Flame","Membership Card","Philosopher\u0027s Stone"],"acts_visited":["Exordium","TheCity"],"potions_floor_usage":[16,16,16,18],"damage_taken":[{"damage":0,"enemies":"2 Louse","floor":1,"turns":3},{"damage":0,"enemies":"Cultist","floor":4,"turns":4},{"damage":5,"enemies":"Small Slimes","floor":5,"turns":3},{"damage":3,"enemies":"Looter","floor":7,"turns":3},{"damage":28,"enemies":"Gremlin Nob","floor":10,"turns":4},{"damage":6,"enemies":"Exordium Thugs","floor":11,"turns":5},{"damage":0,"enemies":"3 Louse","floor":13,"turns":4},{"damage":18,"enemies":"Slime Boss","floor":16,"turns":8},{"damage":9,"enemies":"3 Byrds","floor":18,"turns":4},{"damage":12,"enemies":"Spheric Guardian","floor":20,"turns":4},{"damage":39,"enemies":"Masked Bandits","floor":21,"turns":4}],"seed_played":"7633778580318723937","potions_obtained":[{"floor":1,"key":"Energy Potion"},{"floor":10,"key":"SpeedPotion"},{"floor":12,"key":"DuplicationPotion"},{"floor":12,"key":"Swift Potion"},{"floor":16,"key":"Poison Potion"}],"is_trial":false,"path_per_floor":["M","?","?","M","M","R","M","?","T","E","M","?","M","$","R","B",null,"M","?","M","?"],"character_chosen":"THE_SILENT","items_purchased":["Membership Card","Underhanded Strike","Prepared"],"campfire_rested":0,"item_purchase_floors":[14,14,14],"current_hp_per_floor":[70,56,56,56,51,51,48,70,70,42,36,36,36,36,36,18,57,48,48,36,0,0],"gold":257,"neow_bonus":"TRANSFORM_CARD","is_daily":false,"chose_seed":false,"campfire_upgraded":2,"win_rate":0.0,"timestamp":1611047373,"path_taken":["M","?","?","M","?","R","?","?","T","E","M","?","M","$","R","BOSS","M","?","M","?"],"items_purchased_type":["Relic","Card","Card"],"build_version":"2020-12-22","purchased_purges":0,"victory":false,"max_hp_per_floor":[70,70,70,70,70,70,70,70,70,70,70,70,70,70,70,70,70,70,70,70,70,70],"card_choices":[{"not_picked":["Catalyst","Cloak And Dagger"],"picked":"PiercingWail","floor":1},{"not_picked":["PiercingWail","Outmaneuver"],"picked":"Poisoned Stab","floor":4},{"not_picked":["Finisher","Underhanded Strike","Predator"],"picked":"SKIP","floor":5},{"not_picked":["Underhanded Strike","Crippling Poison","PiercingWail"],"picked":"SKIP","floor":7},{"not_picked":["Deflect","Quick Slash"],"picked":"Underhanded Strike","floor":10},{"not_picked":["Tactician","Deadly Poison"],"picked":"Prepared","floor":11},{"not_picked":["Envenom","Flying Knee","Concentrate"],"picked":"SKIP","floor":13},{"not_picked":["Glass Knife","Envenom"],"picked":"Tools of the Trade","floor":16},{"not_picked":["Dagger Throw","Prepared"],"picked":"Acrobatics","floor":18},{"not_picked":["Slice","Sucker Punch","Cloak And Dagger+1"],"picked":"SKIP","floor":20}],"player_experience":79613,"relics_obtained":[{"floor":9,"key":"Sundial"},{"floor":10,"key":"Bottled Flame"}],"event_choices":[{"damage_healed":0,"gold_gain":0,"player_choice":"Entered Light","damage_taken":14,"max_hp_gain":0,"max_hp_loss":0,"event_name":"Shining Light","floor":2,"gold_loss":0,"cards_upgraded":["Defend_G","Defend_G"]},{"cards_removed":["Defend_G"],"damage_healed":0,"gold_gain":0,"player_choice":"Offered Basic","damage_taken":0,"max_hp_gain":0,"max_hp_loss":0,"event_name":"Bonfire Elementals","floor":3,"gold_loss":0},{"damage_healed":23,"gold_gain":0,"player_choice":"Banana","damage_taken":0,"max_hp_gain":0,"max_hp_loss":0,"event_name":"Big Fish","floor":8,"gold_loss":0},{"damage_healed":0,"gold_gain":0,"player_choice":"Got Potions","damage_taken":0,"max_hp_gain":0,"max_hp_loss":0,"event_name":"Lab","floor":12,"gold_loss":0},{"damage_healed":0,"gold_gain":99,"player_choice":"Stole From Cult","damage_taken":0,"max_hp_gain":0,"max_hp_loss":0,"event_name":"Nest","floor":19,"gold_loss":0},{"damage_healed":0,"gold_gain":0,"player_choice":"Fought Bandits","damage_taken":0,"max_hp_gain":0,"max_hp_loss":0,"event_name":"Masked Bandits","floor":21,"gold_loss":0}],"is_beta":false,"boss_relics":[{"not_picked":["Busted Crown","SlaversCollar"],"picked":"Philosopher\u0027s Stone"}],"items_purged_floors":[],"is_endless":false,"potions_floor_spawned":[1,10,16],"killed_by":"Masked Bandits","ascension_level":5}}