{"host":"sc0o2qwpf9j16a4i","time":1611088083,"event":{"mods":["AchievementEnabler","BaseMod","BetterRewards","Block Reminder","Colored Map","Colored Powertips","Custom Start","Highlight Path","Minty Spire (QoL Compilation)","Relic Stats"],"gold_per_floor":[111,123,139,139,155,155,183,218,218,218,234,61,61,75,75,75,75],"floor_reached":16,"language":"ENG","playtime":364,"items_purged":[],"score":304,"play_id":"503946ce-5e8a-4964-80bf-e40de525f6f1","local_time":"20210119222803","is_ascension_mode":true,"campfire_choices":[{"floor":6,"key":"REST"},{"floor":10,"key":"REST"},{"floor":13,"key":"REST"},{"data":"Defragment","floor":15,"key":"SMITH"}],"circlet_count":0,"master_deck":["AscendersBane","Strike_B","Strike_B","Strike_B","Strike_B","Defend_B","Defend_B","Defend_B","Defend_B","Zap","Dualcast","Ball Lightning","Compile Driver","Reinforced Body","Redo","Darkness","Defragment+1","Sweeping Beam"],"relics":["Cracked Core","Bag of Marbles","OrangePellets","Odd Mushroom","Meat on the Bone","HornCleat","Oddly Smooth Stone"],"acts_visited":["Exordium"],"potions_floor_usage":[7,8,8,16],"damage_taken":[{"damage":7,"enemies":"Jaw Worm","floor":1,"turns":3},{"damage":7,"enemies":"2 Louse","floor":2,"turns":2},{"damage":1,"enemies":"Cultist","floor":3,"turns":3},{"damage":0,"enemies":"2 Fungi Beasts","floor":5,"turns":3},{"damage":0,"enemies":"The Mushroom Lair","floor":7,"turns":4},{"damage":35,"enemies":"3 Sentries","floor":8,"turns":6},{"damage":6,"enemies":"Looter","floor":11,"turns":3},{"damage":4,"enemies":"Large Slime","floor":14,"turns":3},{"damage":62,"enemies":"Slime Boss","floor":16,"turns":5}],"seed_played":"377542312239024741","potions_obtained":[{"floor":2,"key":"LiquidBronze"},{"floor":3,"key":"Swift Potion"},{"floor":5,"key":"Block Potion"},{"floor":7,"key":"Energy Potion"},{"floor":11,"key":"DuplicationPotion"}],"is_trial":false,"path_per_floor":["M","M","M","?","M","R","?","E","T","R","M","$","R","M","R","B"],"character_chosen":"DEFECT","items_purchased":["Bag of Marbles","Ball Lightning","OrangePellets","Oddly Smooth Stone"],"campfire_rested":3,"item_purchase_floors":[0,0,0,12],"current_hp_per_floor":[45,38,37,37,37,58,58,23,23,44,38,38,59,55,55,0,0],"gold":75,"neow_bonus":"","is_daily":false,"chose_seed":false,"campfire_upgraded":1,"win_rate":0.0,"timestamp":1611088083,"path_taken":["M","M","M","?","M","R","?","E","T","R","M","?","R","?","R","BOSS"],"items_purchased_type":["Relic","Card","Relic","Relic"],"build_version":"2020-12-22","purchased_purges":0,"victory":false,"max_hp_per_floor":[71,71,71,71,71,71,71,71,71,71,71,71,71,71,71,71,71],"relic_stats":{"OrangePellets":[1],"counters":[18,66],"obtain_stats":[{"Potion Belt":9,"Calipers":14,"NeowsBlessing":0,"Oddly Smooth Stone":12,"Odd Mushroom":7,"OrangePellets":0,"Centennial Puzzle":2,"HornCleat":9,"Tiny Chest":11,"Turnip":13,"Black Star":17,"Bag of Marbles":0,"Cracked Core":0,"InkBottle":6,"Meat on the Bone":8},{"Potion Belt":3,"Calipers":6,"NeowsBlessing":0,"Oddly Smooth Stone":16,"Odd Mushroom":14,"OrangePellets":9,"Centennial Puzzle":1,"HornCleat":15,"Tiny Chest":4,"Turnip":5,"Black Star":7,"Bag of Marbles":9,"Cracked Core":0,"InkBottle":3,"Meat on the Bone":15},{"Potion Belt":3,"Calipers":14,"NeowsBlessing":0,"Oddly Smooth Stone":58,"Odd Mushroom":49,"OrangePellets":34,"Centennial Puzzle":1,"HornCleat":55,"Tiny Chest":5,"Turnip":7,"Black Star":25,"Bag of Marbles":34,"Cracked Core":0,"InkBottle":3,"Meat on the Bone":55}],"Meat on the Bone":0},"card_choices":[{"not_picked":["Force Field","Steam Power"],"picked":"Compile Driver","floor":1},{"not_picked":["Capacitor","Leap"],"picked":"Reinforced Body","floor":2},{"not_picked":["Go for the Eyes","Tempest"],"picked":"Redo","floor":3},{"not_picked":["Genetic Algorithm","Leap"],"picked":"Darkness","floor":5},{"not_picked":["Streamline","Static Discharge"],"picked":"Defragment","floor":8},{"not_picked":["Turbo","Genetic Algorithm"],"picked":"Sweeping Beam","floor":11},{"not_picked":["Hologram","BootSequence","Stack"],"picked":"SKIP","floor":14}],"player_experience":771657,"relics_obtained":[{"floor":7,"key":"Odd Mushroom"},{"floor":8,"key":"Meat on the Bone"},{"floor":9,"key":"HornCleat"}],"event_choices":[{"damage_healed":0,"gold_gain":0,"player_choice":"Ignored","damage_taken":0,"max_hp_gain":0,"max_hp_loss":0,"event_name":"Liars Game","floor":4,"gold_loss":0},{"damage_healed":0,"gold_gain":0,"player_choice":"Fought Mushrooms","damage_taken":0,"max_hp_gain":0,"max_hp_loss":0,"event_name":"Mushrooms","floor":7,"gold_loss":0}],"is_beta":false,"boss_relics":[],"items_purged_floors":[],"is_endless":false,"potions_floor_spawned":[2,3,5,7,11],"killed_by":"Slime Boss","ascension_level":20}}