{"host":"cyiefo55v5hz1ih5","time":1611033120,"event":{"mods":["2.2 Compatiblity","AchievementEnabler","BaseMod","Downfall","GifTheSpireLib","Hubris","Minty Spire (QoL Compilation)","Spicy Shops","StSLib"],"gold_per_floor":[0,12,24,24,24,42,42,60,160,223,423,473,473,95,114,114,114],"floor_reached":16,"language":"ENG","playtime":1894,"items_purged":["Thinking Ahead","downfall:Icky","bronze:Strike"],"score":97,"play_id":"97c030f4-fcf2-43a1-9f69-81a018c4f164","local_time":"20210119001200","is_ascension_mode":true,"campfire_choices":[{"data":"bronze:Goto","floor":1.0,"key":"SMITH"},{"floor":13,"key":"REST"}],"circlet_count":0,"master_deck":["bronze:Strike","bronze:Strike","bronze:Strike","bronze:Defend","bronze:Defend","bronze:Defend","bronze:Defend","bronze:Replicate","bronze:Goto+1","Thinking Ahead","bronze:Turbo+1","bronze:Iterate","bronze:Flail","bronze:Optimize","bronze:MaxOutput","bronze:HardenedForm"],"relics":["bronze:BronzeCore","The Courier","downfall:CloakOfManyFaces","CultistMask","FaceOfCleric","NlothsMask","GremlinMask","SsserpentHead","Regal Pillow"],"acts_visited":["Exordium"],"potions_floor_usage":[9,9,16],"damage_taken":[{"damage":1.0,"enemies":"Jaw Worm","floor":2.0,"turns":4.0},{"damage":1.0,"enemies":"2 Louse","floor":3.0,"turns":3.0},{"damage":0.0,"enemies":"Cultist","floor":6.0,"turns":3.0},{"damage":19.0,"enemies":"Large Slime","floor":8.0,"turns":6.0},{"damage":20,"enemies":"downfall:FaceTrader","floor":9,"turns":9},{"damage":3,"enemies":"Red Slaver","floor":10,"turns":3},{"damage":0,"enemies":"downfall:FleeingMerchant","floor":14,"turns":4},{"damage":14,"enemies":"3 Louse","floor":15,"turns":2},{"damage":31,"enemies":"IC_STATUS_ARCHETYPE","floor":16,"turns":8}],"seed_played":"-2148711260307408551","potions_obtained":[{"floor":3.0,"key":"Ancient Potion"},{"floor":6.0,"key":"LiquidBronze"},{"floor":12,"key":"FearPotion"},{"floor":12,"key":"FearPotion"},{"floor":12,"key":"Dexterity Potion"}],"is_trial":false,"path_per_floor":["R","M","M","?","?","M","T","M","?","M","?","?","R","$","M","B"],"character_chosen":"THE_AUTOMATON","items_purchased":["Regal Pillow"],"campfire_rested":1,"item_purchase_floors":[14],"current_hp_per_floor":[70,69,68,68,68,68,68,49,29,27,27,27,48,49,36,5,5],"gold":114,"neow_bonus":"RANDOM_COLORLESS_2","is_daily":false,"chose_seed":false,"campfire_upgraded":1,"win_rate":0.0,"timestamp":1611033120,"path_taken":["R","M","M","?","?","M","T","?","?","?","?","?","R","$","M","BOSS"],"items_purchased_type":["Relic"],"build_version":"2020-12-22","purchased_purges":3,"victory":false,"max_hp_per_floor":[70,70,70,70,70,70,70,70,70,71,71,71,71,72,73,73,73],"card_choices":[{"not_picked":["Sadistic Nature","Transmutation"],"picked":"Thinking Ahead","floor":0.0},{"not_picked":["bronze:Frontload","bronze:Deprecate"],"picked":"bronze:Turbo","floor":2.0},{"not_picked":["bronze:Constructor","bronze:Return"],"picked":"bronze:Iterate","floor":3.0},{"not_picked":["bronze:Repair","bronze:Branch"],"picked":"bronze:Flail","floor":6.0},{"not_picked":["bronze:Philosophize","bronze:Refactor"],"picked":"bronze:Optimize","floor":8.0},{"not_picked":["bronze:WildBeam","bronze:WhirlingStrike"],"picked":"bronze:MaxOutput","floor":9},{"not_picked":["bronze:Turbo","bronze:Separator","bronze:Invalidate"],"picked":"SKIP","floor":10},{"not_picked":["bronze:Overheat","bronze:Deprecate"],"picked":"bronze:HardenedForm","floor":14},{"not_picked":["bronze:Iterate","bronze:DelayedSlice","bronze:Terminator"],"picked":"SKIP","floor":15}],"player_experience":790163,"relics_obtained":[{"floor":7.0,"key":"The Courier"},{"floor":9,"key":"downfall:CloakOfManyFaces"}],"event_choices":[{"damage_healed":0,"gold_gain":0,"player_choice":"Got Potions","damage_taken":0,"max_hp_gain":0,"max_hp_loss":0,"event_name":"Lab","floor":12,"gold_loss":0}],"is_beta":false,"boss_relics":[],"items_purged_floors":[14,14,14],"is_endless":false,"potions_floor_spawned":[3,6],"killed_by":"IC_STATUS_ARCHETYPE","ascension_level":1}}