{"host":"obplhmlw33xb91v8","time":1611085266,"event":{"mods":["BaseMod","Block Reminder","Curses Come First","Evolution","Minty Spire (QoL Compilation)","Quick Restart","Relic Stats","Spicy Shops","StSLib","Uncapped","Waifu the Spire","slay the spire mod where everything is the same but ironclad has a cowboy hat"],"gold_per_floor":[109,13,113,23,38,38,64,64,89,89,101,126,126,136,136,237,237,254,19,19,19,39,39,57,82,82,82,82,43,61,79,79,180,180,190,31,31,31,50,50,50,50,50,69,82,129,129,129],"floor_reached":47,"language":"ENG","playtime":1712,"items_purged":["Shame","Decay"],"score":626,"play_id":"e8713728-7c55-4092-a8f4-5094846f10f7","local_time":"20210119144106","is_ascension_mode":true,"campfire_choices":[{"data":"Leg Sweep","floor":6,"key":"SMITH"},{"data":"Dagger Spray","floor":10,"key":"SMITH"},{"data":"Sucker Punch","floor":13,"key":"SMITH"},{"data":"Crippling Poison","floor":15,"key":"SMITH"},{"floor":23,"key":"REST"},{"floor":28,"key":"RECALL"},{"floor":32,"key":"REST"},{"floor":40,"key":"REST"},{"floor":42,"key":"REST"}],"circlet_count":0,"master_deck":["Sucker Punch+1","Strike_G+1","Strike_G+1","Strike_G+1","Strike_G+1","Defend_G+1","Defend_G+1","Defend_G+1","Defend_G+1","Defend_G+1","Survivor","Neutralize","Leg Sweep+1","Dagger Spray+1","Terror","Dodge and Roll","Crippling Poison+1","Glass Knife","Distraction+1","Cloak And Dagger","PiercingWail+1","Dagger Spray+1","Infinite Blades","Noxious Fumes+1","Night Terror","Blade Dance","Night Terror","Apotheosis","Dagger Spray+1"],"relics":["EVO:Axolotl","Velvet Choker","Ice Cream","Ginger","Regal Pillow","Pen Nib","Fusion Hammer","Medical Kit","MutagenicStrength","Toy Ornithopter","Shuriken","Runic Pyramid","DollysMirror","Pantograph","Molten Egg 2","Happy Flower"],"acts_visited":["Exordium","TheCity","TheBeyond"],"potions_floor_usage":[16,16,22,33,47,47,47],"damage_taken":[{"damage":0,"enemies":"2 Louse","floor":1,"turns":3},{"damage":0,"enemies":"Cultist","floor":5,"turns":4},{"damage":24,"enemies":"3 Sentries","floor":7,"turns":10},{"damage":0,"enemies":"Jaw Worm","floor":11,"turns":3},{"damage":0,"enemies":"Lagavulin","floor":12,"turns":8},{"damage":0,"enemies":"Gremlin Gang","floor":14,"turns":4},{"damage":6,"enemies":"Slime Boss","floor":16,"turns":10},{"damage":3,"enemies":"2 Thieves","floor":18,"turns":4},{"damage":0,"enemies":"Spheric Guardian","floor":22,"turns":3},{"damage":11,"enemies":"Cultist and Chosen","floor":24,"turns":6},{"damage":0,"enemies":"Gremlin Leader","floor":25,"turns":5},{"damage":12,"enemies":"Chosen and Byrds","floor":30,"turns":6},{"damage":8,"enemies":"Snake Plant","floor":31,"turns":3},{"damage":55,"enemies":"Automaton","floor":33,"turns":7},{"damage":1,"enemies":"3 Darklings","floor":35,"turns":6},{"damage":47,"enemies":"3 Shapes","floor":39,"turns":5},{"damage":43,"enemies":"Transient","floor":44,"turns":5},{"damage":6,"enemies":"Jaw Worm Horde","floor":45,"turns":3},{"damage":37,"enemies":"Spire Growth","floor":47,"turns":3}],"seed_played":"-3995893533569472064","potions_obtained":[{"floor":1,"key":"Fire Potion"},{"floor":16,"key":"BlessingOfTheForge"},{"floor":25,"key":"DistilledChaos"},{"floor":44,"key":"PowerPotion"}],"is_trial":false,"path_per_floor":["M","$","?","$","M","R","E","$","T","R","M","E","R","M","R","B",null,"M","$","?","?","M","R","M","E","T","T","R","$","M","M","R","B",null,"M","$","?","$","M","R","T","R","T","M","M","T","M"],"character_chosen":"THE_SILENT","items_purchased":["ColorlessPotion","Ice Cream","Medical Kit","SpeedPotion","Infinite Blades","DollysMirror"],"campfire_rested":4,"item_purchase_floors":[2,4,19,19,29,36],"current_hp_per_floor":[70,70,70,70,70,70,46,46,46,46,46,46,46,46,46,40,63,60,60,60,60,60,70,59,59,59,59,59,59,47,39,70,15,56,55,55,55,55,8,44,44,70,70,27,21,21,0,0],"gold":129,"neow_bonus":"BOSS_RELIC","is_daily":false,"chose_seed":false,"campfire_upgraded":4,"win_rate":0.0,"timestamp":1611085266,"path_taken":["M","$","?","$","?","R","E","?","T","R","M","E","R","M","R","BOSS","M","$","?","?","M","R","M","E","T","?","R","$","M","?","R","BOSS","M","$","?","$","M","R","?","R","T","M","M","?","M"],"items_purchased_type":["Potion","Relic","Relic","Potion","Card","Relic"],"build_version":"2020-12-22","purchased_purges":2,"victory":false,"max_hp_per_floor":[70,70,70,70,70,70,70,70,70,70,70,70,70,70,70,70,70,70,70,70,70,70,70,70,70,70,70,70,70,70,70,70,70,70,70,70,70,70,70,70,70,70,70,70,70,70,70,70],"relic_stats":{"Regal Pillow":30,"Happy Flower":[1],"counters":[19,98],"Shuriken":[12],"Pantograph":0,"Pen Nib":[14],"Ginger":[23],"Medical Kit":[4],"obtain_stats":[{"Ice Cream":4,"Regal Pillow":9,"Happy Flower":46,"Velvet Choker":0,"Pen Nib":12,"EVO:Axolotl":0,"Ginger":7,"Medical Kit":19,"Shuriken":26,"DollysMirror":36,"MutagenicStrength":21,"Pantograph":41,"Molten Egg 2":43,"Fusion Hammer":17,"Toy Ornithopter":25,"Ring of the Snake":0,"Runic Pyramid":34},{"Ice Cream":1,"Regal Pillow":3,"Happy Flower":18,"Velvet Choker":0,"Pen Nib":5,"EVO:Axolotl":0,"Ginger":3,"Medical Kit":8,"Shuriken":11,"DollysMirror":15,"MutagenicStrength":8,"Pantograph":16,"Molten Egg 2":16,"Fusion Hammer":7,"Toy Ornithopter":11,"Ring of the Snake":0,"Runic Pyramid":14},{"Ice Cream":3,"Regal Pillow":17,"Happy Flower":95,"Velvet Choker":0,"Pen Nib":28,"EVO:Axolotl":0,"Ginger":17,"Medical Kit":46,"Shuriken":60,"DollysMirror":82,"MutagenicStrength":46,"Pantograph":87,"Molten Egg 2":87,"Fusion Hammer":42,"Toy Ornithopter":60,"Ring of the Snake":0,"Runic Pyramid":76}],"Toy Ornithopter":15},"card_choices":[{"not_picked":["Choke","Prepared"],"picked":"Leg Sweep","floor":1},{"not_picked":["Deadly Poison","Slice"],"picked":"Dagger Spray","floor":5},{"not_picked":["Slice","Endless Agony"],"picked":"Terror","floor":7},{"not_picked":["Sucker Punch","Tactician"],"picked":"Dodge and Roll","floor":11},{"not_picked":["Dash","Terror","Prepared"],"picked":"SKIP","floor":12},{"not_picked":["Eviscerate","Reflex"],"picked":"Crippling Poison","floor":14},{"not_picked":["Wraith Form v2","Malaise"],"picked":"Glass Knife","floor":16},{"not_picked":["Prepared","Deflect"],"picked":"Distraction+1","floor":18},{"not_picked":["Bane","Dodge and Roll"],"picked":"Cloak And Dagger","floor":22},{"not_picked":["All Out Attack","Outmaneuver"],"picked":"PiercingWail+1","floor":24},{"not_picked":["Dagger Throw+1","Slice"],"picked":"Dagger Spray+1","floor":25},{"not_picked":["Underhanded Strike","Expertise+1"],"picked":"Noxious Fumes+1","floor":30},{"not_picked":["Dagger Throw","Sucker Punch"],"picked":"Night Terror","floor":31},{"not_picked":["Calculated Gamble","Sucker Punch+1"],"picked":"Blade Dance","floor":35},{"not_picked":["Transmutation","PanicButton"],"picked":"Apotheosis","floor":37},{"not_picked":["Poisoned Stab+1","Dodge and Roll+1","Prepared"],"picked":"SKIP","floor":39},{"not_picked":["Prepared+1","Slice+1","Eviscerate+1"],"picked":"SKIP","floor":44},{"not_picked":["Accuracy+1","Well Laid Plans"],"picked":"Dagger Spray+1","floor":45}],"player_experience":208011,"relics_obtained":[{"floor":7,"key":"Ginger"},{"floor":9,"key":"Regal Pillow"},{"floor":12,"key":"Pen Nib"},{"floor":25,"key":"Toy Ornithopter"},{"floor":26,"key":"Shuriken"},{"floor":41,"key":"Pantograph"},{"floor":43,"key":"Molten Egg 2"},{"floor":46,"key":"Happy Flower"}],"event_choices":[{"damage_healed":0,"gold_gain":100,"player_choice":"Pray","damage_taken":0,"max_hp_gain":0,"max_hp_loss":0,"event_name":"Golden Shrine","floor":3,"gold_loss":0},{"damage_healed":0,"gold_gain":0,"player_choice":"Simplicity","damage_taken":0,"max_hp_gain":0,"max_hp_loss":0,"event_name":"Back to Basics","floor":20,"gold_loss":0,"cards_upgraded":["Strike_G","Strike_G","Strike_G","Strike_G","Defend_G","Defend_G","Defend_G","Defend_G","Defend_G"]},{"damage_healed":0,"gold_gain":0,"player_choice":"Inject Mutagens","damage_taken":0,"relics_obtained":["MutagenicStrength"],"max_hp_gain":0,"max_hp_loss":0,"event_name":"Drug Dealer","floor":21,"gold_loss":0},{"damage_healed":0,"gold_gain":0,"player_choice":"Memory 1","damage_taken":0,"max_hp_gain":0,"max_hp_loss":0,"event_name":"SensoryStone","floor":37,"gold_loss":0}],"is_beta":false,"boss_relics":[{"not_picked":["Ectoplasm","Runic Dome"],"picked":"Fusion Hammer"},{"not_picked":["Philosopher\u0027s Stone","Black Star"],"picked":"Runic Pyramid"}],"items_purged_floors":[19,36],"is_endless":false,"potions_floor_spawned":[1,16,25,30,44,45],"killed_by":"Spire Growth","ascension_level":5}}