{"host":"928gv66myv2vlnsd","time":1611084035,"event":{"mods":["BaseMod","Minty Spire (QoL Compilation)","StSLib"],"gold_per_floor":[119,135,135,155,55,55,8,39,39,52,52,82,97,97,97,201,201,220,220,66,166,185,185,185],"floor_reached":23,"language":"ENG","playtime":1636,"items_purged":["Regret"],"score":318,"play_id":"99da420d-21b0-4023-98d4-fb9731542bfd","local_time":"20210119142035","is_ascension_mode":true,"campfire_choices":[{"data":"Apotheosis","floor":6,"key":"SMITH"},{"floor":11,"key":"REST"},{"data":"1","floor":15,"key":"LIFT"}],"circlet_count":0,"master_deck":["AscendersBane","Strike_G","Strike_G","Strike_G","Strike_G","Strike_G","Defend_G","Defend_G","Defend_G","Defend_G","Defend_G","Survivor","Neutralize","Apotheosis+1","Blur","Caltrops","Acrobatics","Blur","Noxious Fumes","Wraith Form v2","Night Terror","Crippling Poison+1","Heel Hook+1","Parasite","Dodge and Roll"],"relics":["Ring of the Snake","Girya","Bottled Lightning","Dream Catcher","Dead Branch","Astrolabe","Nilry\u0027s Codex","PrismaticShard"],"acts_visited":["Exordium","TheCity"],"potions_floor_usage":[23],"damage_taken":[{"damage":10,"enemies":"Small Slimes","floor":1,"turns":5},{"damage":5,"enemies":"Cultist","floor":2,"turns":4},{"damage":8,"enemies":"2 Louse","floor":4,"turns":4},{"damage":11,"enemies":"3 Sentries","floor":8,"turns":11},{"damage":4,"enemies":"Large Slime","floor":10,"turns":8},{"damage":4,"enemies":"Lagavulin","floor":12,"turns":7},{"damage":10,"enemies":"Gremlin Gang","floor":13,"turns":5},{"damage":8,"enemies":"Hexaghost","floor":16,"turns":10},{"damage":1,"enemies":"3 Byrds","floor":18,"turns":4},{"damage":9,"enemies":"Shell Parasite","floor":22,"turns":8},{"damage":32,"enemies":"Gremlin Leader","floor":23,"turns":5}],"seed_played":"8389930350275706477","potions_obtained":[{"floor":1,"key":"LiquidBronze"},{"floor":4,"key":"CultistPotion"},{"floor":22,"key":"Fire Potion"}],"is_trial":false,"path_per_floor":["M","M","?","M","$","R","$","E","T","M","R","E","M","?","R","B",null,"M","?","$","?","M","E"],"character_chosen":"THE_SILENT","items_purchased":["Cloak And Dagger","Acrobatics","PrismaticShard"],"campfire_rested":1,"item_purchase_floors":[5,7,20],"current_hp_per_floor":[53,48,48,40,40,40,40,29,29,25,46,42,32,29,29,21,58,57,41,41,41,32,0,0],"gold":185,"neow_bonus":"RANDOM_COLORLESS_2","is_daily":false,"chose_seed":false,"campfire_upgraded":1,"win_rate":0.0,"timestamp":1611084035,"path_taken":["M","M","?","M","$","R","?","E","T","?","R","E","M","?","R","BOSS","M","?","$","?","?","E"],"items_purchased_type":["Card","Card","Relic"],"build_version":"2020-12-22","purchased_purges":1,"victory":false,"max_hp_per_floor":[70,70,70,70,70,70,70,70,70,70,70,70,70,70,70,70,70,70,70,70,70,70,70,70],"card_choices":[{"not_picked":["Master of Strategy","Metamorphosis"],"picked":"Apotheosis","floor":0},{"not_picked":["Reflex","Masterful Stab","Backflip"],"picked":"SKIP","floor":1},{"not_picked":["Crippling Poison","Blade Dance"],"picked":"Blur","floor":2},{"not_picked":["Outmaneuver","All Out Attack"],"picked":"Caltrops","floor":4},{"not_picked":["Backstab","Backflip"],"picked":"Blur","floor":8},{"not_picked":["Skewer","Outmaneuver"],"picked":"Noxious Fumes","floor":10},{"not_picked":["Underhanded Strike","Outmaneuver"],"picked":"Wraith Form v2","floor":12},{"not_picked":["Setup","Dash"],"picked":"Cloak And Dagger","floor":13},{"not_picked":["Bullet Time","Corpse Explosion"],"picked":"Night Terror","floor":16},{"not_picked":["Dagger Throw","Backflip"],"picked":"Dodge and Roll","floor":18},{"not_picked":["Wild Strike+1","Aggregate","Expertise"],"picked":"SKIP","floor":22}],"player_experience":1256664,"relics_obtained":[{"floor":8,"key":"Girya"},{"floor":9,"key":"Bottled Lightning"},{"floor":12,"key":"Dream Catcher"},{"floor":19,"key":"Nilry\u0027s Codex"}],"event_choices":[{"damage_healed":0,"gold_gain":0,"player_choice":"Cursed","damage_taken":0,"max_hp_gain":0,"max_hp_loss":0,"event_name":"Wheel of Change","floor":3,"gold_loss":0,"cards_obtained":["Decay"]},{"damage_healed":0,"gold_gain":0,"player_choice":"Success","damage_taken":3,"relics_obtained":["Dead Branch"],"max_hp_gain":0,"max_hp_loss":0,"event_name":"Scrap Ooze","floor":14,"gold_loss":0},{"damage_healed":0,"gold_gain":0,"player_choice":"Obtained Book","damage_taken":16,"max_hp_gain":0,"max_hp_loss":0,"event_name":"Cursed Tome","floor":19,"gold_loss":0},{"damage_healed":0,"gold_gain":100,"player_choice":"Pray","damage_taken":0,"max_hp_gain":0,"max_hp_loss":0,"event_name":"Golden Shrine","floor":21,"gold_loss":0}],"is_beta":false,"boss_relics":[{"not_picked":["SlaversCollar","Ectoplasm"],"picked":"Astrolabe"}],"items_purged_floors":[5],"is_endless":false,"potions_floor_spawned":[1,4,10,16,18,22],"killed_by":"Gremlin Leader","ascension_level":12}}