{"host":"hspm0s97xpvpwopl","time":1611080266,"event":{"mods":["BaseMod","Better Third Choice","Colored Map","Colored Powertips","Curses Come First","Downfall","Hermit","JesterMod","Minty Spire (QoL Compilation)","Relic Stats","Robot Space Explorer","Shop Mod","Spicy Shops","StSLib","The Cursed","The Marked","The Runesmith"],"gold_per_floor":[115,115,131,82,82,82,357,357,380,411,426,426,426,446,446,548,548,560,573,316,591,607,607,623,623,646,656,673,673,693,708,708,822,822,846,855,369,392,392,392,392],"floor_reached":40,"language":"ENG","playtime":2258,"items_purged":["downfall:Bewildered"],"score":538,"play_id":"56802733-a29c-4ded-9b43-d235f223758e","local_time":"20210119121746","is_ascension_mode":false,"campfire_choices":[{"floor":6,"key":"REST"},{"data":"hermit:SprayPray","floor":8,"key":"SMITH"},{"floor":13,"key":"DIG"},{"data":"hermit:WideOpen","floor":15,"key":"SMITH"},{"floor":23,"key":"DIG"},{"floor":32,"key":"DIG"}],"circlet_count":0,"master_deck":["hermit:Strike_Hermit","hermit:Strike_Hermit","hermit:Strike_Hermit","hermit:Strike_Hermit","hermit:Defend_Hermit","hermit:Defend_Hermit","hermit:Defend_Hermit","hermit:Defend_Hermit","hermit:Snapshot+1","hermit:Covet","hermit:Headshot+1","hermit:Coalescence","hermit:SprayPray+1","Regret","hermit:FlashPowder","hermit:Deadeye","hermit:WideOpen+1","hermit:Reprieve","hermit:CalledShot+1","hermit:Ricochet","Doubt","hermit:Gestalt","Regret","theMarked:ReduceFriction","RobotSpaceExplorer:GlueShot","downfall:Aged","hermit:Quickdraw+1","RobotSpaceExplorer:SurgingStrike","TheCursedMod:Obscuration","Rainbow","Worship","Writhe","Leap+1","Perfected Strike","hexamod:FlamesFromBeyond","hermit:Glare","Cleave","PiercingWail+1"],"relics":["hermit:ClaspedLocket","Du-Vu Doll","Akabeko","Shovel","Bottled Lightning","Cursed Key","Nunchaku","PrismaticShard","Shuriken","MutagenicStrength","sneckomod:BabySnecko","CeramicFish","Sling","Whetstone","Orrery"],"acts_visited":["Exordium","TheCity","TheBeyond"],"potions_floor_usage":[16,16,19,27,33,35,38],"damage_taken":[{"damage":0,"enemies":"Jaw Worm","floor":1,"turns":4},{"damage":1,"enemies":"Cultist","floor":3,"turns":4},{"damage":9,"enemies":"3 Sentries","floor":10,"turns":5},{"damage":0,"enemies":"Small Slimes","floor":11,"turns":2},{"damage":0,"enemies":"Gremlin Gang","floor":14,"turns":3},{"damage":18,"enemies":"Slime Boss","floor":16,"turns":7},{"damage":16,"enemies":"3 Byrds","floor":18,"turns":6},{"damage":3,"enemies":"Shell Parasite","floor":19,"turns":3},{"damage":18,"enemies":"Shelled Parasite and Fungi","floor":22,"turns":5},{"damage":5,"enemies":"Centurion and Healer","floor":24,"turns":3},{"damage":2,"enemies":"Snecko","floor":27,"turns":4},{"damage":2,"enemies":"Sentry and Sphere","floor":28,"turns":3},{"damage":4,"enemies":"Shelled Parasite and Fungi","floor":30,"turns":2},{"damage":0,"enemies":"Snake Plant","floor":31,"turns":3},{"damage":63,"enemies":"Collector","floor":33,"turns":7},{"damage":48,"enemies":"3 Darklings","floor":35,"turns":5},{"damage":9,"enemies":"Orb Walker","floor":38,"turns":3},{"damage":73,"enemies":"Reptomancer","floor":40,"turns":5}],"seed_played":"3562409991574016777","potions_obtained":[{"floor":3,"key":"Weak Potion"},{"floor":10,"key":"CultistPotion"},{"floor":11,"key":"hermit:Tonic"},{"floor":12,"key":"ColorlessPotion"},{"floor":19,"key":"champ:CounterPotion"},{"floor":28,"key":"GamblersBrew"},{"floor":30,"key":"hermit:Eclipse"},{"floor":31,"key":"Regen Potion"},{"floor":33,"key":"Regen Potion"}],"is_trial":false,"path_per_floor":["M","$","M","$","?","R","?","R","T","E","M","?","R","M","R","B",null,"M","M","$","?","M","R","M","?","T","M","M","?","M","M","R","B",null,"M","?","$","M","?","E"],"character_chosen":"HERMIT","items_purchased":["hermit:SprayPray","Nunchaku","hermit:Gestalt","PrismaticShard","Sling","Whetstone","Orrery"],"campfire_rested":1,"item_purchase_floors":[4,20,20,20,37,37,37],"current_hp_per_floor":[54,54,53,53,53,75,75,75,75,66,66,66,66,66,66,48,75,67,64,64,64,58,58,69,69,69,67,75,75,71,75,75,24,75,36,55,55,55,55,0,0],"gold":392,"neow_bonus":"ONE_RARE_RELIC","is_daily":false,"chose_seed":false,"campfire_upgraded":2,"win_rate":0.0,"timestamp":1611080266,"path_taken":["M","$","M","$","?","R","?","R","T","E","?","?","R","?","R","BOSS","M","M","$","?","?","R","M","?","T","M","M","?","M","M","R","BOSS","M","?","$","M","?","E"],"items_purchased_type":["Card","Relic","Card","Relic","Relic","Relic","Relic"],"build_version":"2020-12-22","purchased_purges":1,"victory":false,"max_hp_per_floor":[75,75,75,75,75,75,75,75,75,75,75,75,75,75,75,75,75,75,75,75,75,75,75,75,75,75,75,75,75,75,75,75,75,75,75,75,75,75,75,75,75],"relic_stats":{"Nunchaku":[8],"Shovel":3,"counters":[18,74],"Shuriken":[11],"CeramicFish":81,"Whetstone":["hermit:Snapshot","hermit:Headshot"],"Cursed Key":1,"obtain_stats":[{"hermit:ClaspedLocket":34,"CeramicFish":32,"Whetstone":37,"Cursed Key":17,"PrismaticShard":20,"Sling":37,"Akabeko":9,"Du-Vu Doll":0,"sneckomod:BabySnecko":29,"Nunchaku":20,"Shovel":10,"Shuriken":23,"MutagenicStrength":25,"Orrery":37,"Bottled Lightning":13,"hermit:Momento":0},{"hermit:ClaspedLocket":15,"CeramicFish":14,"Whetstone":16,"Cursed Key":6,"PrismaticShard":8,"Sling":16,"Akabeko":2,"Du-Vu Doll":0,"sneckomod:BabySnecko":12,"Nunchaku":8,"Shovel":3,"Shuriken":9,"MutagenicStrength":10,"Orrery":16,"Bottled Lightning":4,"hermit:Momento":0},{"hermit:ClaspedLocket":61,"CeramicFish":54,"Whetstone":66,"Cursed Key":25,"PrismaticShard":34,"Sling":66,"Akabeko":8,"Du-Vu Doll":0,"sneckomod:BabySnecko":49,"Nunchaku":34,"Shovel":13,"Shuriken":39,"MutagenicStrength":42,"Orrery":66,"Bottled Lightning":15,"hermit:Momento":0}]},"card_choices":[{"not_picked":["hermit:TrackingShot","hermit:Roulette"],"picked":"hermit:Headshot","floor":1},{"not_picked":["hermit:GhostlyPresence","hermit:Virtue"],"picked":"hermit:Coalescence","floor":3},{"not_picked":["hermit:GhostlyPresence","hermit:Virtue"],"picked":"hermit:FlashPowder","floor":10},{"not_picked":["hermit:Feint","hermit:BigShot"],"picked":"hermit:Deadeye","floor":11},{"not_picked":["hermit:ItchyTrigger","hermit:EternalForm"],"picked":"hermit:WideOpen","floor":14},{"not_picked":["hermit:Dissolve","hermit:HeroicBravado"],"picked":"hermit:Reprieve","floor":16},{"not_picked":["hermit:Virtue","hermit:FullyLoaded+1"],"picked":"hermit:CalledShot+1","floor":18},{"not_picked":["hermit:Headshot","hermit:HoleUp"],"picked":"hermit:Ricochet","floor":19},{"not_picked":["theMarked:Convert","bronze:DelayedGuard"],"picked":"theMarked:ReduceFriction","floor":22},{"not_picked":["Battle Trance","hexamod:Again"],"picked":"RobotSpaceExplorer:GlueShot","floor":24},{"not_picked":["Runesmith:Retool","theMarked:ChainLightning"],"picked":"hermit:Quickdraw+1","floor":27},{"not_picked":["FlyingSleeves","sneckomod:UnknownClassTHE_CHAMP_GRAY"],"picked":"Flex","floor":28},{"not_picked":["Slimebound:TongueLash","Combust"],"picked":"RobotSpaceExplorer:SurgingStrike","floor":30},{"not_picked":["champ:Backstep","hexamod:TurnItUp"],"picked":"TheCursedMod:Obscuration","floor":31},{"not_picked":["sneckomod:UnlimitedRolls","Slimebound:WasteNot"],"picked":"Rainbow","floor":33},{"not_picked":["hexamod:FastForward","RobotSpaceExplorer:BigMissile"],"picked":"Worship","floor":35},{"not_picked":["RobotSpaceExplorer:ToxicBomb+1","sneckomod:Nope"],"picked":"Leap+1","floor":37},{"not_picked":["ClearTheMind","champ:Backstep"],"picked":"Perfected Strike","floor":37},{"not_picked":["Runesmith:StaticCage+1","Runesmith:Duplicate"],"picked":"hexamod:FlamesFromBeyond","floor":37},{"not_picked":["Guardian:Gem_Lightblue","Body Slam+1"],"picked":"hermit:Glare","floor":37},{"not_picked":["bronze:DelayedGuard","champ:Shatter+1"],"picked":"Cleave","floor":37},{"not_picked":["TheCursedMod:FuryStrike","theMarked:HeritageOfTheMarked+1"],"picked":"PiercingWail+1","floor":38}],"player_experience":326944,"relics_obtained":[{"floor":9,"key":"Akabeko"},{"floor":10,"key":"Shovel"},{"floor":13,"key":"Bottled Lightning"},{"floor":23,"key":"Shuriken"},{"floor":32,"key":"CeramicFish"}],"event_choices":[{"damage_healed":0,"gold_gain":0,"player_choice":"Leave","damage_taken":0,"max_hp_gain":0,"max_hp_loss":0,"event_name":"The Cleric","floor":5,"gold_loss":0},{"damage_healed":0,"gold_gain":275,"player_choice":"Desecrate","damage_taken":0,"max_hp_gain":0,"max_hp_loss":0,"event_name":"Golden Shrine","floor":7,"gold_loss":0,"cards_obtained":["Regret"]},{"damage_healed":0,"gold_gain":0,"player_choice":"Got Potions","damage_taken":0,"max_hp_gain":0,"max_hp_loss":0,"event_name":"Lab","floor":12,"gold_loss":0},{"damage_healed":0,"gold_gain":275,"player_choice":"Desecrate","damage_taken":0,"max_hp_gain":0,"max_hp_loss":0,"event_name":"Golden Shrine","floor":21,"gold_loss":0,"cards_obtained":["Regret"]},{"damage_healed":0,"gold_gain":0,"player_choice":"Inject Mutagens","damage_taken":0,"relics_obtained":["MutagenicStrength"],"max_hp_gain":0,"max_hp_loss":0,"event_name":"Drug Dealer","floor":25,"gold_loss":0},{"damage_healed":19,"gold_gain":0,"player_choice":"Writhe","damage_taken":0,"max_hp_gain":0,"max_hp_loss":0,"event_name":"Winding Halls","floor":36,"gold_loss":0,"cards_obtained":["Writhe"]},{"cards_removed":["Flex"],"damage_healed":0,"gold_gain":0,"player_choice":"Removed Skill","damage_taken":0,"max_hp_gain":0,"max_hp_loss":0,"event_name":"Falling","floor":39,"gold_loss":0}],"is_beta":false,"boss_relics":[{"not_picked":["hermit:BartenderGlass","Black Star"],"picked":"Cursed Key"},{"not_picked":["Philosopher\u0027s Stone","Busted Crown"],"picked":"hermit:ClaspedLocket"}],"items_purged_floors":[37],"is_endless":false,"potions_floor_spawned":[3,10,11,19,28,30,31,33],"killed_by":"Reptomancer","ascension_level":0}}