{"host":"64f01u0zptxoviuq","time":1611081320,"event":{"mods":["BaseMod","Downfall","Minty Spire (QoL Compilation)","StSLib","The Cursed"],"gold_per_floor":[99,111,127,577,407,407,483,483,503,503,536,548,548,563,578,578,578,578],"floor_reached":16,"language":"ENG","playtime":1472,"items_purged":["downfall:Icky"],"score":102,"play_id":"82ce1584-e0eb-492a-8da1-70029b52d6e5","local_time":"20210119183520","is_ascension_mode":false,"campfire_choices":[{"data":"Guardian:CurlUp","floor":1,"key":"SMITH"},{"data":"Guardian:TwinSlam","floor":10,"key":"SMITH"},{"data":"Guardian:PiercingHide","floor":13,"key":"SMITH"}],"circlet_count":0,"master_deck":["Guardian:Strike_Guardian","Guardian:Strike_Guardian","Guardian:Strike_Guardian","Guardian:Strike_Guardian","Guardian:Defend_Guardian","Guardian:Defend_Guardian","Guardian:Defend_Guardian","Guardian:Defend_Guardian","Guardian:CurlUp+1","Guardian:TwinSlam+1","Guardian:Gem_Purple","Guardian:ArmoredProtocol","downfall:Icky","downfall:Icky","Guardian:SpikerProtocol","Guardian:Gem_Cyan","Guardian:Gem_Blue","Guardian:PiercingHide+1","Guardian:PrismaticBarrier","Guardian:Gem_Lightblue"],"relics":["Guardian:ModeShifter","Mummified Hand","Guardian:PickAxe","Question Card"],"acts_visited":["Exordium"],"potions_floor_usage":[],"damage_taken":[{"damage":1,"enemies":"Cultist","floor":2,"turns":4},{"damage":0,"enemies":"Small Slimes","floor":3,"turns":4},{"damage":0,"enemies":"downfall:FleeingMerchant","floor":5,"turns":4},{"damage":14,"enemies":"downfall:FleeingMerchant","floor":8,"turns":6},{"damage":0,"enemies":"2 Louse","floor":9,"turns":2},{"damage":25,"enemies":"Lagavulin","floor":11,"turns":10},{"damage":4,"enemies":"2 Fungi Beasts","floor":12,"turns":6},{"damage":6,"enemies":"Blue Slaver","floor":14,"turns":5},{"damage":16,"enemies":"Large Slime","floor":15,"turns":9},{"damage":34,"enemies":"SI_SHIV_ARCHETYPE","floor":16,"turns":8}],"seed_played":"-2546799071610662323","potions_obtained":[{"floor":3,"key":"Guardian:BlockOnCardUsePotion"},{"floor":12,"key":"Fire Potion"}],"is_trial":false,"path_per_floor":["R","M","M","?","$","?","T","?","M","R","E","M","R","M","M","B"],"character_chosen":"GUARDIAN","items_purchased":["Guardian:SpikerProtocol"],"campfire_rested":0,"item_purchase_floors":[5],"current_hp_per_floor":[88,87,87,87,87,92,92,78,78,78,53,49,49,43,27,0,0,0],"gold":578,"neow_bonus":"TEN_PERCENT_HP_BONUS","is_daily":false,"chose_seed":false,"campfire_upgraded":3,"win_rate":0.0,"timestamp":1611081320,"path_taken":["R","M","?","?","$","?","T","?","M","R","E","M","R","M","M","BOSS"],"items_purchased_type":["Card"],"build_version":"2020-12-22","purchased_purges":1,"victory":false,"max_hp_per_floor":[88,88,88,88,88,93,93,93,93,93,93,93,93,93,93,93,93,93],"card_choices":[{"not_picked":["Guardian:VentSteam","Guardian:RollAttack"],"picked":"Guardian:Gem_Purple","floor":2},{"not_picked":["Guardian:TemporalShield","Guardian:Planning"],"picked":"Guardian:ArmoredProtocol","floor":3},{"not_picked":["Guardian:Gem_Purple","Guardian:TimeBomb"],"picked":"Guardian:Gem_Cyan","floor":5},{"not_picked":["Guardian:TimeBomb","Guardian:Gem_Yellow"],"picked":"Guardian:Gem_Blue","floor":9},{"not_picked":["Guardian:Gem_Lightblue","Guardian:ChargeCore"],"picked":"Guardian:PiercingHide","floor":11},{"not_picked":["Guardian:ChargeCore","Guardian:Gem_Blue","Guardian:FloatingOrbs"],"picked":"Guardian:Gem_Crimson","floor":12},{"not_picked":["Guardian:EvasiveProtocol","Guardian:Gem_Cyan","Guardian:SpikerProtocol"],"picked":"Guardian:PrismaticBarrier","floor":14},{"not_picked":["Guardian:Incinerate","Guardian:SpikerProtocol","Guardian:TemporalStrike"],"picked":"Guardian:Gem_Lightblue","floor":15}],"player_experience":1880632,"relics_obtained":[{"floor":7,"key":"Mummified Hand"},{"floor":11,"key":"Question Card"}],"event_choices":[{"damage_healed":0,"gold_gain":0,"player_choice":"Donut","damage_taken":0,"max_hp_gain":5,"max_hp_loss":0,"event_name":"Big Fish","floor":6,"gold_loss":0}],"is_beta":false,"boss_relics":[],"items_purged_floors":[5],"is_endless":false,"potions_floor_spawned":[3,8,12],"killed_by":"SI_SHIV_ARCHETYPE","ascension_level":0}}