{"host":"5dk97cf2ubw2v967","time":1611038776,"event":{"mods":["AlwaysNeverKeys","BaseMod","Better Altar","Better Vampires","Block Reminder","Colored Powertips","Downfall","Googly Eyes","Highlight Path","Minty Spire (QoL Compilation)","Permanent Neow","Potion Indicator Mod","Quick Restart","Relic Filter","Relic Stats","Say the Spire","Spicy Shops","StSLib","Waifu the Spire","everything is the same but u backflip on backflip"],"gold_per_floor":[99,119,119,134,145,145,145,156,175,207,219,219,69,86,102,102,102,102],"floor_reached":16,"language":"ENG","playtime":882,"items_purged":["Regret"],"score":148,"play_id":"253ee249-e0f0-4a0a-8d71-8dd6af80afcf","local_time":"20210119064616","is_ascension_mode":true,"campfire_choices":[{"data":"Guardian:TwinSlam","floor":1,"key":"SMITH"},{"data":"Guardian:Strike_Guardian","floor":6,"key":"SMITH"}],"circlet_count":0,"master_deck":["Guardian:Strike_Guardian","Guardian:Strike_Guardian+1","Guardian:Strike_Guardian","Guardian:Defend_Guardian","Guardian:Defend_Guardian","Guardian:CurlUp","Guardian:TwinSlam+1","Guardian:EvasiveProtocol","Guardian:Harden","Guardian:ShieldCharger","Guardian:Repulse","Guardian:Gem_Fragmented","Guardian:ShieldCharger","Writhe","Guardian:Orbwalk"],"relics":["Runic Pyramid","Bag of Preparation","Ornamental Fan","Regal Pillow"],"acts_visited":["Exordium"],"potions_floor_usage":[10,11,15,16],"damage_taken":[{"damage":0,"enemies":"Small Slimes","floor":2,"turns":3},{"damage":3,"enemies":"Cultist","floor":4,"turns":3},{"damage":7,"enemies":"2 Louse","floor":5,"turns":2},{"damage":6,"enemies":"Large Slime","floor":8,"turns":3},{"damage":10,"enemies":"2 Fungi Beasts","floor":9,"turns":3},{"damage":31,"enemies":"3 Sentries","floor":10,"turns":9},{"damage":2,"enemies":"Red Slaver","floor":11,"turns":4},{"damage":15,"enemies":"downfall:FleeingMerchant","floor":13,"turns":4},{"damage":0,"enemies":"3 Louse","floor":14,"turns":5},{"damage":5,"enemies":"Gremlin Gang","floor":15,"turns":4},{"damage":34,"enemies":"IC_STATUS_ARCHETYPE","floor":16,"turns":8}],"seed_played":"2649222431194940556","potions_obtained":[{"floor":5,"key":"Energy Potion"},{"floor":9,"key":"Regen Potion"},{"floor":10,"key":"LiquidMemories"},{"floor":11,"key":"Regen Potion"},{"floor":14,"key":"Slimebound:ThreeZeroPotion"}],"is_trial":false,"path_per_floor":["R","M","?","M","M","R","T","M","M","E","M","?","$","M","M","B"],"character_chosen":"GUARDIAN","items_purchased":["Regal Pillow"],"campfire_rested":0,"item_purchase_floors":[13],"current_hp_per_floor":[72,72,72,69,62,62,62,56,46,30,28,54,39,39,34,0,0,0],"gold":102,"neow_bonus":"BOSS_RELIC","is_daily":false,"chose_seed":false,"campfire_upgraded":2,"win_rate":0.0,"timestamp":1611038776,"path_taken":["R","M","?","M","?","R","T","M","M","E","M","?","$","M","M","BOSS"],"items_purchased_type":["Relic"],"build_version":"2020-12-22","purchased_purges":1,"victory":false,"max_hp_per_floor":[80,80,80,80,80,80,80,80,80,80,80,80,80,80,80,80,80,80],"relic_stats":{"Regal Pillow":0,"counters":[11,48],"Ornamental Fan":[52],"Bag of Preparation":[16],"obtain_stats":[{"Regal Pillow":13,"Ornamental Fan":10,"Guardian:ModeShifter":0,"Bag of Preparation":7,"Runic Pyramid":0},{"Regal Pillow":8,"Ornamental Fan":6,"Guardian:ModeShifter":0,"Bag of Preparation":3,"Runic Pyramid":0},{"Regal Pillow":31,"Ornamental Fan":23,"Guardian:ModeShifter":0,"Bag of Preparation":8,"Runic Pyramid":0}]},"card_choices":[{"not_picked":["Guardian:TemporalShield","Guardian:Recover"],"picked":"Guardian:Gem_Fragmented","floor":2},{"not_picked":["Guardian:TemporalStrike","Guardian:Gem_Red","Guardian:Recover"],"picked":"SKIP","floor":4},{"not_picked":["Guardian:Gem_Red","Guardian:Reroute"],"picked":"Guardian:EvasiveProtocol","floor":5},{"not_picked":["Guardian:Incinerate","Guardian:SpikerProtocol"],"picked":"Guardian:Harden","floor":8},{"not_picked":["Guardian:BronzeArmor","Guardian:WalkerClaw"],"picked":"Guardian:ShieldCharger","floor":9},{"not_picked":["Guardian:WalkerClaw","Guardian:TemporalStrike"],"picked":"Guardian:Repulse","floor":10},{"not_picked":["Guardian:TemporalShield","Guardian:BodySlam"],"picked":"Guardian:Gem_Fragmented","floor":11},{"not_picked":["Guardian:PrismaticBarrier","Guardian:FierceBash"],"picked":"Guardian:ShieldCharger","floor":13},{"not_picked":["Guardian:PiercingHide","Guardian:RollAttack"],"picked":"Guardian:Orbwalk","floor":14},{"not_picked":["Guardian:BodySlam","Guardian:Suspension","Guardian:Gem_Red"],"picked":"SKIP","floor":15}],"player_experience":1221298,"relics_obtained":[{"floor":7,"key":"Bag of Preparation"},{"floor":10,"key":"Ornamental Fan"}],"event_choices":[{"damage_healed":26,"gold_gain":0,"player_choice":"Banana","damage_taken":0,"max_hp_gain":0,"max_hp_loss":0,"event_name":"Big Fish","floor":12,"gold_loss":0}],"is_beta":false,"boss_relics":[],"items_purged_floors":[13],"is_endless":false,"potions_floor_spawned":[5,9,10,11,14],"killed_by":"IC_STATUS_ARCHETYPE","ascension_level":8}}