{"host":"dazi714svy9she3p","time":1611056279,"event":{"mods":["AchievementEnabler","Act Like it!","BaseMod","Better Skull","CapriCore","CatGirl Mod","Colored Map","Friendly Minions","GifTheSpireLib","Highlight Path","Hubris","Infinite Spire","Jorbs\u0027s Wanderer Trilogy","Koishi","Lobotomy","LobotomyExtend","Mad Scientist","Minty Spire (QoL Compilation)","Random Character Button","Rare Cards Sparkle","Relic Sorter","RemiliaÅiÂQïƒ‰ª?Åj","Replay The Spire","StSLib","The Animator","The Blackbeard","The Bladedancer","The Construct","The Cursed","The Druid","The Forsaken","The Gatherer","The Immortal","The Juggle","The Marked","The Mystic","The Wild Card"],"gold_per_floor":[115,132,132,150,166,166,234,195,221,396,415,415,427,439,439,439,439,439],"floor_reached":16,"language":"ENG","playtime":2703,"items_purged":[],"score":94,"play_id":"670a61af-cc14-4b3b-8784-a33bda8e91ed","local_time":"20210119033759","is_ascension_mode":false,"campfire_choices":[{"floor":6,"key":"REST"},{"floor":12,"key":"REST"},{"floor":15,"key":"REST"}],"circlet_count":0,"master_deck":["MokouMod:Strike","MokouMod:Strike","MokouMod:Strike","MokouMod:Strike","MokouMod:Strike","MokouMod:Defend+1","MokouMod:Defend+1","MokouMod:Defend","MokouMod:Defend","MokouMod:HeatSpark","MokouMod:ResoluteFlare","MeatLantern","MokouMod:ResoluteFlare","PunishingBird","MokouMod:UncontrollableSolarReaction","WallGazer","MokouMod:Fireball","MokouMod:BurningDraft+1","Doubt","MokouMod:TemporalFireSeal","BlackArmy","MokouMod:Combust","Variant","MokouMod:SpontaneousHumanCombustion"],"relics":["MokouMod:PhoenixFeather","CogitoBucket","LetterFromLob","War Paint","Replay:Bottled Flurry","Replay:Mystery Machine","HellTrain"],"acts_visited":["Exordium"],"potions_floor_usage":[16,16,16],"damage_taken":[{"damage":7,"enemies":"2 Louse","floor":1,"turns":3},{"damage":36,"enemies":"Cultist","floor":2,"turns":3},{"damage":0,"enemies":"Jaw Worm","floor":4,"turns":2},{"damage":5,"enemies":"Exordium Thugs","floor":5,"turns":6},{"damage":71,"enemies":"Gremlin Gang","floor":11,"turns":4},{"damage":18,"enemies":"Large Slime","floor":13,"turns":4},{"damage":3,"enemies":"Exordium Wildlife","floor":14,"turns":3},{"damage":107,"enemies":"Hexaghost","floor":16,"turns":5}],"seed_played":"3558041241475159246","potions_obtained":[{"floor":2,"key":"Cursed Concoction"},{"floor":5,"key":"SteroidPotion"},{"floor":11,"key":"Dexterity Potion"},{"floor":13,"key":"Explosive Potion"}],"is_trial":false,"path_per_floor":["M","M","?","M","M","R","T","$","T","?","M","R","M","M","R_BF","B"],"character_chosen":"MKU","items_purchased":["MokouMod:BurningDraft+1"],"campfire_rested":3,"item_purchase_floors":[8],"current_hp_per_floor":[68,32,32,32,31,53,53,53,53,53,12,34,18,15,37,0,0,0],"gold":439,"neow_bonus":"","is_daily":false,"chose_seed":false,"campfire_upgraded":0,"win_rate":0.0,"timestamp":1611056279,"path_taken":["M","M","?","?","M","R","?","$","T","?","M","R","M","M","R_BF","BOSS"],"items_purchased_type":["Card"],"build_version":"2020-12-22","purchased_purges":0,"victory":false,"max_hp_per_floor":[75,75,75,75,75,75,75,75,75,75,75,75,75,75,75,75,75,75],"card_choices":[{"not_picked":["ShyLook","OldLady"],"picked":"Scorched","floor":1},{"not_picked":["MokouMod:ShiftIgnition","MokouMod:HeatFactory"],"picked":"MokouMod:ResoluteFlare","floor":1},{"not_picked":["CrumblingArmor","DreamingCurrent"],"picked":"MeatLantern","floor":2},{"not_picked":["MokouMod:SubterraneanCore","MokouMod:BlazingComet"],"picked":"MokouMod:ResoluteFlare","floor":2},{"not_picked":["MHz","CrumblingArmor"],"picked":"PunishingBird","floor":4},{"not_picked":["MokouMod:CrimsonFlare","MokouMod:Firecracker"],"picked":"MokouMod:UncontrollableSolarReaction","floor":4},{"not_picked":["Scorched","CherryBlossoms"],"picked":"WallGazer","floor":5},{"not_picked":["MokouMod:Sear","MokouMod:Firecracker"],"picked":"MokouMod:Fireball","floor":5},{"not_picked":["MokouMod:EternalBurstReactor","MokouMod:ScorchingColumn"],"picked":"MokouMod:TemporalFireSeal","floor":11},{"not_picked":["LittlePrince","WhitesApple"],"picked":"Mercenary","floor":11},{"not_picked":["SpiderBud","Rudolta","VoidDream"],"picked":"Singing Bowl","floor":13},{"not_picked":["Bloodbath","SingingMachine"],"picked":"BlackArmy","floor":13},{"not_picked":["MokouMod:Scorch","MokouMod:BurningDraft"],"picked":"MokouMod:Combust","floor":13},{"not_picked":["Funeral","Scorched"],"picked":"Variant","floor":14},{"not_picked":["MokouMod:Afterburner","MokouMod:Refresh"],"picked":"MokouMod:SpontaneousHumanCombustion","floor":14}],"player_experience":41570,"relics_obtained":[{"floor":1,"key":"LetterFromLob"},{"floor":7,"key":"Replay:Bottled Flurry"},{"floor":9,"key":"Replay:Mystery Machine"}],"event_choices":[{"cards_removed":["Scorched"],"damage_healed":0,"gold_gain":0,"player_choice":"Gave Card","damage_taken":0,"relics_obtained":["War Paint"],"max_hp_gain":0,"max_hp_loss":0,"event_name":"WeMeetAgain","floor":3,"gold_loss":0},{"damage_healed":0,"gold_gain":175,"player_choice":"AGREE","damage_taken":0,"max_hp_gain":0,"max_hp_loss":0,"event_name":"Liars Game","floor":10,"gold_loss":0,"cards_obtained":["Doubt"]}],"is_beta":false,"boss_relics":[],"items_purged_floors":[],"is_endless":false,"potions_floor_spawned":[2,5,11,13],"killed_by":"Hexaghost","ascension_level":0}}