{"host":"fuszjwm6fqgjjp4d","time":1611034546,"event":{"mods":["BaseMod","Bestiary","Colored Map","DeckTracker","Minty Spire (QoL Compilation)","Permanent Neow","Relic Sorter","Relic Stats","StSLib"],"gold_per_floor":[117,117,132,148,167,198,198,232,232,232,232,265,265,301,301,397,397,411,336,336,354,354,354,28,28,28,28,28,67,87,31,31,129,129,154,167,167,198,0,0,34,34,34,34,70,94,94,113,113,113,113,113],"floor_reached":51,"language":"ENG","playtime":1997,"items_purged":[],"score":1394,"play_id":"713689a1-4f75-4ea0-bb37-3c0311e570a4","local_time":"20210118233546","is_ascension_mode":true,"campfire_choices":[{"data":"Streamline","floor":7,"key":"SMITH"},{"floor":11,"key":"REST"},{"data":"Hologram","floor":13,"key":"SMITH"},{"data":"Self Repair","floor":15,"key":"SMITH"},{"data":"Machine Learning","floor":23,"key":"SMITH"},{"data":"Creative AI","floor":25,"key":"SMITH"},{"data":"Consume","floor":27,"key":"SMITH"},{"data":"Reboot","floor":32,"key":"SMITH"},{"data":"Biased Cognition","floor":40,"key":"SMITH"},{"floor":44,"key":"REST"},{"floor":49,"key":"DIG"}],"circlet_count":0,"master_deck":["AscendersBane","Strike_B","Strike_B","Strike_B","Defend_B","Defend_B","Defend_B","Defend_B","Zap","Dualcast","Sweeping Beam","Cold Snap","Reboot+1","Streamline+1","Doom and Gloom","Hologram+1","Conserve Battery","Self Repair+1","Machine Learning+1","Consume+1","Barrage","Creative AI+1","Biased Cognition+1","Biased Cognition","Glacier"],"relics":["Velvet Choker","Golden Idol","Dream Catcher","Incense Burner","CaptainsWheel","Turnip","Pocketwatch","Nuclear Battery","Nilry\u0027s Codex","Lee\u0027s Waffle","Singing Bowl","Bag of Marbles","Eternal Feather","Inserter","Dead Branch","Red Mask","Nunchaku","StrikeDummy","Shovel","Shuriken","Mummified Hand"],"acts_visited":["Exordium","TheCity","TheBeyond"],"potions_floor_usage":[8,12,12,29,33,41,50,50],"damage_taken":[{"damage":2.0,"enemies":"2 Louse","floor":1.0,"turns":2.0},{"damage":4.0,"enemies":"Small Slimes","floor":3.0,"turns":3.0},{"damage":0.0,"enemies":"Cultist","floor":4.0,"turns":3.0},{"damage":4.0,"enemies":"Blue Slaver","floor":5.0,"turns":3.0},{"damage":19,"enemies":"3 Sentries","floor":6,"turns":8},{"damage":9,"enemies":"Lagavulin","floor":8,"turns":6},{"damage":8,"enemies":"3 Sentries","floor":12,"turns":3},{"damage":5,"enemies":"Lagavulin","floor":14,"turns":5},{"damage":13,"enemies":"Slime Boss","floor":16,"turns":6},{"damage":1,"enemies":"Spheric Guardian","floor":18,"turns":4},{"damage":4,"enemies":"Shell Parasite","floor":21,"turns":4},{"damage":24,"enemies":"Book of Stabbing","floor":29,"turns":5},{"damage":31,"enemies":"Snake Plant","floor":30,"turns":5},{"damage":4,"enemies":"Champ","floor":33,"turns":13},{"damage":6,"enemies":"Orb Walker","floor":35,"turns":5},{"damage":6,"enemies":"3 Shapes","floor":36,"turns":6},{"damage":26,"enemies":"Mind Bloom Boss Battle","floor":38,"turns":8},{"damage":51,"enemies":"Reptomancer","floor":41,"turns":6},{"damage":24,"enemies":"Nemesis","floor":45,"turns":5},{"damage":13,"enemies":"3 Darklings","floor":46,"turns":6},{"damage":1,"enemies":"Sphere and 2 Shapes","floor":48,"turns":6},{"damage":32,"enemies":"Donu and Deca","floor":50,"turns":11},{"damage":67,"enemies":"Awakened One","floor":51,"turns":3}],"seed_played":"-1960702712600052967","potions_obtained":[{"floor":1.0,"key":"EssenceOfSteel"},{"floor":4.0,"key":"CultistPotion"},{"floor":10,"key":"Explosive Potion"},{"floor":10,"key":"EntropicBrew"},{"floor":12,"key":"Fire Potion"},{"floor":21,"key":"Explosive Potion"},{"floor":33,"key":"FearPotion"},{"floor":35,"key":"PotionOfCapacity"},{"floor":46,"key":"Weak Potion"},{"floor":48,"key":"SkillPotion"}],"is_trial":false,"path_per_floor":["M","?","M","M","M","E","R","E","T","?","R","E","R","E","R","B",null,"M","?","?","M","?","R","$","R","T","R","T","E","M","$","R","B",null,"M","M","?","?","?","R","E","?","T","R","E","M","T","M","R","B","B"],"character_chosen":"DEFECT","items_purchased":["Creative AI","Lee\u0027s Waffle","Energy Potion"],"campfire_rested":2,"item_purchase_floors":[24,24,31],"current_hp_per_floor":[62,62,58,58,54,35,35,26,26,26,45,37,37,32,32,29,55,64,64,43,49,49,49,71,71,71,71,71,59,40,40,52,58,71,77,79,79,65,65,77,36,38,38,74,62,61,61,72,87,65,0,0],"gold":113,"neow_bonus":"BOSS_RELIC","is_daily":false,"chose_seed":false,"campfire_upgraded":8,"win_rate":0.0,"timestamp":1611034546,"path_taken":["M","?","M","M","M","E","R","E","T","?","R","E","R","E","R","BOSS","M","?","?","M","?","R","$","R","T","R","?","E","M","$","R","BOSS","M","M","?","?","?","R","E","?","T","R","E","M","?","M","R","BOSS","BOSS"],"items_purchased_type":["Card","Relic","Potion"],"build_version":"2020-12-22","purchased_purges":0,"victory":false,"max_hp_per_floor":[71,64,64,64,64,64,64,64,64,64,64,64,64,64,64,64,64,64,64,64,64,64,64,71,71,71,71,71,73,75,75,75,75,75,77,79,79,81,81,81,81,83,83,83,85,87,87,89,89,89,89,89],"relic_stats":{"Lee\u0027s Waffle":22,"Inserter":[28],"Singing Bowl":18,"counters":[23,126],"Golden Idol":151,"Dead Branch":[21],"Eternal Feather":51,"Dream Catcher":2,"Nunchaku":[3],"Shovel":1,"Shuriken":[1],"Mummified Hand":[27],"Turnip":[18],"obtain_stats":[{"Lee\u0027s Waffle":24,"Inserter":34,"Singing Bowl":26,"Golden Idol":2,"Nilry\u0027s Codex":20,"Dead Branch":38,"Velvet Choker":0,"Eternal Feather":29,"Incense Burner":8,"Nuclear Battery":17,"Dream Catcher":6,"CaptainsWheel":9,"Nunchaku":41,"Shovel":45,"Shuriken":47,"Mummified Hand":49,"Turnip":12,"Bag of Marbles":28,"Red Mask":39,"Cracked Core":0,"StrikeDummy":43,"Pocketwatch":14},{"Lee\u0027s Waffle":11,"Inserter":14,"Singing Bowl":11,"Golden Idol":1,"Nilry\u0027s Codex":10,"Dead Branch":17,"Velvet Choker":0,"Eternal Feather":12,"Incense Burner":6,"Nuclear Battery":9,"Dream Catcher":5,"CaptainsWheel":6,"Nunchaku":18,"Shovel":19,"Shuriken":20,"Mummified Hand":21,"Turnip":7,"Bag of Marbles":11,"Red Mask":17,"Cracked Core":0,"StrikeDummy":18,"Pocketwatch":8},{"Lee\u0027s Waffle":47,"Inserter":70,"Singing Bowl":47,"Golden Idol":2,"Nilry\u0027s Codex":43,"Dead Branch":89,"Velvet Choker":0,"Eternal Feather":52,"Incense Burner":25,"Nuclear Battery":39,"Dream Catcher":19,"CaptainsWheel":25,"Nunchaku":95,"Shovel":100,"Shuriken":106,"Mummified Hand":112,"Turnip":28,"Bag of Marbles":47,"Red Mask":89,"Cracked Core":0,"StrikeDummy":95,"Pocketwatch":33}],"Pocketwatch":[66]},"card_choices":[{"not_picked":["Heatsinks","Capacitor"],"picked":"Sweeping Beam","floor":1.0},{"not_picked":["Stack","Barrage"],"picked":"Cold Snap","floor":3.0},{"not_picked":["Leap","Stack"],"picked":"Reboot","floor":4.0},{"not_picked":["Rebound","Stack"],"picked":"Streamline","floor":5.0},{"not_picked":["Steam Power","Sweeping Beam"],"picked":"Doom and Gloom","floor":6},{"not_picked":["Stack","Thunder Strike"],"picked":"Hologram","floor":8},{"not_picked":["Turbo","Double Energy"],"picked":"Conserve Battery","floor":11},{"not_picked":["Lockon","Chaos","Go for the Eyes"],"picked":"SKIP","floor":12},{"not_picked":["Rebound","Static Discharge"],"picked":"Self Repair","floor":14},{"not_picked":["Reboot","Echo Form"],"picked":"Machine Learning","floor":16},{"not_picked":["BootSequence+1","Storm"],"picked":"Consume","floor":18},{"not_picked":["Sweeping Beam","Go for the Eyes+1"],"picked":"Barrage","floor":21},{"not_picked":["Genetic Algorithm","Coolheaded+1","Conserve Battery"],"picked":"Singing Bowl","floor":29},{"not_picked":["Steam","Lockon","Aggregate"],"picked":"Singing Bowl","floor":30},{"not_picked":["Machine Learning","Electrodynamics"],"picked":"Biased Cognition","floor":33},{"not_picked":["Hologram","Skim","Go for the Eyes"],"picked":"Singing Bowl","floor":35},{"not_picked":["Barrage","Leap+1","Ball Lightning"],"picked":"Singing Bowl","floor":36},{"not_picked":["Chill","Barrage","Gash+1"],"picked":"Singing Bowl","floor":38},{"not_picked":["Barrage+1","Glacier"],"picked":"Biased Cognition","floor":41},{"not_picked":["Good Instincts","Madness","Panacea"],"picked":"Singing Bowl","floor":42},{"not_picked":["Sweeping Beam","Heatsinks"],"picked":"Glacier","floor":44},{"not_picked":["Rip and Tear+1","Doom and Gloom","Blizzard+1"],"picked":"Singing Bowl","floor":45},{"not_picked":["Tempest","Ball Lightning","Streamline"],"picked":"Singing Bowl","floor":46},{"not_picked":["Melter","Rebound","Cold Snap"],"picked":"Singing Bowl","floor":48}],"player_experience":1298581,"relics_obtained":[{"floor":6,"key":"Dream Catcher"},{"floor":8,"key":"Incense Burner"},{"floor":9,"key":"CaptainsWheel"},{"floor":12,"key":"Turnip"},{"floor":14,"key":"Pocketwatch"},{"floor":20,"key":"Nilry\u0027s Codex"},{"floor":26,"key":"Singing Bowl"},{"floor":28,"key":"Bag of Marbles"},{"floor":29,"key":"Eternal Feather"},{"floor":38,"key":"Dead Branch"},{"floor":41,"key":"Nunchaku"},{"floor":43,"key":"StrikeDummy"},{"floor":45,"key":"Shovel"},{"floor":47,"key":"Shuriken"},{"floor":49,"key":"Mummified Hand"}],"event_choices":[{"damage_healed":0.0,"max_hp_gain":0.0,"max_hp_loss":7.0,"gold_gain":0.0,"event_name":"Golden Idol","player_choice":"Lose Max HP","floor":2.0,"gold_loss":0.0,"damage_taken":0.0,"relics_obtained":["Golden Idol"]},{"damage_healed":0,"gold_gain":0,"player_choice":"Got Potions","damage_taken":0,"max_hp_gain":0,"max_hp_loss":0,"event_name":"Lab","floor":10,"gold_loss":0},{"cards_removed":["Strike_B"],"damage_healed":0,"gold_gain":0,"player_choice":"Gave Gold","damage_taken":0,"max_hp_gain":0,"max_hp_loss":0,"event_name":"Beggar","floor":19,"gold_loss":75},{"damage_healed":0,"gold_gain":0,"player_choice":"Obtained Book","damage_taken":21,"max_hp_gain":0,"max_hp_loss":0,"event_name":"Cursed Tome","floor":20,"gold_loss":0},{"damage_healed":0,"gold_gain":0,"player_choice":"Ignored","damage_taken":0,"max_hp_gain":0,"max_hp_loss":0,"event_name":"Vampires","floor":22,"gold_loss":0},{"damage_healed":0,"gold_gain":0,"player_choice":"Ignored","damage_taken":0,"max_hp_gain":0,"max_hp_loss":0,"event_name":"Mysterious Sphere","floor":37,"gold_loss":0},{"damage_healed":0,"gold_gain":0,"player_choice":"Fight","damage_taken":0,"max_hp_gain":0,"max_hp_loss":0,"event_name":"MindBloom","floor":38,"gold_loss":0},{"damage_healed":0,"gold_gain":0,"player_choice":"Paid","damage_taken":0,"relics_obtained":["Red Mask"],"max_hp_gain":0,"max_hp_loss":0,"event_name":"Tomb of Lord Red Mask","floor":39,"gold_loss":198},{"damage_healed":0,"gold_gain":0,"player_choice":"Memory 1","damage_taken":0,"max_hp_gain":0,"max_hp_loss":0,"event_name":"SensoryStone","floor":42,"gold_loss":0}],"is_beta":false,"boss_relics":[{"not_picked":["SlaversCollar","Runic Pyramid"],"picked":"Nuclear Battery"},{"not_picked":["Astrolabe","SacredBark"],"picked":"Inserter"}],"items_purged_floors":[],"is_endless":false,"potions_floor_spawned":[1,4,12,18,21,33,35,46,48],"killed_by":"Awakened One","ascension_level":20}}