{"host":"bavnrlhi49015oee","time":1611034411,"event":{"mods":["BaseMod","Become a monster ∞Ÿ±‰π÷","Colored Powertips","Lobotomy","LobotomyExtend","Minty Spire (QoL Compilation)","Quick Restart","Ryuuou¡˙Õı","StSLib","Uncapped"],"gold_per_floor":[110,122,122,136,148,148,148,148,173,183,201,212,212,224,224,323,323,323,323],"floor_reached":18,"language":"ZHS","playtime":471,"items_purged":[],"score":206,"play_id":"925fc046-8145-4797-ad99-021b9c5645f1","local_time":"20210119133331","is_ascension_mode":false,"campfire_choices":[{"floor":6,"key":"REST"},{"data":"Berserk","floor":15,"key":"SMITH"}],"circlet_count":0,"master_deck":["Apo_SoulSlash","Apo_Charge","Apo_Charge","Apo_Charge","Apo_Charge","Apo_Beam","Apo_Beam","Apo_Beam","Apo_Execute","Apo_Slash","Apo_Slash","Apo_SoulSlash","Anger","SingingMachine","Blood for Blood","Freischutz","Clothesline","Berserk+1","Havoc","Deep Breath","RedShoes","Uppercut","Demon Form"],"relics":["Burning Blood","CogitoBucket","LetterFromLob","ApostleMask","Centennial Puzzle","HellTrain","Black Star"],"acts_visited":["Exordium","TheCity"],"potions_floor_usage":[],"damage_taken":[{"damage":5,"enemies":"2 Louse","floor":1,"turns":2},{"damage":10,"enemies":"Cultist","floor":2,"turns":3},{"damage":17,"enemies":"Jaw Worm","floor":4,"turns":3},{"damage":15,"enemies":"Lots of Slimes","floor":5,"turns":3},{"damage":24,"enemies":"Looter","floor":10,"turns":2},{"damage":11,"enemies":"Exordium Wildlife","floor":11,"turns":3},{"damage":0,"enemies":"2 Fungi Beasts","floor":12,"turns":2},{"damage":17,"enemies":"Gremlin Gang","floor":14,"turns":2},{"damage":46,"enemies":"The Guardian","floor":16,"turns":4},{"damage":17,"enemies":"Shell Parasite","floor":18,"turns":2}],"seed_played":"7016925632157376092","potions_obtained":[{"floor":1,"key":"SmokeBomb"},{"floor":11,"key":"Swift Potion"},{"floor":12,"key":"SneckoOil"},{"floor":14,"key":"Block Potion"}],"is_trial":false,"path_per_floor":["M","M","?","M","M","R","E","M","T","M","M","M","?","M","R","B",null,"M"],"character_chosen":"IRONCLAD","items_purchased":[],"campfire_rested":1,"item_purchase_floors":[],"current_hp_per_floor":[80,76,76,65,56,56,56,56,56,32,80,80,80,63,63,17,17,0,0],"gold":323,"neow_bonus":"","is_daily":false,"chose_seed":false,"campfire_upgraded":1,"win_rate":0.0,"timestamp":1611034411,"path_taken":["M","M","?","M","?","R","E","M","T","?","M","M","?","?","R","BOSS","M"],"items_purchased_type":[],"build_version":"2020-12-22","purchased_purges":0,"victory":false,"max_hp_per_floor":[80,80,80,80,80,80,80,80,80,80,80,80,80,80,80,80,80,80,80],"card_choices":[{"not_picked":["Wellcheers","ShyLook","Bloodbath"],"picked":"Singing Bowl","floor":1},{"not_picked":["WhitesApple","CrumblingArmor"],"picked":"FieryBird","floor":1},{"not_picked":["Iron Wave","Blood for Blood"],"picked":"Thunderclap","floor":1},{"not_picked":["CrumblingArmor","VoidDream","Bloodbath"],"picked":"Singing Bowl","floor":2},{"not_picked":["MeatLantern","DespairKnight"],"picked":"OSAHOGD","floor":2},{"not_picked":["Armaments","Pommel Strike"],"picked":"Disarm","floor":2},{"not_picked":["SpiderBud","VoidDream","DespairKnight"],"picked":"Singing Bowl","floor":4},{"not_picked":["MHz","UniverseFragment"],"picked":"OldLady","floor":4},{"not_picked":["Sword Boomerang","Clash"],"picked":"Twin Strike","floor":4},{"not_picked":["Murderer","SpiderBud"],"picked":"WhiteNight","floor":5},{"not_picked":["Iron Wave","Combust"],"picked":"Infernal Blade","floor":5},{"not_picked":["Murderer","OSAHOGD","CrumblingArmor"],"picked":"Singing Bowl","floor":10},{"not_picked":["Body Slam","Havoc"],"picked":"Anger","floor":10},{"not_picked":["DespairKnight","Murderer"],"picked":"SingingMachine","floor":11},{"not_picked":["Barricade","Wild Strike"],"picked":"Blood for Blood","floor":11},{"not_picked":["BeautyBeast","OSAHOGD"],"picked":"Freischutz","floor":12},{"not_picked":["Pommel Strike","True Grit"],"picked":"Clothesline","floor":12},{"not_picked":["GreedKing","Bloodbath"],"picked":"RedShoes","floor":14},{"not_picked":["Sever Soul","Ghostly Armor"],"picked":"Uppercut","floor":14},{"not_picked":["FieryBird","Rudolta","ShyLook"],"picked":"Singing Bowl","floor":16},{"not_picked":["Impervious","Double Tap"],"picked":"Demon Form","floor":16}],"player_experience":126696,"relics_obtained":[{"floor":1,"key":"LetterFromLob"},{"floor":9,"key":"Centennial Puzzle"}],"event_choices":[{"damage_healed":0,"gold_gain":0,"player_choice":"Upgraded","damage_taken":0,"max_hp_gain":0,"max_hp_loss":0,"event_name":"Upgrade Shrine","floor":3,"gold_loss":0,"cards_upgraded":["Disarm"]},{"damage_healed":0,"gold_gain":0,"player_choice":"3 cards matched","damage_taken":0,"max_hp_gain":0,"max_hp_loss":0,"event_name":"Match and Keep!","floor":13,"gold_loss":0,"cards_obtained":["Berserk","Havoc","Deep Breath"]}],"is_beta":false,"boss_relics":[{"not_picked":["Tiny House","Cursed Key"],"picked":"Black Star"}],"items_purged_floors":[],"is_endless":false,"potions_floor_spawned":[1,11,12,14],"killed_by":"Shell Parasite","ascension_level":0}}