{"host":"1zjc08c6hob33401","time":1611018626,"event":{"mods":["AchievementEnabler","Act Like it!","Aspiration","BaseMod","Downfall","Energized Spire","Evolution","Friendly Minions","Gensokyo","GifTheSpireLib","Hubris","Infinite Spire","Jedi Mod","Minty Spire (QoL Compilation)","Pale of the Ancients","Quick Restart","Retaliation","Shop Mod","Spire Arcade","StS++","StSLib","Stuff the Spire","The Blue Laboratory","Wandering Minibosses","vexMod","??????REMEMod"],"gold_per_floor":[116,116,134,151,171,171,15,15,40,54,54,71,90,106,106,206,206,223,242,242,255,266,295,295,295,365,376,391,405,405,415,415,415,415],"floor_reached":33,"language":"RUS","playtime":1774,"items_purged":[],"score":496,"play_id":"9532c125-7987-4d06-b16e-21486a1a8ad9","local_time":"20210119031026","is_ascension_mode":true,"campfire_choices":[{"data":"hubris:EnhanceAbility","floor":6.0,"key":"SMITH"},{"data":"Electrodynamics","floor":8.0,"key":"SMITH"},{"data":"Hello World","floor":11.0,"key":"SMITH"},{"data":"Buffer","floor":15.0,"key":"SMITH"},{"data":"hubris:DoWhile","floor":24,"key":"SMITH"},{"data":"Rainbow","floor":30,"key":"SMITH"},{"data":"jedi:studyfrost","floor":32,"key":"SMITH"}],"circlet_count":0,"master_deck":["Barrage","Strike_B","Strike_B","Defend_B","Defend_B","Defend_B","Defend_B","Zap","Dualcast","hubris:EnhanceAbility+1","Electrodynamics+1","Conserve Battery","Leap","jedi:BurstLightning","Hello World+1","Leap","Ball Lightning","Buffer+1","hubris:DoWhile+1","Coolheaded+1","jedi:BurstLightning","Rainbow+1","aspiration:Polymerization","Storm","Barrage","Consume+1","jedi:markofdeath+1","Cold Snap+1","jedi:studyfrost+1"],"relics":["Cracked Core","EVO:Axolotl","REME_ComplimentaryCards","StuffTheSpire:Mouthbags","vexMod:GhostlyGear","jedi:crownofsimplicity","jedi:battlestandard","StuffTheSpire:OldFever","StuffTheSpire:PointBlank"],"acts_visited":["Exordium","TheCity"],"potions_floor_usage":[23,28,33],"damage_taken":[{"damage":0.0,"enemies":"2 Louse","floor":1.0,"turns":2.0},{"damage":0.0,"enemies":"Cultist","floor":3.0,"turns":2.0},{"damage":14.0,"enemies":"Small Slimes","floor":4.0,"turns":2.0},{"damage":6.0,"enemies":"Looter","floor":5.0,"turns":3.0},{"damage":0.0,"enemies":"Lots of Slimes","floor":10.0,"turns":3.0},{"damage":0.0,"enemies":"Blue Slaver","floor":12.0,"turns":3.0},{"damage":2.0,"enemies":"Exordium Wildlife","floor":13.0,"turns":2.0},{"damage":0.0,"enemies":"Large Slime","floor":14.0,"turns":3.0},{"damage":0.0,"enemies":"Slime Boss","floor":16.0,"turns":5.0},{"damage":3.0,"enemies":"2 Thieves","floor":18.0,"turns":3.0},{"damage":0.0,"enemies":"Spheric Guardian","floor":19.0,"turns":3.0},{"damage":0.0,"enemies":"Snecko","floor":21.0,"turns":4.0},{"damage":0.0,"enemies":"Cultist and Chosen","floor":22.0,"turns":4.0},{"damage":0,"enemies":"Nightmare","floor":23,"turns":6},{"damage":0,"enemies":"Snake Plant","floor":27,"turns":3},{"damage":0,"enemies":"3 Cultists","floor":28,"turns":3},{"damage":25,"enemies":"Shelled Parasite and Fungi","floor":29,"turns":4},{"damage":9,"enemies":"Sentry and Sphere","floor":31,"turns":6},{"damage":78,"enemies":"Champ","floor":33,"turns":9}],"seed_played":"3060044730298906398","potions_obtained":[{"floor":3.0,"key":"FearPotion"},{"floor":5.0,"key":"SkillPotion"},{"floor":10.0,"key":"Dexterity Potion"},{"floor":12.0,"key":"blueLaboratory:PhilterOfMotion"},{"floor":18.0,"key":"blueLaboratory:LouseDecoction"},{"floor":22.0,"key":"hexamod:SoulburnPotion"},{"floor":29,"key":"Block Potion"}],"is_trial":false,"path_per_floor":["M","?","M","M","M","R","$","R","T","M","R","M","M","M","R","B",null,"M","M","?","M","M","NM","R","?","T","M","M","M","R","M","R","B"],"character_chosen":"DEFECT","items_purchased":["vexMod:GhostlyGear"],"campfire_rested":0,"item_purchase_floors":[7],"current_hp_per_floor":[68,61,61,47,41,41,41,41,41,41,41,41,39,39,39,39,66,63,63,63,63,63,63,63,85,85,85,85,60,60,51,51,0,0],"gold":415,"neow_bonus":"ONE_RANDOM_RARE_CARD","is_daily":false,"chose_seed":false,"campfire_upgraded":7,"win_rate":0.0,"timestamp":1611018626,"path_taken":["M","?","M","M","M","R","?","R","T","M","R","?","M","M","R","BOSS","M","M","?","M","M","NM","R","?","T","M","M","M","R","M","R","BOSS"],"items_purchased_type":["Relic"],"build_version":"2020-12-22","purchased_purges":0,"victory":false,"max_hp_per_floor":[75,75,75,75,75,75,75,75,75,75,75,75,75,75,75,75,75,75,75,75,75,75,75,75,85,85,85,85,85,85,85,85,85,85],"card_choices":[{"not_picked":["Streamline","Steam"],"picked":"Conserve Battery","floor":1.0},{"not_picked":["jedi:BurstFrost","Rebound"],"picked":"Leap","floor":3.0},{"not_picked":["StuffTheSpire:NuclearReactor","StuffTheSpire:LoadUp"],"picked":"jedi:BurstLightning","floor":4.0},{"not_picked":["Cold Snap","Stack"],"picked":"Hello World","floor":5.0},{"not_picked":["Beam Cell","StuffTheSpire:LoadUp"],"picked":"Meteor Strike","floor":10.0},{"not_picked":["Go for the Eyes","Steam"],"picked":"Leap","floor":12.0},{"not_picked":["Coolheaded","REME_SelfUpgrade"],"picked":"Ball Lightning","floor":13.0},{"not_picked":["Hologram","Compile Driver"],"picked":"Buffer","floor":14.0},{"not_picked":["StuffTheSpire:Purify","Hyperbeam"],"picked":"hubris:DoWhile","floor":16.0},{"not_picked":["Redo","hubris:Ukulele"],"picked":"Coolheaded+1","floor":18.0},{"not_picked":["StuffTheSpire:Plugnplay","Cold Snap"],"picked":"jedi:BurstLightning","floor":19.0},{"not_picked":["Steam Power","REME_DataAnalysis"],"picked":"aspiration:Polymerization","floor":21.0},{"not_picked":["Chaos","StuffTheSpire:LoadUp"],"picked":"Storm","floor":22.0},{"not_picked":["jedi:blockon","Go for the Eyes+1"],"picked":"Consume+1","floor":23},{"not_picked":["Ball Lightning","Coolheaded+1","Redo"],"picked":"SKIP","floor":27},{"not_picked":["Steam","Genetic Algorithm"],"picked":"jedi:markofdeath+1","floor":28},{"not_picked":["jedi:BurstFrost","jedi:BurstLightning"],"picked":"Cold Snap+1","floor":29},{"not_picked":["Go for the Eyes","jedi:BurstFrost"],"picked":"jedi:studyfrost","floor":31}],"player_experience":617978,"relics_obtained":[{"floor":9.0,"key":"jedi:crownofsimplicity"},{"floor":23,"key":"StuffTheSpire:OldFever"},{"floor":26,"key":"StuffTheSpire:PointBlank"}],"event_choices":[{"damage_healed":0.0,"max_hp_gain":0.0,"max_hp_loss":0.0,"gold_gain":0.0,"event_name":"Scrap Ooze","player_choice":"Success","floor":2.0,"gold_loss":0.0,"damage_taken":7.0,"relics_obtained":["StuffTheSpire:Mouthbags"]},{"damage_healed":0.0,"max_hp_gain":0.0,"max_hp_loss":0.0,"gold_gain":0.0,"event_name":"The Library","player_choice":"Read","floor":20.0,"gold_loss":0.0,"damage_taken":0.0,"cards_obtained":["Rainbow"]},{"cards_removed":["Meteor Strike"],"damage_healed":12,"gold_gain":0,"player_choice":"Offered Rare","damage_taken":0,"max_hp_gain":10,"max_hp_loss":0,"event_name":"Bonfire Elementals","floor":25,"gold_loss":0}],"is_beta":false,"boss_relics":[{"not_picked":["energizedSpire:OldTV","SlaversCollar"],"picked":"jedi:battlestandard"}],"items_purged_floors":[],"is_endless":false,"potions_floor_spawned":[3,5,10,12,18,22,29],"killed_by":"Champ","ascension_level":9}}