{"host":"i7jfea87xc8lz16p","time":1611073380,"event":{"mods":["AchievementEnabler","BaseMod","Colored Powertips","Minty Spire (QoL Compilation)","Relic Stats"],"gold_per_floor":[112,8,8,32,107,147,147,190,190,190,213,283,296,296,296,296,296],"floor_reached":16,"language":"ENG","playtime":596,"items_purged":["Strike_G"],"score":266,"play_id":"ca3655ff-08ed-4a96-9465-18990cfcecc0","local_time":"20210119172300","is_ascension_mode":true,"campfire_choices":[{"data":"Crippling Poison","floor":7,"key":"SMITH"},{"floor":10,"key":"REST"},{"floor":15,"key":"REST"}],"circlet_count":0,"master_deck":["AscendersBane","Strike_G","Strike_G","Strike_G","Strike_G","Defend_G","Defend_G","Defend_G","Defend_G","Defend_G","Survivor","Neutralize","Blade Dance","Dagger Throw","Crippling Poison+1","Deadly Poison","Leg Sweep","Bouncing Flask","Poisoned Stab"],"relics":["Ring of the Snake","NeowsBlessing","Golden Idol","Potion Belt","Blood Vial","StrikeDummy","Prayer Wheel"],"acts_visited":["Exordium"],"potions_floor_usage":[12,16],"damage_taken":[{"damage":0,"enemies":"Small Slimes","floor":1,"turns":1},{"damage":0,"enemies":"2 Louse","floor":4,"turns":1},{"damage":0,"enemies":"Lagavulin","floor":6,"turns":1},{"damage":38,"enemies":"3 Sentries","floor":8,"turns":14},{"damage":0,"enemies":"Jaw Worm","floor":11,"turns":4},{"damage":19,"enemies":"3 Sentries","floor":12,"turns":8},{"damage":0,"enemies":"2 Fungi Beasts","floor":13,"turns":2},{"damage":71,"enemies":"Slime Boss","floor":16,"turns":12}],"seed_played":"-951009859094918625","potions_obtained":[{"floor":6,"key":"SmokeBomb"},{"floor":11,"key":"Poison Potion"},{"floor":13,"key":"Regen Potion"}],"is_trial":false,"path_per_floor":["M","$","?","M","?","E","R","E","T","R","M","?","M","?","R","B"],"character_chosen":"THE_SILENT","items_purchased":["Dagger Throw"],"campfire_rested":2,"item_purchase_floors":[2],"current_hp_per_floor":[59,59,59,59,48,48,48,10,10,28,30,13,15,35,53,0,0],"gold":296,"neow_bonus":"THREE_ENEMY_KILL","is_daily":false,"chose_seed":false,"campfire_upgraded":1,"win_rate":0.0,"timestamp":1611073380,"path_taken":["M","$","?","M","?","E","R","E","T","R","M","?","M","?","R","BOSS"],"items_purchased_type":["Card"],"build_version":"2020-12-22","purchased_purges":1,"victory":false,"max_hp_per_floor":[66,66,60,60,60,60,60,60,60,60,60,60,60,60,60,60,60],"relic_stats":{"Blood Vial":8,"counters":[8,43],"Golden Idol":51,"Prayer Wheel":1,"obtain_stats":[{"Potion Belt":6,"Blood Vial":8,"NeowsBlessing":0,"Golden Idol":3,"Prayer Wheel":12,"StrikeDummy":9,"Ring of the Snake":0},{"Potion Belt":3,"Blood Vial":4,"NeowsBlessing":0,"Golden Idol":1,"Prayer Wheel":6,"StrikeDummy":4,"Ring of the Snake":0},{"Potion Belt":3,"Blood Vial":17,"NeowsBlessing":0,"Golden Idol":1,"Prayer Wheel":29,"StrikeDummy":17,"Ring of the Snake":0}],"Ring of the Snake":[16]},"card_choices":[{"not_picked":["Underhanded Strike","Slice"],"picked":"Blade Dance","floor":1},{"not_picked":["Slice","Bane","Accuracy"],"picked":"SKIP","floor":4},{"not_picked":["Quick Slash","Cloak And Dagger"],"picked":"Crippling Poison","floor":6},{"not_picked":["Expertise","Concentrate","Eviscerate"],"picked":"SKIP","floor":8},{"not_picked":["Dodge and Roll","Dagger Spray"],"picked":"Deadly Poison","floor":11},{"not_picked":["Dagger Throw","Predator"],"picked":"Leg Sweep","floor":12},{"not_picked":["Tools of the Trade","Quick Slash"],"picked":"Bouncing Flask","floor":13},{"not_picked":["Slice","PiercingWail"],"picked":"Poisoned Stab","floor":13}],"player_experience":1820310,"relics_obtained":[{"floor":6,"key":"Potion Belt"},{"floor":8,"key":"Blood Vial"},{"floor":9,"key":"StrikeDummy"},{"floor":12,"key":"Prayer Wheel"}],"event_choices":[{"damage_healed":0,"gold_gain":0,"player_choice":"Lose Max HP","damage_taken":0,"relics_obtained":["Golden Idol"],"max_hp_gain":0,"max_hp_loss":6,"event_name":"Golden Idol","floor":3,"gold_loss":0},{"damage_healed":0,"gold_gain":75,"player_choice":"Gather Gold","damage_taken":11,"max_hp_gain":0,"max_hp_loss":0,"event_name":"World of Goop","floor":5,"gold_loss":0},{"damage_healed":0,"gold_gain":0,"player_choice":"Searched \u00271\u0027 times","damage_taken":0,"max_hp_gain":0,"max_hp_loss":0,"event_name":"Dead Adventurer","floor":12,"gold_loss":0},{"damage_healed":20,"gold_gain":0,"player_choice":"Banana","damage_taken":0,"max_hp_gain":0,"max_hp_loss":0,"event_name":"Big Fish","floor":14,"gold_loss":0}],"is_beta":false,"boss_relics":[],"items_purged_floors":[2],"is_endless":false,"potions_floor_spawned":[6,11,13],"killed_by":"Slime Boss","ascension_level":20}}