{"host":"swphzoo6hmc78epl","time":1611033495,"event":{"mods":["BaseMod","Highlight Path","Minty Spire (QoL Compilation)","Quick Restart"],"gold_per_floor":[119,132,151,163,177,177,189,207,207,219,239,239,239,5,5,5,5],"floor_reached":16,"language":"ENG","playtime":777,"items_purged":["Normality"],"score":103,"play_id":"b25fa0c4-31c7-4837-8a4b-241a3362946b","local_time":"20210119001815","is_ascension_mode":true,"campfire_choices":[{"data":"Sadistic Nature","floor":6,"key":"SMITH"},{"data":"All For One","floor":13,"key":"SMITH"},{"floor":15,"key":"REST"}],"circlet_count":0,"master_deck":["Strike_B","Strike_B","Strike_B","Strike_B","Defend_B","Defend_B","Defend_B","Defend_B","Zap","Dualcast","Sadistic Nature+1","Beam Cell","Gash","All For One+1","Rebound","Sunder","Cold Snap","Go for the Eyes","Hologram","Flash of Steel","Self Repair"],"relics":["Cracked Core","Dead Branch"],"acts_visited":["Exordium"],"potions_floor_usage":[8,10,16,16],"damage_taken":[{"damage":13,"enemies":"Jaw Worm","floor":1,"turns":4},{"damage":0,"enemies":"Cultist","floor":2,"turns":2},{"damage":0,"enemies":"2 Louse","floor":3,"turns":2},{"damage":0,"enemies":"Exordium Wildlife","floor":4,"turns":3},{"damage":5,"enemies":"Looter","floor":5,"turns":2},{"damage":7,"enemies":"Blue Slaver","floor":7,"turns":2},{"damage":22,"enemies":"Lots of Slimes","floor":8,"turns":4},{"damage":21,"enemies":"Exordium Thugs","floor":10,"turns":4},{"damage":6,"enemies":"3 Louse","floor":11,"turns":3},{"damage":25,"enemies":"The Guardian","floor":16,"turns":4}],"seed_played":"801395395249421259","potions_obtained":[{"floor":3,"key":"SkillPotion"},{"floor":8,"key":"Block Potion"},{"floor":10,"key":"Energy Potion"},{"floor":11,"key":"Strength Potion"}],"is_trial":false,"path_per_floor":["M","M","M","M","M","R","M","M","T","M","M","?","R","$","R","B"],"character_chosen":"DEFECT","items_purchased":["Flash of Steel","Self Repair"],"campfire_rested":1,"item_purchase_floors":[14,14],"current_hp_per_floor":[62,62,62,62,57,57,50,28,28,7,1,1,1,1,23,0,0],"gold":5,"neow_bonus":"RANDOM_COLORLESS_2","is_daily":false,"chose_seed":false,"campfire_upgraded":2,"win_rate":0.0,"timestamp":1611033495,"path_taken":["M","M","M","M","M","R","M","M","T","M","M","?","R","$","R","BOSS"],"items_purchased_type":["Card","Card"],"build_version":"2020-12-22","purchased_purges":1,"victory":false,"max_hp_per_floor":[75,75,75,75,75,75,75,75,75,75,75,75,75,75,75,75,75],"card_choices":[{"not_picked":["Thinking Ahead","Apotheosis"],"picked":"Sadistic Nature","floor":0},{"not_picked":["Cold Snap","Turbo"],"picked":"Beam Cell","floor":1},{"not_picked":["Stack","Undo"],"picked":"Gash","floor":2},{"not_picked":["Melter","BootSequence"],"picked":"All For One","floor":3},{"not_picked":["Darkness","Turbo"],"picked":"Rebound","floor":4},{"not_picked":["Blizzard","Barrage"],"picked":"Sunder","floor":5},{"not_picked":["Steam","Barrage"],"picked":"Cold Snap","floor":7},{"not_picked":["Auto Shields","Loop"],"picked":"Go for the Eyes","floor":8},{"not_picked":["Steam","Compile Driver"],"picked":"Hologram","floor":10},{"not_picked":["Turbo","Conserve Battery","Rebound"],"picked":"SKIP","floor":11}],"player_experience":774284,"relics_obtained":[{"floor":9,"key":"Dead Branch"}],"event_choices":[{"damage_healed":0,"gold_gain":0,"player_choice":"Fled","damage_taken":0,"max_hp_gain":0,"max_hp_loss":0,"event_name":"Scrap Ooze","floor":12,"gold_loss":0}],"is_beta":false,"boss_relics":[],"items_purged_floors":[14],"is_endless":false,"potions_floor_spawned":[3,8,10,11],"killed_by":"The Guardian","ascension_level":1}}