{"host":"soyfmymeou4emntr","time":1611044045,"event":{"mods":["BaseMod","Minty Spire (QoL Compilation)","Relic Sorter","Relic Stats","StSLib"],"gold_per_floor":[109,109,129,140,140,140,167,183,256,269,300,300,312,312,312,389,389,405,405,417,437,453,482,125,125,125,140,140,166,177,177,177],"floor_reached":31,"language":"ENG","playtime":5808,"items_purged":["Strike_P"],"score":678,"play_id":"b4acf7ad-7bd6-4974-8bfe-29436c04e417","local_time":"20210119011405","is_ascension_mode":true,"campfire_choices":[{"data":"Brilliance","floor":6,"key":"SMITH"},{"data":"CutThroughFate","floor":12,"key":"SMITH"},{"floor":15,"key":"REST"},{"floor":28,"key":"REST"}],"circlet_count":0,"master_deck":["AscendersBane","Strike_P","Strike_P","Strike_P","Defend_P","Defend_P","Defend_P","Defend_P","Eruption","Vigilance","CutThroughFate+1","WheelKick+1","Brilliance+1","EmptyFist","Judgement","FollowUp","Ragnarok","Wallop+1","Wallop","Adaptation","SpiritShield","Worship","Meditate","LikeWater"],"relics":["Snecko Eye","Pocketwatch","StrikeDummy","Pen Nib","Velvet Choker","Ancient Tea Set","Kunai","NlothsMask","Akabeko"],"acts_visited":["Exordium","TheCity"],"potions_floor_usage":[23,23,29,30],"damage_taken":[{"damage":5,"enemies":"2 Louse","floor":1,"turns":2},{"damage":0,"enemies":"Cultist","floor":3,"turns":3},{"damage":10,"enemies":"Jaw Worm","floor":4,"turns":5},{"damage":0,"enemies":"Gremlin Nob","floor":7,"turns":1},{"damage":7,"enemies":"Gremlin Gang","floor":8,"turns":4},{"damage":0,"enemies":"Blue Slaver","floor":10,"turns":1},{"damage":18,"enemies":"3 Sentries","floor":11,"turns":5},{"damage":3,"enemies":"2 Fungi Beasts","floor":13,"turns":2},{"damage":32,"enemies":"The Guardian","floor":16,"turns":6},{"damage":0,"enemies":"Spheric Guardian","floor":18,"turns":1},{"damage":0,"enemies":"Shell Parasite","floor":20,"turns":2},{"damage":0,"enemies":"Cultist and Chosen","floor":21,"turns":2},{"damage":19,"enemies":"Snake Plant","floor":22,"turns":3},{"damage":22,"enemies":"Book of Stabbing","floor":23,"turns":4},{"damage":0,"enemies":"Sentry and Sphere","floor":27,"turns":1},{"damage":0,"enemies":"Slavers","floor":29,"turns":3},{"damage":21,"enemies":"Shelled Parasite and Fungi","floor":30,"turns":2},{"damage":13,"enemies":"Cultist and Chosen","floor":31,"turns":3}],"seed_played":"-1762126843562145745","potions_obtained":[{"floor":8,"key":"DistilledChaos"},{"floor":10,"key":"LiquidBronze"},{"floor":11,"key":"LiquidMemories"},{"floor":23,"key":"DistilledChaos"},{"floor":27,"key":"Energy Potion"}],"is_trial":false,"path_per_floor":["M","?","M","M","?","R","E","M","T","M","E","R","M","?","R","B",null,"M","?","M","M","M","E","$","?","T","M","R","E","M","M"],"character_chosen":"WATCHER","items_purchased":["Kunai"],"campfire_rested":2,"item_purchase_floors":[24],"current_hp_per_floor":[56,56,56,46,46,46,46,39,39,39,21,21,18,18,38,6,53,53,53,53,53,34,12,12,12,12,12,32,32,11,0,0],"gold":177,"neow_bonus":"BOSS_RELIC","is_daily":false,"chose_seed":false,"campfire_upgraded":2,"win_rate":0.0,"timestamp":1611044045,"path_taken":["M","?","M","?","?","R","E","M","T","?","E","R","M","?","R","BOSS","M","?","M","M","?","E","$","?","T","?","R","E","M","M"],"items_purchased_type":["Relic"],"build_version":"2020-12-22","purchased_purges":1,"victory":false,"max_hp_per_floor":[68,68,68,68,68,68,68,68,68,68,68,68,68,68,68,68,68,68,68,68,68,68,68,68,68,68,68,68,68,68,68,68],"relic_stats":{"counters":[18,50],"Snecko Eye":[85,94,89,103],"Pen Nib":[7],"Kunai":[6],"obtain_stats":[{"Snecko Eye":0,"Velvet Choker":17,"Pen Nib":11,"Kunai":24,"PureWater":0,"StrikeDummy":9,"Ancient Tea Set":23,"Akabeko":29,"Pocketwatch":7,"NlothsMask":25},{"Snecko Eye":0,"Velvet Choker":9,"Pen Nib":7,"Kunai":14,"PureWater":0,"StrikeDummy":5,"Ancient Tea Set":14,"Akabeko":16,"Pocketwatch":4,"NlothsMask":14},{"Snecko Eye":0,"Velvet Choker":29,"Pen Nib":21,"Kunai":41,"PureWater":0,"StrikeDummy":15,"Ancient Tea Set":41,"Akabeko":45,"Pocketwatch":11,"NlothsMask":41}],"Pocketwatch":[30]},"card_choices":[{"not_picked":["PathToVictory","LikeWater"],"picked":"CutThroughFate","floor":1},{"not_picked":["BowlingBash","SashWhip"],"picked":"WheelKick","floor":3},{"not_picked":["PathToVictory","Swivel"],"picked":"Brilliance","floor":4},{"not_picked":["Halt","JustLucky"],"picked":"EmptyFist","floor":7},{"not_picked":["FlyingSleeves","Halt","ClearTheMind"],"picked":"SKIP","floor":8},{"not_picked":["JustLucky","Judgement","SashWhip"],"picked":"SKIP","floor":10},{"not_picked":["JustLucky","SashWhip"],"picked":"Judgement","floor":10},{"not_picked":["Crescendo","Perseverance","PathToVictory"],"picked":"SKIP","floor":11},{"not_picked":["CutThroughFate","LikeWater"],"picked":"FollowUp","floor":13},{"not_picked":["DeusExMachina","MasterReality"],"picked":"Ragnarok","floor":16},{"not_picked":["FearNoEvil","CutThroughFate+1"],"picked":"Wallop+1","floor":18},{"not_picked":["Halt","Evaluate"],"picked":"Wallop","floor":20},{"not_picked":["CrushJoints","BattleHymn"],"picked":"Adaptation","floor":21},{"not_picked":["Pray","JustLucky","PathToVictory"],"picked":"SKIP","floor":22},{"not_picked":["ClearTheMind","LikeWater"],"picked":"SpiritShield","floor":23},{"not_picked":["ClearTheMind","Conclude"],"picked":"Worship","floor":27},{"not_picked":["JustLucky","BattleHymn"],"picked":"Meditate","floor":29},{"not_picked":["Consecrate","CutThroughFate"],"picked":"LikeWater","floor":30}],"player_experience":2852324,"relics_obtained":[{"floor":7,"key":"Pocketwatch"},{"floor":9,"key":"StrikeDummy"},{"floor":11,"key":"Pen Nib"},{"floor":23,"key":"Ancient Tea Set"},{"floor":29,"key":"Akabeko"}],"event_choices":[{"damage_healed":0,"gold_gain":0,"player_choice":"Cursed","damage_taken":0,"max_hp_gain":0,"max_hp_loss":0,"event_name":"Wheel of Change","floor":2,"gold_loss":0,"cards_obtained":["Decay"]},{"damage_healed":0,"gold_gain":0,"player_choice":"Forge","damage_taken":0,"max_hp_gain":0,"max_hp_loss":0,"event_name":"Accursed Blacksmith","floor":5,"gold_loss":0,"cards_upgraded":["WheelKick"]},{"damage_healed":0,"gold_gain":0,"player_choice":"Ignored","damage_taken":0,"max_hp_gain":0,"max_hp_loss":0,"event_name":"Shining Light","floor":14,"gold_loss":0},{"cards_removed":["Decay"],"damage_healed":0,"gold_gain":0,"player_choice":"Removed Curses","damage_taken":0,"max_hp_gain":0,"max_hp_loss":0,"event_name":"Fountain of Cleansing","floor":19,"gold_loss":0},{"damage_healed":0,"gold_gain":0,"player_choice":"Trade","damage_taken":0,"relics_obtained":["NlothsMask"],"max_hp_gain":0,"max_hp_loss":0,"event_name":"FaceTrader","floor":25,"gold_loss":0}],"is_beta":false,"boss_relics":[{"not_picked":["Philosopher\u0027s Stone","Coffee Dripper"],"picked":"Velvet Choker"}],"items_purged_floors":[24],"is_endless":false,"potions_floor_spawned":[8,10,11,13,16,18,23,27],"killed_by":"Cultist and Chosen","ascension_level":20}}