{"host":"cyiefo55v5hz1ih5","time":1611030899,"event":{"mods":["2.2 Compatiblity","AchievementEnabler","BaseMod","Downfall","GifTheSpireLib","Hubris","Minty Spire (QoL Compilation)","Spicy Shops","StSLib"],"gold_per_floor":[99,24,24,24,24,24,24,24,50,50,63,83,83,68,79,183,233,233,245,245,259,277,277,277,291,318,95,128,139,39,39,52,152,152,152,172,182,211,230,240,240,259,159,159,175,75,86,136,155,155],"floor_reached":51,"language":"ENG","playtime":4339,"items_purged":["bronze:Strike","downfall:Bewildered","bronze:Strike","bronze:Strike+1","bronze:Strike+1"],"score":1439,"play_id":"86e83079-e540-4415-9704-ca3b7b80e4be","local_time":"20210118233459","is_ascension_mode":false,"campfire_choices":[{"data":"bronze:Goto","floor":1.0,"key":"SMITH"},{"data":"bronze:Terminator","floor":8.0,"key":"SMITH"},{"data":"bronze:Iterate","floor":10.0,"key":"SMITH"},{"data":"bronze:MaxOutput","floor":18.0,"key":"SMITH"},{"floor":30.0,"key":"REST"},{"floor":35.0,"key":"RECALL"},{"floor":46,"key":"REST"}],"circlet_count":0,"master_deck":["bronze:Defend","bronze:Defend+1","bronze:Defend+1","bronze:Replicate","bronze:Goto+1","bronze:Terminator+1","bronze:Iterate+1","bronze:HardenedForm","bronze:MaxOutput+1","bronze:ChildClass","bronze:Fortify","bronze:Verify","bronze:Turbo+1","bronze:BronzeOrb","bronze:Turbo+1","bronze:Repulsor","bronze:Separator+1","bronze:Flail+1","bronze:Boost+1","bronze:Iterate"],"relics":["bronze:BronzeCore","downfall:HeartsMalice","Vajra","Prayer Wheel","hubris:Metronome","Tiny House","sneckomod:BabySnecko","Smiling Mask","HornCleat","Regal Pillow","Guardian:PocketSentry","downfall:HeartBlessingBlue","Black Star","Toxic Egg 2","Mercury Hourglass","downfall:HeartBlessingRed","Pocketwatch"],"acts_visited":["Exordium","TheCity","TheBeyond"],"potions_floor_usage":[45],"damage_taken":[{"damage":0.0,"enemies":"downfall:FleeingMerchant","floor":2.0,"turns":1.0},{"damage":0.0,"enemies":"2 Louse","floor":4.0,"turns":1.0},{"damage":0.0,"enemies":"Lagavulin","floor":9.0,"turns":1.0},{"damage":0.0,"enemies":"Jaw Worm","floor":11.0,"turns":2.0},{"damage":0.0,"enemies":"Small Slimes","floor":12.0,"turns":2.0},{"damage":0.0,"enemies":"downfall:FleeingMerchant","floor":14.0,"turns":4.0},{"damage":0.0,"enemies":"Large Slime","floor":15.0,"turns":2.0},{"damage":19.0,"enemies":"SI_SHIV_ARCHETYPE","floor":16.0,"turns":6.0},{"damage":10.0,"enemies":"3 Byrds","floor":19.0,"turns":3.0},{"damage":0.0,"enemies":"Chosen","floor":21.0,"turns":4.0},{"damage":17.0,"enemies":"Snake Plant","floor":22.0,"turns":4.0},{"damage":0.0,"enemies":"Cultist and Chosen","floor":25.0,"turns":4.0},{"damage":10.0,"enemies":"Gremlin Leader","floor":26.0,"turns":6.0},{"damage":0.0,"enemies":"downfall:FleeingMerchant","floor":27.0,"turns":4.0},{"damage":33.0,"enemies":"Book of Stabbing","floor":28.0,"turns":5.0},{"damage":1.0,"enemies":"Snecko","floor":29.0,"turns":4.0},{"damage":0.0,"enemies":"Centurion and Healer","floor":32.0,"turns":3.0},{"damage":20.0,"enemies":"WA_ARCHETYPE_CALM","floor":33.0,"turns":7.0},{"damage":4.0,"enemies":"Orb Walker","floor":36.0,"turns":3.0},{"damage":22.0,"enemies":"3 Darklings","floor":37.0,"turns":6.0},{"damage":0.0,"enemies":"downfall:FleeingMerchant","floor":38.0,"turns":3.0},{"damage":7.0,"enemies":"Maw","floor":39.0,"turns":6.0},{"damage":0.0,"enemies":"Jaw Worm Horde","floor":40.0,"turns":3.0},{"damage":0.0,"enemies":"4 Shapes","floor":42.0,"turns":5.0},{"damage":8,"enemies":"Spire Growth","floor":45,"turns":4},{"damage":0,"enemies":"3 Darklings","floor":47,"turns":3},{"damage":0,"enemies":"3 Darklings","floor":48,"turns":4},{"damage":0,"enemies":"Sphere and 2 Shapes","floor":49,"turns":2},{"damage":45,"enemies":"DF_ARCHETYPE_ORBS","floor":50,"turns":7}],"seed_played":"8633698288619769043","potions_obtained":[{"floor":9.0,"key":"Explosive Potion"},{"floor":11.0,"key":"LiquidBronze"},{"floor":15.0,"key":"LiquidMemories"},{"floor":16.0,"key":"Fire Potion"},{"floor":17.0,"key":"ColorlessPotion"},{"floor":21.0,"key":"AttackPotion"},{"floor":26.0,"key":"champ:CounterPotion"},{"floor":28.0,"key":"LiquidMemories"},{"floor":29.0,"key":"Fire Potion"},{"floor":31.0,"key":"CultistPotion"},{"floor":36.0,"key":"SkillPotion"},{"floor":42.0,"key":"Explosive Potion"},{"floor":45,"key":"FairyPotion"}],"is_trial":false,"path_per_floor":["R","$","?","M","?","?","T","R","E","R","M","M","T","$","M","B",null,"R","M","?","M","M","?","T","M","E","$","E","M","R","?","M","B",null,"R","M","M","$","M","M","T","M","$","?","M","R","M","?","M","B",null],"character_chosen":"THE_AUTOMATON","items_purchased":["bronze:Repulsor","Regal Pillow","Toxic Egg 2"],"campfire_rested":2,"item_purchase_floors":[27,27,38],"current_hp_per_floor":[70,70,70,70,70,52,52,52,52,52,52,52,52,52,52,33,75,75,65,65,65,48,48,48,48,38,38,5,4,54,54,54,34,85,85,81,59,59,52,52,52,52,52,52,44,84,84,84,84,39],"gold":155,"neow_bonus":"THREE_ENEMY_KILL","is_daily":false,"chose_seed":false,"campfire_upgraded":4,"win_rate":0.0,"timestamp":1611030899,"path_taken":["R","$","?","M","?","?","T","R","E","R","M","M","?","?","M","BOSS","R","M","?","M","M","?","T","?","E","$","E","M","R","?","M","BOSS","R","M","M","$","M","M","T","M","$","?","M","R","M","?","M","BOSS"],"items_purchased_type":["Card","Relic","Relic"],"build_version":"2020-12-22","purchased_purges":5,"victory":true,"max_hp_per_floor":[70,70,70,70,70,70,70,70,70,70,70,70,70,70,70,70,75,75,75,75,75,75,75,75,75,75,75,75,75,85,85,85,85,85,85,85,85,85,85,85,85,85,85,85,85,85,85,85,85,85],"card_choices":[{"not_picked":["bronze:Frontload","bronze:Repulsor","bronze:DelayedSlice"],"picked":"SKIP","floor":2.0},{"not_picked":["bronze:DelayedGuard","bronze:Repulsor"],"picked":"bronze:Terminator","floor":4.0},{"not_picked":["bronze:OilSpill","bronze:Overheat"],"picked":"bronze:Iterate","floor":9.0},{"not_picked":["bronze:Boost","bronze:Backtrace"],"picked":"bronze:HardenedForm","floor":11.0},{"not_picked":["bronze:Overheat","bronze:DelayedGuard","bronze:Invalidate"],"picked":"SKIP","floor":11.0},{"not_picked":["bronze:CloningBeam","bronze:Return","bronze:Overheat"],"picked":"SKIP","floor":12.0},{"not_picked":["bronze:Allocate","bronze:Terminator","bronze:Iterate"],"picked":"SKIP","floor":12.0},{"not_picked":["bronze:OilSpill","bronze:Shield"],"picked":"bronze:MaxOutput","floor":14.0},{"not_picked":["bronze:Overheat","bronze:DelayedSlice"],"picked":"bronze:ChildClass","floor":15.0},{"not_picked":["bronze:Backtrace","bronze:Shell"],"picked":"bronze:Fortify","floor":15.0},{"not_picked":["bronze:BurnOut","bronze:HardenedForm"],"picked":"bronze:Verify","floor":16.0},{"not_picked":["bronze:Frontload+1","bronze:Constructor"],"picked":"bronze:Turbo+1","floor":19.0},{"not_picked":["bronze:ForLoop","bronze:DelayedGuard+1","bronze:FineTuning"],"picked":"SKIP","floor":19.0},{"not_picked":["bronze:DelayedSlice","bronze:Branch+1"],"picked":"bronze:BronzeOrb","floor":21.0},{"not_picked":["bronze:BitShift","bronze:ChildClass","bronze:Iterate"],"picked":"SKIP","floor":21.0},{"not_picked":["bronze:OilSpill","bronze:Backtrace","bronze:DelayedSlice+1"],"picked":"SKIP","floor":22.0},{"not_picked":["bronze:Iterate","bronze:Deprecate","bronze:FineTuning+1"],"picked":"SKIP","floor":22.0},{"not_picked":["bronze:DelayedSlice","bronze:Return","bronze:OilSpill"],"picked":"SKIP","floor":25.0},{"not_picked":["bronze:Shell","bronze:ForceShield","bronze:WildBeam+1"],"picked":"SKIP","floor":25.0},{"not_picked":["bronze:Allocate","bronze:ForceShield","bronze:Deprecate"],"picked":"SKIP","floor":26.0},{"not_picked":["bronze:OilSpill","bronze:BitShift","bronze:Optimize"],"picked":"SKIP","floor":27.0},{"not_picked":["bronze:CloningBeam","bronze:Separator+1","bronze:DelayedGuard"],"picked":"SKIP","floor":28.0},{"not_picked":["bronze:CloningBeam","bronze:DelayedGuard"],"picked":"bronze:Separator+1","floor":28.0},{"not_picked":["bronze:DelayedGuard","bronze:Branch+1","bronze:HyperBeam"],"picked":"SKIP","floor":29.0},{"not_picked":["bronze:Invalidate","bronze:Separator","bronze:Branch"],"picked":"SKIP","floor":29.0},{"not_picked":["bronze:DelayedSlice","bronze:CutThrough","bronze:Safeguard"],"picked":"SKIP","floor":32.0},{"not_picked":["bronze:CleanCode","bronze:BronzeOrb","bronze:WhirlingStrike"],"picked":"SKIP","floor":32.0},{"not_picked":["bronze:Turbo","bronze:Allocate+1","bronze:Fortify+1"],"picked":"SKIP","floor":36.0},{"not_picked":["bronze:Frontload+1","bronze:Safeguard","bronze:DelayedSlice"],"picked":"SKIP","floor":36.0},{"not_picked":["bronze:Turbo","bronze:Allocate+1","bronze:Fortify+1"],"picked":"SKIP","floor":36.0},{"not_picked":["bronze:Frontload+1","bronze:Safeguard","bronze:DelayedSlice"],"picked":"SKIP","floor":36.0},{"not_picked":["bronze:BuggyMess","bronze:DelayedSlice"],"picked":"bronze:Flail+1","floor":37.0},{"not_picked":["bronze:BugBarrage","bronze:DelayedSlice","bronze:Fortify+1"],"picked":"SKIP","floor":37.0},{"not_picked":["bronze:Deprecate","bronze:BronzeArmor+1","bronze:Invalidate"],"picked":"SKIP","floor":38.0},{"not_picked":["bronze:DelayedSlice","bronze:Shield+1","bronze:Philosophize+1"],"picked":"SKIP","floor":39.0},{"not_picked":["bronze:Overheat+1","bronze:WhirlingStrike+1","bronze:Flail"],"picked":"SKIP","floor":39.0},{"not_picked":["bronze:CutThrough+1","bronze:BugBarrage"],"picked":"bronze:Boost+1","floor":40.0},{"not_picked":["bronze:Separator","bronze:BitShift+1","bronze:NullPointer"],"picked":"SKIP","floor":40.0},{"not_picked":["bronze:Overheat","bronze:DelayedGuard+1","bronze:Repair+1"],"picked":"SKIP","floor":42.0},{"not_picked":["bronze:Invalidate+1","bronze:BuggyMess+1","bronze:Turbo+1"],"picked":"SKIP","floor":42.0},{"not_picked":["bronze:FindAndReplace+1","bronze:DelayedSlice+1","bronze:Safeguard+1"],"picked":"SKIP","floor":45},{"not_picked":["bronze:BitShift+1","bronze:Turbo+1","bronze:Terminator+1"],"picked":"SKIP","floor":45},{"not_picked":["bronze:DigitalCarnage+1","bronze:DelayedSlice+1","bronze:Return+1"],"picked":"SKIP","floor":47},{"not_picked":["bronze:Iterate+1","bronze:WhirlingStrike+1","bronze:CutThrough+1"],"picked":"SKIP","floor":47},{"not_picked":["bronze:Return+1","bronze:ItsAFeature","bronze:DelayedSlice"],"picked":"SKIP","floor":49},{"not_picked":["bronze:DigitalCarnage+1","bronze:ShipIt","bronze:Invalidate+1"],"picked":"SKIP","floor":49}],"player_experience":785824,"relics_obtained":[{"floor":9.0,"key":"Prayer Wheel"},{"floor":13.0,"key":"hubris:Metronome"},{"floor":24.0,"key":"Smiling Mask"},{"floor":26.0,"key":"HornCleat"},{"floor":28.0,"key":"Guardian:PocketSentry"},{"floor":41.0,"key":"Mercury Hourglass"},{"floor":48,"key":"Pocketwatch"}],"event_choices":[{"cards_removed":["downfall:Malfunctioning"],"damage_healed":0.0,"max_hp_gain":0.0,"max_hp_loss":0.0,"gold_gain":0.0,"event_name":"The Cleric","player_choice":"Card Removal","floor":5.0,"gold_loss":0.0,"damage_taken":0.0},{"damage_healed":0.0,"max_hp_gain":0.0,"max_hp_loss":0.0,"gold_gain":0.0,"event_name":"Scrap Ooze","player_choice":"Success","floor":6.0,"gold_loss":0.0,"damage_taken":18.0,"relics_obtained":["Vajra"]}],"is_beta":false,"boss_relics":[{"not_picked":["hubris:BlackHole","Velvet Choker"],"picked":"Tiny House"},{"not_picked":["hubris:Backtick","Snecko Eye"],"picked":"Black Star"}],"items_purged_floors":[2,27,38,43,43],"is_endless":false,"potions_floor_spawned":[9,11,15,16,21,26,28,29,36,42,45,47,49],"ascension_level":0}}