{"host":"obplhmlw33xb91v8","time":1611079718,"event":{"mods":["BaseMod","Block Reminder","Curses Come First","Evolution","Minty Spire (QoL Compilation)","Quick Restart","Relic Stats","Spicy Shops","StSLib","Uncapped","Waifu the Spire","slay the spire mod where everything is the same but ironclad has a cowboy hat"],"gold_per_floor":[118,83,83,100,9,9,37,57,57,57,71,71,44,58,58,157,157,172,172,23,42,42,42,42],"floor_reached":23,"language":"ENG","playtime":796,"items_purged":[],"score":307,"play_id":"adcb530d-e15e-4e20-8436-7a3ff2cafbd4","local_time":"20210119130838","is_ascension_mode":true,"campfire_choices":[{"data":"Limit Break","floor":10,"key":"SMITH"},{"data":"True Grit","floor":12,"key":"SMITH"},{"data":"Rupture","floor":15,"key":"SMITH"}],"circlet_count":0,"master_deck":["Iron Wave","Iron Wave","Iron Wave","Iron Wave","Iron Wave","True Grit+1","True Grit","True Grit","Bash","Iron Wave","Immolate","Pain","Limit Break+1","Bloodletting","Shrug It Off","Flex","Rupture+1","Juggernaut","Body Slam","JustLucky","Ghostly","Ghostly","Ghostly","Ghostly","Ghostly"],"relics":["Burning Blood","EVO:Axolotl","NeowsBlessing","Thread and Needle","WarpedTongs","Question Card","Nunchaku","Snecko Eye","CultistMask","PrismaticShard"],"acts_visited":["Exordium","TheCity"],"potions_floor_usage":[23],"damage_taken":[{"damage":0,"enemies":"Jaw Worm","floor":1,"turns":1},{"damage":0,"enemies":"Small Slimes","floor":4,"turns":1},{"damage":2,"enemies":"3 Sentries","floor":7,"turns":1},{"damage":3,"enemies":"Cultist","floor":8,"turns":3},{"damage":3,"enemies":"2 Fungi Beasts","floor":11,"turns":2},{"damage":2,"enemies":"Red Slaver","floor":14,"turns":2},{"damage":56,"enemies":"The Guardian","floor":16,"turns":11},{"damage":8,"enemies":"3 Byrds","floor":18,"turns":3},{"damage":18,"enemies":"2 Thieves","floor":21,"turns":3},{"damage":48,"enemies":"Gremlin Leader","floor":23,"turns":6}],"seed_played":"-2955944244173427955","potions_obtained":[{"floor":7,"key":"BlessingOfTheForge"},{"floor":14,"key":"FearPotion"},{"floor":16,"key":"Strength Potion"}],"is_trial":false,"path_per_floor":["M","?","?","M","$","?","E","M","T","R","M","R","$","M","R","B",null,"M","?","$","M","?","E"],"character_chosen":"IRONCLAD","items_purchased":["Thread and Needle","Flex","PrismaticShard"],"campfire_rested":0,"item_purchase_floors":[5,13,20],"current_hp_per_floor":[80,80,80,80,80,80,80,80,80,80,80,80,80,80,80,30,80,78,78,78,66,40,0,0],"gold":42,"neow_bonus":"THREE_ENEMY_KILL","is_daily":false,"chose_seed":false,"campfire_upgraded":3,"win_rate":0.0,"timestamp":1611079718,"path_taken":["M","?","?","M","$","?","E","M","T","R","?","R","$","M","R","BOSS","M","?","$","?","?","E"],"items_purchased_type":["Relic","Card","Relic"],"build_version":"2020-12-22","purchased_purges":0,"victory":false,"max_hp_per_floor":[80,80,80,80,80,80,80,80,80,80,80,80,80,80,80,80,80,80,80,80,80,40,40,40],"relic_stats":{"Nunchaku":[4],"counters":[10,33],"Snecko Eye":[24,25,16,15],"Question Card":6,"obtain_stats":[{"Nunchaku":9,"NeowsBlessing":0,"Snecko Eye":17,"Thread and Needle":5,"CultistMask":19,"EVO:Axolotl":0,"Question Card":7,"PrismaticShard":20,"Burning Blood":0,"WarpedTongs":6},{"Nunchaku":4,"NeowsBlessing":0,"Snecko Eye":7,"Thread and Needle":2,"CultistMask":8,"EVO:Axolotl":0,"Question Card":3,"PrismaticShard":8,"Burning Blood":0,"WarpedTongs":2},{"Nunchaku":6,"NeowsBlessing":0,"Snecko Eye":21,"Thread and Needle":2,"CultistMask":24,"EVO:Axolotl":0,"Question Card":3,"PrismaticShard":24,"Burning Blood":0,"WarpedTongs":2}],"Burning Blood":28,"WarpedTongs":[30]},"card_choices":[{"not_picked":["Cleave","Rupture"],"picked":"Iron Wave","floor":1},{"not_picked":["Dual Wield","Blood for Blood","Perfected Strike"],"picked":"SKIP","floor":4},{"not_picked":["Dropkick","Warcry"],"picked":"Limit Break","floor":7},{"not_picked":["Clothesline","Pommel Strike","Twin Strike"],"picked":"Bloodletting","floor":8},{"not_picked":["Thunderclap","Clothesline","Perfected Strike"],"picked":"Shrug It Off","floor":11},{"not_picked":["Havoc","Cleave","Shrug It Off"],"picked":"Rupture","floor":14},{"not_picked":["Fiend Fire","Bludgeon","Berserk"],"picked":"Juggernaut","floor":16},{"not_picked":["Warcry","Clothesline","Havoc"],"picked":"Body Slam","floor":18},{"not_picked":["Malaise","ThirdEye","Rebound"],"picked":"JustLucky","floor":21}],"player_experience":205107,"relics_obtained":[{"floor":7,"key":"Question Card"},{"floor":9,"key":"Nunchaku"}],"event_choices":[{"damage_healed":20,"gold_gain":0,"player_choice":"Healed","damage_taken":0,"max_hp_gain":0,"max_hp_loss":0,"event_name":"The Cleric","floor":2,"gold_loss":35},{"damage_healed":0,"gold_gain":0,"cards_transformed":["Defend_R"],"player_choice":"Change","damage_taken":0,"max_hp_gain":0,"max_hp_loss":0,"event_name":"Living Wall","floor":3,"gold_loss":0,"cards_obtained":["Immolate"]},{"damage_healed":0,"gold_gain":0,"player_choice":"Rummage","damage_taken":0,"relics_obtained":["WarpedTongs"],"max_hp_gain":0,"max_hp_loss":0,"event_name":"Accursed Blacksmith","floor":6,"gold_loss":0,"cards_obtained":["Pain"]},{"damage_healed":0,"gold_gain":0,"player_choice":"Trade","damage_taken":0,"relics_obtained":["CultistMask"],"max_hp_gain":0,"max_hp_loss":0,"event_name":"FaceTrader","floor":19,"gold_loss":0},{"damage_healed":0,"gold_gain":0,"player_choice":"Became a Ghost","damage_taken":0,"max_hp_gain":0,"max_hp_loss":40,"event_name":"Ghosts","floor":22,"gold_loss":0,"cards_obtained":["Ghostly","Ghostly","Ghostly","Ghostly","Ghostly"]}],"is_beta":false,"boss_relics":[{"not_picked":["Astrolabe","Calling Bell"],"picked":"Snecko Eye"}],"items_purged_floors":[],"is_endless":false,"potions_floor_spawned":[7,14,16,21],"killed_by":"Gremlin Leader","ascension_level":4}}