{"host":"1ekl8hlbnopmdapi","time":1611029353,"event":{"mods":["AchievementEnabler","BaseMod","Colored Map","Colored Powertips","DeckTracker","Googly Eyes","Highlight Path","Minty Spire (QoL Compilation)","Relic Sorter","StSLib","Synergy Search"],"gold_per_floor":[20,20,38,38,63,63,34,34,34,70,70,108,108,121,121,240,240,259,284,245,259,272,272,272],"floor_reached":23,"language":"ENG","playtime":709,"items_purged":[],"score":276,"play_id":"58833324-6b1e-4b42-ba51-d9758e4819fc","local_time":"20210118230913","is_ascension_mode":true,"campfire_choices":[{"floor":6,"key":"RECALL"},{"floor":13,"key":"REST"},{"floor":15,"key":"REST"}],"circlet_count":0,"master_deck":["Strike_G","Strike_G","Strike_G","Strike_G","Strike_G","Defend_G","Defend_G","Defend_G","Defend_G","Defend_G","Survivor","Neutralize+1","Cloak And Dagger","Injury","Flying Knee","Noxious Fumes","Quick Slash","Corpse Explosion","All Out Attack","Adrenaline","CurseOfTheBell","Cloak And Dagger","All Out Attack+1","Noxious Fumes","Poisoned Stab+1"],"relics":["Ring of the Snake","Golden Idol","Question Card","FossilizedHelix","Oddly Smooth Stone","Calling Bell","Potion Belt","Singing Bowl","CaptainsWheel"],"acts_visited":["Exordium","TheCity"],"potions_floor_usage":[12,16],"damage_taken":[{"damage":0,"enemies":"Cultist","floor":1,"turns":4},{"damage":1,"enemies":"Jaw Worm","floor":3,"turns":5},{"damage":0,"enemies":"2 Louse","floor":5,"turns":3},{"damage":36,"enemies":"3 Sentries","floor":10,"turns":9},{"damage":36,"enemies":"Gremlin Nob","floor":12,"turns":5},{"damage":0,"enemies":"2 Fungi Beasts","floor":14,"turns":2},{"damage":19,"enemies":"The Guardian","floor":16,"turns":13},{"damage":8,"enemies":"Shell Parasite","floor":18,"turns":7},{"damage":20,"enemies":"2 Thieves","floor":19,"turns":3},{"damage":18,"enemies":"Chosen and Byrds","floor":21,"turns":6},{"damage":0,"enemies":"Cultist and Chosen","floor":22,"turns":5},{"damage":40,"enemies":"Book of Stabbing","floor":23,"turns":5}],"seed_played":"727963582489705826","potions_obtained":[{"floor":3,"key":"Energy Potion"},{"floor":5,"key":"FearPotion"},{"floor":10,"key":"Swift Potion"},{"floor":16,"key":"Ancient Potion"},{"floor":18,"key":"BlessingOfTheForge"},{"floor":21,"key":"CultistPotion"}],"is_trial":false,"path_per_floor":["M","?","M","?","M","R","?","?","T","E","?","E","R","M","R","B",null,"M","M","$","M","M","E"],"character_chosen":"THE_SILENT","items_purchased":["Noxious Fumes"],"campfire_rested":2,"item_purchase_floors":[20],"current_hp_per_floor":[84,84,83,83,83,83,83,88,88,52,52,16,42,42,68,49,79,71,51,51,33,35,0,0],"gold":272,"neow_bonus":"TWENTY_PERCENT_HP_BONUS","is_daily":false,"chose_seed":false,"campfire_upgraded":0,"win_rate":0.0,"timestamp":1611029353,"path_taken":["M","?","M","?","M","R","?","?","T","E","?","E","R","M","R","BOSS","M","?","?","M","M","E"],"items_purchased_type":["Card"],"build_version":"2020-12-22","purchased_purges":0,"victory":false,"max_hp_per_floor":[84,84,84,84,84,84,84,89,89,89,89,89,89,89,89,89,89,89,89,89,89,91,91,91],"card_choices":[{"not_picked":["Footwork","Acrobatics"],"picked":"Cloak And Dagger","floor":1},{"not_picked":["Leg Sweep","Endless Agony"],"picked":"Flying Knee","floor":3},{"not_picked":["Backflip","Deadly Poison"],"picked":"Noxious Fumes","floor":5},{"not_picked":["Prepared","Blade Dance","Concentrate"],"picked":"Quick Slash","floor":10},{"not_picked":["Well Laid Plans","Choke","Deadly Poison"],"picked":"Corpse Explosion","floor":12},{"not_picked":["Eviscerate","Flechettes","Dodge and Roll"],"picked":"All Out Attack","floor":14},{"not_picked":["Die Die Die","Tools of the Trade","Night Terror"],"picked":"Adrenaline","floor":16},{"not_picked":["Distraction+1","Outmaneuver","Deadly Poison"],"picked":"Cloak And Dagger","floor":18},{"not_picked":["Leg Sweep+1","Crippling Poison","PiercingWail"],"picked":"All Out Attack+1","floor":19},{"not_picked":["Dagger Spray","Blade Dance","Outmaneuver"],"picked":"Poisoned Stab+1","floor":21},{"not_picked":["Caltrops","Setup","Bouncing Flask","Masterful Stab"],"picked":"Singing Bowl","floor":22}],"player_experience":474388,"relics_obtained":[{"floor":9,"key":"Question Card"},{"floor":10,"key":"FossilizedHelix"},{"floor":12,"key":"Oddly Smooth Stone"},{"floor":17,"key":"Potion Belt"},{"floor":17,"key":"Singing Bowl"},{"floor":17,"key":"CaptainsWheel"}],"event_choices":[{"damage_healed":0,"gold_gain":0,"player_choice":"Take Wound","damage_taken":0,"relics_obtained":["Golden Idol"],"max_hp_gain":0,"max_hp_loss":0,"event_name":"Golden Idol","floor":2,"gold_loss":0,"cards_obtained":["Injury"]},{"damage_healed":0,"gold_gain":0,"player_choice":"Grow","damage_taken":0,"max_hp_gain":0,"max_hp_loss":0,"event_name":"Living Wall","floor":4,"gold_loss":0,"cards_upgraded":["Neutralize"]},{"damage_healed":0,"gold_gain":0,"player_choice":"Left Gold","damage_taken":0,"max_hp_gain":0,"max_hp_loss":0,"event_name":"World of Goop","floor":7,"gold_loss":29},{"damage_healed":0,"gold_gain":0,"player_choice":"Donut","damage_taken":0,"max_hp_gain":5,"max_hp_loss":0,"event_name":"Big Fish","floor":8,"gold_loss":0},{"damage_healed":0,"gold_gain":0,"player_choice":"Bought 0 Potions","damage_taken":0,"max_hp_gain":0,"max_hp_loss":0,"event_name":"The Woman in Blue","floor":11,"gold_loss":0}],"is_beta":false,"boss_relics":[{"not_picked":["Astrolabe","Pandora\u0027s Box"],"picked":"Calling Bell"}],"items_purged_floors":[],"is_endless":false,"potions_floor_spawned":[3,5,10,16,18,21],"killed_by":"Book of Stabbing","ascension_level":5}}