{"host":"9jj9tzo2iym4bpat","time":1611081689,"event":{"mods":["Act Like it!","BaseMod","CapriCore","Colored Map","Dark Map","Luminous","Minty Spire (QoL Compilation)","Permanent Neow","StSLib","Td1madao Mod","The Animator","The Immortal","The Marked","The Servant 0.9.4","Yakumo Yukari mod"],"gold_per_floor":[118,37,37,55,70,70,82,98,98,155,173,173,200,212,212,333,333,345,375,375,56,73,73,84,31,54,72,72,72,97,117,117,117,117],"floor_reached":33,"language":"ENG","playtime":1280,"items_purged":[],"score":468,"play_id":"6644d4db-0828-4a23-baf0-5c880d1542f8","local_time":"20210119124129","is_ascension_mode":true,"campfire_choices":[{"data":"Cloak And Dagger","floor":6,"key":"SMITH"},{"floor":12,"key":"REST"},{"floor":15,"key":"REST"},{"data":"Accuracy","floor":23,"key":"SMITH"},{"floor":32,"key":"REST"}],"circlet_count":0,"master_deck":["Strike_G+1","Strike_G","Strike_G","Strike_G","Strike_G","Defend_G","Defend_G","Defend_G","Defend_G","Defend_G","Survivor","Neutralize","Blade Dance","Dash+1","Cloak And Dagger+1","Deflect","Outmaneuver","Blade Dance","Accuracy+1","Flechettes","Bullet Time","Backstab+1","Cloak And Dagger+1","Deflect","Leg Sweep","Blade Dance","Blade Dance"],"relics":["Ring of the Snake","Eternal Feather","CaptainsWheel","Pantograph","SacredBark","Red Mask","TungstenRod","Whetstone","Snake Skull","Bottled Flame"],"acts_visited":["Exordium","TheCity"],"potions_floor_usage":[10,16,16,16,16,16,18,19,30,30,30],"damage_taken":[{"damage":1,"enemies":"Small Slimes","floor":1,"turns":3},{"damage":0,"enemies":"2 Louse","floor":4,"turns":3},{"damage":0,"enemies":"Jaw Worm","floor":5,"turns":3},{"damage":26,"enemies":"Exordium Thugs","floor":7,"turns":6},{"damage":0,"enemies":"2 Fungi Beasts","floor":8,"turns":3},{"damage":15,"enemies":"3 Sentries","floor":10,"turns":9},{"damage":0,"enemies":"Large Slime","floor":11,"turns":4},{"damage":21,"enemies":"3 Sentries","floor":13,"turns":8},{"damage":0,"enemies":"Gremlin Gang","floor":14,"turns":5},{"damage":0,"enemies":"Slime Boss","floor":16,"turns":5},{"damage":0,"enemies":"Spheric Guardian","floor":18,"turns":5},{"damage":35,"enemies":"Masked Bandits","floor":19,"turns":6},{"damage":0,"enemies":"Chosen","floor":22,"turns":4},{"damage":1,"enemies":"Snecko","floor":24,"turns":4},{"damage":17,"enemies":"Shelled Parasite and Fungi","floor":27,"turns":7},{"damage":0,"enemies":"Slavers","floor":30,"turns":2},{"damage":0,"enemies":"Chosen and Byrds","floor":31,"turns":4},{"damage":85,"enemies":"Collector","floor":33,"turns":9}],"seed_played":"-6597381706695266543","potions_obtained":[{"floor":1,"key":"LiquidMemories"},{"floor":4,"key":"Weak Potion"},{"floor":11,"key":"SneckoOil"},{"floor":13,"key":"Poison Potion"},{"floor":14,"key":"EntropicBrew"},{"floor":16,"key":"PowerPotion"},{"floor":19,"key":"BlessingOfTheForge"},{"floor":22,"key":"Poison Potion"},{"floor":27,"key":"DistilledChaos"}],"is_trial":false,"path_per_floor":["M","$","?","M","M","R","M","M","T","?","M","R","E","M","R","B",null,"M","?","?","$","M","R","M","$","T","M","?","?","E","M","R","B"],"character_chosen":"THE_SILENT","items_purchased":["Dash","TungstenRod","Deflect","Blade Dance"],"campfire_rested":3,"item_purchase_floors":[2,21,21,25],"current_hp_per_floor":[76,76,76,76,76,76,50,50,50,35,35,67,46,46,77,77,77,77,42,42,42,42,57,56,56,56,39,39,26,26,26,65,0,0],"gold":117,"neow_bonus":"TEN_PERCENT_HP_BONUS","is_daily":false,"chose_seed":false,"campfire_upgraded":2,"win_rate":0.0,"timestamp":1611081689,"path_taken":["M","$","?","M","M","R","M","M","T","?","M","R","E","M","R","BOSS","M","?","?","$","?","R","M","$","T","M","?","?","E","M","R","BOSS"],"items_purchased_type":["Card","Relic","Card","Card"],"build_version":"2020-12-22","purchased_purges":0,"victory":false,"max_hp_per_floor":[77,77,77,77,77,77,77,77,77,77,77,77,77,77,77,77,77,77,77,77,77,77,77,77,77,77,77,77,82,82,82,82,82,82],"card_choices":[{"not_picked":["Well Laid Plans","Backflip"],"picked":"Blade Dance","floor":1},{"not_picked":["Crippling Poison","Dodge and Roll"],"picked":"Cloak And Dagger","floor":4},{"not_picked":["Blur","Flying Knee","Catalyst"],"picked":"SKIP","floor":5},{"not_picked":["Caltrops","Outmaneuver"],"picked":"Deflect","floor":7},{"not_picked":["Backflip","Tactician","Acrobatics"],"picked":"SKIP","floor":8},{"not_picked":["Riddle With Holes","PiercingWail"],"picked":"Outmaneuver","floor":10},{"not_picked":["Outmaneuver","Prepared"],"picked":"Blade Dance","floor":11},{"not_picked":["Leg Sweep","Deadly Poison"],"picked":"Accuracy","floor":13},{"not_picked":["Distraction","Bane"],"picked":"Flechettes","floor":14},{"not_picked":["Corpse Explosion","Adrenaline"],"picked":"Bullet Time","floor":16},{"not_picked":["Terror","Dagger Throw"],"picked":"Backstab+1","floor":18},{"not_picked":["All Out Attack+1","Expertise"],"picked":"Cloak And Dagger+1","floor":19},{"not_picked":["Sucker Punch+1","Endless Agony"],"picked":"Leg Sweep","floor":22},{"not_picked":["PiercingWail","Flechettes"],"picked":"Blade Dance","floor":24},{"not_picked":["Flying Knee","Outmaneuver","Sucker Punch"],"picked":"SKIP","floor":27},{"not_picked":["Crippling Poison+1","Prepared","Dagger Spray"],"picked":"SKIP","floor":30},{"not_picked":["Crippling Poison+1","Prepared","Dagger Spray"],"picked":"SKIP","floor":30},{"not_picked":["Sucker Punch","Flechettes","Bouncing Flask"],"picked":"SKIP","floor":31}],"player_experience":289790,"relics_obtained":[{"floor":9,"key":"Eternal Feather"},{"floor":10,"key":"CaptainsWheel"},{"floor":13,"key":"Pantograph"},{"floor":19,"key":"Red Mask"},{"floor":26,"key":"Whetstone"},{"floor":30,"key":"Bottled Flame"}],"event_choices":[{"damage_healed":0,"gold_gain":0,"player_choice":"Leave","damage_taken":0,"max_hp_gain":0,"max_hp_loss":0,"event_name":"The Cleric","floor":3,"gold_loss":0},{"damage_healed":0,"gold_gain":30,"player_choice":"Searched \u00272\u0027 times","damage_taken":0,"max_hp_gain":0,"max_hp_loss":0,"event_name":"Dead Adventurer","floor":10,"gold_loss":0},{"damage_healed":0,"gold_gain":0,"player_choice":"Fought Bandits","damage_taken":0,"max_hp_gain":0,"max_hp_loss":0,"event_name":"Masked Bandits","floor":19,"gold_loss":0},{"damage_healed":0,"gold_gain":0,"player_choice":"Ignored","damage_taken":0,"max_hp_gain":0,"max_hp_loss":0,"event_name":"Ghosts","floor":20,"gold_loss":0},{"damage_healed":0,"gold_gain":0,"player_choice":"Opened","damage_taken":0,"relics_obtained":["Snake Skull"],"max_hp_gain":0,"max_hp_loss":0,"event_name":"The Mausoleum","floor":28,"gold_loss":0},{"damage_healed":0,"gold_gain":0,"player_choice":"Shed Blood","damage_taken":19,"max_hp_gain":5,"max_hp_loss":0,"event_name":"Forgotten Altar","floor":29,"gold_loss":0}],"is_beta":false,"boss_relics":[{"not_picked":["Empty Cage","Coffee Dripper"],"picked":"SacredBark"}],"items_purged_floors":[],"is_endless":false,"potions_floor_spawned":[1,4,11,13,14,16,19,22,27],"killed_by":"Collector","ascension_level":4}}