{"host":"usru02jcpe2a942d","time":1611054805,"event":{"mods":["Act Like it!","Ascension Reborn","BaseMod","Colored Powertips","Downfall","GifTheSpireLib","Highlight Path","Minty Spire (QoL Compilation)","MostiFishMod","Quick Restart","Relic Stats","RumiaBox-露米娅的神秘盒子","StSLib","Waifu the Spire","noobMod","篝火指南"],"gold_per_floor":[459,476,500,500,500,530,576,390,445,489,515,429,443,457,489,618,632,646,677,704,718,1092,1106,1120,1134,1183,1197,815,295,340,130,143,259,259,121,139,151,163,183,183,183,183,249,249,263,293,293,293,312,312,312,346,12,12,12,12],"floor_reached":57,"language":"ZHS","playtime":1829,"items_purged":[],"score":909,"play_id":"fbd0fa0d-0d9e-4f0d-bba1-372fda2f901d","local_time":"20210119191325","daily_mods":["Draft","Vintage","Heirloom","Time Dilation","Flight","downfall:ChampStances","downfall:Lament","DeadlyEvents","Binary","Elite Swarm","Night Terrors","Binary"],"is_ascension_mode":true,"campfire_choices":[{"floor":1.0,"key":"RECALL"},{"data":"bronze:MaxOutput","floor":8,"key":"SMITH"},{"data":"bronze:Shell","floor":12,"key":"SMITH"},{"data":"bronze:Flail","floor":13,"key":"SMITH"},{"data":"bronze:WhirlingStrike","floor":18,"key":"SMITH"},{"data":"bronze:BronzeOrb","floor":25,"key":"SMITH"},{"data":"expansioncontent:QuickStudy","floor":40,"key":"SMITH"},{"data":"bronze:Backtrace","floor":42,"key":"SMITH"},{"data":"bronze:FineTuning","floor":44,"key":"SMITH"},{"data":"bronze:Invalidate","floor":47,"key":"SMITH"},{"data":"bronze:ChildClass","floor":54,"key":"SMITH"}],"circlet_count":0,"master_deck":["bronze:Invalidate+1","bronze:FineTuning+1","bronze:WhirlingStrike+1","bronze:BitShift","bronze:Flail+1","bronze:Shell+1","bronze:BronzeOrb+1","bronze:ClassDefault","bronze:ChildClass+1","bronze:BronzeOrb+1","bronze:Turbo","bronze:MaxOutput+1","bronze:BitShift","bronze:WhirlingStrike+1","bronze:Flail+1","bronze:ChildClass","bronze:Backtrace+1","expansioncontent:QuickStudy+1"],"relics":["bronze:BronzeCore","Busted Crown","champ:ChampStancesModRelic","NeowsBlessing","DaveBox","ice","ShadowXiaoBlade","Old Coin","Pear","Whetstone","Ancient Tea Set","MawBank","downfall:HeartBlessingBlue","downfall:HeartBlessingRed","ImprovedEquipment","Slimebound:StickyStick","GodSword6","downfall:HeartBlessingGreen","GodSword3","Dead Branch","EasyGame_NEW","Nunchaku","Letter Opener","Singing Bowl","sneckomod:BlankCard","ChiLing","Chi","Ling","Anchor","hexamod:BolsterEngine","BirthdayGift-Icosahedron","bronze:ProtectiveGoggles","PlanX","Toy Ornithopter","HaiYi:Twilight","InkBottle","HornCleat","Blood Vial","Bag of Marbles","MagicDraw2","Akabeko","GodSword5","Potion Belt","Pantograph","Slimebound:PreparedRelic","Strawberry","Happy Flower","OrangePellets"],"acts_visited":["Exordium","TheCity","TheBeyond","TheEnding"],"potions_floor_usage":[],"damage_taken":[{"damage":0.0,"enemies":"Jaw Worm","floor":2.0,"turns":1.0},{"damage":0.0,"enemies":"2 Louse","floor":3.0,"turns":1.0},{"damage":0.0,"enemies":"Gremlin Nob","floor":6.0,"turns":1.0},{"damage":0,"enemies":"Lagavulin","floor":9,"turns":1},{"damage":0,"enemies":"3 Sentries","floor":10,"turns":1},{"damage":0,"enemies":"Cultist","floor":11,"turns":1},{"damage":0,"enemies":"3 Louse","floor":15,"turns":1},{"damage":0,"enemies":"IC_STATUS_ARCHETYPE","floor":16,"turns":2},{"damage":0,"enemies":"3 Byrds","floor":19,"turns":2},{"damage":0,"enemies":"Shell Parasite","floor":20,"turns":2},{"damage":0,"enemies":"downfall:FleeingMerchant","floor":22,"turns":3},{"damage":0,"enemies":"Slavers","floor":26,"turns":1},{"damage":0,"enemies":"Gremlin Leader","floor":30,"turns":1},{"damage":1,"enemies":"Snecko","floor":32,"turns":1},{"damage":0,"enemies":"DF_ARCHETYPE_CLAW","floor":33,"turns":1},{"damage":0,"enemies":"Orb Walker","floor":36,"turns":1},{"damage":0,"enemies":"3 Darklings","floor":37,"turns":1},{"damage":0,"enemies":"4 Shapes","floor":38,"turns":1},{"damage":3,"enemies":"Transient","floor":39,"turns":2},{"damage":0,"enemies":"Spire Growth","floor":45,"turns":1},{"damage":0,"enemies":"Nemesis","floor":46,"turns":1},{"damage":0,"enemies":"Jaw Worm Horde","floor":49,"turns":1},{"damage":1,"enemies":"SI_POISON_ARCHETYPE","floor":50,"turns":1},{"damage":1,"enemies":"downfall:CharBossMerchant","floor":52,"turns":2},{"damage":0,"enemies":"downfall:NeowBoss","floor":55,"turns":3},{"damage":2,"enemies":"downfall:NeowBossFinal","floor":56,"turns":3}],"seed_played":"8950266373707128012","potions_obtained":[{"floor":6.0,"key":"SteroidPotion"},{"floor":10,"key":"Energy Potion"},{"floor":15,"key":"SpeedPotion"},{"floor":46,"key":"DuplicationPotion"}],"is_trial":true,"path_per_floor":["R","M","M","?","?","E","T","R","E","E","M","R","R","T","M","B",null,"R","M","M","?","$","?","T","R","E","?","R","R","E","$","M","B",null,"R","M","M","M","M","R","T","R","T","R","M","E","R","?","M","B",null,"E","$","R","B","B",null],"character_chosen":"THE_AUTOMATON","items_purchased":["ChiLing","Anchor","hexamod:BolsterEngine","bronze:Backtrace","BirthdayGift-Icosahedron","PlanX","expansioncontent:QuickStudy","Strawberry","Happy Flower","OrangePellets"],"campfire_rested":0,"item_purchase_floors":[28,28,28,28,29,31,35,53,53,53],"current_hp_per_floor":[77,87,87,87,87,87,87,97,97,97,97,97,97,97,97,104,104,104,104,104,104,104,104,104,104,104,104,104,104,104,104,104,111,111,111,111,111,111,111,111,111,111,111,111,111,111,111,111,111,118,118,118,125,125,132,139],"gold":12,"neow_bonus":"","is_daily":false,"chose_seed":false,"campfire_upgraded":10,"win_rate":0.0,"timestamp":1611054805,"path_taken":["R","M","M","?","?","?","T","R","E","?","?","R","R","?","M","BOSS","R","M","M","?","$","?","T","R","?","?","R","R","?","$","M","BOSS","R","M","M","M","?","R","T","R","?","R","?","?","R","?","M","BOSS","E","$","R","BOSS","BOSS"],"items_purchased_type":["Relic","Relic","Relic","Card","Relic","Relic","Card","Relic","Relic","Relic"],"build_version":"2020-12-22","purchased_purges":0,"victory":true,"max_hp_per_floor":[77,87,87,87,87,87,87,97,97,97,97,97,97,97,97,104,104,104,104,104,104,104,104,104,104,104,104,104,104,104,104,104,111,111,111,111,111,111,111,111,111,111,111,111,111,111,111,111,111,118,118,118,125,125,132,139],"relic_stats":{"Singing Bowl":0,"Happy Flower":[2],"counters":[26,35],"Dead Branch":[92],"Whetstone":["bronze:WhirlingStrike","bronze:BronzeOrb"],"Letter Opener":[62],"MawBank":350,"Blood Vial":0,"OrangePellets":[1],"Nunchaku":[9],"Busted Crown":24,"Pantograph":0,"obtain_stats":[{"bronze:BronzeCore":0,"champ:ChampStancesModRelic":0,"DaveBox":0,"Singing Bowl":24,"Chi":28,"sneckomod:BlankCard":26,"downfall:HeartBlessingGreen":12,"ice":0,"BirthdayGift-Icosahedron":29,"Whetstone":3,"Ancient Tea Set":4,"MagicDraw2":41,"Old Coin":0,"Blood Vial":38,"Nunchaku":19,"HornCleat":37,"downfall:HeartBlessingBlue":8,"Slimebound:StickyStick":10,"Pantograph":49,"Strawberry":53,"InkBottle":36,"Potion Belt":46,"Pear":2,"NeowsBlessing":0,"downfall:HeartBlessingRed":8,"Happy Flower":53,"ImprovedEquipment":9,"Dead Branch":15,"ShadowXiaoBlade":0,"Letter Opener":20,"MawBank":6,"Akabeko":43,"OrangePellets":53,"Ling":28,"Anchor":28,"Busted Crown":0,"bronze:ProtectiveGoggles":30,"HaiYi:Twilight":34,"PlanX":31,"Slimebound:PreparedRelic":52,"GodSword6":11,"Bag of Marbles":39,"GodSword5":45,"hexamod:BolsterEngine":28,"GodSword3":14,"EasyGame_NEW":17,"Toy Ornithopter":32,"ChiLing":28},{"bronze:BronzeCore":0,"champ:ChampStancesModRelic":0,"DaveBox":0,"Singing Bowl":11,"Chi":12,"sneckomod:BlankCard":12,"downfall:HeartBlessingGreen":6,"ice":0,"BirthdayGift-Icosahedron":12,"Whetstone":2,"Ancient Tea Set":2,"MagicDraw2":19,"Old Coin":0,"Blood Vial":18,"Nunchaku":9,"HornCleat":17,"downfall:HeartBlessingBlue":3,"Slimebound:StickyStick":5,"Pantograph":22,"Strawberry":24,"InkBottle":16,"Potion Belt":21,"Pear":1,"NeowsBlessing":0,"downfall:HeartBlessingRed":3,"Happy Flower":24,"ImprovedEquipment":4,"Dead Branch":7,"ShadowXiaoBlade":0,"Letter Opener":10,"MawBank":3,"Akabeko":19,"OrangePellets":24,"Ling":12,"Anchor":12,"Busted Crown":0,"bronze:ProtectiveGoggles":13,"HaiYi:Twilight":15,"PlanX":13,"Slimebound:PreparedRelic":24,"GodSword6":6,"Bag of Marbles":19,"GodSword5":20,"hexamod:BolsterEngine":12,"GodSword3":6,"EasyGame_NEW":8,"Toy Ornithopter":14,"ChiLing":12},{"bronze:BronzeCore":0,"champ:ChampStancesModRelic":0,"DaveBox":0,"Singing Bowl":15,"Chi":16,"sneckomod:BlankCard":16,"downfall:HeartBlessingGreen":6,"ice":0,"BirthdayGift-Icosahedron":16,"Whetstone":2,"Ancient Tea Set":2,"MagicDraw2":24,"Old Coin":0,"Blood Vial":22,"Nunchaku":11,"HornCleat":21,"downfall:HeartBlessingBlue":3,"Slimebound:StickyStick":5,"Pantograph":27,"Strawberry":30,"InkBottle":20,"Potion Belt":26,"Pear":1,"NeowsBlessing":0,"downfall:HeartBlessingRed":3,"Happy Flower":30,"ImprovedEquipment":4,"Dead Branch":7,"ShadowXiaoBlade":0,"Letter Opener":12,"MawBank":3,"Akabeko":24,"OrangePellets":30,"Ling":16,"Anchor":16,"Busted Crown":0,"bronze:ProtectiveGoggles":17,"HaiYi:Twilight":19,"PlanX":17,"Slimebound:PreparedRelic":30,"GodSword6":6,"Bag of Marbles":24,"GodSword5":25,"hexamod:BolsterEngine":16,"GodSword3":6,"EasyGame_NEW":9,"Toy Ornithopter":18,"ChiLing":16}],"Toy Ornithopter":0,"InkBottle":[10]},"card_choices":[{"not_picked":["bronze:Frontload","bronze:Shield"],"picked":"bronze:Invalidate","floor":0.0},{"not_picked":["bronze:Iterate","bronze:Repulsor"],"picked":"bronze:FineTuning","floor":0.0},{"not_picked":["bronze:BuggyMess","bronze:ChildClass"],"picked":"bronze:WhirlingStrike","floor":0.0},{"not_picked":["bronze:Branch","bronze:Invalidate"],"picked":"bronze:BitShift","floor":0.0},{"not_picked":["bronze:Frontload","bronze:Turbo"],"picked":"bronze:Flail","floor":0.0},{"not_picked":["bronze:Deprecate","bronze:FollowUp"],"picked":"bronze:Shell","floor":0.0},{"not_picked":["bronze:OilSpill","bronze:Shield"],"picked":"bronze:Branch","floor":0.0},{"not_picked":["bronze:Frontload","bronze:Invalidate"],"picked":"bronze:BronzeOrb","floor":0.0},{"not_picked":["bronze:WildBeam","bronze:Turbo"],"picked":"bronze:ClassDefault","floor":0.0},{"not_picked":["bronze:DelayedSlice","bronze:Frontload"],"picked":"bronze:ChildClass","floor":0.0},{"not_picked":["bronze:ChildClass","bronze:WildBeam"],"picked":"bronze:BronzeOrb","floor":0.0},{"not_picked":["bronze:Overheat","bronze:Iterate"],"picked":"bronze:Turbo","floor":0.0},{"not_picked":["bronze:Shield","bronze:Invalidate"],"picked":"bronze:MaxOutput","floor":0.0},{"not_picked":["bronze:Repulsor","bronze:Turbo"],"picked":"bronze:BitShift","floor":0.0},{"not_picked":["bronze:Shield","bronze:BugBarrage"],"picked":"bronze:WhirlingStrike","floor":0.0}],"player_experience":289384,"relics_obtained":[{"floor":2.0,"key":"Pear"},{"floor":3.0,"key":"Whetstone"},{"floor":6.0,"key":"MawBank"},{"floor":9,"key":"ImprovedEquipment"},{"floor":10,"key":"Slimebound:StickyStick"},{"floor":11,"key":"GodSword6"},{"floor":14,"key":"GodSword3"},{"floor":15,"key":"Dead Branch"},{"floor":19,"key":"Nunchaku"},{"floor":20,"key":"Letter Opener"},{"floor":24,"key":"Singing Bowl"},{"floor":26,"key":"sneckomod:BlankCard"},{"floor":30,"key":"bronze:ProtectiveGoggles"},{"floor":32,"key":"Toy Ornithopter"},{"floor":36,"key":"InkBottle"},{"floor":37,"key":"HornCleat"},{"floor":38,"key":"Blood Vial"},{"floor":39,"key":"Bag of Marbles"},{"floor":41,"key":"MagicDraw2"},{"floor":43,"key":"Akabeko"},{"floor":45,"key":"GodSword5"},{"floor":46,"key":"Potion Belt"},{"floor":49,"key":"Pantograph"},{"floor":52,"key":"Slimebound:PreparedRelic"}],"event_choices":[{"damage_healed":0.0,"max_hp_gain":0.0,"max_hp_loss":0.0,"gold_gain":0.0,"event_name":"Big Fish","player_choice":"Box","floor":4.0,"gold_loss":0.0,"damage_taken":0.0,"relics_obtained":["Ancient Tea Set"],"cards_obtained":["Regret"]},{"cards_removed":["Regret"],"damage_healed":0.0,"max_hp_gain":0.0,"max_hp_loss":0.0,"gold_gain":0.0,"event_name":"The Cleric","player_choice":"Card Removal","floor":5.0,"gold_loss":0.0,"damage_taken":0.0}],"is_beta":false,"boss_relics":[{"not_picked":["Empty Cage","SacredBark"],"picked":"EasyGame_NEW"},{"not_picked":["Cursed Key","NightmareShop"],"picked":"HaiYi:Twilight"}],"items_purged_floors":[],"is_endless":false,"potions_floor_spawned":[6,10,15,19,26,37,46],"ascension_level":-13}}