{"host":"szp1d6dso4pv7ddl","time":1611037479,"event":{"mods":["AchievementEnabler","Alarm Clock","BaseMod","Bestiary","Block Reminder","Colored Map","Colored Powertips","Curses Come First","Dark Map","Displayed Cursed Tome","Highlight Path","Minty Spire (QoL Compilation)","Permanent Neow","Quick Restart","Relic Sorter","Relic Stats","StSLib","Synergy Search"],"gold_per_floor":[12,12,23,23,39,39,74,74,74,100,100,114,114,128,128,199,199,209,209,84,84,100,128,144,162,187,187,201,46,46,46,46],"floor_reached":31,"language":"ENG","playtime":1749,"items_purged":["Fire Breathing"],"score":451,"play_id":"e396e22b-ec97-4401-b470-cf11b03ddb56","local_time":"20210118222439","is_ascension_mode":true,"campfire_choices":[{"floor":6.0,"key":"RECALL"},{"data":"True Grit","floor":8.0,"key":"SMITH"},{"data":"Battle Trance","floor":11,"key":"SMITH"},{"floor":13,"key":"REST"},{"data":"Hemokinesis","floor":15,"key":"SMITH"},{"floor":27,"key":"REST"}],"circlet_count":0,"master_deck":["AscendersBane","Bash","Apotheosis+1","Anger","Flex","Flex","True Grit+1","Battle Trance+1","Hemokinesis+1","Body Slam","Offering","Double Tap","Uppercut","Heavy Blade","Cleave","Thunderclap","Reckless Charge","Shockwave","Body Slam","True Grit","Body Slam","Uppercut","True Grit"],"relics":["Burning Blood","HornCleat","Question Card","White Beast Statue","Pandora\u0027s Box","Prayer Wheel","Bronze Scales","Lantern","Regal Pillow"],"acts_visited":["Exordium","TheCity"],"potions_floor_usage":[22,23,24,31],"damage_taken":[{"damage":5.0,"enemies":"2 Louse","floor":1.0,"turns":3.0},{"damage":6.0,"enemies":"Cultist","floor":3.0,"turns":3.0},{"damage":0.0,"enemies":"Small Slimes","floor":5.0,"turns":4.0},{"damage":40.0,"enemies":"Lagavulin","floor":7.0,"turns":5.0},{"damage":11.0,"enemies":"3 Sentries","floor":10.0,"turns":10.0},{"damage":4,"enemies":"Blue Slaver","floor":12,"turns":3},{"damage":3,"enemies":"Looter","floor":14,"turns":3},{"damage":19,"enemies":"Hexaghost","floor":16,"turns":9},{"damage":32,"enemies":"2 Thieves","floor":18,"turns":4},{"damage":0,"enemies":"Spheric Guardian","floor":22,"turns":3},{"damage":22,"enemies":"Slavers","floor":23,"turns":4},{"damage":31,"enemies":"Centurion and Healer","floor":24,"turns":4},{"damage":30,"enemies":"3 Cultists","floor":25,"turns":5},{"damage":17,"enemies":"Chosen and Byrds","floor":28,"turns":5},{"damage":28,"enemies":"Shelled Parasite and Fungi","floor":31,"turns":3}],"seed_played":"-7566730699975580123","potions_obtained":[{"floor":3.0,"key":"BloodPotion"},{"floor":7.0,"key":"ColorlessPotion"},{"floor":12,"key":"SkillPotion"},{"floor":14,"key":"SteroidPotion"},{"floor":22,"key":"Block Potion"},{"floor":23,"key":"BloodPotion"},{"floor":24,"key":"Ancient Potion"}],"is_trial":false,"path_per_floor":["M","?","M","$","M","R","E","R","T","E","R","M","R","M","R","B",null,"M","?","$","?","M","E","M","M","T","R","M","$","?","M"],"character_chosen":"IRONCLAD","items_purchased":["Body Slam","Regal Pillow"],"campfire_rested":2,"item_purchase_floors":[20,29],"current_hp_per_floor":[69,69,69,69,75,75,41,41,41,36,36,38,60,63,63,50,69,43,43,43,43,64,48,38,14,14,36,25,25,25,0,0],"gold":46,"neow_bonus":"RANDOM_COLORLESS_2","is_daily":false,"chose_seed":false,"campfire_upgraded":3,"win_rate":0.0,"timestamp":1611037479,"path_taken":["M","?","M","$","M","R","E","R","T","E","R","M","R","?","R","BOSS","M","?","$","?","M","E","M","M","T","R","M","$","?","M"],"items_purchased_type":["Card","Relic"],"build_version":"2020-12-22","purchased_purges":1,"victory":false,"max_hp_per_floor":[75,75,75,75,75,75,75,75,75,75,75,75,75,75,75,75,75,75,75,75,75,75,75,75,75,75,75,75,75,75,75,75],"relic_stats":{"Regal Pillow":0,"counters":[15,68],"Bronze Scales":[50],"Pandora\u0027s Box":["Double Tap","Corruption","Uppercut","Heavy Blade","Cleave","Thunderclap","Reckless Charge","Shockwave","Warcry"],"Prayer Wheel":4,"Question Card":15,"obtain_stats":[{"Lantern":26,"Regal Pillow":29,"HornCleat":7,"Bronze Scales":23,"Pandora\u0027s Box":17,"Prayer Wheel":21,"Question Card":9,"Burning Blood":0,"White Beast Statue":10},{"Lantern":13,"Regal Pillow":14,"HornCleat":4,"Bronze Scales":11,"Pandora\u0027s Box":8,"Prayer Wheel":9,"Question Card":4,"Burning Blood":0,"White Beast Statue":5},{"Lantern":60,"Regal Pillow":65,"HornCleat":15,"Bronze Scales":51,"Pandora\u0027s Box":40,"Prayer Wheel":44,"Question Card":15,"Burning Blood":0,"White Beast Statue":25}],"Burning Blood":84},"card_choices":[{"not_picked":["Master of Strategy","Chrysalis"],"picked":"Apotheosis","floor":0.0},{"not_picked":["Wild Strike","Heavy Blade"],"picked":"Anger","floor":1.0},{"not_picked":["Cleave","Headbutt"],"picked":"Flex","floor":3.0},{"not_picked":["Sword Boomerang","Warcry"],"picked":"Flex","floor":5.0},{"not_picked":["Havoc","Exhume"],"picked":"True Grit","floor":7.0},{"not_picked":["Rage","Ghostly Armor","Reckless Charge"],"picked":"Battle Trance","floor":10},{"not_picked":["Dual Wield","Fire Breathing","Metallicize"],"picked":"Hemokinesis","floor":12},{"not_picked":["Clothesline","Warcry","Body Slam","Carnage"],"picked":"SKIP","floor":14},{"not_picked":["Clothesline","Warcry","Carnage"],"picked":"Body Slam","floor":14},{"not_picked":["Brutality","Bludgeon","Immolate"],"picked":"Offering","floor":16},{"not_picked":["Inflame","Metallicize","Pommel Strike"],"picked":"Body Slam","floor":18},{"not_picked":["Sword Boomerang","Body Slam","Sever Soul"],"picked":"Uppercut","floor":22},{"not_picked":["Heavy Blade","Clash","Warcry","Power Through"],"picked":"SKIP","floor":22},{"not_picked":["Dark Embrace","Corruption","Sword Boomerang","Perfected Strike"],"picked":"SKIP","floor":23},{"not_picked":["Thunderclap","Power Through","True Grit","Metallicize"],"picked":"SKIP","floor":24},{"not_picked":["Clash","Heavy Blade","Armaments","Thunderclap"],"picked":"SKIP","floor":24},{"not_picked":["Uppercut","True Grit","Flex+1","Sentinel+1"],"picked":"SKIP","floor":25},{"not_picked":["Brutality","Burning Pact","Body Slam+1","Cleave"],"picked":"SKIP","floor":25},{"not_picked":["Pummel","Clothesline","Hemokinesis"],"picked":"True Grit","floor":28},{"not_picked":["Uppercut","Reckless Charge","Dual Wield","Whirlwind"],"picked":"SKIP","floor":28}],"player_experience":1226230,"relics_obtained":[{"floor":7.0,"key":"HornCleat"},{"floor":9.0,"key":"Question Card"},{"floor":10,"key":"White Beast Statue"},{"floor":23,"key":"Bronze Scales"},{"floor":26,"key":"Lantern"}],"event_choices":[{"damage_healed":0.0,"max_hp_gain":0.0,"max_hp_loss":0.0,"gold_gain":0.0,"event_name":"Accursed Blacksmith","player_choice":"Forge","floor":2.0,"gold_loss":0.0,"damage_taken":0.0,"cards_upgraded":["Apotheosis"]},{"damage_healed":0,"gold_gain":0,"cards_transformed":["Corruption","Warcry"],"player_choice":"Became Test Subject","damage_taken":0,"max_hp_gain":0,"max_hp_loss":0,"event_name":"Drug Dealer","floor":19,"gold_loss":0,"cards_obtained":["True Grit","Fire Breathing"]},{"damage_healed":0,"gold_gain":0,"player_choice":"Stole Relic","damage_taken":0,"relics_obtained":["Prayer Wheel"],"max_hp_gain":0,"max_hp_loss":0,"event_name":"Addict","floor":21,"gold_loss":0,"cards_obtained":["Shame"]},{"cards_removed":["Shame"],"damage_healed":0,"gold_gain":0,"player_choice":"Elegance","damage_taken":0,"max_hp_gain":0,"max_hp_loss":0,"event_name":"Back to Basics","floor":30,"gold_loss":0}],"is_beta":false,"boss_relics":[{"not_picked":["Coffee Dripper","Runic Pyramid"],"picked":"Pandora\u0027s Box"}],"items_purged_floors":[20],"is_endless":false,"potions_floor_spawned":[3,7,12,14,16,18,22,23,24,25,28],"killed_by":"Shelled Parasite and Fungi","ascension_level":14}}