{"host":"wonp23fsqqcu31ie","time":1611059680,"event":{"mods":["2.2 Compatiblity","AchievementEnabler","Aspiration","BaseMod","Bestiary","Better Altar","Better Match","Better Sensory Stone","Better Skull","Better Third Choice","BetterRewards","Block Reminder","Colored Map","Colored Powertips","Conspire","Curses Come First","DeckTracker","Displayed Cursed Tome","Downfall","Energized Spire","Evolution","Hermit","Highlight Path","Hubris","Infinite Spire","Marisa????????","Minty Spire (QoL Compilation)","Permanent Neow","Prisma Mod","Quick Restart","Rare Cards Sparkle","Relic Stats","Robot Space Explorer","Shade Mod","Shop Mod","StSLib","SuperFastMode","The Animator","The Bug Knight","The Construct","The Cursed","The Disciple","The Dragon Tamer","The Gatherer","The Hierophant","The Marked","The Necromancer","The Poker Player","The Runesmith","The Saiyan","The Servant 0.9.4","TheBandit"],"gold_per_floor":[95,95,114,114,114,114,165,9,9,35,55,66,101,115,115,215,215,229,229,229,229,246,246,265,265,265,9,26,41,41,41,41,141,141,161,173,173,206,94,94,113,113,182,182,182,182],"floor_reached":45,"language":"ENG","playtime":1274,"items_purged":[],"score":496,"play_id":"59151c8e-23fd-49d2-9e76-26ad89b72a42","local_time":"20210119233440","is_ascension_mode":false,"campfire_choices":[{"floor":6.0,"key":"RECALL"},{"floor":15.0,"key":"REST"},{"floor":23.0,"key":"REST"},{"floor":25,"key":"REST"},{"floor":30,"key":"REST"},{"floor":32,"key":"REST"},{"data":"Saiyan:MonkeyTail","floor":40,"key":"SMITH"},{"data":"infinitespire:FutureSight","floor":42,"key":"SMITH"},{"data":"Saiyan:MindBoom","floor":44,"key":"SMITH"}],"circlet_count":0,"master_deck":["Saiyan:ExpandingShockwave","Saiyan:SAIYA_Defend+1","Saiyan:SAIYA_Defend+1","Saiyan:SAIYA_Defend+1","Saiyan:SAIYA_Defend+1","Saiyan:EnergyBlast","Saiyan:KaioKen+1","Saiyan:RuthlessBlow","Saiyan:Furor","Saiyan:Quickening","ReachHeaven","Saiyan:BurningSoul","Saiyan:PowerStance","Saiyan:MajinSeal","Saiyan:TurtleShell","Saiyan:SpiritSword","Saiyan:MindBoom+1","Saiyan:PowerUp","Bite","Bite","Bite","Bite","Bite","infinitespire:FutureSight+1","Saiyan:DoubleMasenko","Saiyan:KameHameHa","Saiyan:FinalFlash","Saiyan:FingerParry","Saiyan:GenkiDama","Saiyan:Scouter+1","Saiyan:PowerUp+1","infinitespire:Fortify","Saiyan:MonkeyTail+1","Saiyan:Medicine","Saiyan:ExpandingShockwave+1","Pain"],"relics":["SaiyanSoul","SaiyanHeart","EVO:Axolotl","NeowsBlessing","hubris:Towel","hexamod:BolsterEngine","Sling","TungstenRod","Pen Nib","MealTicket","Shuriken","Letter Opener","Philosopher\u0027s Stone","Cursed Key","The Courier","construct:RocketBooster","MerchantsRug","The Courier"],"acts_visited":["Exordium","TheCity","TheBeyond"],"potions_floor_usage":[29,36,38,45],"damage_taken":[{"damage":0.0,"enemies":"Jaw Worm","floor":1.0,"turns":1.0},{"damage":0.0,"enemies":"Small Slimes","floor":3.0,"turns":1.0},{"damage":0.0,"enemies":"Gremlin Nob","floor":10.0,"turns":1.0},{"damage":0.0,"enemies":"2 Louse","floor":11.0,"turns":1.0},{"damage":6.0,"enemies":"Looter","floor":12.0,"turns":5.0},{"damage":10.0,"enemies":"3 Sentries","floor":13.0,"turns":5.0},{"damage":0.0,"enemies":"Large Slime","floor":14.0,"turns":5.0},{"damage":18.0,"enemies":"Hexaghost","floor":16.0,"turns":6.0},{"damage":8.0,"enemies":"Chosen","floor":18.0,"turns":5.0},{"damage":39.0,"enemies":"Shell Parasite","floor":22.0,"turns":6.0},{"damage":38,"enemies":"Shelled Parasite and Fungi","floor":24,"turns":6},{"damage":9,"enemies":"Cultist and Chosen","floor":28,"turns":5},{"damage":48,"enemies":"Centurion and Healer","floor":29,"turns":5},{"damage":48,"enemies":"conspire:MysteriousRune","floor":33,"turns":14},{"damage":0,"enemies":"3 Shapes","floor":35,"turns":5},{"damage":6,"enemies":"Orb Walker","floor":36,"turns":4},{"damage":51,"enemies":"conspire:MimicChest","floor":38,"turns":7},{"damage":3,"enemies":"Spire Growth","floor":41,"turns":7},{"damage":65,"enemies":"Giant Head","floor":45,"turns":6}],"seed_played":"-393931269909641995","potions_obtained":[{"floor":1.0,"key":"SneckoOil"},{"floor":10.0,"key":"PowerPotion"},{"floor":12.0,"key":"Block Potion"},{"floor":13.0,"key":"Explosive Potion"},{"floor":14.0,"key":"Strength Potion"},{"floor":18.0,"key":"Regen Potion"},{"floor":28,"key":"BlessingOfTheForge"},{"floor":33,"key":"EssenceOfSteel"},{"floor":35,"key":"Weak Potion"},{"floor":41,"key":"champ:CounterPotion"}],"is_trial":false,"path_per_floor":["M","?","M","?","?","R","T","$","T","E","M","M","E","M","R","B",null,"M","T","?","?","M","R","M","R","T","$","M","M","R","?","R","B",null,"M","M","AVR","?","$","R","M","R","T","R","E"],"character_chosen":"SAIYAJIN","items_purchased":["Sling","Letter Opener","MerchantsRug","Saiyan:Medicine"],"campfire_rested":5,"item_purchase_floors":[8,27,39,39],"current_hp_per_floor":[60,60,60,60,46,46,46,46,46,47,47,44,36,39,61,43,76,71,71,55,43,32,48,17,34,34,49,49,15,33,33,51,27,63,66,62,62,22,37,37,48,48,48,48,0,0],"gold":182,"neow_bonus":"THREE_ENEMY_KILL","is_daily":false,"chose_seed":false,"campfire_upgraded":3,"win_rate":0.0,"timestamp":1611059680,"path_taken":["M","?","M","?","?","R","?","?","T","E","M","?","E","M","R","BOSS","M","?","?","?","M","R","M","R","T","?","M","M","R","?","R","BOSS","M","M","AVR","?","?","R","?","R","T","R","E"],"items_purchased_type":["Relic","Relic","Relic","Card"],"build_version":"2020-12-22","purchased_purges":0,"victory":false,"max_hp_per_floor":[60,60,60,60,67,67,67,67,67,68,68,71,73,76,76,76,76,79,79,55,55,56,56,57,57,57,57,60,61,61,61,61,63,63,66,66,66,67,67,67,68,68,68,68,70,70],"relic_stats":{"counters":[19,95],"Shuriken":[11],"MealTicket":30,"Pen Nib":[15],"Letter Opener":[56],"Cursed Key":1,"obtain_stats":[{"MerchantsRug":39,"construct:RocketBooster":38,"NeowsBlessing":0,"Pen Nib":10,"The Courier":37,"SaiyanHeart":0,"EVO:Axolotl":0,"Letter Opener":27,"hubris:Towel":4,"Sling":8,"Cursed Key":37,"Shuriken":26,"Strawberry":5,"SaiyanSoul":0,"MealTicket":13,"Philosopher\u0027s Stone":34,"hexamod:BolsterEngine":7,"TungstenRod":9},{"MerchantsRug":17,"construct:RocketBooster":17,"NeowsBlessing":0,"Pen Nib":3,"The Courier":16,"SaiyanHeart":0,"EVO:Axolotl":0,"Letter Opener":11,"hubris:Towel":2,"Sling":2,"Cursed Key":16,"Shuriken":11,"Strawberry":2,"SaiyanSoul":0,"MealTicket":6,"Philosopher\u0027s Stone":14,"hexamod:BolsterEngine":2,"TungstenRod":2},{"MerchantsRug":82,"construct:RocketBooster":82,"NeowsBlessing":0,"Pen Nib":3,"The Courier":75,"SaiyanHeart":0,"EVO:Axolotl":0,"Letter Opener":42,"hubris:Towel":2,"Sling":2,"Cursed Key":75,"Shuriken":42,"Strawberry":2,"SaiyanSoul":0,"MealTicket":14,"Philosopher\u0027s Stone":66,"hexamod:BolsterEngine":2,"TungstenRod":2}],"TungstenRod":101},"card_choices":[{"not_picked":["Saiyan:DragonFist","Saiyan:Twize"],"picked":"Saiyan:Furor","floor":1.0},{"not_picked":["Saiyan:Honing","Saiyan:SaiyanHubris"],"picked":"Saiyan:Quickening","floor":3.0},{"not_picked":["Saiyan:KiExplosion","Saiyan:BackAttack"],"picked":"Saiyan:BurningSoul","floor":10.0},{"not_picked":["Saiyan:ExpandingShockwave","Saiyan:Scouter"],"picked":"Saiyan:PowerStance","floor":11.0},{"not_picked":["Saiyan:Pacing","Saiyan:ExpandingShockwave"],"picked":"Saiyan:MajinSeal","floor":12.0},{"not_picked":["Saiyan:PlotArmor","Saiyan:SaiyanHubris"],"picked":"Saiyan:TurtleShell","floor":13.0},{"not_picked":["Saiyan:BackAttack","Saiyan:Taunt"],"picked":"Saiyan:SpiritSword","floor":14.0},{"not_picked":["Saiyan:HyperTimeChamber","Saiyan:Rekindle"],"picked":"Saiyan:MindBoom","floor":16.0},{"not_picked":["Saiyan:KiExplosion","Saiyan:Planning"],"picked":"Saiyan:PowerUp","floor":18.0},{"not_picked":["infinitespire:UltimateForm","hubris:Rewind"],"picked":"infinitespire:FutureSight","floor":21.0},{"not_picked":["Saiyan:Honing","Saiyan:SoulSpice"],"picked":"Saiyan:DoubleMasenko","floor":22.0},{"not_picked":["Saiyan:SpiritSword","Saiyan:RemoveWeights"],"picked":"Saiyan:KameHameHa","floor":24},{"not_picked":["Saiyan:MeteorDash","Saiyan:BigBangAttack+1"],"picked":"Saiyan:FinalFlash","floor":28},{"not_picked":["Saiyan:PressOn+1","Saiyan:Scouter"],"picked":"Saiyan:FingerParry","floor":29},{"not_picked":["Saiyan:Momentum","Saiyan:MajinSeal"],"picked":"Saiyan:GenkiDama","floor":33},{"not_picked":["Saiyan:KameHameHa","Saiyan:FingerParry"],"picked":"Saiyan:Scouter+1","floor":35},{"not_picked":["Saiyan:Flurry+1","Saiyan:SpiritSword+1"],"picked":"Saiyan:PowerUp+1","floor":36},{"not_picked":["Saiyan:FingerParry+1","Saiyan:SaiyanHubris"],"picked":"Saiyan:MonkeyTail","floor":38},{"not_picked":["Saiyan:FingerParry","Saiyan:Flurry"],"picked":"Saiyan:ExpandingShockwave+1","floor":41}],"player_experience":556609,"relics_obtained":[{"floor":7.0,"key":"hexamod:BolsterEngine"},{"floor":9.0,"key":"TungstenRod"},{"floor":10.0,"key":"Pen Nib"},{"floor":13.0,"key":"MealTicket"},{"floor":26,"key":"Shuriken"},{"floor":38,"key":"construct:RocketBooster"},{"floor":43,"key":"The Courier"}],"event_choices":[{"damage_healed":0.0,"max_hp_gain":0.0,"max_hp_loss":24.0,"gold_gain":0.0,"event_name":"Vampires","player_choice":"Became a vampire","floor":20.0,"gold_loss":0.0,"damage_taken":0.0,"cards_obtained":["Bite","Bite","Bite","Bite","Bite"]},{"damage_healed":0,"gold_gain":0,"player_choice":"Simplicity","damage_taken":0,"max_hp_gain":0,"max_hp_loss":4,"event_name":"betterThird:BetterWriting","floor":31,"gold_loss":0}],"is_beta":false,"boss_relics":[{"not_picked":[]},{"not_picked":["Pandora\u0027s Box","energizedSpire:DeadBattery"],"picked":"Philosopher\u0027s Stone"}],"items_purged_floors":[],"is_endless":false,"potions_floor_spawned":[1,10,12,13,14,18,28,33,35,41],"killed_by":"Giant Head","ascension_level":0}}