{"host":"ojt9u6ra2d449odx","time":1611046253,"event":{"mods":["BaseMod","Curses Come First","Hubris","Luminous","Minty Spire (QoL Compilation)","Relic Stats","Replay The Spire","Robot Space Explorer","StSLib","The Animator","The Bug Knight","The Construct","The Dragon Tamer"],"gold_per_floor":[116,129,145,420,440,458,493,522,534,37,70,80,98,109,109,212,212,227,105,120,139,139,139,139],"floor_reached":23,"language":"ENG","playtime":2204,"items_purged":["Regret"],"score":259,"play_id":"bd34eca9-6f2a-4a4a-be94-df87629fdc7a","local_time":"20210119095053","is_ascension_mode":false,"campfire_choices":[{"floor":15.0,"key":"RECALL"}],"circlet_count":0,"master_deck":["construct:Strike_Gold","construct:Strike_Gold","construct:Strike_Gold","construct:Strike_Gold","construct:Strike_Gold","construct:Defend_Gold","construct:Defend_Gold","construct:Defend_Gold","construct:Defend_Gold","construct:Defend_Gold","construct:AttackMode","construct:DefenseMode","construct:OneWayMirror","construct:GuardCore","construct:PointDefense","construct:FierceBash","construct:Missile","construct:Isolate","construct:GuardCore","Crow Ritual+1","construct:ReactiveShield+1","construct:Backup","construct:Analyze","construct:Analyze","construct:SpinDrive+1","construct:PointDefense+1","construct:Autoturret+1","construct:Synchronize+1","J.A.X."],"relics":["construct:Cogwheel","NeowsBlessing","MawBank","Frozen Egg 2","Replay:Ringing Soul","hubris:PeanutButter","hubris:Backtick","RobotSpaceExplorer:ClockworkSextant"],"acts_visited":["TheCity"],"potions_floor_usage":[23,23,23],"damage_taken":[{"damage":0.0,"enemies":"Small Slimes","floor":1.0,"turns":2.0},{"damage":0.0,"enemies":"Cultist","floor":2.0,"turns":1.0},{"damage":0.0,"enemies":"2 Louse","floor":3.0,"turns":1.0},{"damage":1.0,"enemies":"Large Slime","floor":5.0,"turns":5.0},{"damage":1.0,"enemies":"3 Louse","floor":6.0,"turns":3.0},{"damage":20.0,"enemies":"Lagavulin","floor":7.0,"turns":11.0},{"damage":5.0,"enemies":"Looter","floor":8.0,"turns":3.0},{"damage":5.0,"enemies":"Replay:BlueRogue","floor":11.0,"turns":6.0},{"damage":9.0,"enemies":"Gremlin Gang","floor":12.0,"turns":5.0},{"damage":3.0,"enemies":"Red Slaver","floor":13.0,"turns":4.0},{"damage":0.0,"enemies":"Exordium Thugs","floor":14.0,"turns":5.0},{"damage":28.0,"enemies":"Hexaghost","floor":16.0,"turns":9.0},{"damage":0.0,"enemies":"Chosen","floor":18.0,"turns":6.0},{"damage":23.0,"enemies":"Cultist and Chosen","floor":20.0,"turns":9.0},{"damage":42.0,"enemies":"Shelled Parasite and Fungi","floor":21.0,"turns":9.0},{"damage":60,"enemies":"Slavers","floor":23,"turns":4}],"seed_played":"4769637414682717035","potions_obtained":[{"floor":2.0,"key":"FearPotion"},{"floor":3.0,"key":"Strength Potion"},{"floor":6.0,"key":"Reflective Coating"},{"floor":13.0,"key":"Regen Potion"},{"floor":18.0,"key":"Swift Potion"}],"is_trial":false,"path_per_floor":["M","M","M","?","M","M","E","M","T","$","E","M","M","M","R","B",null,"M","$","M","M","?","E"],"character_chosen":"THE_CONSTRUCT_MOD","items_purchased":["Crow Ritual+1","construct:ReactiveShield+1","Replay:Ringing Soul","construct:Autoturret+1"],"campfire_rested":0,"item_purchase_floors":[10,10,10,19],"current_hp_per_floor":[85,85,85,85,84,83,63,58,58,58,56,50,47,50,50,37,97,100,103,80,41,44,0,0],"gold":139,"neow_bonus":"THREE_ENEMY_KILL","is_daily":false,"chose_seed":false,"campfire_upgraded":0,"win_rate":0.0,"timestamp":1611046253,"path_taken":["M","M","M","?","?","M","E","M","T","$","E","M","M","M","R","BOSS","M","$","M","?","?","E"],"items_purchased_type":["Card","Card","Relic","Card"],"build_version":"2020-12-22","purchased_purges":1,"victory":false,"max_hp_per_floor":[85,85,85,85,85,85,85,85,85,85,88,91,91,94,94,97,97,100,103,103,106,109,109,109],"relic_stats":{"counters":[16,83],"MawBank":36,"obtain_stats":[{"RobotSpaceExplorer:ClockworkSextant":17,"Replay:Ringing Soul":10,"hubris:Backtick":17,"NeowsBlessing":0,"construct:Cogwheel":0,"hubris:PeanutButter":11,"Frozen Egg 2":9,"MawBank":7},{"RobotSpaceExplorer:ClockworkSextant":12,"Replay:Ringing Soul":7,"hubris:Backtick":12,"NeowsBlessing":0,"construct:Cogwheel":0,"hubris:PeanutButter":8,"Frozen Egg 2":7,"MawBank":6},{"RobotSpaceExplorer:ClockworkSextant":55,"Replay:Ringing Soul":26,"hubris:Backtick":55,"NeowsBlessing":0,"construct:Cogwheel":0,"hubris:PeanutButter":32,"Frozen Egg 2":26,"MawBank":23}]},"card_choices":[{"not_picked":["construct:SweepLaser","construct:Versatility"],"picked":"construct:OneWayMirror","floor":1.0},{"not_picked":["construct:SweepLaser","construct:ScrapCannon"],"picked":"construct:GuardCore","floor":2.0},{"not_picked":["construct:GuardCore","construct:ClusterMines"],"picked":"construct:PointDefense","floor":3.0},{"not_picked":["construct:HardReboot","construct:Boost"],"picked":"construct:FierceBash","floor":5.0},{"not_picked":["construct:VentSteam","construct:ClusterMines"],"picked":"construct:Missile","floor":6.0},{"not_picked":["construct:MetalShell","construct:FocusedBeam"],"picked":"construct:Isolate","floor":7.0},{"not_picked":["construct:Analyze","construct:Reinforce"],"picked":"construct:GuardCore","floor":8.0},{"not_picked":["construct:Electrocute","construct:Construct_Overclock+1"],"picked":"construct:Backup","floor":11.0},{"not_picked":["construct:Forcefield","construct:HeavyBolt"],"picked":"construct:Analyze","floor":12.0},{"not_picked":["construct:PanicFire+1","construct:Overcharge+1","construct:ModeShift"],"picked":"SKIP","floor":13.0},{"not_picked":["construct:Versatility","construct:Construct_Overclock+1"],"picked":"construct:Analyze","floor":14.0},{"not_picked":["construct:ShieldGenerator+1","construct:GatlingGun"],"picked":"construct:SpinDrive+1","floor":16.0},{"not_picked":["construct:FlameCore","construct:SyphonStrike"],"picked":"construct:PointDefense+1","floor":18.0},{"not_picked":["construct:QuickAttack","construct:VentSteam","construct:ClusterMines"],"picked":"SKIP","floor":20.0},{"not_picked":["construct:FierceBash+1","construct:Accumulate"],"picked":"construct:Synchronize+1","floor":21.0}],"player_experience":132715,"relics_obtained":[{"floor":7.0,"key":"MawBank"},{"floor":9.0,"key":"Frozen Egg 2"},{"floor":11.0,"key":"hubris:PeanutButter"}],"event_choices":[{"damage_healed":0.0,"max_hp_gain":0.0,"max_hp_loss":0.0,"gold_gain":275.0,"event_name":"Golden Shrine","player_choice":"Desecrate","floor":4.0,"gold_loss":0.0,"damage_taken":0.0,"cards_obtained":["Regret"]},{"damage_healed":0.0,"max_hp_gain":0.0,"max_hp_loss":0.0,"gold_gain":0.0,"event_name":"Drug Dealer","player_choice":"Obtain J.A.X.","floor":22.0,"gold_loss":0.0,"damage_taken":0.0,"cards_obtained":["J.A.X."]}],"is_beta":false,"boss_relics":[{"not_picked":["hubris:BlackHole","Tiny House"],"picked":"hubris:Backtick"}],"items_purged_floors":[19],"is_endless":false,"potions_floor_spawned":[2,3,6,13,18,21],"killed_by":"Slavers","ascension_level":0}}