{"host":"kh4wzxwh3q3yppxp","time":1611035326,"event":{"mods":["AchievementEnabler","BaseMod","Colored Map","DeckTracker","Minty Spire (QoL Compilation)","Quick Restart","StSLib"],"gold_per_floor":[116,127,26,38,54,83,97,97,124,180,180,211,227,246,246,348,348,360,56,56,71,71,71,33,67,67,67,83,83,102,117,117,220,220,230,230,155,168,188,199,299,309,336,336,356,356,372,386,386,386,386,386,47,47,47],"floor_reached":54,"language":"ENG","playtime":2966,"items_purged":["Strike_B"],"score":875,"play_id":"62896196-546d-4f31-933e-50f62d0cf1ad","local_time":"20210119074846","is_ascension_mode":false,"campfire_choices":[{"data":"Core Surge","floor":8,"key":"SMITH"},{"floor":15,"key":"REST"},{"data":"Hologram","floor":23,"key":"SMITH"},{"data":"Hologram","floor":29,"key":"SMITH"},{"floor":32,"key":"REST"},{"data":"Apotheosis","floor":44,"key":"SMITH"},{"floor":49,"key":"RECALL"},{"data":"Seek","floor":52,"key":"SMITH"}],"circlet_count":0,"master_deck":["Strike_B+1","Strike_B","Strike_B","Defend_B","Defend_B","Defend_B","Defend_B","Zap","Dualcast","Beam Cell","Ball Lightning","Doom and Gloom","Leap","Coolheaded","Core Surge+1","Ball Lightning","FTL+1","Leap","Parasite","Hologram+1","Rainbow","Seek+1","Hologram+1","Loop","Aggregate","Seek","Apotheosis+1","Coolheaded+1","Conserve Battery+1","Melter+1","Finesse"],"relics":["Cracked Core","Bag of Marbles","Vajra","Whetstone","Anchor","Centennial Puzzle","Nuclear Battery","OrangePellets","Strawberry","GremlinMask","Letter Opener","Akabeko","Kunai","SacredBark","Bottled Lightning"],"acts_visited":["Exordium","TheCity","TheBeyond","TheEnding"],"potions_floor_usage":[21,33,33,50,50,54],"damage_taken":[{"damage":1,"enemies":"2 Louse","floor":1,"turns":2},{"damage":0,"enemies":"Small Slimes","floor":2,"turns":2},{"damage":1,"enemies":"Cultist","floor":4,"turns":3},{"damage":5,"enemies":"Looter","floor":5,"turns":3},{"damage":18,"enemies":"Lagavulin","floor":6,"turns":6},{"damage":8,"enemies":"2 Fungi Beasts","floor":7,"turns":3},{"damage":24,"enemies":"Lagavulin Event","floor":10,"turns":4},{"damage":0,"enemies":"3 Sentries","floor":12,"turns":3},{"damage":3,"enemies":"Exordium Wildlife","floor":13,"turns":3},{"damage":12,"enemies":"Exordium Thugs","floor":14,"turns":3},{"damage":12,"enemies":"The Guardian","floor":16,"turns":12},{"damage":5,"enemies":"Spheric Guardian","floor":18,"turns":3},{"damage":0,"enemies":"3 Byrds","floor":21,"turns":2},{"damage":16,"enemies":"Book of Stabbing","floor":25,"turns":4},{"damage":0,"enemies":"Sentry and Sphere","floor":28,"turns":4},{"damage":1,"enemies":"Snecko","floor":30,"turns":4},{"damage":4,"enemies":"3 Cultists","floor":31,"turns":3},{"damage":65,"enemies":"Champ","floor":33,"turns":8},{"damage":10,"enemies":"3 Darklings","floor":35,"turns":4},{"damage":0,"enemies":"Orb Walker","floor":38,"turns":3},{"damage":0,"enemies":"3 Darklings","floor":39,"turns":3},{"damage":0,"enemies":"Jaw Worm Horde","floor":40,"turns":1},{"damage":0,"enemies":"Spire Growth","floor":42,"turns":5},{"damage":0,"enemies":"Transient","floor":45,"turns":5},{"damage":10,"enemies":"Jaw Worm Horde","floor":47,"turns":3},{"damage":0,"enemies":"4 Shapes","floor":48,"turns":4},{"damage":37,"enemies":"Donu and Deca","floor":50,"turns":12},{"damage":88,"enemies":"Shield and Spear","floor":54,"turns":5}],"seed_played":"6733461765024535097","potions_obtained":[{"floor":4,"key":"DuplicationPotion"},{"floor":7,"key":"SpeedPotion"},{"floor":10,"key":"FearPotion"},{"floor":14,"key":"Explosive Potion"},{"floor":21,"key":"AttackPotion"},{"floor":39,"key":"SpeedPotion"},{"floor":47,"key":"ColorlessPotion"},{"floor":48,"key":"Fire Potion"}],"is_trial":false,"path_per_floor":["M","M","$","M","M","E","M","R","T","?","?","E","M","M","R","B",null,"M","$","?","M","$","R","$","E","T","?","M","R","M","M","R","B",null,"M","?","$","M","M","M","?","M","T","R","M","?","M","M","R","B",null,"R","$","E"],"character_chosen":"DEFECT","items_purchased":["Doom and Gloom","Leap","OrangePellets","Strawberry","Loop","Bottled Lightning","Finesse"],"campfire_rested":2,"item_purchase_floors":[3,3,19,19,24,53,53],"current_hp_per_floor":[74,74,74,73,68,50,42,42,42,18,36,36,33,21,43,31,75,70,77,77,77,77,77,77,61,61,61,61,61,60,56,80,15,82,72,62,62,62,62,62,62,62,62,62,62,62,52,52,52,15,82,82,82,0,0],"gold":47,"neow_bonus":"RANDOM_COMMON_RELIC","is_daily":false,"chose_seed":false,"campfire_upgraded":5,"win_rate":0.0,"timestamp":1611035326,"path_taken":["M","M","$","M","M","E","M","R","T","?","?","E","M","M","R","BOSS","M","$","?","M","?","R","$","E","T","?","M","R","M","M","R","BOSS","M","?","$","M","M","M","?","M","T","R","?","?","?","M","R","BOSS","R","$","E"],"items_purchased_type":["Card","Card","Relic","Relic","Card","Relic","Card"],"build_version":"2020-12-22","purchased_purges":1,"victory":false,"max_hp_per_floor":[75,75,75,75,75,75,75,75,75,75,75,75,75,75,75,75,75,75,82,82,82,82,82,82,82,82,82,82,82,82,82,82,82,82,82,82,82,82,82,82,82,82,82,82,82,82,82,82,82,82,82,82,82,82,82],"card_choices":[{"not_picked":["Leap","Ball Lightning"],"picked":"Beam Cell","floor":1},{"not_picked":["Steam","Redo"],"picked":"Ball Lightning","floor":2},{"not_picked":["Stack","Leap"],"picked":"Coolheaded","floor":4},{"not_picked":["Hologram","Chill"],"picked":"Core Surge","floor":5},{"not_picked":["Streamline","Barrage"],"picked":"Ball Lightning","floor":6},{"not_picked":["Conserve Battery","Leap"],"picked":"FTL","floor":7},{"not_picked":["Turbo","Recycle"],"picked":"Leap","floor":10},{"not_picked":["Doom and Gloom","Loop","Heatsinks"],"picked":"SKIP","floor":12},{"not_picked":["Coolheaded","Streamline"],"picked":"Hologram","floor":13},{"not_picked":["Turbo","Blizzard"],"picked":"Rainbow","floor":14},{"not_picked":["All For One","Machine Learning"],"picked":"Seek","floor":16},{"not_picked":["Coolheaded","Rip and Tear"],"picked":"Hologram","floor":18},{"not_picked":["Barrage+1","Auto Shields","Steam"],"picked":"SKIP","floor":21},{"not_picked":["Rip and Tear","Gash"],"picked":"Aggregate","floor":25},{"not_picked":["Tempest","Barrage","Rip and Tear"],"picked":"SKIP","floor":28},{"not_picked":["Hello World","Sweeping Beam","Static Discharge"],"picked":"SKIP","floor":30},{"not_picked":["Sweeping Beam","Steam","Recycle"],"picked":"SKIP","floor":31},{"not_picked":["Multi-Cast","Meteor Strike"],"picked":"Seek","floor":33},{"not_picked":["Genetic Algorithm","Heatsinks+1","Auto Shields"],"picked":"SKIP","floor":35},{"not_picked":["Violence","PanicButton"],"picked":"Apotheosis","floor":36},{"not_picked":["Hologram","Beam Cell+1"],"picked":"Coolheaded+1","floor":38},{"not_picked":["Barrage+1","Sweeping Beam+1"],"picked":"Conserve Battery+1","floor":39},{"not_picked":["Sunder","Hologram+1","Undo+1"],"picked":"SKIP","floor":40},{"not_picked":["Doom and Gloom+1","Scrape"],"picked":"Melter+1","floor":42},{"not_picked":["Consume+1","Stack","Leap"],"picked":"SKIP","floor":45},{"not_picked":["Gash","Compile Driver","Chill"],"picked":"SKIP","floor":47},{"not_picked":["Gash","Steam+1","Compile Driver+1"],"picked":"SKIP","floor":48}],"player_experience":711709,"relics_obtained":[{"floor":6,"key":"Vajra"},{"floor":9,"key":"Whetstone"},{"floor":10,"key":"Anchor"},{"floor":12,"key":"Centennial Puzzle"},{"floor":25,"key":"Letter Opener"},{"floor":26,"key":"Akabeko"}],"event_choices":[{"damage_healed":0,"gold_gain":0,"player_choice":"Searched \u00271\u0027 times","damage_taken":0,"max_hp_gain":0,"max_hp_loss":0,"event_name":"Dead Adventurer","floor":10,"gold_loss":0},{"damage_healed":18,"gold_gain":0,"player_choice":"Healed and dodged fight","damage_taken":0,"max_hp_gain":0,"max_hp_loss":0,"event_name":"Mushrooms","floor":11,"gold_loss":0,"cards_obtained":["Parasite"]},{"damage_healed":0,"gold_gain":0,"player_choice":"Trade","damage_taken":0,"relics_obtained":["GremlinMask"],"max_hp_gain":0,"max_hp_loss":0,"event_name":"FaceTrader","floor":20,"gold_loss":0},{"damage_healed":0,"gold_gain":0,"player_choice":"Opened","damage_taken":0,"relics_obtained":["Kunai"],"max_hp_gain":0,"max_hp_loss":0,"event_name":"The Mausoleum","floor":27,"gold_loss":0},{"damage_healed":0,"gold_gain":0,"player_choice":"Memory 3","damage_taken":10,"max_hp_gain":0,"max_hp_loss":0,"event_name":"SensoryStone","floor":36,"gold_loss":0},{"damage_healed":0,"gold_gain":100,"player_choice":"Pray","damage_taken":0,"max_hp_gain":0,"max_hp_loss":0,"event_name":"Golden Shrine","floor":41,"gold_loss":0},{"damage_healed":0,"gold_gain":0,"player_choice":"Ignored","damage_taken":0,"max_hp_gain":0,"max_hp_loss":0,"event_name":"NoteForYourself","floor":46,"gold_loss":0}],"is_beta":false,"boss_relics":[{"not_picked":["Coffee Dripper","Cursed Key"],"picked":"Nuclear Battery"},{"not_picked":["Astrolabe","Sozu"],"picked":"SacredBark"}],"items_purged_floors":[37],"is_endless":false,"potions_floor_spawned":[4,7,10,14,16,21,28,39,47,48],"killed_by":"Shield and Spear","ascension_level":0}}