{"host":"xxyfyv4t3rs3ce5d","time":1611082848,"event":{"mods":["BaseMod","Hubris","Infinite Spire","Minty Spire (QoL Compilation)","Replay The Spire","Shop Mod","StSLib","The Animator","The Bug Knight","The Jungle"],"gold_per_floor":[129,79,96,96,61,61,61,61,61,93,112,139,71,71,71,171,171,181,181,193,193,41,41,59,59,59,72,72,91,91,91,91,91,91],"floor_reached":33,"language":"ENG","playtime":1931,"items_purged":["Writhe"],"score":268,"play_id":"f073e4ce-267c-46ba-8187-9c8b421ef616","local_time":"20210119140048","is_ascension_mode":false,"campfire_choices":[{"data":"animator:Vanir","floor":6,"key":"SMITH"},{"data":"animator:Kazuma","floor":8,"key":"SMITH"},{"data":"animator:Archer","floor":15,"key":"SMITH"},{"data":"animator:Ainz","floor":23,"key":"SMITH"},{"data":"animator:Archer","floor":25,"key":"SMITH"},{"data":"animator:Archer","floor":28,"key":"SMITH"},{"data":"animator:Hans","floor":30,"key":"SMITH"},{"data":"animator:Verdia","floor":32,"key":"SMITH"}],"circlet_count":0,"master_deck":["animator:Strike_Konosuba","animator:Defend_Konosuba","animator:Strike+1","animator:Strike+1","animator:Defend+1","animator:Defend","animator:Defend","animator:Aqua","animator:Kazuma","animator:Archer+1","hubris:DuctTapeCard","animator:Lancer+1","animator:Hans+1","animator:Verdia+1","animator:Darkness+1","animator:Ainz+1","animator:Archer+1","animator:Archer+1"],"relics":["animator:LivingPicture","animator:TheMissingPiece","NeowsBlessing","hubris:Towel","hubris:DuctTape","Whetstone","Replay:Grab Bag","Busted Crown","Coffee Dripper","hubris:Stopwatch","infinitespire:Bottled Soul","Simple Rune"],"acts_visited":["Exordium","TheCity"],"potions_floor_usage":[16,18,20,33,33],"damage_taken":[{"damage":0,"enemies":"Jaw Worm","floor":1,"turns":1},{"damage":0,"enemies":"Small Slimes","floor":3,"turns":1},{"damage":0,"enemies":"3 Sentries","floor":10,"turns":2},{"damage":0,"enemies":"2 Louse","floor":11,"turns":2},{"damage":0,"enemies":"Exordium Wildlife","floor":12,"turns":4},{"damage":61,"enemies":"Fading Forest","floor":16,"turns":11},{"damage":8,"enemies":"2 Thieves","floor":18,"turns":4},{"damage":12,"enemies":"Spheric Guardian","floor":20,"turns":4},{"damage":17,"enemies":"Snake Plant","floor":24,"turns":5},{"damage":8,"enemies":"3 Cultists","floor":27,"turns":4},{"damage":0,"enemies":"Snecko","floor":29,"turns":4},{"damage":51,"enemies":"Automaton","floor":33,"turns":6}],"seed_played":"-6445316609288986303","potions_obtained":[{"floor":3,"key":"Dexterity Potion"},{"floor":16,"key":"Weak Potion"},{"floor":18,"key":"ColorlessPotion"},{"floor":20,"key":"BlessingOfTheForge"},{"floor":27,"key":"Fire Potion"}],"is_trial":false,"path_per_floor":["M","?","M","T","$","R","?","R","T","E","M","M","$","?","R","B",null,"M","?","M","?","$","R","M","R","T","M","R","M","R","$","R","B"],"character_chosen":"THE_ANIMATOR","items_purchased":["animator:Archer","animator:Darkness","animator:Archer"],"campfire_rested":0,"item_purchase_floors":[5,13,22],"current_hp_per_floor":[66,66,66,66,66,66,66,66,66,66,67,67,67,67,67,8,67,61,61,51,51,51,51,36,36,36,30,30,32,32,32,32,0,0],"gold":91,"neow_bonus":"THREE_ENEMY_KILL","is_daily":false,"chose_seed":false,"campfire_upgraded":8,"win_rate":0.0,"timestamp":1611082848,"path_taken":["M","?","M","?","$","R","?","R","T","E","M","M","$","?","R","BOSS","M","?","M","?","?","R","M","R","T","M","R","M","R","$","R","BOSS"],"items_purchased_type":["Card","Card","Card"],"build_version":"2020-12-22","purchased_purges":1,"victory":false,"max_hp_per_floor":[66,66,66,66,66,66,66,66,66,66,67,67,67,67,67,67,67,67,67,67,67,67,67,67,67,67,67,67,67,67,67,67,67,67],"card_choices":[{"not_picked":["animator:Illya","animator:MumenRider"],"picked":"animator:Vanir","floor":1},{"not_picked":["animator:Shuna","animator:Shion"],"picked":"animator:Kazuma","floor":3},{"not_picked":["animator:GazelDwargon","animator:Shalltear"],"picked":"animator:Lancer","floor":10},{"not_picked":["animator:Assassin","animator:Aqua"],"picked":"animator:Hans","floor":11},{"not_picked":["animator:KyokoSakura","animator:NarberalGamma"],"picked":"animator:Verdia","floor":12},{"not_picked":["animator:Kyubey","animator:Rimuru"],"picked":"animator:Ainz","floor":16},{"not_picked":["animator:SilverFang"],"picked":"SKIP","floor":18},{"not_picked":["animator:Azekura"],"picked":"SKIP","floor":20},{"not_picked":[],"picked":"animator:Archer","floor":24},{"not_picked":["animator:SakuraMatou"],"picked":"SKIP","floor":27},{"not_picked":["animator:Kaijin"],"picked":"SKIP","floor":29}],"player_experience":197501,"relics_obtained":[{"floor":9,"key":"hubris:DuctTape"},{"floor":10,"key":"Whetstone"},{"floor":26,"key":"Simple Rune"}],"event_choices":[{"cards_removed":["animator:Strike"],"damage_healed":0,"gold_gain":0,"player_choice":"Card Removal","damage_taken":0,"max_hp_gain":0,"max_hp_loss":0,"event_name":"The Cleric","floor":2,"gold_loss":50},{"damage_healed":0,"gold_gain":0,"player_choice":"Opened","damage_taken":0,"relics_obtained":["infinitespire:Bottled Soul"],"max_hp_gain":0,"max_hp_loss":0,"event_name":"The Mausoleum","floor":21,"gold_loss":0,"cards_obtained":["Writhe"]}],"is_beta":false,"boss_relics":[{"not_picked":["Calling Bell","Fusion Hammer"],"picked":"Replay:Grab Bag"},{"not_picked":["hubris:GrandSneckoEye","Replay:Fungal Core"],"picked":"Busted Crown"},{"not_picked":["hubris:VirtuousBlindfold","Ectoplasm"],"picked":"Coffee Dripper"},{"not_picked":["SacredBark","hubris:BlackHole"],"picked":"hubris:Stopwatch"}],"items_purged_floors":[22],"is_endless":false,"potions_floor_spawned":[3,16,18,20,27],"killed_by":"Automaton","ascension_level":0}}