{"host":"vyjryxuuuxkt43k4","time":1611075423,"event":{"mods":["AchievementEnabler","BaseMod","Colored Map","DeckTracker","Keyboard Shortcuts","Minty Spire (QoL Compilation)","Permanent Neow","Quick Restart","Rare Cards Sparkle","StSLib","SuperFastMode","everything is the same but u backflip on backflip"],"gold_per_floor":[119,44,219,53,3,3,33,52,106,133,133,147,147,163,163,241,241,254,264,164,164,175,175,202,127,150,150,150,150],"floor_reached":28,"language":"KOR","playtime":1011,"items_purged":["Strike_R","Headbutt"],"score":465,"play_id":"1cd1430d-9193-453d-a398-c59b253866e9","local_time":"20210120015703","is_ascension_mode":true,"campfire_choices":[{"data":"Apotheosis","floor":6.0,"key":"SMITH"},{"floor":13.0,"key":"REST"},{"data":"Feed","floor":15.0,"key":"SMITH"},{"floor":23.0,"key":"REST"}],"circlet_count":0,"master_deck":["AscendersBane","Bash","Feed+1","Shrug It Off+1","Apotheosis+1","Fiend Fire","Metallicize+1","Bloodletting","Headbutt","Barricade","Whirlwind","Impervious","Double Tap","Entrench","Fire Breathing","Impervious","Ghostly Armor"],"relics":["Burning Blood","Blood Vial","Regal Pillow","Pandora\u0027s Box","Torii","Ancient Tea Set"],"acts_visited":["Exordium","TheCity"],"potions_floor_usage":[28],"damage_taken":[{"damage":10.0,"enemies":"2 Louse","floor":1.0,"turns":2.0},{"damage":25.0,"enemies":"Gremlin Nob","floor":7.0,"turns":4.0},{"damage":12.0,"enemies":"Small Slimes","floor":8.0,"turns":5.0},{"damage":17.0,"enemies":"Lagavulin","floor":10.0,"turns":5.0},{"damage":1.0,"enemies":"Jaw Worm","floor":12.0,"turns":5.0},{"damage":14.0,"enemies":"3 Louse","floor":14.0,"turns":5.0},{"damage":66.0,"enemies":"Hexaghost","floor":16.0,"turns":12.0},{"damage":29.0,"enemies":"Shell Parasite","floor":18.0,"turns":8.0},{"damage":38.0,"enemies":"2 Thieves","floor":19.0,"turns":4.0},{"damage":29.0,"enemies":"3 Cultists","floor":22.0,"turns":8.0},{"damage":41.0,"enemies":"Slavers","floor":24.0,"turns":5.0},{"damage":21,"enemies":"Sentry and Sphere","floor":28,"turns":3}],"seed_played":"7659229693464174555","potions_obtained":[{"floor":8.0,"key":"LiquidMemories"},{"floor":10.0,"key":"EssenceOfSteel"},{"floor":12.0,"key":"Dexterity Potion"},{"floor":16.0,"key":"CultistPotion"},{"floor":18.0,"key":"CultistPotion"},{"floor":19.0,"key":"Dexterity Potion"},{"floor":22.0,"key":"Strength Potion"}],"is_trial":false,"path_per_floor":["M","$","?","$","?","R","E","M","T","E","?","M","R","M","R","B",null,"M","M","$","?","M","R","E","?","T","?","M"],"character_chosen":"IRONCLAD","items_purchased":["Apotheosis"],"campfire_rested":2,"item_purchase_floors":[4],"current_hp_per_floor":[67,67,67,67,67,67,52,52,52,43,26,37,79,77,77,19,75,58,32,32,32,15,61,32,32,32,9,0,0],"gold":150,"neow_bonus":"ONE_RANDOM_RARE_CARD","is_daily":false,"chose_seed":false,"campfire_upgraded":2,"win_rate":0.0,"timestamp":1611075423,"path_taken":["M","$","?","$","?","R","E","M","T","E","?","M","R","M","R","BOSS","M","M","$","?","M","R","E","?","T","?","M"],"items_purchased_type":["Card"],"build_version":"2020-12-22","purchased_purges":2,"victory":false,"max_hp_per_floor":[78,78,78,78,78,78,82,86,86,86,86,90,90,94,94,94,94,98,102,102,102,106,106,110,110,110,115,115,115],"card_choices":[{"not_picked":["Shrug It Off","Cleave","Infernal Blade"],"picked":"SKIP","floor":1.0},{"not_picked":["Cleave","Infernal Blade"],"picked":"Shrug It Off","floor":1.0},{"not_picked":["Headbutt","Dropkick"],"picked":"Fiend Fire","floor":7.0},{"not_picked":["Armaments","Twin Strike"],"picked":"Metallicize","floor":8.0},{"not_picked":["Dark Embrace","Havoc"],"picked":"Bloodletting","floor":10.0},{"not_picked":["Reckless Charge","Thunderclap"],"picked":"Headbutt","floor":12.0},{"not_picked":["Rupture","Metallicize","Havoc"],"picked":"SKIP","floor":14.0},{"not_picked":["Juggernaut","Fiend Fire"],"picked":"Barricade","floor":16.0},{"not_picked":["Wild Strike","Sentinel","Thunderclap+1"],"picked":"SKIP","floor":18.0},{"not_picked":["Sentinel","Sword Boomerang","Cleave"],"picked":"SKIP","floor":19.0},{"not_picked":["Dropkick","True Grit"],"picked":"Ghostly Armor","floor":22.0},{"not_picked":["Headbutt","Iron Wave","Sever Soul"],"picked":"SKIP","floor":24.0}],"player_experience":362756,"relics_obtained":[{"floor":7.0,"key":"Blood Vial"},{"floor":10.0,"key":"Regal Pillow"},{"floor":24.0,"key":"Torii"},{"floor":26.0,"key":"Ancient Tea Set"}],"event_choices":[{"damage_healed":0.0,"max_hp_gain":0.0,"max_hp_loss":0.0,"gold_gain":175.0,"event_name":"Liars Game","player_choice":"AGREE","floor":3.0,"gold_loss":0.0,"damage_taken":0.0,"cards_obtained":["Doubt"]},{"cards_removed":["Doubt"],"damage_healed":0.0,"max_hp_gain":0.0,"max_hp_loss":0.0,"gold_gain":0.0,"event_name":"The Cleric","player_choice":"Card Removal","floor":5.0,"gold_loss":50.0,"damage_taken":0.0},{"damage_healed":0.0,"max_hp_gain":0.0,"max_hp_loss":0.0,"gold_gain":0.0,"event_name":"Shining Light","player_choice":"Entered Light","floor":11.0,"gold_loss":0.0,"damage_taken":17.0,"cards_upgraded":["Metallicize","Shrug It Off"]},{"damage_healed":0.0,"max_hp_gain":0.0,"max_hp_loss":0.0,"gold_gain":0.0,"cards_transformed":["Sever Soul","Hemokinesis"],"event_name":"Drug Dealer","player_choice":"Became Test Subject","floor":21.0,"gold_loss":0.0,"damage_taken":0.0,"cards_obtained":["Fire Breathing","Impervious"]},{"cards_removed":["Clothesline"],"damage_healed":0.0,"max_hp_gain":0.0,"max_hp_loss":0.0,"gold_gain":0.0,"event_name":"Beggar","player_choice":"Gave Gold","floor":25.0,"gold_loss":75.0,"damage_taken":0.0},{"damage_healed":0.0,"max_hp_gain":5.0,"max_hp_loss":0.0,"gold_gain":0.0,"event_name":"Forgotten Altar","player_choice":"Shed Blood","floor":27.0,"gold_loss":0.0,"damage_taken":28.0}],"is_beta":false,"boss_relics":[{"not_picked":["Ectoplasm","Black Blood"],"picked":"Pandora\u0027s Box"}],"items_purged_floors":[2,20],"is_endless":false,"potions_floor_spawned":[8,10,12,16,18,19,22],"killed_by":"Sentry and Sphere","ascension_level":14}}