{"host":"uimu98mr9zvwuo5s","time":1611074131,"event":{"mods":["Aspiration","BaseMod","Better Note","Better Third Choice","BetterRewards","Conspire","GifTheSpireLib","Highlight Path","Hubris","Infinite Spire","Jedi Mod","Magitek Elite","Minty Spire (QoL Compilation)","Rare Cards Sparkle","Replay The Spire","Shop Mod","Spicy Shops","StSLib","Stuff the Spire","Uncapped","vexMod"],"gold_per_floor":[115,134,152,167,89,123,141,168,237,237,254,254,271,321,321,423,423,434,446,446,464,477,477,489,489,489,489,502,426,426],"floor_reached":29,"language":"ENG","playtime":1298,"items_purged":[],"score":366,"play_id":"3dbd5424-990e-404a-a3b6-efc68c8a0f8e","local_time":"20210119113531","is_ascension_mode":false,"campfire_choices":[{"data":"Ultima","floor":10,"key":"SMITH"},{"data":"Shell","floor":12,"key":"SMITH"},{"data":"Cure","floor":23,"key":"SMITH"},{"data":"Cure","floor":27,"key":"SMITH"}],"circlet_count":0,"master_deck":["Strike_L","Strike_L","Strike_L","Defend_L","Defend_L","Defend_L","Defend_L","Defend_L","Fire2","Cure+2","Ultima+1","Shell+1","Float2_Spell","Gravity","Blizzard_P+2","Strike_L","Ultima+1","Defend_L","Defend_L","Defend_L","Defend_L","Defend_L","Strike_L","Fire2","Strike_L"],"relics":["Pendant","Replay:Rubber Ducky","MerchantsRug","Strange Spoon","StuffTheSpire:Mouthbags","Chemical X","Membership Card","StuffTheSpire:BottledEssence","Gambling Chip","Simple Rune","Tiny Chest","vexMod:Spyglass","Replay:Baseball","Bronze Scales","hubris:DeckOfHolding","Centennial Puzzle","Memories","jedi:Pinwheel","hubris:MedicalManual","StuffTheSpire:Barrel","BargainBundle","jedi:bottledfury","Cauldron"],"acts_visited":["Exordium","TheCity"],"potions_floor_usage":[],"damage_taken":[{"damage":0,"enemies":"2 Louse","floor":1,"turns":1},{"damage":0,"enemies":"Cultist","floor":2,"turns":1},{"damage":0,"enemies":"Small Slimes","floor":3,"turns":1},{"damage":12,"enemies":"conspire:2 RoseBushes","floor":4,"turns":1},{"damage":0,"enemies":"3 Sentries","floor":6,"turns":1},{"damage":0,"enemies":"Looter","floor":7,"turns":3},{"damage":7,"enemies":"Replay:BlueRogue","floor":8,"turns":4},{"damage":0,"enemies":"Large Slime","floor":11,"turns":2},{"damage":0,"enemies":"3 Louse","floor":13,"turns":1},{"damage":0,"enemies":"Slime Boss","floor":16,"turns":3},{"damage":10,"enemies":"Chosen","floor":18,"turns":2},{"damage":6,"enemies":"Shell Parasite","floor":19,"turns":2},{"damage":0,"enemies":"Shelled Parasite and Fungi","floor":21,"turns":3},{"damage":0,"enemies":"3 Cultists","floor":22,"turns":2},{"damage":20,"enemies":"Centurion and Healer","floor":24,"turns":2},{"damage":22,"enemies":"conspire:HollyBat","floor":28,"turns":6}],"seed_played":"-4671964827002306054","potions_obtained":[{"floor":6,"key":"AttackPotion"},{"floor":7,"key":"Block Potion"},{"floor":11,"key":"Energy Potion"},{"floor":29,"key":"Dexterity Potion"},{"floor":29,"key":"jedi:holywater"},{"floor":29,"key":"Block Potion"},{"floor":29,"key":"jedi:tentaclejuice"},{"floor":29,"key":"jedi:wingpotion"}],"is_trial":false,"path_per_floor":["M","M","M","M","$","E","M","E","T","R","M","R","M","T","R","B",null,"M","M","AVR","M","M","R","M","T","T","R","M","$"],"character_chosen":"MAGITEKELITE","items_purchased":["Replay:Rubber Ducky","MerchantsRug","Strange Spoon","Ultima","StuffTheSpire:Mouthbags","Chemical X","Membership Card","StuffTheSpire:BottledEssence","Gambling Chip","Simple Rune","Tiny Chest","vexMod:Spyglass","Shell","Replay:Baseball","BargainBundle","Block Potion","Strength Potion","Weak Potion","Fire Potion","jedi:bottledfury","Cauldron"],"campfire_rested":0,"item_purchase_floors":[0,0,0,0,0,0,0,0,0,0,0,0,0,5,29,29,29,29,29,29,29],"current_hp_per_floor":[42,42,42,30,30,36,36,35,35,35,41,41,41,41,41,41,63,53,53,53,53,59,59,43,43,43,43,57,57,57],"gold":426,"neow_bonus":"","is_daily":false,"chose_seed":false,"campfire_upgraded":4,"win_rate":0.0,"timestamp":1611074131,"path_taken":["M","M","M","M","$","E","M","E","T","R","M","R","M","?","R","BOSS","M","M","AVR","M","M","R","M","?","T","R","M","$"],"items_purchased_type":["Relic","Relic","Relic","Card","Relic","Relic","Relic","Relic","Relic","Relic","Relic","Relic","Card","Relic","Relic","Potion","Potion","Potion","Potion","Relic","Relic"],"build_version":"2020-12-22","purchased_purges":0,"victory":false,"max_hp_per_floor":[63,63,63,63,63,63,63,63,63,63,63,63,63,63,63,63,63,63,63,63,63,63,63,63,63,63,63,63,63,63],"card_choices":[{"not_picked":["Haste","Falchion","Mythril_Knife"],"picked":"SKIP","floor":1},{"not_picked":["Rune_Blade","Barrier","Meltdown"],"picked":"SKIP","floor":2},{"not_picked":["Magnus_Hat","Circlet","Rune_Blade"],"picked":"SKIP","floor":3},{"not_picked":["Heavy_Shield","Circlet","Throw"],"picked":"SKIP","floor":4},{"not_picked":["Poisona","Heavy_Shield"],"picked":"Float2_Spell","floor":6},{"not_picked":["Cursed_Shield","Quick","Thunder_P"],"picked":"SKIP","floor":7},{"not_picked":["Flare","Flametongue","Vox"],"picked":"SKIP","floor":8},{"not_picked":["Mythril_Knife","Balance","Thousand_Needles"],"picked":"SKIP","floor":11},{"not_picked":["Mythril_Knife","Thunder_P","Barrier"],"picked":"SKIP","floor":13},{"not_picked":["Poisona","Barrier+1","Dark"],"picked":"SKIP","floor":18},{"not_picked":["Focus","Poisona","Thunder_P"],"picked":"SKIP","floor":19},{"not_picked":["Water","Heavy_Shield","Icebrand"],"picked":"SKIP","floor":21},{"not_picked":["Float2_Spell+1","Mythril_Knife+1","Tornado"],"picked":"SKIP","floor":22},{"not_picked":["Enhancer","Shell","Mama"],"picked":"SKIP","floor":24},{"not_picked":["Heavy_Shield","Throw","Faith"],"picked":"SKIP","floor":28}],"player_experience":237572,"relics_obtained":[{"floor":6,"key":"Bronze Scales"},{"floor":9,"key":"hubris:DeckOfHolding"},{"floor":14,"key":"Centennial Puzzle"},{"floor":25,"key":"hubris:MedicalManual"},{"floor":26,"key":"StuffTheSpire:Barrel"}],"event_choices":[],"is_beta":false,"boss_relics":[{"not_picked":["conspire:RunicOctahedron","vexMod:DeviousBotling"],"picked":"Memories"}],"items_purged_floors":[],"is_endless":false,"potions_floor_spawned":[6,7,11,13,18,28],"ascension_level":0}}