{"host":"47mn4tgofsdu2qaz","time":1611040230,"event":{"mods":["BaseMod","Marisa????????","Minty Spire (QoL Compilation)"],"gold_per_floor":[116,131,131,150,225,225,257,257,257,432,465,476,487,502,502,598,598,615,631,151,151,511,541,555,575,575,594,594,594],"floor_reached":28,"language":"ENG","playtime":2292,"items_purged":[],"score":302,"play_id":"f04d49dc-916c-40b2-a5fb-fe7074c8e590","local_time":"20210119001030","is_ascension_mode":false,"campfire_choices":[{"data":"AsteroidBelt","floor":6,"key":"SMITH"},{"floor":15,"key":"REST"}],"circlet_count":0,"master_deck":["Strike_MRS","Strike_MRS","Strike_MRS","Strike_MRS","Defend_MRS","Defend_MRS","Defend_MRS","Defend_MRS","MasterSpark","UpSweep","EnergyFlow+1","AsteroidBelt+1","PulseMagic+1","Doubt","SuperNova","ShootingEcho","AsteroidBelt","Acceleration","BinaryStars","SporeBomb+1","Acceleration","EventHorizon","Acceleration","AlicesGift","Parasite","Parasite","OortCloud","MilkyWay+1","StarlightTyphoon","EarthLightRay"],"relics":["MiniHakkero","NeowsBlessing","Calipers","HornCleat","Pen Nib","Coffee Dripper","Chemical X","Happy Flower","ShroomBag","Torii"],"acts_visited":["Exordium","TheCity"],"potions_floor_usage":[7,18,24],"damage_taken":[{"damage":0,"enemies":"Small Slimes","floor":1,"turns":1},{"damage":0,"enemies":"Cultist","floor":2,"turns":1},{"damage":0,"enemies":"Jaw Worm","floor":4,"turns":1},{"damage":5,"enemies":"Gremlin Nob","floor":7,"turns":5},{"damage":12,"enemies":"3 Sentries","floor":11,"turns":9},{"damage":1,"enemies":"Large Slime","floor":12,"turns":6},{"damage":2,"enemies":"2 Fungi Beasts","floor":13,"turns":3},{"damage":18,"enemies":"Exordium Wildlife","floor":14,"turns":8},{"damage":25,"enemies":"The Guardian","floor":16,"turns":9},{"damage":0,"enemies":"Spheric Guardian","floor":18,"turns":3},{"damage":0,"enemies":"3 Byrds","floor":19,"turns":6},{"damage":0,"enemies":"Book of Stabbing","floor":23,"turns":3},{"damage":7,"enemies":"Cultist and Chosen","floor":24,"turns":8},{"damage":8,"enemies":"Snake Plant","floor":25,"turns":4},{"damage":3,"enemies":"Shelled Parasite and Fungi","floor":27,"turns":6},{"damage":39,"enemies":"Gremlin Leader","floor":28,"turns":4}],"seed_played":"-6710308727778541907","potions_obtained":[{"floor":2,"key":"Weak Potion"},{"floor":4,"key":"Ancient Potion"},{"floor":12,"key":"SpeedPotion"},{"floor":13,"key":"SteroidPotion"},{"floor":19,"key":"AttackPotion"},{"floor":24,"key":"CultistPotion"},{"floor":27,"key":"Dexterity Potion"}],"is_trial":false,"path_per_floor":["M","M","?","M","?","R","E","?","T","?","E","M","M","M","R","B",null,"M","M","$","?","?","E","M","M","T","M","E"],"character_chosen":"MARISA","items_purchased":["Chemical X","Happy Flower","EventHorizon","Acceleration","AlicesGift"],"campfire_rested":1,"item_purchase_floors":[20,20,20,20,20],"current_hp_per_floor":[75,75,75,75,64,64,59,59,59,59,47,46,44,26,48,23,75,75,75,75,66,30,30,27,23,23,24,0,0],"gold":594,"neow_bonus":"THREE_ENEMY_KILL","is_daily":false,"chose_seed":false,"campfire_upgraded":1,"win_rate":0.0,"timestamp":1611040230,"path_taken":["M","M","?","?","?","R","E","?","T","?","E","M","?","M","R","BOSS","M","M","$","?","?","E","?","M","T","M","E"],"items_purchased_type":["Relic","Relic","Card","Card","Card"],"build_version":"2020-12-22","purchased_purges":0,"victory":false,"max_hp_per_floor":[75,75,75,75,75,75,75,75,75,75,75,75,75,75,75,75,75,75,75,75,75,75,75,75,75,75,75,75,75],"card_choices":[{"not_picked":["IllusionStar","DarkSpark","ManaConvection"],"picked":"SKIP","floor":1},{"not_picked":["WitchOfGreed","MysteriousBeam"],"picked":"EnergyFlow","floor":2},{"not_picked":["FairyDestructionRay","PowerUp"],"picked":"AsteroidBelt","floor":4},{"not_picked":["LuminesStrike","GrandCross"],"picked":"PulseMagic","floor":7},{"not_picked":["SatelliteIllusion","WitchOfGreed"],"picked":"SuperNova","floor":11},{"not_picked":["ManaConvection","MysteriousBeam"],"picked":"ShootingEcho","floor":12},{"not_picked":["ShootingEcho","MysteriousBeam"],"picked":"AsteroidBelt","floor":13},{"not_picked":["ManaConvection","6A"],"picked":"Acceleration","floor":14},{"not_picked":["BlazingStar","StarDustReverie"],"picked":"BinaryStars","floor":16},{"not_picked":["ShootingEcho+1","GrandCross"],"picked":"SporeBomb+1","floor":18},{"not_picked":["DragonMeteor","GalacticHalo+1"],"picked":"Acceleration","floor":19},{"not_picked":["MeteoricShower","FairyDestructionRay"],"picked":"OortCloud","floor":23},{"not_picked":["WitchOfGreed+1","DC"],"picked":"MilkyWay+1","floor":24},{"not_picked":["Singularity","NonDirectionalLaser+1"],"picked":"StarlightTyphoon","floor":25},{"not_picked":["PropBag","DoubleSpark"],"picked":"EarthLightRay","floor":27}],"player_experience":61842,"relics_obtained":[{"floor":7,"key":"Calipers"},{"floor":9,"key":"HornCleat"},{"floor":11,"key":"Pen Nib"},{"floor":23,"key":"ShroomBag"},{"floor":26,"key":"Torii"}],"event_choices":[{"damage_healed":0,"gold_gain":0,"player_choice":"Upgraded","damage_taken":0,"max_hp_gain":0,"max_hp_loss":0,"event_name":"Upgrade Shrine","floor":3,"gold_loss":0,"cards_upgraded":["EnergyFlow"]},{"damage_healed":0,"gold_gain":75,"player_choice":"Gather Gold","damage_taken":11,"max_hp_gain":0,"max_hp_loss":0,"event_name":"World of Goop","floor":5,"gold_loss":0},{"damage_healed":0,"gold_gain":0,"player_choice":"Grow","damage_taken":0,"max_hp_gain":0,"max_hp_loss":0,"event_name":"Living Wall","floor":8,"gold_loss":0,"cards_upgraded":["PulseMagic"]},{"damage_healed":0,"gold_gain":175,"player_choice":"AGREE","damage_taken":0,"max_hp_gain":0,"max_hp_loss":0,"event_name":"Liars Game","floor":10,"gold_loss":0,"cards_obtained":["Doubt"]},{"damage_healed":0,"gold_gain":0,"player_choice":"Stopped","damage_taken":9,"max_hp_gain":0,"max_hp_loss":0,"event_name":"Cursed Tome","floor":21,"gold_loss":0},{"damage_healed":0,"gold_gain":360,"player_choice":"GOLD GOLD GOLD GOLD ","damage_taken":36,"max_hp_gain":0,"max_hp_loss":0,"event_name":"Knowing Skull","floor":22,"potions_obtained":[],"gold_loss":0,"cards_obtained":[]}],"is_beta":false,"boss_relics":[{"not_picked":["Empty Cage","Calling Bell"],"picked":"Coffee Dripper"}],"items_purged_floors":[],"is_endless":false,"potions_floor_spawned":[2,4,12,13,19,24,27],"killed_by":"Gremlin Leader","ascension_level":0}}