{"host":"0awa854l6bexpjrv","time":1611090972,"event":{"mods":["BaseMod","Block Reminder","Colored Map","Colored Powertips","Downfall","Highlight Path","Minty Spire (QoL Compilation)","Quick Restart","Rare Cards Sparkle","StSLib","SuperFastMode"],"gold_per_floor":[115,115,131,145,0,0,33,43,68,82,102,119,135,155,155,260,260,271,58,71,71,90,90,124,124,203,24,37,37,37,71,71,71,71],"floor_reached":33,"language":"ENG","playtime":1619,"items_purged":["Strike_R","Strike_R"],"score":349,"play_id":"ed05c1af-6dc4-462e-a2b6-b55c236e7af6","local_time":"20210119131612","is_ascension_mode":true,"campfire_choices":[{"data":"Bash","floor":6.0,"key":"SMITH"},{"data":"Flame Barrier","floor":15,"key":"SMITH"},{"data":"Uppercut","floor":23,"key":"SMITH"},{"data":"Armaments","floor":25,"key":"SMITH"},{"data":"Immolate","floor":29,"key":"SMITH"},{"data":"Uppercut","floor":32,"key":"SMITH"}],"circlet_count":0,"master_deck":["Strike_R","Strike_R","Defend_R","Defend_R","Defend_R","Defend_R","Bash+1","Uppercut+1","Twin Strike","Anger","Burning Pact","Twin Strike","Armaments+1","Clothesline","Battle Trance","Spot Weakness","Flame Barrier+1","Immolate+1","Uppercut+1","Metallicize","Flex+1","Battle Trance","Armaments+1","downfall:Icky","Spot Weakness","Regret"],"relics":["Burning Blood","Bag of Marbles","Regal Pillow","Akabeko","Cursed Key","Red Skull","Letter Opener","Blood Vial","Gremlin Horn","Frozen Egg 2"],"acts_visited":["Exordium","TheCity"],"potions_floor_usage":[16,24,24,31,33],"damage_taken":[{"damage":4.0,"enemies":"Jaw Worm","floor":1.0,"turns":4.0},{"damage":1.0,"enemies":"Cultist","floor":3.0,"turns":3.0},{"damage":3.0,"enemies":"Small Slimes","floor":4.0,"turns":3.0},{"damage":27.0,"enemies":"Lagavulin","floor":7.0,"turns":6.0},{"damage":11.0,"enemies":"Blue Slaver","floor":8.0,"turns":4.0},{"damage":1.0,"enemies":"Looter","floor":10.0,"turns":2.0},{"damage":3.0,"enemies":"Exordium Thugs","floor":11.0,"turns":4.0},{"damage":0,"enemies":"Blue Slaver","floor":12,"turns":1},{"damage":2,"enemies":"2 Fungi Beasts","floor":13,"turns":3},{"damage":0,"enemies":"Exordium Wildlife","floor":14,"turns":2},{"damage":33,"enemies":"Hexaghost","floor":16,"turns":8},{"damage":0,"enemies":"Spheric Guardian","floor":18,"turns":3},{"damage":3,"enemies":"Chosen","floor":20,"turns":3},{"damage":4,"enemies":"Snecko","floor":22,"turns":5},{"damage":8,"enemies":"Slavers","floor":24,"turns":3},{"damage":0,"enemies":"Centurion and Healer","floor":28,"turns":4},{"damage":14,"enemies":"Gremlin Leader","floor":31,"turns":4},{"damage":75,"enemies":"Collector","floor":33,"turns":6}],"seed_played":"3159768360275912102","potions_obtained":[{"floor":1.0,"key":"BloodPotion"},{"floor":3.0,"key":"AttackPotion"},{"floor":7.0,"key":"Strength Potion"},{"floor":13,"key":"HeartOfIron"},{"floor":16,"key":"champ:CounterPotion"},{"floor":28,"key":"hexamod:SoulburnPotion"},{"floor":31,"key":"ColorlessPotion"}],"is_trial":false,"path_per_floor":["M","?","M","M","$","R","E","M","T","M","M","M","M","M","R","B",null,"M","$","M","$","M","R","E","R","T","$","M","R","T","E","R","B"],"character_chosen":"IRONCLAD","items_purchased":["Burning Pact","Uppercut","Metallicize","Blood Vial","Spot Weakness"],"campfire_rested":0,"item_purchase_floors":[5,19,19,27,27],"current_hp_per_floor":[80,80,80,80,80,80,59,54,54,59,62,68,72,78,78,51,80,80,80,80,80,80,80,78,78,78,78,80,80,80,72,72,0,0],"gold":71,"neow_bonus":"RANDOM_COMMON_RELIC","is_daily":false,"chose_seed":false,"campfire_upgraded":6,"win_rate":0.0,"timestamp":1611090972,"path_taken":["M","?","M","M","$","R","E","M","T","M","M","M","M","M","R","BOSS","M","$","M","?","M","R","E","R","T","?","?","R","?","E","R","BOSS"],"items_purchased_type":["Card","Card","Card","Relic","Card"],"build_version":"2020-12-22","purchased_purges":2,"victory":false,"max_hp_per_floor":[80,80,80,80,80,80,80,80,80,80,80,80,80,80,80,80,80,80,80,80,80,80,80,80,80,80,80,80,80,80,80,80,80,80],"card_choices":[{"not_picked":["Evolve","Dropkick"],"picked":"Uppercut","floor":1.0},{"not_picked":["Metallicize","Perfected Strike"],"picked":"Twin Strike","floor":3.0},{"not_picked":["Clash","Body Slam"],"picked":"Anger","floor":4.0},{"not_picked":["Brutality","Clash"],"picked":"Twin Strike","floor":7.0},{"not_picked":["Sword Boomerang","Metallicize"],"picked":"Armaments","floor":8.0},{"not_picked":["Rampage","Ghostly Armor"],"picked":"Clothesline","floor":10.0},{"not_picked":["Warcry","Perfected Strike"],"picked":"Battle Trance","floor":11.0},{"not_picked":["Wild Strike","Clash"],"picked":"Spot Weakness","floor":12},{"not_picked":["Sword Boomerang","Combust","Second Wind"],"picked":"SKIP","floor":13},{"not_picked":["Anger","Sentinel"],"picked":"Flame Barrier","floor":14},{"not_picked":["Barricade","Berserk"],"picked":"Immolate","floor":16},{"not_picked":["Thunderclap","Shrug It Off","Warcry"],"picked":"SKIP","floor":18},{"not_picked":["Perfected Strike","Pommel Strike"],"picked":"Flex+1","floor":20},{"not_picked":["Clash","Twin Strike"],"picked":"Battle Trance","floor":22},{"not_picked":["Clothesline+1","Ghostly Armor"],"picked":"Armaments+1","floor":24},{"not_picked":["Uppercut","Rage+1","Shrug It Off"],"picked":"SKIP","floor":28},{"not_picked":["Armaments+1","Sword Boomerang","Pommel Strike"],"picked":"SKIP","floor":31}],"player_experience":575242,"relics_obtained":[{"floor":7.0,"key":"Regal Pillow"},{"floor":9.0,"key":"Akabeko"},{"floor":24,"key":"Red Skull"},{"floor":26,"key":"Letter Opener"},{"floor":30,"key":"Gremlin Horn"},{"floor":31,"key":"Frozen Egg 2"}],"event_choices":[{"cards_removed":["Strike_R"],"damage_healed":0.0,"max_hp_gain":0.0,"max_hp_loss":0.0,"gold_gain":0.0,"event_name":"Bonfire Elementals","player_choice":"Offered Basic","floor":2.0,"gold_loss":0.0,"damage_taken":0.0}],"is_beta":false,"boss_relics":[{"not_picked":["Astrolabe","SacredBark"],"picked":"Cursed Key"}],"items_purged_floors":[5,19],"is_endless":false,"potions_floor_spawned":[1,3,7,13,16,18,28,31],"killed_by":"Collector","ascension_level":4}}