{"host":"zv753xhrtese558r","time":1611042024,"event":{"mods":["2.2 Compatiblity","AchievementEnabler","BaseMod","Bestiary","Better Match","Better Note","Better Skull","Better Third Choice","BetterRewards","Colored Map","Colored Powertips","Googly Eyes","Infinite Spire","Minty Spire (QoL Compilation)","Spicy Shops","StSLib"],"gold_per_floor":[119,119,119,138,15,50,50,82,154,154,214,243,243,261,261,359,359,375,73,73,0,18,51,51,51,51,66,66,66,77,106,106,205,205,224,69,169,184,198,198,227,227,254,254,272,297,312,324,324,324,324],"floor_reached":50,"language":"ENG","playtime":3797,"items_purged":["Strike_B"],"score":722,"play_id":"6416d959-a0f2-41f2-951d-13bd311b7fe5","local_time":"20210118234024","is_ascension_mode":true,"campfire_choices":[{"data":"Zap","floor":7.0,"key":"SMITH"},{"floor":10.0,"key":"REST"},{"data":"Dualcast","floor":15.0,"key":"SMITH"},{"floor":25.0,"key":"REST"},{"floor":32,"key":"REST"},{"data":"Creative AI","floor":40,"key":"SMITH"},{"floor":42,"key":"REST"},{"floor":44,"key":"REST"},{"floor":49,"key":"REST"}],"circlet_count":0,"master_deck":["Strike_B","Strike_B","Strike_B","Defend_B","Defend_B+1","Defend_B","Defend_B","Zap+1","Dualcast+1","Conserve Battery+1","Leap","Redo+1","Core Surge","Static Discharge","Genetic Algorithm+1","Core Surge","Self Repair","infinitespire:UltimateForm","Barrage+1","Creative AI+1","Seek+1","Hello World+1","Lockon","Cold Snap","Machine Learning","Doom and Gloom+1","Defragment","Auto Shields+1","Storm"],"relics":["Cracked Core","NeowsBlessing","FaceOfCleric","Toxic Egg 2","Pen Nib","Centennial Puzzle","infinitespire:SolderingIron","Cables","Unceasing Top","Nuclear Battery","infinitespire:CheckeredPen","Peace Pipe","infinitespire:Lucky Rock","FrozenCore","War Paint","SlaversCollar","OrangePellets","infinitespire:EmpoweringShard","Boot","Vajra"],"acts_visited":["Exordium","TheCity","TheBeyond"],"potions_floor_usage":[31,33,35,39,47,50,50],"damage_taken":[{"damage":0.0,"enemies":"Jaw Worm","floor":1.0,"turns":1.0},{"damage":0.0,"enemies":"2 Louse","floor":4.0,"turns":1.0},{"damage":0.0,"enemies":"Gremlin Nob","floor":6.0,"turns":1.0},{"damage":25.0,"enemies":"Lagavulin","floor":8.0,"turns":6.0},{"damage":1.0,"enemies":"Gremlin Nob","floor":11.0,"turns":3.0},{"damage":14.0,"enemies":"3 Sentries","floor":12.0,"turns":5.0},{"damage":0.0,"enemies":"Cultist","floor":14.0,"turns":2.0},{"damage":29.0,"enemies":"Hexaghost","floor":16.0,"turns":9.0},{"damage":2.0,"enemies":"3 Byrds","floor":18.0,"turns":4.0},{"damage":5.0,"enemies":"Shell Parasite","floor":22.0,"turns":4.0},{"damage":1.0,"enemies":"Book of Stabbing","floor":23.0,"turns":4.0},{"damage":19.0,"enemies":"Shelled Parasite and Fungi","floor":27.0,"turns":4.0},{"damage":17,"enemies":"Sentry and Sphere","floor":30,"turns":5},{"damage":18,"enemies":"Gremlin Leader","floor":31,"turns":4},{"damage":77,"enemies":"Automaton","floor":33,"turns":10},{"damage":23,"enemies":"3 Darklings","floor":35,"turns":7},{"damage":0,"enemies":"3 Shapes","floor":38,"turns":3},{"damage":18,"enemies":"Maw","floor":39,"turns":7},{"damage":64,"enemies":"Reptomancer","floor":41,"turns":6},{"damage":45,"enemies":"Writhing Mass","floor":45,"turns":5},{"damage":7,"enemies":"Giant Head","floor":46,"turns":6},{"damage":16,"enemies":"Transient","floor":47,"turns":5},{"damage":16,"enemies":"Sphere and 2 Shapes","floor":48,"turns":4},{"damage":57,"enemies":"infinitespire:MassOfShapes","floor":50,"turns":6}],"seed_played":"-8750693680707223819","potions_obtained":[{"floor":1.0,"key":"BlessingOfTheForge"},{"floor":4.0,"key":"LiquidMemories"},{"floor":6.0,"key":"DuplicationPotion"},{"floor":23.0,"key":"SteroidPotion"},{"floor":30,"key":"AttackPotion"},{"floor":31,"key":"Dexterity Potion"},{"floor":33,"key":"ColorlessPotion"},{"floor":38,"key":"Block Potion"},{"floor":39,"key":"Dexterity Potion"},{"floor":46,"key":"Swift Potion"},{"floor":47,"key":"LiquidBronze"}],"is_trial":false,"path_per_floor":["M","?","?","M","$","E","R","E","T","R","?","E","?","M","R","B",null,"M","$","?","?","M","E","?","R","T","M","?","AVR","M","E","R","B",null,"M","$","?","M","M","R","E","R","T","R","M","E","M","M","R","B"],"character_chosen":"DEFECT","items_purchased":["Toxic Egg 2","Creative AI","infinitespire:CheckeredPen","Block Potion","OrangePellets","Defragment"],"campfire_rested":6,"item_purchase_floors":[5,19,19,19,36,36],"current_hp_per_floor":[75,75,75,76,76,77,77,53,53,76,76,63,63,64,64,36,82,81,81,62,62,65,65,65,85,85,74,74,74,65,55,81,12,89,74,74,74,82,72,72,16,43,43,70,40,41,33,25,54,0,0],"gold":324,"neow_bonus":"THREE_ENEMY_KILL","is_daily":false,"chose_seed":false,"campfire_upgraded":3,"win_rate":0.0,"timestamp":1611042024,"path_taken":["M","?","?","?","$","E","R","E","T","R","?","E","?","?","R","BOSS","M","$","?","?","M","E","?","R","T","?","?","AVR","M","E","R","BOSS","M","$","?","?","?","R","E","R","T","R","M","E","M","M","R","BOSS"],"items_purchased_type":["Relic","Card","Relic","Potion","Relic","Card"],"build_version":"2020-12-22","purchased_purges":1,"victory":false,"max_hp_per_floor":[75,75,75,76,76,77,77,78,78,78,79,80,80,81,81,82,82,83,83,83,83,84,85,85,85,85,86,86,86,87,88,88,89,89,90,90,90,91,92,92,93,93,93,93,94,95,96,97,97,97,97],"card_choices":[{"not_picked":["Streamline","Tempest"],"picked":"Conserve Battery","floor":1.0},{"not_picked":["Beam Cell","Rebound"],"picked":"Leap","floor":4.0},{"not_picked":["Sweeping Beam","Turbo+1"],"picked":"Redo+1","floor":6.0},{"not_picked":["Conserve Battery+1","Beam Cell"],"picked":"Core Surge","floor":8.0},{"not_picked":["Cold Snap","Chaos+1"],"picked":"Static Discharge","floor":11.0},{"not_picked":["Rebound","Recycle+1","Amplify+1"],"picked":"SKIP","floor":12.0},{"not_picked":["Auto Shields+1","Steam Power+1"],"picked":"Genetic Algorithm+1","floor":14.0},{"not_picked":["Meteor Strike","All For One"],"picked":"Core Surge","floor":16.0},{"not_picked":["Coolheaded+1","Turbo+1"],"picked":"Self Repair","floor":18.0},{"not_picked":["infinitespire:Execution","infinitespire:TheBestDefense"],"picked":"infinitespire:UltimateForm","floor":20.0},{"not_picked":["Gash","Sweeping Beam"],"picked":"Barrage+1","floor":22.0},{"not_picked":["Hologram+1","Steam+1"],"picked":"Creative AI","floor":23.0},{"not_picked":["Reinforced Body+1","Coolheaded+1"],"picked":"Hello World+1","floor":27.0},{"not_picked":["Aggregate+1","Conserve Battery+1","Barrage"],"picked":"SKIP","floor":30},{"not_picked":["Blizzard","Rebound"],"picked":"Cold Snap","floor":31},{"not_picked":["Hyperbeam","All For One"],"picked":"Machine Learning","floor":33},{"not_picked":["Stack+1","Sweeping Beam"],"picked":"Doom and Gloom+1","floor":35},{"not_picked":["Aggregate+1","Recycle+1","Compile Driver"],"picked":"SKIP","floor":38},{"not_picked":["Undo+1","Barrage+1","Streamline"],"picked":"SKIP","floor":39},{"not_picked":["Go for the Eyes","Core Surge","Beam Cell+1"],"picked":"SKIP","floor":41},{"not_picked":["Go for the Eyes","Streamline+1"],"picked":"Auto Shields+1","floor":45},{"not_picked":["Reprogram+1","Aggregate+1","Turbo+1"],"picked":"SKIP","floor":46},{"not_picked":["Glacier+1","Hologram+1"],"picked":"Storm","floor":47},{"not_picked":["Rebound","Gash+1","Leap+1"],"picked":"SKIP","floor":48}],"player_experience":376044,"relics_obtained":[{"floor":6.0,"key":"Pen Nib"},{"floor":8.0,"key":"Centennial Puzzle"},{"floor":9.0,"key":"infinitespire:SolderingIron"},{"floor":11.0,"key":"Cables"},{"floor":12.0,"key":"Unceasing Top"},{"floor":23.0,"key":"Peace Pipe"},{"floor":26.0,"key":"infinitespire:Lucky Rock"},{"floor":31,"key":"War Paint"},{"floor":41,"key":"infinitespire:EmpoweringShard"},{"floor":43,"key":"Boot"},{"floor":46,"key":"Vajra"}],"event_choices":[{"damage_healed":0.0,"max_hp_gain":0.0,"max_hp_loss":0.0,"gold_gain":0.0,"event_name":"FaceTrader","player_choice":"Trade","floor":3.0,"gold_loss":0.0,"damage_taken":0.0,"relics_obtained":["FaceOfCleric"]},{"damage_healed":0.0,"max_hp_gain":0.0,"max_hp_loss":0.0,"gold_gain":0.0,"event_name":"Dead Adventurer","player_choice":"Searched \u00272\u0027 times","floor":11.0,"gold_loss":0.0,"damage_taken":0.0},{"damage_healed":63.0,"max_hp_gain":0.0,"max_hp_loss":80.0,"gold_gain":0.0,"event_name":"betterThird:BetterShining","player_choice":"Leave","floor":13.0,"gold_loss":0.0,"damage_taken":0.0},{"damage_healed":0.0,"max_hp_gain":0.0,"max_hp_loss":0.0,"gold_gain":0.0,"event_name":"Masked Bandits","player_choice":"Paid Fearfully","floor":21.0,"gold_loss":73.0,"damage_taken":0.0},{"damage_healed":0.0,"max_hp_gain":0.0,"max_hp_loss":0.0,"gold_gain":0.0,"cards_transformed":["Creative AI"],"event_name":"Transmorgrifier","player_choice":"Transformed","floor":24.0,"gold_loss":0.0,"damage_taken":0.0,"cards_obtained":["Seek"]},{"damage_healed":0.0,"max_hp_gain":0.0,"max_hp_loss":0.0,"gold_gain":0.0,"event_name":"The Library","player_choice":"Read","floor":28.0,"gold_loss":0.0,"damage_taken":0.0,"cards_obtained":["Lockon"]},{"damage_healed":0,"gold_gain":100,"player_choice":"Pray","damage_taken":0,"max_hp_gain":0,"max_hp_loss":0,"event_name":"Golden Shrine","floor":37,"gold_loss":0}],"is_beta":false,"boss_relics":[{"not_picked":["Empty Cage","Runic Pyramid"],"picked":"Nuclear Battery"},{"not_picked":["Velvet Choker","Pandora\u0027s Box"],"picked":"SlaversCollar"}],"items_purged_floors":[29],"is_endless":false,"potions_floor_spawned":[1,4,6,23,30,31,33,38,39,46,47,48],"killed_by":"infinitespire:MassOfShapes","ascension_level":4}}