{"host":"usru02jcpe2a942d","time":1611059708,"event":{"mods":["Act Like it!","Ascension Reborn","BaseMod","Colored Powertips","Downfall","GifTheSpireLib","Highlight Path","Minty Spire (QoL Compilation)","MostiFishMod","Quick Restart","Relic Stats","RumiaBox-露米娅的神秘盒子","StSLib","Waifu the Spire","noobMod","篝火指南"],"gold_per_floor":[99,110,385,398,436,464,488,515,542,242,276,276,300,335,349,450,450,450,462,462,282,313,313,339,339,339,339,339,356,391,391,408,510,510,510,521,537,549,549,549,549,549,583,614,614,641,665,682,702,702,702,729,420,70,70,70],"floor_reached":57,"language":"ZHS","playtime":1939,"items_purged":["Regret","MostiFishMod:WinterMarkForm","MostiFishMod:FrostNova+1"],"score":1887,"play_id":"d29f450d-490b-4618-92ee-c6e46db48b73","local_time":"20210119203508","daily_mods":["SealedDeck","Vintage","Heirloom","Time Dilation","Flight","downfall:Lament","DeadlyEvents","Binary","Elite Swarm","Lethality","Night Terrors","Binary"],"is_ascension_mode":true,"campfire_choices":[{"floor":1.0,"key":"RECALL"},{"data":"bronze:AlphaBuild","floor":10.0,"key":"SMITH"},{"data":"MostiFishMod:EE1D","floor":12.0,"key":"SMITH"},{"data":"MostiFishMod:SephirahHod","floor":18.0,"key":"SMITH"},{"data":"MostiFishMod:EE1D","floor":23.0,"key":"SMITH"},{"data":"MostiFishMod:EE1D","floor":25.0,"key":"SMITH"},{"data":"bronze:MaxOutput","floor":27.0,"key":"SMITH"},{"data":"bronze:DigitalCarnage","floor":28.0,"key":"SMITH"},{"data":"MostiFishMod:FrostNova","floor":35.0,"key":"SMITH"},{"data":"bronze:ChildClass","floor":42.0,"key":"SMITH"}],"circlet_count":0,"master_deck":["MostiFishMod:EE1D+1","MostiFishMod:EE1D+1","MostiFishMod:EE1D+1","bronze:Branch+1","bronze:DelayedSlice","bronze:FineTuning+1","bronze:WhirlingStrike","bronze:ChildClass+1","bronze:BitShift","bronze:DelayedSlice","bronze:DigitalCarnage+1","bronze:DelayedSlice+1","bronze:WhirlingStrike","bronze:AlphaBuild+1","bronze:MaxOutput+1","MostiFishMod:SephirahHod+1","bronze:FineTuning+1","bronze:MaxOutput+1","bronze:Optimize+1"],"relics":["bronze:BronzeCore","Busted Crown","NeowsBlessing","DaveBox","ice","EE1DDrone","hexamod:Sixitude","Dream Catcher","LastBattle","SumBook","Ornamental Fan","Smiling Mask","downfall:HeartBlessingRed","downfall:HeartBlessingBlue","downfall:HeartBlessingGreen","hexamod:BolsterEngine","MealTicket","Oddly Smooth Stone","Whetstone","MostiFishMod:Hod","Du-Vu Doll","Membership Card","FossilizedHelix","Pen Nib","Eternal Feather","Tiny Chest","Strawberry","StrikeDummy","Art of War","FrostBlade","MoreBug","HornCleat","Darkstone Periapt","Frozen Egg 2","Molten Egg 2","DianDianMeat","Lizard Tail","Turnip","SSSystem","War Paint","Guardian:PocketSentry","Slimebound:StickyStick","SynthV:C4","Bag of Preparation","champ:Barbells","OriginationStaff","Slimebound:PreparedRelic"],"acts_visited":["Exordium","TheCity","TheBeyond","TheEnding"],"potions_floor_usage":[55],"damage_taken":[{"damage":0.0,"enemies":"2 Louse","floor":2.0,"turns":1.0},{"damage":0.0,"enemies":"Cultist","floor":4.0,"turns":1.0},{"damage":0.0,"enemies":"downfall:FleeingMerchant","floor":5.0,"turns":1.0},{"damage":0.0,"enemies":"Gremlin Nob","floor":6.0,"turns":1.0},{"damage":0.0,"enemies":"3 Sentries","floor":8.0,"turns":2.0},{"damage":0.0,"enemies":"Lagavulin","floor":9.0,"turns":1.0},{"damage":0.0,"enemies":"3 Sentries","floor":11.0,"turns":4.0},{"damage":0.0,"enemies":"Gremlin Nob","floor":14.0,"turns":1.0},{"damage":14.0,"enemies":"Jaw Worm","floor":15.0,"turns":2.0},{"damage":22.0,"enemies":"WA_ARCHETYPE_RETAIN","floor":16.0,"turns":4.0},{"damage":0.0,"enemies":"3 Byrds","floor":19.0,"turns":1.0},{"damage":3.0,"enemies":"Book of Stabbing","floor":22.0,"turns":2.0},{"damage":0.0,"enemies":"Spheric Guardian","floor":29.0,"turns":1.0},{"damage":0.0,"enemies":"Slavers","floor":30.0,"turns":1.0},{"damage":0.0,"enemies":"Centurion and Healer","floor":32.0,"turns":1.0},{"damage":0.0,"enemies":"DF_ARCHETYPE_CLAW","floor":33.0,"turns":2.0},{"damage":0.0,"enemies":"3 Darklings","floor":36.0,"turns":1.0},{"damage":0.0,"enemies":"3 Shapes","floor":37.0,"turns":1.0},{"damage":0.0,"enemies":"Maw","floor":38.0,"turns":4.0},{"damage":0.0,"enemies":"Reptomancer","floor":43.0,"turns":1.0},{"damage":0.0,"enemies":"Nemesis","floor":44.0,"turns":1.0},{"damage":0.0,"enemies":"Reptomancer","floor":46.0,"turns":2.0},{"damage":0.0,"enemies":"3 Darklings","floor":48.0,"turns":2.0},{"damage":0.0,"enemies":"Spire Growth","floor":49.0,"turns":1.0},{"damage":0,"enemies":"IC_BLOCK_ARCHETYPE","floor":50,"turns":5},{"damage":0,"enemies":"downfall:CharBossMerchant","floor":52,"turns":6},{"damage":28,"enemies":"downfall:NeowBoss","floor":55,"turns":14},{"damage":0,"enemies":"downfall:NeowBossFinal","floor":56,"turns":7}],"seed_played":"-5636915847237613030","potions_obtained":[{"floor":2.0,"key":"BlessingOfTheForge"},{"floor":4.0,"key":"SpeedPotion"},{"floor":9.0,"key":"AttackPotion"},{"floor":14.0,"key":"SteroidPotion"},{"floor":22.0,"key":"PowerPotion"},{"floor":46.0,"key":"EntropicBrew"}],"is_trial":true,"path_per_floor":["R","M","?","M","$","E","T","E","E","R","E","R","T","E","M","B",null,"R","M","?","$","E","R","T","R","T","R","R","M","E","T","M","B",null,"R","M","M","M","?","T","T","R","E","E","?","E","T","M","M","B",null,"E","$","R","B","B",null],"character_chosen":"THE_AUTOMATON","items_purchased":["bronze:AlphaBuild","bronze:MaxOutput","Membership Card","bronze:FineTuning","SynthV:C4","Bag of Preparation","champ:Barbells","bronze:MaxOutput+1","OriginationStaff","Slimebound:PreparedRelic","bronze:Optimize+1"],"campfire_rested":0,"item_purchase_floors":[5,5,21,21,53,53,53,53,54,54,54],"current_hp_per_floor":[70,70,70,70,70,70,70,70,70,80,80,80,80,80,66,44,80,80,80,80,80,77,77,77,77,77,80,80,80,87,87,87,87,87,87,87,87,87,87,87,87,87,87,87,87,87,87,87,87,87,87,87,88,90,75,75],"gold":70,"neow_bonus":"","is_daily":false,"chose_seed":false,"campfire_upgraded":9,"win_rate":0.0,"timestamp":1611059708,"path_taken":["R","M","?","?","?","E","T","E","?","R","E","R","?","?","M","BOSS","R","M","?","?","?","R","T","R","?","R","R","?","?","?","M","BOSS","R","M","M","M","?","?","T","R","?","E","?","?","?","?","M","BOSS","E","$","R","BOSS","BOSS"],"items_purchased_type":["Card","Card","Relic","Card","Relic","Relic","Relic","Card","Relic","Relic","Card"],"build_version":"2020-12-22","purchased_purges":3,"victory":true,"max_hp_per_floor":[70,70,70,70,70,70,70,70,70,80,80,80,80,80,80,80,80,80,80,80,80,80,80,80,80,80,80,80,80,87,87,87,87,87,87,87,87,87,87,87,87,87,87,87,87,87,87,87,87,87,87,87,88,90,90,90],"relic_stats":{"Darkstone Periapt":0,"counters":[28,71],"Eternal Feather":3,"Pen Nib":[15],"Bag of Preparation":[4],"Whetstone":["bronze:Branch","bronze:DelayedSlice"],"War Paint":["bronze:FineTuning","bronze:FineTuning"],"Smiling Mask":13,"Dream Catcher":0,"Lizard Tail":0,"Busted Crown":32,"Ornamental Fan":[172],"MealTicket":0,"Tiny Chest":2,"Turnip":[4],"Art of War":[2],"obtain_stats":[{"Darkstone Periapt":38,"bronze:BronzeCore":0,"DaveBox":0,"SSSystem":47,"downfall:HeartBlessingGreen":10,"ice":0,"Bag of Preparation":53,"Whetstone":15,"Smiling Mask":9,"SynthV:C4":53,"Dream Catcher":2,"Lizard Tail":44,"HornCleat":37,"downfall:HeartBlessingBlue":10,"Slimebound:StickyStick":52,"Strawberry":30,"MealTicket":13,"Tiny Chest":29,"SumBook":6,"MoreBug":36,"DianDianMeat":43,"MostiFishMod:Hod":17,"champ:Barbells":53,"NeowsBlessing":0,"downfall:HeartBlessingRed":10,"hexamod:Sixitude":0,"Oddly Smooth Stone":14,"Eternal Feather":26,"Pen Nib":24,"Guardian:PocketSentry":49,"LastBattle":4,"Frozen Egg 2":40,"War Paint":48,"Du-Vu Doll":19,"FrostBlade":34,"Busted Crown":0,"EE1DDrone":0,"Ornamental Fan":8,"Molten Egg 2":41,"Turnip":46,"Slimebound:PreparedRelic":54,"Art of War":32,"OriginationStaff":54,"Membership Card":21,"hexamod:BolsterEngine":11,"StrikeDummy":31,"FossilizedHelix":22},{"Darkstone Periapt":19,"bronze:BronzeCore":0,"DaveBox":0,"SSSystem":22,"downfall:HeartBlessingGreen":6,"ice":0,"Bag of Preparation":26,"Whetstone":9,"Smiling Mask":6,"SynthV:C4":26,"Dream Catcher":1,"Lizard Tail":21,"HornCleat":18,"downfall:HeartBlessingBlue":6,"Slimebound:StickyStick":26,"Strawberry":14,"MealTicket":7,"Tiny Chest":13,"SumBook":4,"MoreBug":17,"DianDianMeat":20,"MostiFishMod:Hod":10,"champ:Barbells":26,"NeowsBlessing":0,"downfall:HeartBlessingRed":6,"hexamod:Sixitude":0,"Oddly Smooth Stone":8,"Eternal Feather":12,"Pen Nib":12,"Guardian:PocketSentry":24,"LastBattle":2,"Frozen Egg 2":19,"War Paint":23,"Du-Vu Doll":11,"FrostBlade":16,"Busted Crown":0,"EE1DDrone":0,"Ornamental Fan":5,"Molten Egg 2":19,"Turnip":22,"Slimebound:PreparedRelic":26,"Art of War":15,"OriginationStaff":26,"Membership Card":11,"hexamod:BolsterEngine":7,"StrikeDummy":14,"FossilizedHelix":12},{"Darkstone Periapt":32,"bronze:BronzeCore":0,"DaveBox":0,"SSSystem":36,"downfall:HeartBlessingGreen":7,"ice":0,"Bag of Preparation":50,"Whetstone":14,"Smiling Mask":7,"SynthV:C4":50,"Dream Catcher":1,"Lizard Tail":34,"HornCleat":28,"downfall:HeartBlessingBlue":7,"Slimebound:StickyStick":50,"Strawberry":23,"MealTicket":11,"Tiny Chest":22,"SumBook":4,"MoreBug":27,"DianDianMeat":33,"MostiFishMod:Hod":18,"champ:Barbells":50,"NeowsBlessing":0,"downfall:HeartBlessingRed":7,"hexamod:Sixitude":0,"Oddly Smooth Stone":12,"Eternal Feather":21,"Pen Nib":21,"Guardian:PocketSentry":39,"LastBattle":2,"Frozen Egg 2":32,"War Paint":38,"Du-Vu Doll":19,"FrostBlade":26,"Busted Crown":0,"EE1DDrone":0,"Ornamental Fan":6,"Molten Egg 2":32,"Turnip":36,"Slimebound:PreparedRelic":50,"Art of War":24,"OriginationStaff":50,"Membership Card":19,"hexamod:BolsterEngine":11,"StrikeDummy":23,"FossilizedHelix":21}]},"card_choices":[],"player_experience":293275,"relics_obtained":[{"floor":2.0,"key":"Dream Catcher"},{"floor":4.0,"key":"LastBattle"},{"floor":6.0,"key":"SumBook"},{"floor":8.0,"key":"Ornamental Fan"},{"floor":9.0,"key":"Smiling Mask"},{"floor":11.0,"key":"hexamod:BolsterEngine"},{"floor":13.0,"key":"MealTicket"},{"floor":14.0,"key":"Oddly Smooth Stone"},{"floor":15.0,"key":"Whetstone"},{"floor":19.0,"key":"Du-Vu Doll"},{"floor":22.0,"key":"FossilizedHelix"},{"floor":24.0,"key":"Pen Nib"},{"floor":26.0,"key":"Eternal Feather"},{"floor":29.0,"key":"Tiny Chest"},{"floor":30.0,"key":"Strawberry"},{"floor":31.0,"key":"StrikeDummy"},{"floor":32.0,"key":"Art of War"},{"floor":36.0,"key":"MoreBug"},{"floor":37.0,"key":"HornCleat"},{"floor":38.0,"key":"Darkstone Periapt"},{"floor":40.0,"key":"Frozen Egg 2"},{"floor":41.0,"key":"Molten Egg 2"},{"floor":43.0,"key":"DianDianMeat"},{"floor":44.0,"key":"Lizard Tail"},{"floor":46.0,"key":"Turnip"},{"floor":47.0,"key":"SSSystem"},{"floor":48.0,"key":"War Paint"},{"floor":49.0,"key":"Guardian:PocketSentry"},{"floor":52,"key":"Slimebound:StickyStick"}],"event_choices":[],"is_beta":false,"boss_relics":[{"not_picked":["TimeKeys","Runic Pyramid"],"picked":"MostiFishMod:Hod"},{"not_picked":["bronze:PlatinumCore","Black Star"],"picked":"FrostBlade"}],"items_purged_floors":[5,53,54],"is_endless":false,"potions_floor_spawned":[2,4,9,14,22,32,33,36,43,46,48,49],"ascension_level":0}}