{"host":"9eh033lgxm3bmtbn","time":1611031398,"event":{"mods":["100% Spire Juice","AchievementEnabler","BaseMod","Colored Map","Downfall","Highlight Path","Marisa????????","Minty Spire (QoL Compilation)","READ ME - Snecko Mod","Shop Mod","Spicy Shops","StSLib","The Animator","The Bug Knight","The Cursed","The Disciple","The Servant 0.9.4"],"gold_per_floor":[99,116,179,194,206,206,285,315,215,231,258,274,174,186,202,306,306,306,319,336,336,336,336,410,410,159,172,218,235,26,126,137,238,238,138,276,292,302,302,302,326,352,352,352,382,39,39,52,65,65,65,99,12,12,12,12],"floor_reached":57,"language":"ENG","playtime":8689,"items_purged":["Guardian:Defend_Guardian","Injury"],"score":1287,"play_id":"2bd88fb1-5aa8-4fe1-a438-ec973368b82f","local_time":"20210119074317","is_ascension_mode":false,"campfire_choices":[{"floor":1.0,"key":"RECALL"},{"floor":9.0,"key":"REST"},{"data":"Guardian:BodySlam","floor":13,"key":"SMITH"},{"data":"Guardian:ConstructionForm","floor":18,"key":"SMITH"},{"data":"RitualDagger","floor":23,"key":"SMITH"},{"data":"Guardian:TimeSifter","floor":35,"key":"SMITH"},{"data":"Guardian:FastForward","floor":40,"key":"SMITH"},{"floor":47,"key":"REST"},{"floor":54,"key":"REST"}],"circlet_count":0,"master_deck":["Guardian:Defend_Guardian+1","Guardian:Defend_Guardian+1","Guardian:CurlUp+1","Guardian:TemporalShield+1","Guardian:ChargeCore+1","Guardian:ConstructionForm+1","Guardian:PiercingHide+1","Guardian:BodySlam+1","Guardian:Preprogram+1","Guardian:Reroute+1","Guardian:RollAttack+1","Guardian:PrimingBeam+1","Guardian:SphericShield+1","Guardian:Suspension+1","Guardian:Reroute+1","RitualDagger+1","Bite+1","Bite+1","Bite+1","Bite+1","Bite+1","Guardian:GuardianWhirl+1","Guardian:Recover+1","Guardian:ArmoredProtocol+1","Guardian:Incinerate+1","Guardian:ArmoredProtocol+1","Guardian:SpikerProtocol+1","Guardian:TimeSifter+1","expansioncontent:DashGenerateEvil+1","J.A.X.+1","Guardian:BodySlam+1","Guardian:Repulse+1","Guardian:BaubleBeam+1","Guardian:TimeSifter+1","Guardian:FastForward+1","Guardian:BronzeOrb+1","Guardian:RollAttack+1","Guardian:BronzeArmor+1","Guardian:TemporalShield+1","Guardian:ChargeCore+1","expansioncontent:StudyTheSpire+1","Guardian:Planning+1","Guardian:AncientConstruct+1","Guardian:RevengeProtocol+1"],"relics":["Guardian:ModeShifter","Pocketwatch","downfall:ShatteredFragment","Question Card","Odd Mushroom","Pear","SlaversCollar","Vajra","Tiny Chest","MutagenicStrength","Sozu","Frozen Eye","Orichalcum","FossilizedHelix","Shuriken","Frozen Egg 2","Membership Card","Bottled Lightning","Pen Nib"],"acts_visited":["Exordium","TheCity","TheBeyond","TheEnding"],"potions_floor_usage":[20,29,50,56],"damage_taken":[{"damage":2.0,"enemies":"2 Louse","floor":2.0,"turns":4.0},{"damage":34.0,"enemies":"Gremlin Nob","floor":3.0,"turns":7.0},{"damage":0.0,"enemies":"Small Slimes","floor":4.0,"turns":4.0},{"damage":0.0,"enemies":"Cultist","floor":5.0,"turns":4.0},{"damage":4.0,"enemies":"The Mushroom Lair","floor":8.0,"turns":4.0},{"damage":8.0,"enemies":"Lots of Slimes","floor":10.0,"turns":3.0},{"damage":0,"enemies":"Lagavulin","floor":11,"turns":6},{"damage":0,"enemies":"Large Slime","floor":12,"turns":4},{"damage":0,"enemies":"2 Fungi Beasts","floor":14,"turns":3},{"damage":0,"enemies":"Blue Slaver","floor":15,"turns":3},{"damage":3,"enemies":"WA_ARCHETYPE_RETAIN","floor":16,"turns":5},{"damage":0,"enemies":"3 Byrds","floor":19,"turns":3},{"damage":6,"enemies":"Spheric Guardian","floor":20,"turns":4},{"damage":1,"enemies":"downfall:FleeingMerchant","floor":26,"turns":4},{"damage":0,"enemies":"Snecko","floor":27,"turns":4},{"damage":1,"enemies":"Sentry and Sphere","floor":29,"turns":7},{"damage":0,"enemies":"downfall:FleeingMerchant","floor":30,"turns":4},{"damage":10,"enemies":"downfall:Augmenter","floor":31,"turns":6},{"damage":5,"enemies":"Centurion and Healer","floor":32,"turns":8},{"damage":9,"enemies":"IC_MUSHROOM_ARCHETYPE","floor":33,"turns":7},{"damage":0,"enemies":"downfall:FleeingMerchant","floor":36,"turns":3},{"damage":0,"enemies":"3 Darklings","floor":37,"turns":4},{"damage":9,"enemies":"Orb Walker","floor":38,"turns":2},{"damage":24,"enemies":"Nemesis","floor":42,"turns":5},{"damage":0,"enemies":"Giant Head","floor":45,"turns":5},{"damage":3,"enemies":"Spire Growth","floor":48,"turns":5},{"damage":7,"enemies":"3 Darklings","floor":49,"turns":3},{"damage":51,"enemies":"SI_POISON_ARCHETYPE","floor":50,"turns":6},{"damage":49,"enemies":"downfall:CharBossMerchant","floor":52,"turns":8},{"damage":24,"enemies":"downfall:NeowBoss","floor":55,"turns":13},{"damage":8,"enemies":"downfall:NeowBossFinal","floor":56,"turns":7}],"seed_played":"669169169421382294","potions_obtained":[{"floor":2.0,"key":"Energy Potion"},{"floor":8.0,"key":"ColorlessPotion"},{"floor":11,"key":"Block Potion"},{"floor":14,"key":"Weak Potion"},{"floor":27,"key":"Guardian:DefensiveModePotion"},{"floor":31,"key":"BlessingOfTheForge"}],"is_trial":false,"path_per_floor":["R","M","?","M","M","?","T","?","R","M","E","M","R","M","M","B",null,"R","M","M","?","?","R","T","?","$","M","T","M","$","?","M","B",null,"R","$","M","M","?","R","T","E","?","T","E","$","R","M","M","B",null,"E","$","R","B","B",null],"character_chosen":"GUARDIAN","items_purchased":["Guardian:Recover","Guardian:ArmoredProtocol","Guardian:Incinerate","expansioncontent:DashGenerateEvil","Frozen Eye","Guardian:RollAttack","Guardian:Gem_White","Membership Card","Bottled Lightning","expansioncontent:StudyTheSpire","Guardian:RevengeProtocol+1"],"campfire_rested":3,"item_purchase_floors":[26,26,26,30,36,36,46,46,46,46,53],"current_hp_per_floor":[88,86,52,52,52,28,28,24,50,42,52,52,52,52,52,49,98,98,98,92,92,86,86,86,68,68,68,68,67,68,62,67,62,68,78,78,78,69,69,69,69,53,53,53,65,65,68,68,61,25,68,31,31,51,48,49],"gold":12,"neow_bonus":"TEN_PERCENT_HP_BONUS","is_daily":false,"chose_seed":false,"campfire_upgraded":5,"win_rate":0.0,"timestamp":1611031397,"path_taken":["R","M","?","M","M","?","T","?","R","M","E","M","R","M","M","BOSS","R","M","M","?","?","R","T","?","$","M","?","M","$","?","M","BOSS","R","$","M","M","?","R","T","E","?","?","E","$","R","M","M","BOSS","E","$","R","BOSS","BOSS"],"items_purchased_type":["Card","Card","Card","Card","Relic","Card","Card","Relic","Relic","Card","Card"],"build_version":"2020-12-22","purchased_purges":2,"victory":true,"max_hp_per_floor":[88,88,88,88,88,88,88,88,88,88,98,98,98,98,98,98,98,98,98,98,98,98,98,98,68,68,68,68,68,68,68,68,68,68,78,78,78,78,78,78,78,78,68,68,68,68,68,68,68,68,68,68,68,68,68,68],"card_choices":[{"not_picked":["Guardian:RefractedBeam","Guardian:PolyBeam"],"picked":"Guardian:TemporalShield","floor":2.0},{"not_picked":["Guardian:WalkerClaw","Guardian:Gem_Green"],"picked":"Guardian:ChargeCore","floor":3.0},{"not_picked":["Guardian:Incinerate","Guardian:Gem_Cyan"],"picked":"Guardian:ConstructionForm","floor":4.0},{"not_picked":["Guardian:EvasiveProtocol","Guardian:DonusPower"],"picked":"Guardian:PiercingHide","floor":5.0},{"not_picked":["Guardian:TimeBomb","Guardian:PiercingHide","Guardian:Suspension"],"picked":"Guardian:BodySlam","floor":8.0},{"not_picked":["Guardian:PiercingHide","Guardian:Gem_Cyan","Guardian:Gem_Lightblue"],"picked":"Guardian:Preprogram","floor":10.0},{"not_picked":["Guardian:Planning","Guardian:PrismaticBarrier","Guardian:TimeBomb"],"picked":"Guardian:Gem_Purple","floor":11},{"not_picked":["Guardian:ChargeCore","Guardian:Preprogram","Guardian:Clone"],"picked":"Guardian:Reroute","floor":12},{"not_picked":["Guardian:TimeCapacitor","Guardian:Planning","Guardian:Reroute"],"picked":"Guardian:RollAttack","floor":14},{"not_picked":["Guardian:Repulse","Guardian:Gem_Lightblue","Guardian:GuardianWhirl"],"picked":"Guardian:PrimingBeam","floor":15},{"not_picked":["Guardian:HyperBeam_Guardian","Guardian:RevengeProtocol","Guardian:ConstructionForm"],"picked":"Guardian:SphericShield","floor":16},{"not_picked":["Guardian:RollAttack","Guardian:Preprogram","Guardian:Gem_Crimson"],"picked":"Guardian:Suspension","floor":19},{"not_picked":["Guardian:Gem_Cyan","Guardian:Planning","Guardian:StasisStrike"],"picked":"Guardian:Reroute","floor":20},{"not_picked":["Guardian:DonusPower","Guardian:ChargeCore","Guardian:PrimingBeam"],"picked":"Guardian:GuardianWhirl","floor":26},{"not_picked":["Guardian:PrismaticBeam","Guardian:RefractedBeam","Guardian:Clone"],"picked":"Guardian:ArmoredProtocol","floor":27},{"not_picked":["Guardian:DonusPower","Guardian:ShieldCharger","Guardian:ArmoredProtocol"],"picked":"Guardian:SpikerProtocol+1","floor":29},{"not_picked":["Guardian:Reroute","Guardian:Gem_Blue","Guardian:DecasProtection+1"],"picked":"Guardian:TimeSifter","floor":30},{"not_picked":[],"picked":"J.A.X.","floor":31},{"not_picked":["Guardian:Reroute+1","Guardian:EvasiveProtocol","Guardian:Gem_Green"],"picked":"Guardian:BodySlam+1","floor":31},{"not_picked":["Guardian:VentSteam","Guardian:Emergency+1","Guardian:PrismaticBarrier"],"picked":"Guardian:TimeSifter","floor":32},{"not_picked":["Guardian:HyperBeam_Guardian","Guardian:StasisStrike","Guardian:ConstructionForm"],"picked":"Guardian:FastForward","floor":33},{"not_picked":["Guardian:Gem_Fragmented","Guardian:Gem_Lightblue","Guardian:TemporalStrike"],"picked":"Guardian:BronzeOrb","floor":36},{"not_picked":["Guardian:BodySlam+1","Guardian:ShieldCharger","Guardian:Gem_White"],"picked":"Guardian:BronzeArmor","floor":37},{"not_picked":["Guardian:PrimingBeam+1","Guardian:Reroute","Guardian:RefractedBeam+1","Guardian:GuardianWhirl"],"picked":"SKIP","floor":38},{"not_picked":["Guardian:FloatingOrbs+1","Guardian:Gem_Green","Guardian:VentSteam"],"picked":"Guardian:TemporalShield+1","floor":42},{"not_picked":["Guardian:TimeBomb+1","Guardian:SentryBeam+1","Guardian:GuardianWhirl"],"picked":"Guardian:ChargeCore+1","floor":45},{"not_picked":["Guardian:PiercingHide","Guardian:Gem_Lightblue","Guardian:Gem_Fragmented"],"picked":"Guardian:Planning+1","floor":48},{"not_picked":["Guardian:TemporalShield+1","Guardian:PiercingHide+1","Guardian:Gem_Crimson"],"picked":"Guardian:AncientConstruct+1","floor":49},{"not_picked":["Guardian:Suspension","Guardian:Incinerate","Guardian:RollAttack+1","Guardian:ArmoredProtocol+1"],"picked":"SKIP","floor":52}],"player_experience":346299,"relics_obtained":[{"floor":3.0,"key":"Pocketwatch"},{"floor":7.0,"key":"Question Card"},{"floor":8.0,"key":"Odd Mushroom"},{"floor":11,"key":"Pear"},{"floor":28,"key":"Tiny Chest"},{"floor":31,"key":"MutagenicStrength"},{"floor":41,"key":"Orichalcum"},{"floor":42,"key":"FossilizedHelix"},{"floor":44,"key":"Shuriken"},{"floor":45,"key":"Frozen Egg 2"},{"floor":52,"key":"Pen Nib"}],"event_choices":[{"damage_healed":0.0,"max_hp_gain":0.0,"max_hp_loss":0.0,"gold_gain":0.0,"event_name":"Mushrooms","player_choice":"Fought Mushrooms","floor":8.0,"gold_loss":0.0,"damage_taken":0.0},{"damage_healed":0,"gold_gain":0,"player_choice":"Became a vampire","damage_taken":0,"max_hp_gain":0,"max_hp_loss":30,"event_name":"Vampires","floor":25,"gold_loss":0,"cards_obtained":["Bite","Bite","Bite","Bite","Bite"]}],"is_beta":false,"boss_relics":[{"not_picked":["Runic Dome","Black Star"],"picked":"SlaversCollar"},{"not_picked":["Guardian:StasisSlotReductionRelic","Empty Cage"],"picked":"Sozu"}],"items_purged_floors":[26,53],"is_endless":false,"potions_floor_spawned":[2,8,11,14,16,19,27,31,33,38,48],"ascension_level":0}}