{"host":"xjs3b8lu14idcd3l","time":1611068768,"event":{"mods":["Act Like it!","BaseMod","CapriCore","Friendly Minions","Gensokyo","Kiyohime£®«Âºß£©","Koishi","Marisa£®ÏF”Í°°ƒß¿Ì…≥£©","Minty Spire (QoL Compilation)","Prisma Mod","Reimu£®≤©¿ˆ¡È√Œ£©","Remilia£®¿Ÿ√◊¿Ú—«£©","Replay The Spire","StSLib","The Administrix","The Immortal","The Servant 0.9.4","Youmu£®ªÍ∆«—˝√Œ£©","Yuyuko"],"gold_per_floor":[118,118,136,149,229,254,254,284,307,332,343,343,355,373,373,476,576,587,687,701,39,50,50,50,60,60,91,91,91,91,91],"floor_reached":30,"language":"ZHS","playtime":1648,"items_purged":["Injury"],"score":345,"play_id":"0149e6a8-03b1-4e3b-913f-931d2d2186ce","local_time":"20210119230608","is_ascension_mode":false,"campfire_choices":[{"data":"Starlight","floor":7,"key":"SMITH"},{"data":"Potential","floor":12,"key":"SMITH"},{"data":"Luminosity","floor":15,"key":"SMITH"},{"floor":23,"key":"REST"}],"circlet_count":0,"master_deck":["Strike_S","Strike_S","Strike_S","Strike_S","Defend_S","Defend_S","Defend_S","Defend_S","KidneyShot+1","Exchange","Starlight+1","Rearm","Potential+1","Dilation","TimeWarp","Advance","TimeWarp","Luminosity+1","Embodiment","Revamp","Comet","Moondial+1","Embodiment+1","Potential","BottledTime+1"],"relics":["Uniform","Toy Ornithopter","Pet Ghost","Sundial","Blood Vial","Mirror","Replay:Wanted Poster","Pocketwatch","Unceasing Top","TentaclePot:ReiMu","Frozen Egg 2","Mastiff:ReiMu","Replay:PocketPolymizer","Happy Flower","Bag of Marbles"],"acts_visited":["Gensokyo:Gensokyo","Gensokyo:Gensokyoer"],"potions_floor_usage":[8,10,13,19,22],"damage_taken":[{"damage":2,"enemies":"Gensokyo:Gryphon","floor":1,"turns":4},{"damage":13,"enemies":"Gensokyo:2_Kodama","floor":3,"turns":4},{"damage":4,"enemies":"Gensokyo:Python","floor":4,"turns":3},{"damage":12,"enemies":"Gensokyo:Mamizou","floor":6,"turns":8},{"damage":6,"enemies":"Gensokyo:Cirno","floor":8,"turns":6},{"damage":5,"enemies":"Gensokyo:Aya","floor":10,"turns":6},{"damage":1,"enemies":"Gensokyo:3_Kodama","floor":11,"turns":4},{"damage":6,"enemies":"Gensokyo:5_Fairies","floor":13,"turns":5},{"damage":2,"enemies":"Gensokyo:Kitsune","floor":14,"turns":2},{"damage":0,"enemies":"Gensokyo:Reimu","floor":16,"turns":5},{"damage":0,"enemies":"Gensokyo:AngelMirror","floor":18,"turns":2},{"damage":21,"enemies":"Gensokyo:AngelMirror","floor":19,"turns":4},{"damage":18,"enemies":"Gensokyo:3_Dogs","floor":20,"turns":4},{"damage":34,"enemies":"Gensokyo:Slime_Group","floor":22,"turns":4},{"damage":10,"enemies":"Gensokyo:Wraith","floor":25,"turns":4},{"damage":0,"enemies":"Gensokyo:Koishi","floor":27,"turns":5},{"damage":24,"enemies":"Gensokyo:Monolith_and_Dog","floor":30,"turns":2}],"seed_played":"5037745268164469868","potions_obtained":[{"floor":6,"key":"SkillPotion"},{"floor":8,"key":"SteroidPotion"},{"floor":10,"key":"LiquidMemories"},{"floor":18,"key":"Strength Potion"},{"floor":27,"key":"Swift Potion"}],"is_trial":false,"path_per_floor":["M","?","M","M","?","E","R","E","T","E","M","R","M","M","R","B",null,"M","?","M","$","M","R","$","M","T","E","T","?","M"],"character_chosen":"THE_SERVANT","items_purchased":["TentaclePot:ReiMu","Frozen Egg 2","Mastiff:ReiMu","AttackPotion"],"campfire_rested":1,"item_purchase_floors":[21,21,21,21],"current_hp_per_floor":[63,63,50,46,46,34,34,33,33,35,36,36,37,37,37,39,65,65,49,33,33,6,25,25,17,17,19,19,19,0,0],"gold":91,"neow_bonus":"RANDOM_EVENT","is_daily":false,"chose_seed":false,"campfire_upgraded":3,"win_rate":0.0,"timestamp":1611068768,"path_taken":["M","?","?","M","?","E","R","E","T","E","M","R","M","M","R","BOSS","M","?","?","?","M","R","$","?","T","E","?","?","?"],"items_purchased_type":["Relic","Relic","Relic","Potion"],"build_version":"2020-12-22","purchased_purges":1,"victory":false,"max_hp_per_floor":[65,65,65,65,65,65,65,65,65,65,65,65,65,65,65,65,65,65,65,65,65,65,65,65,65,65,65,65,65,65,65],"card_choices":[{"not_picked":["Ricochet","Rewind"],"picked":"Starlight","floor":1},{"not_picked":["Luminosity","FastForward"],"picked":"Rearm","floor":3},{"not_picked":["Advance","Defy"],"picked":"Potential","floor":4},{"not_picked":["DualDimension","Potential"],"picked":"Dilation","floor":6},{"not_picked":["ShatteredReality","WasteNot"],"picked":"TimeWarp","floor":8},{"not_picked":["Barrier","ShatteredReality"],"picked":"Advance","floor":10},{"not_picked":["Spin","FastForward"],"picked":"TimeWarp","floor":11},{"not_picked":["Replace","Spin","Desolation"],"picked":"SKIP","floor":13},{"not_picked":["RealityMarble","ShatteredReality"],"picked":"Luminosity","floor":14},{"not_picked":["FlawlessForm","FloweringNight"],"picked":"Embodiment","floor":16},{"not_picked":["Starlight+1","Snipe"],"picked":"Revamp","floor":18},{"not_picked":["Alleviate","TimeWarp"],"picked":"Comet","floor":19},{"not_picked":["Spin","Revamp"],"picked":"Moondial+1","floor":20},{"not_picked":["Alleviate","Replace"],"picked":"Embodiment+1","floor":22},{"not_picked":["Defy","Revamp+1"],"picked":"Potential","floor":25},{"not_picked":["DoubleEdge","Collapse"],"picked":"BottledTime+1","floor":27}],"player_experience":170758,"relics_obtained":[{"floor":6,"key":"Pet Ghost"},{"floor":8,"key":"Sundial"},{"floor":9,"key":"Blood Vial"},{"floor":10,"key":"Mirror"},{"floor":19,"key":"Pocketwatch"},{"floor":19,"key":"Unceasing Top"},{"floor":26,"key":"Replay:PocketPolymizer"},{"floor":27,"key":"Happy Flower"},{"floor":28,"key":"Bag of Marbles"}],"event_choices":[],"is_beta":false,"boss_relics":[{"not_picked":["ChewingGum","Replay:Drink Me"],"picked":"Replay:Wanted Poster"}],"items_purged_floors":[21],"is_endless":false,"potions_floor_spawned":[6,8,10,18,27],"killed_by":"Gensokyo:Monolith_and_Dog","ascension_level":0}}