{"host":"ojt9u6ra2d449odx","time":1611064771,"event":{"mods":["BaseMod","Curses Come First","Hubris","Luminous","Minty Spire (QoL Compilation)","Relic Stats","Replay The Spire","Robot Space Explorer","StSLib","The Animator","The Bug Knight","The Construct","The Dragon Tamer"],"gold_per_floor":[16,212,387,118,136,136,136,157,157,157,176,210,210,225,225,344,344,362,277,277,32,32,32,60,60,60,60,60,90,107,107,107,207,207,225,241,241,269,269,269,269,191,491,520,520,520,520,520,520,592,11,40,40,40],"floor_reached":55,"language":"ENG","playtime":3854,"items_purged":["Doubt"],"score":853,"play_id":"d5ed19eb-9c81-43f9-a174-6320091bb167","local_time":"20210119145931","is_ascension_mode":false,"campfire_choices":[{"floor":6,"key":"RECALL"},{"floor":10,"key":"DIG"},{"data":"construct:AttackMode","floor":15,"key":"SMITH"},{"floor":23,"key":"DIG"},{"data":"construct:PowerUp","floor":32,"key":"SMITH"},{"floor":41,"key":"REST"},{"data":"Apotheosis","floor":49,"key":"SMITH"}],"circlet_count":0,"master_deck":["construct:Strike_Gold","construct:Strike_Gold","construct:Strike_Gold","construct:Strike_Gold","construct:Strike_Gold","construct:Defend_Gold","construct:Defend_Gold","construct:Defend_Gold","construct:Defend_Gold","construct:Defend_Gold","construct:AttackMode+1","construct:DefenseMode","construct:ReactiveShield+1","construct:SweepLaser","construct:Autoturret+1","construct:Tumble","construct:HammerDown+1","construct:GuardCore","construct:LaserCore","construct:PowerUp+1","construct:SweepLaser+1","construct:Reserves","construct:ForceCore","construct:Missile","Apotheosis+1","Jack Of All Trades","construct:ForceCore","Master of Strategy","construct:CriticalHit+1"],"relics":["construct:Cogwheel","Replay:Multitool","Simple Rune","Bloody Idol","hubris:ClockworkCow","hubris:Teleporter","Iron Hammer","Busted Crown","Bronze Scales","hubris:PeanutButter","Juzu Bracelet","Orichalcum","hubris:BottledRain","Ring of Peace","Ring of Fangs","Blood Vial","Black Star","hubris:SphereOfDissonance","Replay:Ringing Soul","hubris:Icosahedron","Potion Belt","Onion Ring","Sling","Blue Doll","HornCleat","hubris:Potato"],"acts_visited":["Exordium","TheCity","TheBeyond","TheEnding"],"potions_floor_usage":[14,24,55,55,55],"damage_taken":[{"damage":1,"enemies":"Small Slimes","floor":1,"turns":4},{"damage":0,"enemies":"2 Louse","floor":5,"turns":3},{"damage":6,"enemies":"Jaw Worm","floor":8,"turns":2},{"damage":3,"enemies":"Looter","floor":11,"turns":4},{"damage":16,"enemies":"HollowMod:MossKnight","floor":12,"turns":10},{"damage":1,"enemies":"Lots of Slimes","floor":14,"turns":4},{"damage":63,"enemies":"The Guardian","floor":16,"turns":7},{"damage":3,"enemies":"Shell Parasite","floor":18,"turns":7},{"damage":4,"enemies":"Gremlin Leader","floor":24,"turns":5},{"damage":0,"enemies":"Replay:Snechameleon","floor":29,"turns":4},{"damage":0,"enemies":"Snake Plant","floor":30,"turns":4},{"damage":49,"enemies":"Automaton","floor":33,"turns":7},{"damage":0,"enemies":"3 Darklings","floor":35,"turns":4},{"damage":0,"enemies":"Orb Walker","floor":37,"turns":3},{"damage":45,"enemies":"Reptomancer","floor":40,"turns":6},{"damage":0,"enemies":"Nemesis","floor":46,"turns":5},{"damage":30,"enemies":"hubris:GrandSnecko","floor":50,"turns":7},{"damage":57,"enemies":"Shield and Spear","floor":54,"turns":5},{"damage":112,"enemies":"The Heart","floor":55,"turns":8}],"seed_played":"-3603204155297600880","potions_obtained":[{"floor":11,"key":"SpeedPotion"},{"floor":12,"key":"LifebloodPotion"},{"floor":14,"key":"Block Potion"},{"floor":18,"key":"FearPotion"},{"floor":24,"key":"SpeedPotion"},{"floor":29,"key":"Elixir"},{"floor":39,"key":"Doom Potion"},{"floor":39,"key":"Strength Potion"},{"floor":40,"key":"FairyPotion"}],"is_trial":false,"path_per_floor":["M","?","?","$","M","R","?","M","T","R","M","E","R","M","R","B",null,"M","?","?","$","?","R","E","?","T","?","R","E","M","?","R","B",null,"M","M","?","E","R","?","T","$","?","E","?","?","R","B",null,"R","$","E","B"],"character_chosen":"THE_CONSTRUCT_MOD","items_purchased":["construct:Autoturret+1","Simple Rune","hubris:PeanutButter","construct:Missile","Sling","construct:ForceCore","Master of Strategy","Blue Doll","Adrenaline Potion"],"campfire_rested":1,"item_purchase_floors":[4,4,21,44,53,53,53,53,53],"current_hp_per_floor":[84,84,84,84,84,84,79,73,73,73,70,54,77,76,76,13,79,76,76,76,76,76,76,77,77,77,77,79,79,79,79,79,35,79,79,79,79,39,62,65,65,68,76,82,82,75,75,47,85,85,88,39,0,0],"gold":40,"neow_bonus":"ONE_RARE_RELIC","is_daily":false,"chose_seed":false,"campfire_upgraded":3,"win_rate":0.0,"timestamp":1611064771,"path_taken":["M","?","?","?","?","R","?","M","T","R","M","E","R","M","R","BOSS","M","?","?","$","?","R","E","?","T","?","R","E","M","?","R","BOSS","M","M","?","E","R","?","T","$","?","E","?","?","R","BOSS","R","$","E","BOSS"],"items_purchased_type":["Card","Relic","Relic","Card","Relic","Card","Card","Relic","Potion"],"build_version":"2020-12-22","purchased_purges":1,"victory":false,"max_hp_per_floor":[85,85,85,85,85,85,79,79,79,79,79,79,79,79,79,79,79,79,79,79,79,79,79,79,79,79,79,79,79,79,79,79,79,79,79,79,79,79,79,79,79,82,82,82,82,85,85,85,85,85,88,91,91,91],"relic_stats":{"Blood Vial":6,"Busted Crown":28,"counters":[19,99],"Bloody Idol":29,"Bronze Scales":[219],"Juzu Bracelet":3,"Black Star":3,"Orichalcum":[108],"obtain_stats":[{"Blue Doll":53,"Replay:Multitool":0,"Juzu Bracelet":23,"Sling":53,"Blood Vial":29,"Replay:Ringing Soul":40,"Ring of Fangs":27,"hubris:Icosahedron":42,"HornCleat":54,"Ring of Peace":27,"Iron Hammer":12,"Potion Belt":46,"hubris:ClockworkCow":9,"hubris:Teleporter":10,"Golden Idol":7,"hubris:SphereOfDissonance":40,"Orichalcum":24,"Busted Crown":17,"construct:Cogwheel":0,"Bronze Scales":19,"Bloody Idol":20,"Simple Rune":4,"hubris:PeanutButter":21,"Onion Ring":46,"Black Star":34,"hubris:Potato":54,"hubris:BottledRain":26},{"Blue Doll":17,"Replay:Multitool":0,"Juzu Bracelet":8,"Sling":17,"Blood Vial":10,"Replay:Ringing Soul":15,"Ring of Fangs":9,"hubris:Icosahedron":15,"HornCleat":18,"Ring of Peace":9,"Iron Hammer":5,"Potion Belt":16,"hubris:ClockworkCow":3,"hubris:Teleporter":3,"Golden Idol":2,"hubris:SphereOfDissonance":15,"Orichalcum":9,"Busted Crown":7,"construct:Cogwheel":0,"Bronze Scales":8,"Bloody Idol":8,"Simple Rune":1,"hubris:PeanutButter":8,"Onion Ring":16,"Black Star":12,"hubris:Potato":18,"hubris:BottledRain":9},{"Blue Doll":86,"Replay:Multitool":0,"Juzu Bracelet":41,"Sling":86,"Blood Vial":50,"Replay:Ringing Soul":74,"Ring of Fangs":46,"hubris:Icosahedron":74,"HornCleat":91,"Ring of Peace":46,"Iron Hammer":23,"Potion Belt":79,"hubris:ClockworkCow":9,"hubris:Teleporter":9,"Golden Idol":7,"hubris:SphereOfDissonance":74,"Orichalcum":46,"Busted Crown":34,"construct:Cogwheel":0,"Bronze Scales":41,"Bloody Idol":41,"Simple Rune":4,"hubris:PeanutButter":41,"Onion Ring":79,"Black Star":61,"hubris:Potato":91,"hubris:BottledRain":46}]},"card_choices":[{"not_picked":["construct:Reinforce","construct:SaveState"],"picked":"construct:ReactiveShield","floor":1},{"not_picked":["construct:FlakBarrage","construct:UnbalancingBlast"],"picked":"construct:SweepLaser","floor":2},{"not_picked":["construct:VentSteam","construct:HeavyBolt","construct:FierceBash"],"picked":"SKIP","floor":5},{"not_picked":["construct:ScrapCannon","construct:HeavyBolt"],"picked":"construct:Tumble","floor":8},{"not_picked":["construct:Anticipate","construct:Versatility","construct:FocusedBeam"],"picked":"SKIP","floor":11},{"not_picked":["construct:BatteryAcid","construct:HeavyBolt","construct:SyphonStrike"],"picked":"SKIP","floor":12},{"not_picked":["construct:ClusterMines","construct:Disrupt","construct:SuppressiveFire"],"picked":"SKIP","floor":14},{"not_picked":["construct:GoldenBullet","construct:MassProduction"],"picked":"construct:HammerDown","floor":16},{"not_picked":["construct:Forcefield"],"picked":"SKIP","floor":18},{"not_picked":[],"picked":"construct:LaserCore","floor":24},{"not_picked":["construct:Reinforce"],"picked":"SKIP","floor":29},{"not_picked":[],"picked":"construct:SweepLaser+1","floor":30},{"not_picked":[],"picked":"construct:Reserves","floor":33},{"not_picked":[],"picked":"construct:ForceCore","floor":35},{"not_picked":["construct:Boost+1"],"picked":"SKIP","floor":37},{"not_picked":["construct:Forcefield+1"],"picked":"SKIP","floor":40},{"not_picked":["construct:ScrapCannon+1"],"picked":"SKIP","floor":46},{"not_picked":[],"picked":"Apotheosis","floor":48},{"not_picked":[],"picked":"Jack Of All Trades","floor":48},{"not_picked":[],"picked":"construct:CriticalHit+1","floor":54}],"player_experience":134919,"relics_obtained":[{"floor":9,"key":"hubris:ClockworkCow"},{"floor":10,"key":"hubris:Teleporter"},{"floor":12,"key":"Iron Hammer"},{"floor":23,"key":"Juzu Bracelet"},{"floor":24,"key":"Orichalcum"},{"floor":26,"key":"hubris:BottledRain"},{"floor":27,"key":"Ring of Peace"},{"floor":27,"key":"Ring of Fangs"},{"floor":29,"key":"Blood Vial"},{"floor":40,"key":"hubris:SphereOfDissonance"},{"floor":40,"key":"Replay:Ringing Soul"},{"floor":46,"key":"Potion Belt"},{"floor":46,"key":"Onion Ring"},{"floor":54,"key":"HornCleat"},{"floor":54,"key":"hubris:Potato"}],"event_choices":[{"damage_healed":0,"gold_gain":175,"player_choice":"AGREE","damage_taken":0,"max_hp_gain":0,"max_hp_loss":0,"event_name":"Liars Game","floor":3,"gold_loss":0,"cards_obtained":["Doubt"]},{"damage_healed":0,"gold_gain":0,"player_choice":"Lose Max HP","damage_taken":0,"relics_obtained":["Golden Idol"],"max_hp_gain":0,"max_hp_loss":6,"event_name":"Golden Idol","floor":7,"gold_loss":0},{"damage_healed":0,"gold_gain":0,"player_choice":"Obtained Relic","damage_taken":0,"relics_obtained":["Bronze Scales"],"max_hp_gain":0,"max_hp_loss":0,"event_name":"Addict","floor":19,"gold_loss":85},{"damage_healed":0,"gold_gain":0,"player_choice":"Gave Idol","damage_taken":0,"relics_obtained":["Bloody Idol"],"max_hp_gain":0,"max_hp_loss":0,"event_name":"Forgotten Altar","floor":20,"relics_lost":["Golden Idol"],"gold_loss":0},{"damage_healed":0,"gold_gain":0,"player_choice":"Read","damage_taken":0,"max_hp_gain":0,"max_hp_loss":0,"event_name":"The Library","floor":22,"gold_loss":0,"cards_obtained":["construct:GuardCore"]},{"cards_removed":["CommonCold"],"damage_healed":0,"gold_gain":0,"player_choice":"Removed Curses","damage_taken":0,"max_hp_gain":0,"max_hp_loss":0,"event_name":"Fountain of Cleansing","floor":31,"gold_loss":0},{"damage_healed":0,"gold_gain":0,"player_choice":"Got Potions","damage_taken":0,"max_hp_gain":0,"max_hp_loss":0,"event_name":"Lab","floor":39,"gold_loss":0},{"damage_healed":0,"gold_gain":300,"player_choice":"Gold","damage_taken":0,"max_hp_gain":0,"max_hp_loss":0,"event_name":"Wheel of Change","floor":45,"gold_loss":0},{"damage_healed":0,"gold_gain":0,"player_choice":"Ignored","damage_taken":0,"max_hp_gain":0,"max_hp_loss":0,"event_name":"Tomb of Lord Red Mask","floor":47,"gold_loss":0},{"damage_healed":0,"gold_gain":0,"player_choice":"Memory 3","damage_taken":10,"max_hp_gain":0,"max_hp_loss":0,"event_name":"SensoryStone","floor":48,"gold_loss":0}],"is_beta":false,"boss_relics":[{"not_picked":["hubris:GrandSneckoEye","Runic Dome"],"picked":"Busted Crown"},{"not_picked":["Snecko Eye","Runic Pyramid"],"picked":"Black Star"}],"items_purged_floors":[4],"is_endless":false,"potions_floor_spawned":[11,12,14,18,24,29,40],"killed_by":"The Heart","ascension_level":0}}