{"host":"fbrnmnl7irs6wn10","time":1611029246,"event":{"mods":["BaseMod","Custom Start","Friendly Minions","Hero for Fun","Minty Spire (QoL Compilation)","Quick Restart","Relic Stats","Shade Mod","StSLib","The Hierophant","The Necromancer"],"gold_per_floor":[110,127,127,127,127,127,139,139,139,139,119,89,118,134,134,134,134],"floor_reached":16,"language":"FRA","playtime":532,"items_purged":[],"score":98,"play_id":"15fe2d54-bcfe-4828-87b8-51b363ffec50","local_time":"20210119050726","is_ascension_mode":false,"campfire_choices":[{"data":"Spectral_Walk","floor":6.0,"key":"SMITH"},{"data":"Negative_Energy_Arrows","floor":10.0,"key":"SMITH"},{"data":"Negative_Energy_Shield","floor":15,"key":"SMITH"}],"circlet_count":0,"master_deck":["Strike_W","Strike_W","Strike_W","Strike_W","Defend_W","Defend_W","Defend_W","Defend_W","Negative_Energy_Arrows+1","Bone_Wall","Spectral_Walk+1","Negative_Energy_Shield+1"],"relics":["Vampire_Amulet","FaceOfCleric","Pen Nib","Potion Belt"],"acts_visited":["Exordium"],"potions_floor_usage":[13],"damage_taken":[{"damage":0.0,"enemies":"Small Slimes","floor":1.0,"turns":3.0},{"damage":1.0,"enemies":"Cultist","floor":2.0,"turns":6.0},{"damage":4.0,"enemies":"2 Louse","floor":7.0,"turns":4.0},{"damage":0.0,"enemies":"Looter","floor":12.0,"turns":4.0},{"damage":13,"enemies":"Lagavulin","floor":13,"turns":6},{"damage":0,"enemies":"Red Slaver","floor":14,"turns":4},{"damage":72,"enemies":"Hexaghost","floor":16,"turns":22}],"seed_played":"7043474235918075810","potions_obtained":[{"floor":2.0,"key":"CultistPotion"},{"floor":11.0,"key":"SmokeBomb"}],"is_trial":false,"path_per_floor":["M","M","?","$","$","R","M","?","T","R","?","M","E","M","R","B"],"character_chosen":"NECROMANCER","items_purchased":[],"campfire_rested":0,"item_purchase_floors":[],"current_hp_per_floor":[82,82,82,82,82,82,83,76,76,76,76,77,67,70,70,0,0],"gold":134,"neow_bonus":"TEN_PERCENT_HP_BONUS","is_daily":false,"chose_seed":false,"campfire_upgraded":3,"win_rate":0.0,"timestamp":1611029246,"path_taken":["M","M","?","?","$","R","M","?","T","R","?","M","E","M","R","BOSS"],"items_purchased_type":[],"build_version":"2020-12-22","purchased_purges":0,"victory":false,"max_hp_per_floor":[82,82,82,82,82,82,83,83,83,83,83,84,85,86,86,86,86],"relic_stats":{"FaceOfCleric":4,"counters":[7,49],"Pen Nib":[4],"obtain_stats":[{"Potion Belt":13,"FaceOfCleric":3,"Vampire_Amulet":0,"Pen Nib":8},{"Potion Belt":5,"FaceOfCleric":2,"Vampire_Amulet":0,"Pen Nib":3},{"Potion Belt":23,"FaceOfCleric":9,"Vampire_Amulet":0,"Pen Nib":13}]},"card_choices":[{"not_picked":["Finger_Of_Death","Negative_Energy_Javelin","Bone_Bullets"],"picked":"SKIP","floor":1.0},{"not_picked":["Pandemic","Bones_to_Steel"],"picked":"Spectral_Walk","floor":2.0},{"not_picked":["Bone_Spikes","Death_Coil","Consume_Illness"],"picked":"SKIP","floor":7.0},{"not_picked":["Finger_Of_Death","Corrupt","Negative_Energy_Sphere"],"picked":"SKIP","floor":12.0},{"not_picked":["Spectral_Armor","Bone_Shift"],"picked":"Negative_Energy_Shield","floor":13},{"not_picked":["Chill_Blood","Consume_Illness","Negative_Energy_Burst"],"picked":"SKIP","floor":14}],"player_experience":544917,"relics_obtained":[{"floor":13,"key":"Potion Belt"}],"event_choices":[{"damage_healed":0.0,"max_hp_gain":0.0,"max_hp_loss":0.0,"gold_gain":0.0,"event_name":"FaceTrader","player_choice":"Trade","floor":3.0,"gold_loss":0.0,"damage_taken":0.0,"relics_obtained":["FaceOfCleric"]},{"damage_healed":0.0,"max_hp_gain":0.0,"max_hp_loss":0.0,"gold_gain":0.0,"event_name":"Scrap Ooze","player_choice":"Success","floor":8.0,"gold_loss":0.0,"damage_taken":7.0,"relics_obtained":["Pen Nib"]},{"damage_healed":0.0,"max_hp_gain":0.0,"max_hp_loss":0.0,"gold_gain":0.0,"event_name":"The Woman in Blue","player_choice":"Bought 1 Potion","floor":11.0,"gold_loss":0.0,"damage_taken":0.0}],"is_beta":false,"boss_relics":[],"items_purged_floors":[],"is_endless":false,"potions_floor_spawned":[2],"killed_by":"Hexaghost","ascension_level":0}}