{"host":"irrizrmw64do51k7","time":1611069168,"event":{"mods":["AchievementEnabler","BaseMod","BetterRewards","Colored Map","Colored Powertips","Curses Come First","Minty Spire (QoL Compilation)","Shop Mod","StSLib"],"gold_per_floor":[111,128,128,93,111,155,155,178,178,178,103,124,124,124],"floor_reached":13,"language":"ENG","playtime":692,"items_purged":["Parasite"],"score":123,"play_id":"4de63bc7-ed53-4d98-b6c9-5f8886030c3c","local_time":"20210119071248","is_ascension_mode":true,"campfire_choices":[{"floor":7,"key":"REST"}],"circlet_count":0,"master_deck":["Strike_B","Strike_B","Strike_B","Strike_B","Defend_B","Defend_B","Defend_B","Defend_B","Zap","Dualcast","Leap","Coolheaded","Capacitor","Stack","Capacitor","Sweeping Beam","White Noise"],"relics":["Cracked Core","Question Card","Golden Idol","Meat on the Bone","Darkstone Periapt"],"acts_visited":["Exordium"],"potions_floor_usage":[8,12,13],"damage_taken":[{"damage":1,"enemies":"Cultist","floor":1,"turns":4},{"damage":0,"enemies":"Small Slimes","floor":2,"turns":3},{"damage":6,"enemies":"Jaw Worm","floor":5,"turns":5},{"damage":21,"enemies":"Lagavulin","floor":6,"turns":9},{"damage":9,"enemies":"Blue Slaver","floor":8,"turns":5},{"damage":51,"enemies":"Exordium Thugs","floor":12,"turns":6},{"damage":33,"enemies":"3 Sentries","floor":13,"turns":6}],"seed_played":"-8271646408019156850","potions_obtained":[{"floor":6,"key":"AttackPotion"},{"floor":8,"key":"EssenceOfDarkness"},{"floor":12,"key":"Block Potion"}],"is_trial":false,"path_per_floor":["M","M","?","?","M","E","R","M","T","?","$","M","E"],"character_chosen":"DEFECT","items_purchased":["Question Card"],"campfire_rested":1,"item_purchase_floors":[0],"current_hp_per_floor":[56,56,38,56,50,29,51,42,42,66,66,27,0,0],"gold":124,"neow_bonus":"","is_daily":false,"chose_seed":false,"campfire_upgraded":0,"win_rate":0.0,"timestamp":1611069168,"path_taken":["M","?","?","?","M","E","R","M","T","?","?","M","E"],"items_purchased_type":["Relic"],"build_version":"2020-12-22","purchased_purges":1,"victory":false,"max_hp_per_floor":[75,75,75,75,75,75,75,75,75,81,78,78,78,78],"card_choices":[{"not_picked":["Rebound","Conserve Battery","Hologram"],"picked":"Coolheaded","floor":1},{"not_picked":["Tempest","Ball Lightning","Beam Cell"],"picked":"Capacitor","floor":2},{"not_picked":["Coolheaded","Gash","Ball Lightning"],"picked":"Stack","floor":5},{"not_picked":["Hyperbeam","Recycle","Cold Snap"],"picked":"Capacitor","floor":6},{"not_picked":["Skim","Rebound","Turbo"],"picked":"Sweeping Beam","floor":8},{"not_picked":["Compile Driver","FTL","Consume"],"picked":"White Noise","floor":12}],"player_experience":440752,"relics_obtained":[{"floor":6,"key":"Meat on the Bone"},{"floor":9,"key":"Darkstone Periapt"}],"event_choices":[{"damage_healed":0,"gold_gain":0,"player_choice":"Take Damage","damage_taken":18,"relics_obtained":["Golden Idol"],"max_hp_gain":0,"max_hp_loss":0,"event_name":"Golden Idol","floor":3,"gold_loss":0},{"damage_healed":18,"gold_gain":0,"player_choice":"Healed","damage_taken":0,"max_hp_gain":0,"max_hp_loss":0,"event_name":"The Cleric","floor":4,"gold_loss":35},{"damage_healed":18,"gold_gain":0,"player_choice":"Healed and dodged fight","damage_taken":0,"max_hp_gain":0,"max_hp_loss":0,"event_name":"Mushrooms","floor":10,"gold_loss":0,"cards_obtained":["Parasite"]}],"is_beta":false,"boss_relics":[],"items_purged_floors":[11],"is_endless":false,"potions_floor_spawned":[6,8,12],"killed_by":"3 Sentries","ascension_level":9}}