{"host":"55yei7x27djrlaep","time":1611051463,"event":{"mods":["Act Like it!","Aspiration","BaseMod","Better Altar","Better Match","Better Note","Better Sensory Stone","Better Skull","Better Third Choice","BetterRewards","Colored Map","Evolution","Friendly Minions","GifTheSpireLib","Hubris","Minty Spire (QoL Compilation)","Pale of the Ancients","Replay The Spire","StSLib","The Bladedancer","The Runesmith"],"gold_per_floor":[121,145,70,70,145,188,188,300,300,338,338,374,374,411,411,532,532,560,560,578,605,629,629,676,676,676,370,408,434,483,57,57,174,174,208,208,231,262,296,348,380,380,380,425,425,471,471,510,510,538,581,605,605,330,330,376,470,10,10,46],"floor_reached":61,"language":"ENG","playtime":4729,"items_purged":["Strike_R","Bash","Twin Strike","Defend_R","Defend_R"],"score":2685,"play_id":"03924aa8-06cd-4888-995b-8b09b5570d32","local_time":"20210119131743","is_ascension_mode":true,"campfire_choices":[{"data":"Feed","floor":7.0,"key":"SMITH"},{"floor":11.0,"key":"DIG"},{"data":"Evolve","floor":13.0,"key":"SMITH"},{"floor":15.0,"key":"DIG"},{"floor":23.0,"key":"DIG"},{"data":"Eclipse","floor":25.0,"key":"PURGE"},{"data":"Barricade","floor":32.0,"key":"SMITH"},{"floor":42.0,"key":"RECALL"},{"data":"Bane","floor":47.0,"key":"PURGE"},{"floor":49.0,"key":"DIG"},{"data":"Demon Form","floor":55,"key":"SMITH"}],"circlet_count":0,"master_deck":["Headbutt+1","Thunderclap","Rampage+1","Crow Ritual+1","Inflame","True Grit","ReplayTheSpireMod:Stacked+1","Feed+1","Evolve+1","Headbutt+1","Hemogenesis","Intimidate+1","Brutality","Burning Pact+1","Flex+1","Deep Breath+1","Bloodletting+1","Barricade+1","Metallicize+1","Warcry+1","Demon Form","Demon Form+1","Headbutt+1","Flame Barrier+1","True Grit+1","Dagger Throw","Blur+1","Entrench+1","hubris:DuctTapeCard","Entrench+1","Shrug It Off+1","Rage+1","ReplayTheSpireMod:Private Reserves+1"],"relics":["Burning Blood","EVO:Axolotl","Membership Card","ReplayTheSpireMod:Shallot","Ornamental Fan","Thread and Needle","hubris:BundleOfHerbs","Magic Flower","Replay:Bandana","OrangePellets","Mummified Hand","Eternal Feather","Replay:Multitool","Guide Book","Turnip","ReplayTheSpireMod:Spearhead","hubris:Icosahedron","Omamori","Sundial","Replay:Bottled Eggs","ReplayTheSpireMod:Ninjato","FossilizedHelix","Pen Nib","Replay:Kaleidoscope","Black Star","Toxic Egg 2","hubris:IronBody","Orichalcum","aspiration:StickyExplosives","Ginger","hubris:DuctTape","Gremlin Food","Toy Ornithopter","Lantern","aspiration:SeaSaltIceCream","paleoftheancients:SoulOfTheShowman","Medical Kit","Mark of Pain","Paper Frog","Golden Egg","InkBottle","The Courier","Blue Doll","War Paint","Replay:Bottled Flurry","paleoftheancients:Timepiece","paleoftheancients:KeyRelic","Bronze Scales","CultistMask","ReplayTheSpireMod:Ring of Challenge","ReplayTheSpireMod:Ring of Exchange","hubris:SlimyHat","King of Hearts","Replay:Rubber Ducky","hubris:EmptyBottle","Oddly Smooth Stone","Centennial Puzzle","ReplayTheSpireMod:TigerMarble","hubris:ChampionShield","hubris:Reverence"],"acts_visited":["Exordium","TheCity","TheBeyond","paleoftheancients:PaleOfTheAncients"],"potions_floor_usage":[56,60,60,60,60,60,60,60,60,60],"damage_taken":[{"damage":0.0,"enemies":"Cultist","floor":1.0,"turns":3.0},{"damage":0.0,"enemies":"2 Louse","floor":2.0,"turns":2.0},{"damage":0.0,"enemies":"Replay:BlueRogue","floor":6.0,"turns":5.0},{"damage":4.0,"enemies":"Gremlin Nob","floor":10.0,"turns":4.0},{"damage":4.0,"enemies":"Lagavulin","floor":12.0,"turns":6.0},{"damage":0.0,"enemies":"Gremlin Nob","floor":14.0,"turns":3.0},{"damage":0.0,"enemies":"Fading Forest","floor":16.0,"turns":7.0},{"damage":1.0,"enemies":"Shell Parasite","floor":18.0,"turns":3.0},{"damage":0.0,"enemies":"Chosen","floor":20.0,"turns":4.0},{"damage":2.0,"enemies":"Snecko","floor":21.0,"turns":4.0},{"damage":1.0,"enemies":"Centurion and Healer","floor":22.0,"turns":4.0},{"damage":7.0,"enemies":"Book of Stabbing","floor":24.0,"turns":5.0},{"damage":2.0,"enemies":"Shelled Parasite and Fungi","floor":28.0,"turns":4.0},{"damage":0.0,"enemies":"3 Cultists","floor":29.0,"turns":5.0},{"damage":0.0,"enemies":"Gremlin Leader","floor":30.0,"turns":3.0},{"damage":9.0,"enemies":"Champ","floor":33.0,"turns":5.0},{"damage":0.0,"enemies":"3 Darklings","floor":35.0,"turns":2.0},{"damage":1.0,"enemies":"Orb Walker","floor":37.0,"turns":3.0},{"damage":6.0,"enemies":"3 Darklings","floor":38.0,"turns":4.0},{"damage":12.0,"enemies":"Writhing Mass","floor":39.0,"turns":2.0},{"damage":0.0,"enemies":"R_Hoarder","floor":40.0,"turns":4.0},{"damage":4.0,"enemies":"Maw","floor":41.0,"turns":3.0},{"damage":2.0,"enemies":"Nemesis","floor":44.0,"turns":5.0},{"damage":3.0,"enemies":"Sphere and 2 Shapes","floor":46.0,"turns":3.0},{"damage":4.0,"enemies":"R_Hoarder","floor":48.0,"turns":6.0},{"damage":0.0,"enemies":"Awakened One","floor":50.0,"turns":5.0},{"damage":13.0,"enemies":"Awakened One","floor":51.0,"turns":3.0},{"damage":3.0,"enemies":"Awakened One","floor":52.0,"turns":6.0},{"damage":16,"enemies":"","floor":56,"turns":5},{"damage":9,"enemies":"paleoftheancients:N","floor":60,"turns":5}],"seed_played":"9164012394413019321","potions_obtained":[{"floor":1.0,"key":"Energy Potion"},{"floor":10.0,"key":"Adrenaline Potion"},{"floor":14.0,"key":"Swift Potion"},{"floor":21.0,"key":"SkillPotion"},{"floor":24.0,"key":"Energy Potion"},{"floor":28.0,"key":"Reflective Coating"},{"floor":30.0,"key":"Weak Potion"},{"floor":37.0,"key":"SkillPotion"},{"floor":38.0,"key":"EntropicBrew"},{"floor":41.0,"key":"ElixirPotion"},{"floor":46.0,"key":"Dexterity Potion"},{"floor":52,"key":"Dexterity Potion"}],"is_trial":false,"path_per_floor":["M","M","$","?","?","E","R","?","T","E","R","E","R","E","R","B",null,"M","?","M","M","M","R","E","R","T","$","M","M","E","$","R","B",null,"M","?","M","M","M","E","M","R","T","E","?","M","R","E","R","B","M","M","?","$","R","M","R","$","?","B",null],"character_chosen":"IRONCLAD","items_purchased":["Membership Card","ReplayTheSpireMod:Shallot","Ornamental Fan","Rampage","Magic Flower","Replay:Bandana","Crow Ritual","OrangePellets","Inflame","Mummified Hand","Eternal Feather","Guide Book","True Grit","ReplayTheSpireMod:Spearhead","ReplayTheSpireMod:Stacked+1","Feed","Evolve","Ginger","hubris:DuctTape","Deep Breath+1","Lantern","aspiration:SeaSaltIceCream","Searing Blow","Medical Kit","Warcry+1","hubris:SlimyHat","Shrug It Off+1","Rage+1","King of Hearts","ReplayTheSpireMod:Private Reserves+1","Replay:Rubber Ducky","hubris:EmptyBottle","Oddly Smooth Stone","Centennial Puzzle","ReplayTheSpireMod:TigerMarble","hubris:ChampionShield","hubris:Reverence"],"campfire_rested":0,"item_purchase_floors":[0,0,0,0,0,0,0,0,0,0,0,0,0,0,0,3,3,27,27,27,31,31,31,31,31,54,54,54,54,54,58,58,58,58,58,58,58],"current_hp_per_floor":[33,42,42,42,31,45,54,34,34,39,48,59,68,85,87,87,87,87,87,91,95,99,99,99,99,99,99,103,107,111,111,111,111,111,111,89,115,115,112,119,123,123,123,123,123,127,127,131,131,131,135,135,135,135,135,135,135,135,135,135],"gold":46,"neow_bonus":"","is_daily":false,"chose_seed":false,"campfire_upgraded":4,"win_rate":0.0,"timestamp":1611051463,"path_taken":["M","M","$","?","?","E","R","?","T","E","R","E","R","E","R","BOSS","M","?","M","?","M","R","E","R","T","?","M","M","E","$","R","BOSS","M","?","M","M","M","E","M","R","T","E","?","M","R","E","R","BOSS","M","M","?","$","R","M","R","$","?","BOSS"],"items_purchased_type":["Relic","Relic","Relic","Card","Relic","Relic","Card","Relic","Card","Relic","Relic","Relic","Card","Relic","Card","Card","Card","Relic","Relic","Card","Relic","Relic","Card","Relic","Card","Relic","Card","Card","Relic","Card","Relic","Relic","Relic","Relic","Relic","Relic","Relic"],"build_version":"2020-12-22","purchased_purges":5,"victory":true,"max_hp_per_floor":[80,80,80,80,80,83,83,83,83,83,83,87,87,87,87,87,87,87,87,91,95,99,99,99,99,99,99,103,107,111,111,111,111,111,111,111,115,115,115,119,123,123,123,123,123,127,127,131,131,131,135,135,135,135,135,135,135,135,135,135],"card_choices":[{"not_picked":["Thunderclap","Rupture","Carnage"],"picked":"SKIP","floor":1.0},{"not_picked":["ReplayTheSpireMod:LeadingStrike","Body Slam","Thunderclap"],"picked":"SKIP","floor":2.0},{"not_picked":["Clash","Flex"],"picked":"Headbutt","floor":6.0},{"not_picked":["Clash","ReplayTheSpireMod:Strike From Hell"],"picked":"Shrug It Off","floor":8.0},{"not_picked":["Battle Trance","ReplayTheSpireMod:Limb From Limb"],"picked":"Hemogenesis","floor":10.0},{"not_picked":["Battle Trance","Run Through"],"picked":"Intimidate","floor":12.0},{"not_picked":["Fire Breathing","Pommel Strike","Inflame"],"picked":"SKIP","floor":14.0},{"not_picked":["Berserk","Feed"],"picked":"Brutality","floor":16.0},{"not_picked":["Havoc","hubris:ReadiedAction","Perfected Strike"],"picked":"SKIP","floor":18.0},{"not_picked":["Body Slam","Shrug It Off"],"picked":"Burning Pact","floor":20.0},{"not_picked":["ReplayTheSpireMod:Limb From Limb+1","Inflame","Rampage"],"picked":"SKIP","floor":21.0},{"not_picked":["True Grit","Entrench"],"picked":"Flex+1","floor":22.0},{"not_picked":["Infernal Blade+1","Cleave","Evolve+1"],"picked":"SKIP","floor":24.0},{"not_picked":["Evolve","Bloodletting+1","ReplayTheSpireMod:Muscle Training+1"],"picked":"SKIP","floor":28.0},{"not_picked":["Evolve","ReplayTheSpireMod:Muscle Training+1"],"picked":"Bloodletting+1","floor":28.0},{"not_picked":["Warcry+1","Disarm+1"],"picked":"Barricade","floor":29.0},{"not_picked":["Thunderclap","ReplayTheSpireMod:Corrosion Curse+1"],"picked":"Metallicize+1","floor":30.0},{"not_picked":["Eclipse+1","Corruption"],"picked":"Demon Form","floor":33.0},{"not_picked":["Pummel+1","Armaments+1","Wild Strike"],"picked":"SKIP","floor":35.0},{"not_picked":["Thunderclap","True Grit+1","Inflame+1"],"picked":"SKIP","floor":37.0},{"not_picked":["Defy Death+1","Intimidate+1","Headbutt+1"],"picked":"SKIP","floor":38.0},{"not_picked":["Defy Death+1","Intimidate+1"],"picked":"Headbutt+1","floor":38.0},{"not_picked":["Flex+1","hubris:ReadiedAction+1","Fiend Fire"],"picked":"SKIP","floor":39.0},{"not_picked":["Battle Trance+1","Replay:Undeath\u0027s Touch+1","Run Through+1"],"picked":"SKIP","floor":40.0},{"not_picked":["Havoc+1","Carnage"],"picked":"Flame Barrier+1","floor":41.0},{"not_picked":["Sword Boomerang","ReplayTheSpireMod:Corrosion Curse+1"],"picked":"True Grit+1","floor":44.0},{"not_picked":["Burning Pact+1","hubris:ReadiedAction+1"],"picked":"Entrench+1","floor":46.0},{"not_picked":["Infernal Blade+1","Corruption","Battle Trance+1"],"picked":"SKIP","floor":48.0},{"not_picked":["Twin Strike+1","Dropkick+1","Headbutt"],"picked":"SKIP","floor":51.0},{"not_picked":["Blood for Blood+1","Havoc+1"],"picked":"Entrench+1","floor":52},{"not_picked":["Thunderclap+1","Warcry+1","Brutality"],"picked":"SKIP","floor":56}],"player_experience":408905,"relics_obtained":[{"floor":6.0,"key":"Omamori"},{"floor":9.0,"key":"Sundial"},{"floor":10.0,"key":"Replay:Bottled Eggs"},{"floor":11.0,"key":"ReplayTheSpireMod:Ninjato"},{"floor":12.0,"key":"FossilizedHelix"},{"floor":14.0,"key":"Pen Nib"},{"floor":15.0,"key":"Replay:Kaleidoscope"},{"floor":23.0,"key":"Toxic Egg 2"},{"floor":24.0,"key":"hubris:IronBody"},{"floor":24.0,"key":"Orichalcum"},{"floor":26.0,"key":"aspiration:StickyExplosives"},{"floor":30.0,"key":"Gremlin Food"},{"floor":30.0,"key":"Toy Ornithopter"},{"floor":40.0,"key":"Paper Frog"},{"floor":40.0,"key":"Golden Egg"},{"floor":44.0,"key":"InkBottle"},{"floor":44.0,"key":"The Courier"},{"floor":48.0,"key":"Blue Doll"},{"floor":48.0,"key":"War Paint"},{"floor":49.0,"key":"Replay:Bottled Flurry"},{"floor":51.0,"key":"paleoftheancients:SoulOfTheSilent"},{"floor":52,"key":"paleoftheancients:SoulOfTheShapes"},{"floor":52,"key":"paleoftheancients:SoulOfTheShapes"},{"floor":53,"key":"ReplayTheSpireMod:Ring of Challenge"},{"floor":53,"key":"ReplayTheSpireMod:Ring of Exchange"},{"floor":56,"key":"paleoftheancients:SoulOfTheDefect"}],"event_choices":[{"damage_healed":0.0,"max_hp_gain":0.0,"max_hp_loss":0.0,"gold_gain":75.0,"event_name":"betterThird:BetterGoop","player_choice":"Gold","floor":5.0,"gold_loss":0.0,"damage_taken":11.0},{"damage_healed":0.0,"max_hp_gain":0.0,"max_hp_loss":0.0,"gold_gain":0.0,"event_name":"N\u0027loth","player_choice":"Ignored","floor":19.0,"gold_loss":0.0,"damage_taken":0.0},{"damage_healed":0.0,"max_hp_gain":0.0,"max_hp_loss":22.0,"gold_gain":3.0,"event_name":"betterStone:BetterStone","player_choice":"2","floor":36.0,"gold_loss":0.0,"damage_taken":0.0}],"is_beta":false,"boss_relics":[{"not_picked":["Calling Bell","Pandora\u0027s Box"],"picked":"Black Star"},{"not_picked":["aspiration:RunicSpoon","Coffee Dripper"],"picked":"Mark of Pain"}],"items_purged_floors":[0,0,0,31,54],"is_endless":false,"potions_floor_spawned":[1,10,14,21,24,28,30,37,38,41,46,52],"ascension_level":7}}