{"host":"tcdxiwht2vajk3tk","time":1611067274,"event":{"mods":["AchievementEnabler","BaseMod","Beaked The Cultist","Conspire","Defuse TimeMaze Blight","Downfall","Halation","Hermit","Hubris","Infinite Spire","Lobotomy","Minty Spire (QoL Compilation)","Shop Mod","StSLib","The Cursed","The Disciple","vexMod"],"gold_per_floor":[99,116,116,128,128,142,142,175,187,207,207,217,242,259,277,378,378,278,290,140,88,106,106,106,106,6,16,16,26,42,56,173,278,278,278,293,408,458,478,478,478,490,490,518,632,632,632,116,83,184,184,184,199,218,231,131,31,84,94,94,107,20,40,40,40,56,167,167,167,184,194,194,230,230,257,19,29,154,165,190,190,190,256,365,365,365,385,214,214,233,233,265,285,316,438,438,49,65,65,107,204,204,204,204,315,315,334,345,379,408,408,408,408,420,420,440,450,552,552,552,567,583,295,295,395,424,435,474,474,522,822,832,849,859,962,962,962,972,982,982,999,1012,1037,1050,1070,1105,1105,1134,1134,1042,1056,1083,1083,1083],"floor_reached":152,"language":"ENG","playtime":26133,"items_purged":["Pain"],"score":3572,"play_id":"5664475a-f067-4a95-891c-ac04cc70f353","local_time":"20210119094114","is_ascension_mode":false,"campfire_choices":[{"floor":1.0,"key":"RECALL"},{"data":"champ:IgnorePain","floor":18.0,"key":"SMITH"},{"data":"champ:ShieldWall","floor":23.0,"key":"SMITH"},{"data":"Ghostly","floor":26.0,"key":"SMITH"},{"data":"infinitespire:Punishment","floor":35.0,"key":"SMITH"},{"data":"infinitespire:UltimateForm","floor":47.0,"key":"SMITH"},{"data":"champ:MurderStrike","floor":52.0,"key":"SMITH"},{"data":"infinitespire:TheBestDefense","floor":60.0,"key":"SMITH"},{"data":"champ:HoldFirm","floor":64.0,"key":"SMITH"},{"data":"conspire:SpireCoStock","floor":69.0,"key":"SMITH"},{"data":"champ:StrikeOfGenius","floor":81.0,"key":"SMITH"},{"data":"champ:IronFortress","floor":86.0,"key":"SMITH"},{"data":"champ:Devastate","floor":91.0,"key":"SMITH"},{"data":"conspire:SpireCoStock","floor":96.0,"key":"SMITH"},{"data":"infinitespire:Execution","floor":103.0,"key":"SMITH"},{"data":"Ghostly","floor":111.0,"key":"SMITH"},{"data":"champ:LastStand","floor":113.0,"key":"SMITH"},{"data":"champ:Strike","floor":120.0,"key":"SMITH"},{"data":"champ:EndlessRage","floor":129.0,"key":"SMITH"},{"data":"champ:UltimateStance","floor":137,"key":"SMITH"},{"data":"champ:IronFortress","floor":149,"key":"SMITH"}],"circlet_count":0,"master_deck":["champ:Strike+1","champ:Strike","champ:Strike","champ:Strike","champ:Defend","champ:Defend","champ:Defend","champ:Execute","champ:Taunt","champ:EndlessRage+1","champ:FaceSlap","champ:IronFortress+1","champ:StanceDance","champ:Backstep","champ:FlashCut","champ:Taunt","champ:StrikeOfGenius+1","champ:Circumvent","champ:FlashCut","champ:GutPunch","champ:GladiatorStyle","champ:IgnorePain+1","champ:UltimateStance+1","champ:IronFortress+1","Ghostly+1","champ:FancyFootwork","champ:ShieldWall+1","champ:PreemptiveStrike+1","champ:ShieldWall+1","champ:DefensiveShout","infinitespire:TheBestDefense+1","infinitespire:Punishment+1","champ:SkillfulDodge+1","champ:DefensiveShout+1","champ:BladeFlurry+1","champ:TornadoPunch","champ:Devastate+1","champ:FocusedDefense","champ:FlashCut","champ:Lariat","champ:RecklessLeap+1","infinitespire:UltimateForm+1","champ:DefensiveShout","hubris:Fate+1","champ:BringItOn+1","champ:ShieldWall+1","champ:Lariat","champ:BerserkersShout","champ:ShieldWall","champ:Shatter+1","champ:MurderStrike+1","champ:AdrenalArmor","champ:IronFortress","champ:TornadoPunch","Ghostly+1","conspire:SpireCoStock+1","conspire:SpireCoStock+1","champ:Circumvent","champ:ShieldThrow","champ:HoldFirm+1","champ:EnGarde","champ:LastStand+1","champ:FalseCounter","champ:RapidStrikes","Necronomicurse","champ:Parry+1","champ:IronFortress","champ:GutPunch","champ:EnGarde+1","champ:Lariat","champ:TornadoPunch+1","champ:CalledShot+1","champ:HeavySlash+1","champ:Shatter+1","expansioncontent:Chronoboost","champ:Endure+1","champ:CheapShot+1","champ:ShieldWall","champ:IronFortress","infinitespire:Execution+1","champ:HeavySlash","champ:Parry+1","champ:FlashCut+1","champ:HoldFirm","infinitespire:UltimateForm+1","champ:EnGarde","champ:Lariat","champ:BringItOn","champ:SetATrap","champ:BringItOn+1","champ:CheapShot","champ:EnragedBash","champ:BringItOn","champ:StrikeOfGenius","champ:VampiricStrike","champ:FlashCut","champ:FocusedBerserking","infinitespire:UltimateForm","champ:ShieldSlam","champ:EndlessRage","champ:StanceDance","champ:RisingSlash","champ:Duel+1","champ:GutPunch+1","champ:HoldFirm","champ:BerserkersShout+1","champ:HoldFirm","champ:Backstep+1","champ:Lariat+1","champ:Parry+1","champ:RisingSlash+1","infinitespire:NeuralNetwork","champ:AdrenalArmor","champ:Haymaker+1","champ:BringItOn+1","champ:Backstep+1","champ:Lariat","expansioncontent:AwakenDeath","champ:Backstep+1"],"relics":["champ:ChampionCrown","Gambling Chip","hubris:Icosahedron","infinitespire:EmpoweringShard","PreservedInsect","Vajra","downfall:HeartBlessingRed","downfall:HeartBlessingBlue","Black Star","hubris:Potato","bronze:MakeshiftBattery","Ginger","Torii","SacredBark","hubris:PeanutButter","Bronze Scales","MerchantsRug","Mercury Hourglass","halation:VictoryRuler","hubris:ScarierMask","Ancient Tea Set","Coffee Dripper","Necronomicon","WarpedTongs","Darkstone Periapt","Toy Ornithopter","HolyWater","Du-Vu Doll","infinitespire:BottledMercury","champ:BerserkersGuideToSlaughter","Runic Pyramid","hubris:TerracottaHorce","Eternal Feather","vexMod:CursedCompass","Cursed Key","StrikeDummy","vexMod:BigBerry","conspire:Dentures"],"acts_visited":["Exordium","TheCity","TheBeyond","Exordium","TheCity","TheBeyond","Exordium","TheCity","TheBeyond"],"potions_floor_usage":[142,145,146,148,152,152],"damage_taken":[{"damage":20.0,"enemies":"Cultist","floor":2.0,"turns":3.0},{"damage":10.0,"enemies":"2 Louse","floor":4.0,"turns":2.0},{"damage":9.0,"enemies":"Jaw Worm","floor":6.0,"turns":5.0},{"damage":30.0,"enemies":"conspire:MimicChest","floor":8.0,"turns":8.0},{"damage":6.0,"enemies":"Large Slime","floor":9.0,"turns":6.0},{"damage":23.0,"enemies":"Gremlin Gang","floor":10.0,"turns":6.0},{"damage":20.0,"enemies":"3 Louse","floor":12.0,"turns":6.0},{"damage":10.0,"enemies":"3 Sentries","floor":13.0,"turns":6.0},{"damage":19.0,"enemies":"Red Slaver","floor":14.0,"turns":5.0},{"damage":16.0,"enemies":"Large Slime","floor":15.0,"turns":5.0},{"damage":71.0,"enemies":"SI_SHIV_ARCHETYPE","floor":16.0,"turns":9.0},{"damage":11.0,"enemies":"Spheric Guardian","floor":19.0,"turns":5.0},{"damage":0.0,"enemies":"downfall:FleeingMerchant","floor":21.0,"turns":4.0},{"damage":17.0,"enemies":"conspire:FuzzyDice","floor":22.0,"turns":4.0},{"damage":33.0,"enemies":"Snake Plant","floor":27.0,"turns":4.0},{"damage":6.0,"enemies":"Sentry and Sphere","floor":29.0,"turns":4.0},{"damage":1.0,"enemies":"conspire:HollyBat","floor":30.0,"turns":4.0},{"damage":11.0,"enemies":"Centurion and Healer","floor":31.0,"turns":4.0},{"damage":10.0,"enemies":"Cultist and Chosen","floor":32.0,"turns":4.0},{"damage":0.0,"enemies":"WA_ARCHETYPE_CALM","floor":33.0,"turns":5.0},{"damage":0.0,"enemies":"Orb Walker","floor":36.0,"turns":3.0},{"damage":6.0,"enemies":"3 Darklings","floor":37.0,"turns":4.0},{"damage":35.0,"enemies":"3 Darklings","floor":38.0,"turns":6.0},{"damage":35.0,"enemies":"Transient","floor":39.0,"turns":5.0},{"damage":0.0,"enemies":"Maw","floor":42.0,"turns":7.0},{"damage":1.0,"enemies":"Nightmare","floor":44.0,"turns":5.0},{"damage":0.0,"enemies":"Writhing Mass","floor":45.0,"turns":2.0},{"damage":3.0,"enemies":"downfall:FleeingMerchant","floor":48.0,"turns":4.0},{"damage":0.0,"enemies":"Spire Growth","floor":49.0,"turns":4.0},{"damage":44.0,"enemies":"DF_ARCHETYPE_ORBS","floor":50.0,"turns":7.0},{"damage":0.0,"enemies":"Cultist","floor":53.0,"turns":2.0},{"damage":15.0,"enemies":"Jaw Worm","floor":54.0,"turns":1.0},{"damage":0.0,"enemies":"2 Louse","floor":55.0,"turns":1.0},{"damage":0.0,"enemies":"2 Fungi Beasts","floor":59.0,"turns":2.0},{"damage":1.0,"enemies":"Exordium Thugs","floor":61.0,"turns":2.0},{"damage":1.0,"enemies":"conspire:2 RoseBushes","floor":63.0,"turns":2.0},{"damage":12.0,"enemies":"Blue Slaver","floor":66.0,"turns":2.0},{"damage":0.0,"enemies":"Hexaghost","floor":67.0,"turns":2.0},{"damage":10.0,"enemies":"Shell Parasite","floor":70.0,"turns":3.0},{"damage":13.0,"enemies":"conspire:FuzzyDice","floor":71.0,"turns":3.0},{"damage":0.0,"enemies":"Shelled Parasite and Fungi","floor":73.0,"turns":1.0},{"damage":92.0,"enemies":"Nightmare_Alpha","floor":75.0,"turns":7.0},{"damage":1.0,"enemies":"Centurion and Healer","floor":77.0,"turns":3.0},{"damage":0.0,"enemies":"downfall:LadyInBlue","floor":78.0,"turns":5.0},{"damage":0.0,"enemies":"Sentry and Sphere","floor":79.0,"turns":2.0},{"damage":37.0,"enemies":"Snake Plant","floor":80.0,"turns":3.0},{"damage":16.0,"enemies":"conspire:HollyBat","floor":83.0,"turns":14.0},{"damage":66.0,"enemies":"Champ","floor":84.0,"turns":8.0},{"damage":34.0,"enemies":"3 Darklings","floor":87.0,"turns":2.0},{"damage":0.0,"enemies":"Orb Walker","floor":90.0,"turns":2.0},{"damage":8.0,"enemies":"Nemesis","floor":92.0,"turns":3.0},{"damage":0.0,"enemies":"4 Shapes","floor":93.0,"turns":5.0},{"damage":33.0,"enemies":"Giant Head","floor":94.0,"turns":5.0},{"damage":0.0,"enemies":"infinitespire:Three Voidlings","floor":95.0,"turns":3.0},{"damage":59.0,"enemies":"Nightmare_Alpha","floor":95.0,"turns":9.0},{"damage":0.0,"enemies":"3 Darklings","floor":98.0,"turns":3.0},{"damage":0.0,"enemies":"Writhing Mass","floor":100.0,"turns":4.0},{"damage":0.0,"enemies":"conspire:OrnateMirror","floor":101.0,"turns":1.0},{"damage":0.0,"enemies":"2 Louse","floor":105.0,"turns":1.0},{"damage":0.0,"enemies":"conspire:RoseBush","floor":107.0,"turns":2.0},{"damage":0.0,"enemies":"Cultist","floor":108.0,"turns":1.0},{"damage":0.0,"enemies":"3 Sentries","floor":109.0,"turns":2.0},{"damage":0.0,"enemies":"Lagavulin","floor":110.0,"turns":2.0},{"damage":0.0,"enemies":"Exordium Wildlife","floor":114.0,"turns":1.0},{"damage":0.0,"enemies":"Large Slime","floor":116.0,"turns":3.0},{"damage":27.0,"enemies":"Blue Slaver","floor":117.0,"turns":2.0},{"damage":9.0,"enemies":"Hexaghost","floor":118.0,"turns":6.0},{"damage":0.0,"enemies":"conspire:FuzzyDice","floor":121.0,"turns":2.0},{"damage":0.0,"enemies":"3 Byrds","floor":122.0,"turns":3.0},{"damage":0.0,"enemies":"IC_STATUS_ARCHETYPE","floor":125.0,"turns":1.0},{"damage":0.0,"enemies":"Slavers","floor":126.0,"turns":2.0},{"damage":0.0,"enemies":"Shelled Parasite and Fungi","floor":127.0,"turns":4.0},{"damage":65.0,"enemies":"conspire:HollyBat","floor":128.0,"turns":22.0},{"damage":26.0,"enemies":"conspire:SneckoGhost","floor":130.0,"turns":5.0},{"damage":0.0,"enemies":"Sentry and Sphere","floor":132.0,"turns":1.0},{"damage":39,"enemies":"Snake Plant","floor":133,"turns":2},{"damage":17,"enemies":"Chosen and Byrds","floor":134,"turns":2},{"damage":41,"enemies":"hubris:MusketHawk","floor":135,"turns":6},{"damage":0,"enemies":"3 Darklings","floor":138,"turns":2},{"damage":20,"enemies":"Orb Walker","floor":139,"turns":2},{"damage":14,"enemies":"Sphere and 2 Shapes","floor":141,"turns":2},{"damage":94,"enemies":"Transient","floor":142,"turns":4},{"damage":123,"enemies":"Nightmare","floor":143,"turns":6},{"damage":0,"enemies":"Writhing Mass","floor":144,"turns":1},{"damage":0,"enemies":"3 Darklings","floor":145,"turns":2},{"damage":84,"enemies":"Transient","floor":146,"turns":5},{"damage":34,"enemies":"Reptomancer","floor":148,"turns":3},{"damage":1,"enemies":"Jaw Worm Horde","floor":151,"turns":2},{"damage":284,"enemies":"infinitespire:LordOfFortification","floor":152,"turns":5}],"seed_played":"-338871533359576701","potions_obtained":[{"floor":9.0,"key":"bronze:BurnAndBuffPotion"},{"floor":10.0,"key":"Block Potion"},{"floor":13.0,"key":"champ:TechniquePotion"},{"floor":14.0,"key":"Energy Potion"},{"floor":27.0,"key":"Strength Potion"},{"floor":31.0,"key":"Energy Potion"},{"floor":32.0,"key":"Strength Potion"},{"floor":36.0,"key":"Ancient Potion"},{"floor":38.0,"key":"FearPotion"},{"floor":42.0,"key":"Ancient Potion"},{"floor":44.0,"key":"SteroidPotion"},{"floor":50.0,"key":"champ:OpenerPotion"},{"floor":54.0,"key":"EntropicBrew"},{"floor":61.0,"key":"ColorlessPotion"},{"floor":66.0,"key":"LiquidMemories"},{"floor":70.0,"key":"Energy Potion"},{"floor":71.0,"key":"champ:CounterPotion"},{"floor":79.0,"key":"hexamod:SoulburnPotion"},{"floor":84.0,"key":"champ:CounterPotion"},{"floor":87.0,"key":"Dexterity Potion"},{"floor":93.0,"key":"Block Potion"},{"floor":95.0,"key":"ColorlessPotion"},{"floor":101.0,"key":"GamblersBrew"},{"floor":108.0,"key":"PowerPotion"},{"floor":109.0,"key":"champ:CounterPotion"},{"floor":128.0,"key":"Block Potion"},{"floor":130.0,"key":"Energy Potion"},{"floor":143,"key":"champ:CounterPotion"},{"floor":144,"key":"SneckoOil"},{"floor":146,"key":"sneckomod:MuddlingPotion"},{"floor":148,"key":"Regen Potion"}],"is_trial":false,"path_per_floor":["R","M","T","M","?","M","T","?","M","M","?","M","E","M","M","B",null,"R","M","?","$","M","R","T","?","R","M","AVR","M","M","M","M","B",null,"R","M","M","?","M","AVR","T","M","?","NM","M","?","R","$","M","B",null,"R","M","M","M","?","?","T","M","R","M","$","M","R","$","M","B",null,"R","M","M","?","M","?","NM","$","M","?","M","M","R","?","M","B",null,"R","M","$","?","M","R","E","M","E","?","R","$","M","?","M","B",null,"R","?","M","?","M","M","E","E","R","?","R","M","AVR","M","M","B",null,"R","M","M","$","AVR","?","E","M","M","R","E","?","M","M","M","B",null,"R","M","M","?","M","M","NM","M","M","M","AVR","E","R","$","M","B"],"character_chosen":"THE_CHAMP","items_purchased":["champ:ShieldWall","MerchantsRug","champ:BerserkersShout","champ:ShieldWall","Mercury Hourglass","Toolbox","halation:VictoryRuler","champ:HoldFirm","Darkstone Periapt","expansioncontent:Chronoboost","infinitespire:BottledMercury","champ:BerserkersGuideToSlaughter","Whetstone","vexMod:PaidLearning","conspire:Dentures","expansioncontent:AwakenDeath"],"campfire_rested":0,"item_purchase_floors":[21,48,48,48,48,48,48,62,76,88,97,97,123,123,150,150],"current_hp_per_floor":[99,99,99,99,99,90,90,85,79,76,76,71,99,80,74,18,99,99,98,98,98,82,82,82,73,83,50,30,29,18,12,2,3,109,109,99,93,73,68,58,58,53,53,67,77,77,77,89,109,85,109,109,109,104,104,104,104,104,104,104,109,109,108,108,108,102,102,109,109,99,101,85,85,85,27,27,41,76,91,74,74,74,109,98,109,109,80,80,69,69,69,71,109,96,107,107,107,109,109,109,109,109,109,109,109,109,109,109,109,109,109,109,109,109,109,109,82,93,105,109,109,109,109,115,115,115,115,115,115,89,95,95,61,69,73,139,151,151,151,143,151,57,101,101,106,37,37,113,151,151,150,0,0,0],"gold":1083,"neow_bonus":"TEN_PERCENT_HP_BONUS","is_daily":false,"chose_seed":false,"campfire_upgraded":20,"win_rate":0.0,"timestamp":1611067274,"path_taken":["R","M","?","M","?","M","T","?","M","?","?","M","E","?","M","BOSS","R","M","?","$","M","R","T","?","R","M","AVR","M","?","M","M","BOSS","R","M","M","?","M","AVR","T","M","?","NM","M","?","R","$","M","BOSS","R","M","M","?","?","?","T","M","R","M","?","M","R","$","M","BOSS","R","M","M","?","M","?","NM","$","?","?","M","?","R","?","M","BOSS","R","M","$","?","?","R","E","M","E","?","R","?","M","?","M","BOSS","R","?","?","?","M","M","E","E","R","?","R","M","AVR","M","M","BOSS","R","M","M","?","AVR","?","E","M","M","R","E","?","M","M","M","BOSS","R","M","M","?","M","M","NM","?","M","M","AVR","E","R","?","M","BOSS"],"items_purchased_type":["Card","Relic","Card","Card","Relic","Relic","Relic","Card","Relic","Card","Relic","Relic","Relic","Relic","Relic","Card"],"build_version":"2020-12-22","purchased_purges":1,"victory":false,"max_hp_per_floor":[99,99,99,99,99,99,99,99,99,99,99,99,99,99,99,99,99,99,99,99,99,99,99,99,99,109,109,109,109,109,109,109,109,109,109,109,109,109,109,109,109,109,109,109,109,109,109,109,109,109,109,109,109,109,109,109,109,109,109,109,109,109,109,109,109,109,109,109,109,109,109,109,109,109,109,109,109,109,109,109,109,109,109,109,109,109,109,109,109,109,109,109,109,109,109,109,109,109,109,109,109,109,109,109,109,109,109,109,109,109,109,109,109,109,109,109,109,109,109,109,109,109,109,115,115,115,115,115,115,115,121,121,121,121,121,151,151,151,151,151,151,151,151,151,151,151,151,151,151,151,151,151,151,151],"card_choices":[{"not_picked":["champ:RisingSlash","champ:BringItOn"],"picked":"champ:EndlessRage","floor":2.0},{"not_picked":["champ:GutPunch","champ:RapidStrikes"],"picked":"champ:FaceSlap","floor":4.0},{"not_picked":["champ:FaceSlap","champ:AdrenalArmor"],"picked":"champ:IronFortress","floor":6.0},{"not_picked":["champ:GutPunch","champ:DancingMaster"],"picked":"champ:StanceDance","floor":8.0},{"not_picked":["champ:EndlessRage","champ:PreciseThrust"],"picked":"champ:Backstep","floor":9.0},{"not_picked":["champ:Encircle","champ:PreemptiveStrike"],"picked":"champ:FlashCut","floor":10.0},{"not_picked":["champ:EnGarde","champ:Haymaker"],"picked":"champ:FlashCut","floor":12.0},{"not_picked":["champ:Haymaker","champ:BladeFlurry"],"picked":"champ:GutPunch","floor":13.0},{"not_picked":["champ:Haymaker","champ:DefensiveShout"],"picked":"champ:GladiatorStyle","floor":14.0},{"not_picked":["champ:GutPunch","champ:Backstep"],"picked":"champ:IgnorePain","floor":15.0},{"not_picked":["champ:TripleStrike","champ:LastStand"],"picked":"champ:UltimateStance","floor":16.0},{"not_picked":["champ:DefensiveShout","champ:SetATrap"],"picked":"champ:IronFortress","floor":19.0},{"not_picked":["champ:Duel","champ:RisingSlash+1"],"picked":"champ:FancyFootwork","floor":21.0},{"not_picked":["champ:FaceSlap+1","champ:HeartStrike"],"picked":"champ:PreemptiveStrike","floor":22.0},{"not_picked":["champ:GladiatorStyle","champ:RapidStrikes"],"picked":"champ:DefensiveShout","floor":27.0},{"not_picked":["champ:CrownThrow","champ:PreciseThrust"],"picked":"champ:SkillfulDodge+1","floor":29.0},{"not_picked":["champ:BringItOn","champ:Circumvent"],"picked":"champ:DefensiveShout+1","floor":30.0},{"not_picked":["champ:HeartStrike+1","champ:DefensiveShout"],"picked":"champ:BladeFlurry+1","floor":31.0},{"not_picked":["champ:PreciseThrust+1","champ:BringItOn+1"],"picked":"champ:TornadoPunch","floor":32.0},{"not_picked":["champ:SwordThrow","champ:UltimateStance"],"picked":"champ:Devastate","floor":33.0},{"not_picked":["champ:SetATrap+1","champ:ArenaPreparation"],"picked":"champ:FocusedDefense","floor":36.0},{"not_picked":["champ:RisingSlash+1","champ:GutPunch"],"picked":"champ:FlashCut","floor":37.0},{"not_picked":["champ:StanceDance+1","champ:GutPunch"],"picked":"champ:Lariat","floor":38.0},{"not_picked":["champ:FancyFootwork","champ:BladeFlurry+1"],"picked":"champ:RecklessLeap+1","floor":39.0},{"not_picked":["champ:FlashCut","champ:Haymaker"],"picked":"champ:DefensiveShout","floor":42.0},{"not_picked":["infinitespire:Fortify","infinitespire:Collect"],"picked":"hubris:Fate","floor":44.0},{"not_picked":["champ:FlashCut+1","champ:FanOfKnives"],"picked":"champ:BringItOn+1","floor":44.0},{"not_picked":["champ:CrownThrow+1","champ:EnGarde"],"picked":"champ:ShieldWall+1","floor":45.0},{"not_picked":["champ:BringItOn","champ:SwordThrow"],"picked":"champ:Lariat","floor":48.0},{"not_picked":["champ:Haymaker","champ:CrookedStrike"],"picked":"champ:Shatter+1","floor":49.0},{"not_picked":["champ:UltimateStance","champ:Devastate"],"picked":"champ:MurderStrike","floor":50.0},{"not_picked":["champ:Lariat","champ:Backstep"],"picked":"champ:AdrenalArmor","floor":53.0},{"not_picked":["champ:PreciseThrust","champ:FaceSlap"],"picked":"champ:IronFortress","floor":54.0},{"not_picked":["champ:StanceDance","champ:EnGarde"],"picked":"champ:TornadoPunch","floor":55.0},{"not_picked":["champ:BringItOn","champ:Lariat"],"picked":"champ:Circumvent","floor":59.0},{"not_picked":["champ:Shatter","champ:Circumvent"],"picked":"champ:ShieldThrow","floor":61.0},{"not_picked":["champ:GutPunch","champ:FlashCut"],"picked":"champ:BringItOn","floor":63.0},{"not_picked":["champ:Shatter","champ:EndlessRage"],"picked":"champ:EnGarde","floor":66.0},{"not_picked":["champ:ShieldThrow","champ:MurderStrike"],"picked":"champ:LastStand","floor":67.0},{"not_picked":["champ:FanOfKnives","champ:BerserkersShout+1"],"picked":"champ:FalseCounter","floor":70.0},{"not_picked":["champ:BringItOn","champ:FancyFootwork"],"picked":"champ:RapidStrikes","floor":71.0},{"not_picked":["champ:PerfectedStrike","champ:BerserkersShout"],"picked":"champ:Parry+1","floor":73.0},{"not_picked":["champ:MurderStrike","champ:CrownThrow"],"picked":"champ:IronFortress","floor":75.0},{"not_picked":["champ:BladeFlurry","champ:Circumvent"],"picked":"champ:GutPunch","floor":77.0},{"not_picked":["champ:BladeFlurry+1","champ:DefensiveShout"],"picked":"champ:EnGarde+1","floor":78.0},{"not_picked":["champ:TornadoPunch+1","champ:Circumvent"],"picked":"champ:Lariat","floor":79.0},{"not_picked":["champ:CrownThrow","champ:Encircle"],"picked":"champ:TornadoPunch+1","floor":80.0},{"not_picked":["champ:BringItOn+1","champ:CrownThrow"],"picked":"champ:CalledShot+1","floor":83.0},{"not_picked":["champ:UltimateStance","champ:MurderStrike"],"picked":"champ:HeavySlash","floor":84.0},{"not_picked":["hubris:Rewind","infinitespire:Oblivion"],"picked":"infinitespire:SealOfDarkness+","floor":85.0},{"not_picked":["champ:GutPunch","champ:FocusedDefense"],"picked":"champ:Shatter+1","floor":87.0},{"not_picked":["champ:BerserkersShout+1","champ:Circumvent"],"picked":"champ:Endure+1","floor":90.0},{"not_picked":["champ:PerfectedStrike","champ:LastStand"],"picked":"champ:CheapShot","floor":92.0},{"not_picked":["champ:Backstep","champ:TornadoPunch+1"],"picked":"champ:ShieldWall","floor":93.0},{"not_picked":["champ:Parry+1","champ:PerfectedStrike+1"],"picked":"champ:IronFortress","floor":94.0},{"not_picked":["infinitespire:SealOfDarkness+","hubris:InfiniteBlow+360"],"picked":"infinitespire:Execution","floor":95.0},{"not_picked":["champ:Backstep","champ:AdrenalArmor+1"],"picked":"champ:HeavySlash","floor":95.0},{"not_picked":["champ:GladiatorStyle","champ:BladeFlurry"],"picked":"champ:Parry+1","floor":98.0},{"not_picked":["champ:ShieldSlam+1","champ:Encircle"],"picked":"champ:FlashCut+1","floor":100.0},{"not_picked":["champ:UltimateStance","champ:DancingMaster"],"picked":"champ:HoldFirm","floor":101.0},{"not_picked":["champ:TornadoPunch","champ:Haymaker"],"picked":"champ:EnGarde","floor":105.0},{"not_picked":["champ:AdrenalArmor","champ:GutPunch"],"picked":"champ:BringItOn","floor":107.0},{"not_picked":["champ:FanOfKnives","champ:CrownThrow"],"picked":"champ:SetATrap","floor":108.0},{"not_picked":["champ:SkillfulDodge","champ:Circumvent"],"picked":"champ:BringItOn","floor":109.0},{"not_picked":["champ:Circumvent","champ:PerfectedStrike"],"picked":"champ:CheapShot","floor":110.0},{"not_picked":["champ:EnGarde","champ:PreciseThrust"],"picked":"champ:EnragedBash","floor":114.0},{"not_picked":["champ:Haymaker","champ:FanOfKnives"],"picked":"champ:BringItOn","floor":116.0},{"not_picked":["champ:GutPunch","champ:RecklessLeap"],"picked":"champ:StrikeOfGenius","floor":117.0},{"not_picked":["champ:HoldFirm","champ:ShieldThrow"],"picked":"champ:VampiricStrike","floor":118.0},{"not_picked":["champ:GutPunch","champ:RisingSlash"],"picked":"champ:FlashCut","floor":121.0},{"not_picked":["champ:CalledShot","champ:SkillfulDodge"],"picked":"champ:FocusedBerserking","floor":122.0},{"not_picked":["champ:DeathBlow+1","champ:BringItOn"],"picked":"champ:ShieldSlam","floor":125.0},{"not_picked":["champ:ArenaPreparation","champ:TornadoPunch"],"picked":"champ:EndlessRage","floor":126.0},{"not_picked":["champ:GladiatorStyle","champ:EnGarde"],"picked":"champ:StanceDance","floor":127.0},{"not_picked":["champ:EnGarde","champ:FlashCut"],"picked":"champ:RisingSlash","floor":128.0},{"not_picked":["champ:TornadoPunch","champ:PerfectedStrike"],"picked":"champ:Duel+1","floor":130.0},{"not_picked":["champ:EnGarde","champ:EnragedBash+1"],"picked":"champ:GutPunch+1","floor":132.0},{"not_picked":["champ:ArenaPreparation+1","champ:StanceDance"],"picked":"champ:HoldFirm","floor":133},{"not_picked":["champ:Backstep","champ:TornadoPunch"],"picked":"champ:BerserkersShout+1","floor":134},{"not_picked":["champ:TripleStrike","champ:GladiatorForm"],"picked":"champ:HoldFirm","floor":135},{"not_picked":["champ:GutPunch","champ:Shatter+1"],"picked":"champ:Backstep+1","floor":138},{"not_picked":["champ:Circumvent+1","champ:PreciseThrust+1"],"picked":"champ:Lariat+1","floor":139},{"not_picked":["champ:PreciseThrust+1","champ:TornadoPunch+1"],"picked":"champ:Parry+1","floor":141},{"not_picked":["champ:BladeFlurry+1","champ:TornadoPunch+1"],"picked":"champ:RisingSlash+1","floor":142},{"not_picked":["hubris:Fate","infinitespire:FinalStrike"],"picked":"infinitespire:NeuralNetwork","floor":143},{"not_picked":["champ:Haymaker+1","champ:FancyFootwork"],"picked":"champ:AdrenalArmor","floor":143},{"not_picked":["champ:FancyFootwork+1","champ:BladeFlurry"],"picked":"champ:Haymaker+1","floor":144},{"not_picked":["champ:TornadoPunch","champ:BladeFlurry"],"picked":"champ:BringItOn+1","floor":145},{"not_picked":["champ:RisingSlash+1","champ:Endure"],"picked":"champ:Backstep+1","floor":146},{"not_picked":["champ:GutPunch","champ:BerserkersShout"],"picked":"champ:Lariat","floor":148},{"not_picked":["champ:CrownThrow","champ:ArenaPreparation+1"],"picked":"champ:Backstep+1","floor":151}],"player_experience":1571352,"relics_obtained":[{"floor":3.0,"key":"Gambling Chip"},{"floor":7.0,"key":"infinitespire:EmpoweringShard"},{"floor":8.0,"key":"PreservedInsect"},{"floor":13.0,"key":"Vajra"},{"floor":38.0,"key":"Ginger"},{"floor":41.0,"key":"hubris:PeanutButter"},{"floor":44.0,"key":"Bronze Scales"},{"floor":44.0,"key":"Dream Catcher"},{"floor":58.0,"key":"Ancient Tea Set"},{"floor":72.0,"key":"Necronomicon"},{"floor":78.0,"key":"Toy Ornithopter"},{"floor":95.0,"key":"Du-Vu Doll"},{"floor":125.0,"key":"hubris:AstralHammer"},{"floor":125.0,"key":"StrikeDummy"}],"event_choices":[{"cards_removed":["champ:Defend"],"damage_healed":0.0,"max_hp_gain":0.0,"max_hp_loss":0.0,"gold_gain":0.0,"event_name":"Falling","player_choice":"Removed Skill","floor":43.0,"gold_loss":0.0,"damage_taken":0.0},{"damage_healed":0.0,"max_hp_gain":0.0,"max_hp_loss":0.0,"gold_gain":0.0,"event_name":"conspire:LoneGhost","player_choice":"Argue","floor":56.0,"gold_loss":0.0,"damage_taken":0.0},{"damage_healed":0.0,"max_hp_gain":0.0,"max_hp_loss":0.0,"gold_gain":0.0,"event_name":"conspire:Investor","player_choice":"Invest 2","floor":57.0,"gold_loss":0.0,"damage_taken":0.0},{"damage_healed":0.0,"max_hp_gain":0.0,"max_hp_loss":0.0,"gold_gain":0.0,"event_name":"Accursed Blacksmith","player_choice":"Rummage","floor":74.0,"gold_loss":0.0,"damage_taken":0.0,"relics_obtained":["WarpedTongs"],"cards_obtained":["Pain"]},{"cards_removed":["champ:BringItOn"],"damage_healed":0.0,"max_hp_gain":0.0,"max_hp_loss":0.0,"gold_gain":0.0,"event_name":"Falling","player_choice":"Removed Skill","floor":99.0,"gold_loss":0.0,"damage_taken":0.0},{"damage_healed":0.0,"max_hp_gain":0.0,"max_hp_loss":0.0,"gold_gain":0.0,"event_name":"Lab","player_choice":"Got Potions","floor":112.0,"gold_loss":0.0,"damage_taken":0.0},{"damage_healed":0.0,"max_hp_gain":0.0,"max_hp_loss":0.0,"gold_gain":0.0,"event_name":"Addict","player_choice":"Stole Relic","floor":131.0,"gold_loss":0.0,"damage_taken":0.0,"relics_obtained":["Old Coin"],"cards_obtained":["Pride"]}],"is_beta":false,"boss_relics":[{"not_picked":["hubris:GrandSneckoEye","Pandora\u0027s Box"],"picked":"halation:SmartPhone"},{"not_picked":["halation:Yufonium","conspire:RunicOctahedron"],"picked":"bronze:MakeshiftBattery"},{"not_picked":["vexMod:CursedCompass","vexMod:DeviousBotling"],"picked":"hubris:ScarierMask"},{"not_picked":["Empty Cage","hubris:VirtuousBlindfold"],"picked":"Coffee Dripper"},{"not_picked":["Pandora\u0027s Box","Velvet Choker"],"picked":"vexMod:MysteryBossChallenge"},{"not_picked":["halation:PlatinumPhoenix","vexMod:CursedCompass"],"picked":"Runic Pyramid"},{"not_picked":["halation:LoveArrow","halation:CatFaceCupcake"],"picked":"vexMod:CursedCompass"},{"not_picked":["hubris:RunicObelisk","Astrolabe"],"picked":"vexMod:BigBerry"}],"items_purged_floors":[88],"is_endless":true,"potions_floor_spawned":[9,10,13,14,15,27,30,31,32,36,38,42,44,50,54,61,66,70,71,78,79,83,84,87,93,94,95,95,101,105,108,109,117,125,128,130,133,135,141,143,144,146,148],"killed_by":"infinitespire:LordOfFortification","ascension_level":0}}