{"host":"uld0x1f6or5rl385","time":1611094415,"event":{"mods":["BaseMod","Minty Spire (QoL Compilation)","Quick Restart","StSLib","Unceasing Turn Reminder"],"gold_per_floor":[117,36,49,49,49,80,80,94,94,112,127,160,178,178,178,251,251,263,280,280,280],"floor_reached":20,"language":"ZHS","playtime":592,"items_purged":[],"score":390,"play_id":"594f3c50-fd32-446b-ba1d-de0dae3c1d0f","local_time":"20210120061335","is_ascension_mode":true,"campfire_choices":[{"data":"Leg Sweep","floor":7.0,"key":"SMITH"},{"floor":15,"key":"REST"}],"circlet_count":0,"master_deck":["AscendersBane","Strike_G","Strike_G","Strike_G","Strike_G","Strike_G","Defend_G","Defend_G","Defend_G","Defend_G","Defend_G","Survivor","Neutralize","Leg Sweep+1","Infinite Blades+1","Quick Slash","Flying Knee","Blade Dance","Terror","Backflip","Blur"],"relics":["Ring of the Snake","NeowsBlessing","Pantograph","Smiling Mask","PreservedInsect","SlaversCollar"],"acts_visited":["Exordium","TheCity"],"potions_floor_usage":[16,18,19],"damage_taken":[{"damage":0.0,"enemies":"Cultist","floor":1.0,"turns":1.0},{"damage":0.0,"enemies":"Jaw Worm","floor":3.0,"turns":1.0},{"damage":0.0,"enemies":"3 Sentries","floor":6.0,"turns":1.0},{"damage":6.0,"enemies":"2 Louse","floor":8.0,"turns":4.0},{"damage":4.0,"enemies":"2 Fungi Beasts","floor":10.0,"turns":4.0},{"damage":6.0,"enemies":"Red Slaver","floor":11.0,"turns":5.0},{"damage":20.0,"enemies":"Gremlin Nob","floor":12.0,"turns":4.0},{"damage":12.0,"enemies":"Exordium Thugs","floor":13.0,"turns":4.0},{"damage":21,"enemies":"Hexaghost","floor":16,"turns":9},{"damage":17,"enemies":"Spheric Guardian","floor":18,"turns":6},{"damage":22,"enemies":"2 Thieves","floor":19,"turns":5},{"damage":19,"enemies":"Cultist and Chosen","floor":20,"turns":6}],"seed_played":"9158655451001438461","potions_obtained":[{"floor":1.0,"key":"ColorlessPotion"},{"floor":6.0,"key":"PowerPotion"},{"floor":10.0,"key":"Block Potion"},{"floor":16,"key":"SteroidPotion"},{"floor":18,"key":"Energy Potion"}],"is_trial":false,"path_per_floor":["M","$","M","?","$","E","R","M","T","M","M","E","M","?","R","B",null,"M","M","M"],"character_chosen":"THE_SILENT","items_purchased":["Infinite Blades"],"campfire_rested":1,"item_purchase_floors":[2],"current_hp_per_floor":[59,59,59,59,59,59,59,53,53,49,43,23,11,11,30,34,58,41,19,0,0],"gold":280,"neow_bonus":"THREE_ENEMY_KILL","is_daily":false,"chose_seed":false,"campfire_upgraded":1,"win_rate":0.0,"timestamp":1611094415,"path_taken":["M","?","M","?","?","E","R","?","T","M","M","E","M","?","R","BOSS","M","M","M"],"items_purchased_type":["Card"],"build_version":"2020-12-22","purchased_purges":0,"victory":false,"max_hp_per_floor":[66,66,66,66,66,66,66,66,66,66,66,66,66,66,66,66,66,66,66,66,66],"card_choices":[{"not_picked":["Quick Slash","Acrobatics"],"picked":"Leg Sweep","floor":1.0},{"not_picked":["Bane","Eviscerate"],"picked":"Quick Slash","floor":3.0},{"not_picked":["Leg Sweep","Choke"],"picked":"Flying Knee","floor":6.0},{"not_picked":["Quick Slash","Bane","Poisoned Stab"],"picked":"SKIP","floor":8.0},{"not_picked":["Slice","Glass Knife"],"picked":"Blade Dance","floor":10.0},{"not_picked":["Terror","Acrobatics","Distraction"],"picked":"SKIP","floor":11.0},{"not_picked":["Acrobatics","Distraction"],"picked":"Terror","floor":11.0},{"not_picked":["Dagger Spray","Sucker Punch"],"picked":"Backflip","floor":12.0},{"not_picked":["Leg Sweep","Finisher"],"picked":"Blur","floor":13.0},{"not_picked":["Bouncing Flask+1","Quick Slash+1","Poisoned Stab"],"picked":"SKIP","floor":18},{"not_picked":["Dagger Throw","Blur","Acrobatics"],"picked":"SKIP","floor":19}],"player_experience":341318,"relics_obtained":[{"floor":6.0,"key":"Pantograph"},{"floor":9.0,"key":"Smiling Mask"},{"floor":12.0,"key":"PreservedInsect"}],"event_choices":[{"damage_healed":0.0,"max_hp_gain":0.0,"max_hp_loss":0.0,"gold_gain":0.0,"event_name":"Living Wall","player_choice":"Grow","floor":4.0,"gold_loss":0.0,"damage_taken":0.0,"cards_upgraded":["Infinite Blades"]},{"damage_healed":0,"gold_gain":0,"player_choice":"Searched \u00270\u0027 times","damage_taken":0,"max_hp_gain":0,"max_hp_loss":0,"event_name":"Dead Adventurer","floor":14,"gold_loss":0}],"is_beta":false,"boss_relics":[{"not_picked":["Velvet Choker","Tiny House"],"picked":"SlaversCollar"}],"items_purged_floors":[],"is_endless":false,"potions_floor_spawned":[1,6,10,11,16,18],"killed_by":"Cultist and Chosen","ascension_level":17}}