{"host":"fuszjwm6fqgjjp4d","time":1611029975,"event":{"mods":["BaseMod","Bestiary","Colored Map","DeckTracker","Downfall","Minty Spire (QoL Compilation)","Permanent Neow","Relic Sorter","Relic Stats","StSLib"],"gold_per_floor":[99,118,218,234,248,261,261,281,281,181,181,196,196,196,212,313,313,313,327,342,43,62,62,62,76,104,4,15,35,35,35,50,50,50,50],"floor_reached":33,"language":"ENG","playtime":4563,"items_purged":["champ:GladiatorStyle+1"],"score":263,"play_id":"f9787975-0f13-4fc9-b2a3-cce2c879a607","local_time":"20210118221935","is_ascension_mode":false,"campfire_choices":[{"floor":1.0,"key":"RECALL"},{"data":"champ:StanceDance","floor":10.0,"key":"SMITH"},{"data":"champ:PerfectedStrike","floor":13.0,"key":"SMITH"},{"data":"champ:Backstep","floor":18,"key":"SMITH"},{"data":"expansioncontent:DashGenerateEvil","floor":27,"key":"SMITH"},{"data":"champ:StanceDance","floor":30,"key":"SMITH"}],"circlet_count":0,"master_deck":["champ:Strike","champ:Strike","champ:Defend","champ:Defend","champ:Defend","champ:Defend","champ:Execute+1","champ:Taunt","champ:FalseCounter","champ:Backstep+1","champ:PerfectedStrike+1","champ:RisingSlash","champ:StanceDance+1","champ:ShieldWall+1","champ:DancingMaster+1","champ:ArenaPreparation","champ:LastStand+1","champ:StanceDance+1","expansioncontent:DashGenerateEvil+1","champ:BerserkersShout","champ:DancingMaster+1","champ:FaceSlap","champ:EnGarde","champ:IronFortress+1","champ:IronFortress+1","champ:SkillfulDodge"],"relics":["champ:ChampionCrown","Frozen Egg 2","downfall:HeartBlessingRed","bronze:MakeshiftBattery","Bottled Flame","Pen Nib","downfall:HeartBlessingGreen"],"acts_visited":["Exordium","TheCity"],"potions_floor_usage":[25,26,26,26,33,33],"damage_taken":[{"damage":10.0,"enemies":"Small Slimes","floor":2.0,"turns":5.0},{"damage":13.0,"enemies":"Cultist","floor":4.0,"turns":5.0},{"damage":21.0,"enemies":"Jaw Worm","floor":5.0,"turns":3.0},{"damage":16.0,"enemies":"2 Fungi Beasts","floor":6.0,"turns":3.0},{"damage":11.0,"enemies":"3 Louse","floor":8.0,"turns":4.0},{"damage":11.0,"enemies":"Gremlin Gang","floor":12.0,"turns":5.0},{"damage":15.0,"enemies":"Large Slime","floor":15.0,"turns":5.0},{"damage":55.0,"enemies":"IC_STATUS_ARCHETYPE","floor":16.0,"turns":8.0},{"damage":21,"enemies":"Shell Parasite","floor":19,"turns":4},{"damage":28,"enemies":"3 Byrds","floor":20,"turns":5},{"damage":20,"enemies":"downfall:FleeingMerchant","floor":21,"turns":4},{"damage":0,"enemies":"Snecko","floor":22,"turns":3},{"damage":15,"enemies":"Cultist and Chosen","floor":25,"turns":3},{"damage":39,"enemies":"Slavers","floor":26,"turns":5},{"damage":24,"enemies":"Snake Plant","floor":28,"turns":3},{"damage":20,"enemies":"3 Cultists","floor":29,"turns":3},{"damage":20,"enemies":"Snecko","floor":32,"turns":3},{"damage":58,"enemies":"DF_ARCHETYPE_CLAW","floor":33,"turns":7}],"seed_played":"-2670439742936994530","potions_obtained":[{"floor":4.0,"key":"Slimebound:ThreeZeroPotion"},{"floor":5.0,"key":"LiquidBronze"},{"floor":6.0,"key":"bronze:BurnAndBuffPotion"},{"floor":22,"key":"GamblersBrew"},{"floor":25,"key":"Explosive Potion"},{"floor":26,"key":"EssenceOfSteel"},{"floor":28,"key":"Fire Potion"}],"is_trial":false,"path_per_floor":["R","M","?","M","M","M","T","M","?","R","?","M","R","?","M","B",null,"R","M","M","$","M","?","T","M","E","R","M","M","R","?","M","B"],"character_chosen":"THE_CHAMP","items_purchased":["champ:StanceDance","expansioncontent:DashGenerateEvil"],"campfire_rested":0,"item_purchase_floors":[21,21],"current_hp_per_floor":[90,90,90,87,86,80,80,79,79,79,79,78,78,78,78,33,90,90,79,76,76,76,76,76,76,62,62,53,53,53,53,38,0,0,0],"gold":50,"neow_bonus":"TRANSFORM_CARD","is_daily":false,"chose_seed":false,"campfire_upgraded":5,"win_rate":0.0,"timestamp":1611029975,"path_taken":["R","M","?","?","M","M","T","M","?","R","?","M","R","?","M","BOSS","BOSS","R","M","?","$","M","?","T","?","E","R","M","M","R","?","M","BOSS"],"items_purchased_type":["Card","Card"],"build_version":"2020-12-22","purchased_purges":1,"victory":false,"max_hp_per_floor":[90,90,90,90,90,90,90,90,90,90,90,90,90,90,90,90,90,90,90,90,90,90,90,90,90,90,90,90,90,90,90,90,90,90,90],"relic_stats":{"counters":[18,78],"Pen Nib":[2],"obtain_stats":[{"Bottled Flame":24,"downfall:HeartBlessingRed":10,"champ:ChampionCrown":0,"downfall:HeartBlessingGreen":27,"Pen Nib":26,"Frozen Egg 2":7,"bronze:MakeshiftBattery":17},{"Bottled Flame":12,"downfall:HeartBlessingRed":5,"champ:ChampionCrown":0,"downfall:HeartBlessingGreen":14,"Pen Nib":14,"Frozen Egg 2":4,"bronze:MakeshiftBattery":8},{"Bottled Flame":54,"downfall:HeartBlessingRed":20,"champ:ChampionCrown":0,"downfall:HeartBlessingGreen":62,"Pen Nib":62,"Frozen Egg 2":16,"bronze:MakeshiftBattery":38}]},"card_choices":[{"not_picked":["champ:BerserkersShout","champ:FaceSlap"],"picked":"champ:Backstep","floor":2.0},{"not_picked":["champ:Backstep","champ:GutPunch"],"picked":"champ:PerfectedStrike","floor":4.0},{"not_picked":["champ:SetATrap","champ:BerserkersShout"],"picked":"champ:RisingSlash","floor":5.0},{"not_picked":["champ:Shatter","champ:EnGarde"],"picked":"champ:StanceDance","floor":6.0},{"not_picked":["champ:BringItOn","champ:Shatter"],"picked":"champ:ShieldWall+1","floor":8.0},{"not_picked":["champ:DefensiveShout","champ:HeartStrike","champ:FancyFootwork"],"picked":"SKIP","floor":12.0},{"not_picked":["champ:DefensiveShout","champ:FlashCut"],"picked":"champ:GladiatorStyle+1","floor":15.0},{"not_picked":["champ:Devastate","champ:UltimateStance"],"picked":"champ:DancingMaster+1","floor":16},{"not_picked":["champ:BladeFlurry+1","champ:Shatter","champ:RisingSlash"],"picked":"SKIP","floor":19},{"not_picked":["champ:Lariat","champ:BerserkersShout"],"picked":"champ:ArenaPreparation","floor":20},{"not_picked":["champ:DefensiveShout","champ:EndlessRage+1"],"picked":"champ:LastStand+1","floor":21},{"not_picked":["champ:HeartStrike","champ:PerfectedStrike"],"picked":"champ:BerserkersShout","floor":22},{"not_picked":["champ:FancyFootwork","champ:SkillfulDodge"],"picked":"champ:FaceSlap","floor":25},{"not_picked":["champ:PreemptiveStrike","champ:Shatter+1"],"picked":"champ:EnGarde","floor":26},{"not_picked":["champ:BringItOn","champ:CalledShot+1"],"picked":"champ:IronFortress+1","floor":28},{"not_picked":["champ:CrownThrow+1","champ:PerfectedStrike+1"],"picked":"champ:IronFortress+1","floor":29},{"not_picked":["champ:AdrenalArmor","champ:Circumvent+1"],"picked":"champ:SkillfulDodge","floor":32}],"player_experience":1589564,"relics_obtained":[{"floor":7.0,"key":"Frozen Egg 2"},{"floor":24,"key":"Bottled Flame"},{"floor":26,"key":"Pen Nib"}],"event_choices":[{"damage_healed":0.0,"max_hp_gain":0.0,"max_hp_loss":0.0,"gold_gain":0.0,"event_name":"Living Wall","player_choice":"Grow","floor":9.0,"gold_loss":0.0,"damage_taken":0.0,"cards_upgraded":["champ:Execute"]},{"damage_healed":0.0,"max_hp_gain":0.0,"max_hp_loss":0.0,"gold_gain":0.0,"event_name":"NoteForYourself","player_choice":"Ignored","floor":14.0,"gold_loss":0.0,"damage_taken":0.0}],"is_beta":false,"boss_relics":[{"not_picked":["Runic Dome","Runic Pyramid"],"picked":"bronze:MakeshiftBattery"}],"items_purged_floors":[21],"is_endless":false,"potions_floor_spawned":[4,5,6,22,25,26,28],"killed_by":"DF_ARCHETYPE_CLAW","ascension_level":0}}