{"host":"81vb4cbob60wa1na","time":1611080515,"event":{"mods":["BaseMod","Downfall","GifTheSpireLib","Hermit","Highlight Path","Minty Spire (QoL Compilation)","StSLib","The Cursed","The Disciple"],"gold_per_floor":[99,112,142,142,242,256,256,356,380,380,397,75,75,75,104,104,104,104],"floor_reached":16,"language":"ENG","playtime":377,"items_purged":["downfall:Bewildered"],"score":188,"play_id":"6cbca5e5-0c44-4b6a-9a92-113ab08a7fb8","local_time":"20210119132155","is_ascension_mode":false,"campfire_choices":[{"data":"bronze:RecursiveStrike","floor":1,"key":"SMITH"},{"data":"bronze:BurnOut","floor":10,"key":"SMITH"},{"floor":13,"key":"REST"}],"circlet_count":0,"master_deck":["bronze:Strike","bronze:Strike","bronze:Strike","bronze:Strike","bronze:Defend","bronze:Defend","bronze:Defend","bronze:Defend","bronze:Replicate","bronze:Goto","bronze:RecursiveStrike+1","bronze:Repair","Regret","Shame","CurseOfTheBell","Regret","bronze:BurnOut+1","Shame","bronze:Constructor","bronze:Iterate","bronze:Fortify"],"relics":["bronze:BronzeCore","Bag of Marbles","InkBottle","Calling Bell","bronze:SilverBullet","hexamod:CandleOfCauterizing","Pocketwatch","White Beast Statue","CeramicFish","Vajra","downfall:BrokenWingStatue"],"acts_visited":["Exordium"],"potions_floor_usage":[12,12,16],"damage_taken":[{"damage":0,"enemies":"2 Louse","floor":2,"turns":2},{"damage":25,"enemies":"Jaw Worm","floor":6,"turns":3},{"damage":0,"enemies":"Small Slimes","floor":11,"turns":1},{"damage":28,"enemies":"downfall:FleeingMerchant","floor":12,"turns":4},{"damage":9,"enemies":"Blue Slaver","floor":15,"turns":3},{"damage":65,"enemies":"WA_ARCHETYPE_RETAIN","floor":16,"turns":5}],"seed_played":"5452537756224277972","potions_obtained":[{"floor":6,"key":"bronze:BuildAFunctionPotion"},{"floor":11,"key":"SpeedPotion"},{"floor":12,"key":"sneckomod:MuddlingPotion"},{"floor":15,"key":"Fire Potion"}],"is_trial":false,"path_per_floor":["R","M","?","?","?","M","T","?","T","R","M","$","R","?","M","B"],"character_chosen":"THE_AUTOMATON","items_purchased":["Fruit Juice","Vajra"],"campfire_rested":1,"item_purchase_floors":[12,12],"current_hp_per_floor":[70,70,70,70,75,50,50,50,50,50,50,34,58,58,56,0,0,0],"gold":104,"neow_bonus":"ONE_RANDOM_RARE_CARD","is_daily":false,"chose_seed":false,"campfire_upgraded":2,"win_rate":0.0,"timestamp":1611080515,"path_taken":["R","M","?","?","?","?","T","?","?","R","M","?","R","?","M","BOSS"],"items_purchased_type":["Potion","Relic"],"build_version":"2020-12-22","purchased_purges":1,"victory":false,"max_hp_per_floor":[70,70,70,70,75,75,75,75,75,75,75,80,80,80,80,80,80,80],"card_choices":[{"not_picked":["bronze:OilSpill","bronze:Branch"],"picked":"bronze:Repair","floor":2},{"not_picked":["bronze:ChildClass","bronze:Overheat"],"picked":"bronze:Constructor","floor":6},{"not_picked":["bronze:ItsAFeature","bronze:Shield","bronze:Repulsor"],"picked":"SKIP","floor":11},{"not_picked":["bronze:BuggyMess","bronze:BitShift"],"picked":"bronze:Iterate","floor":12},{"not_picked":["bronze:WhirlingStrike","bronze:Allocate"],"picked":"bronze:Fortify","floor":15}],"player_experience":267061,"relics_obtained":[{"floor":5,"key":"bronze:SilverBullet"},{"floor":5,"key":"hexamod:CandleOfCauterizing"},{"floor":5,"key":"Pocketwatch"},{"floor":7,"key":"White Beast Statue"},{"floor":9,"key":"CeramicFish"}],"event_choices":[{"damage_healed":0,"gold_gain":0,"player_choice":"Box","damage_taken":0,"relics_obtained":["InkBottle"],"max_hp_gain":0,"max_hp_loss":0,"event_name":"Big Fish","floor":4,"gold_loss":0,"cards_obtained":["Regret"]}],"is_beta":false,"boss_relics":[],"items_purged_floors":[12],"is_endless":false,"potions_floor_spawned":[6,11,12,15],"killed_by":"WA_ARCHETYPE_RETAIN","ascension_level":0}}