{"host":"ix2a18c4ohfsrslv","time":1611082855,"event":{"mods":["BaseMod","Better Third Choice","Downfall","Minty Spire (QoL Compilation)","StSLib"],"gold_per_floor":[99,99,99,99,99,117,117,117,27,45,45,63,63,48,60,165,165,165,183,203,203,203,42,42,42,42,42],"floor_reached":25,"language":"ENG","playtime":1326,"items_purged":["bronze:Goto","downfall:Malfunctioning"],"score":187,"play_id":"ac2db7c3-22cb-4db5-875f-4ca93d6a806c","local_time":"20210119110055","is_ascension_mode":false,"campfire_choices":[{"data":"bronze:Replicate","floor":1,"key":"SMITH"},{"data":"bronze:Verify","floor":8,"key":"SMITH"},{"data":"bronze:Iterate","floor":11,"key":"SMITH"},{"data":"bronze:Frontload","floor":18,"key":"SMITH"}],"circlet_count":0,"master_deck":["bronze:Strike","bronze:Strike","bronze:Strike","bronze:Strike","bronze:Defend","bronze:Defend+1","bronze:Defend","bronze:Defend","bronze:Replicate+1","bronze:WhirlingStrike+1","bronze:Separator","bronze:Frontload+1","bronze:Separator","bronze:Verify+1","bronze:Iterate+1","bronze:BronzeOrb+1","bronze:Constructor"],"relics":["bronze:BronzeCore","downfall:HeartsMalice","Black Star","MutagenicStrength","downfall:RedIOU","The Courier"],"acts_visited":["Exordium","TheCity"],"potions_floor_usage":[14,14,16,25],"damage_taken":[{"damage":0,"enemies":"Jaw Worm","floor":2,"turns":1},{"damage":0,"enemies":"Cultist","floor":3,"turns":1},{"damage":0,"enemies":"2 Louse","floor":4,"turns":1},{"damage":6,"enemies":"Exordium Wildlife","floor":6,"turns":5},{"damage":0,"enemies":"downfall:FleeingMerchant","floor":9,"turns":4},{"damage":4,"enemies":"2 Fungi Beasts","floor":10,"turns":5},{"damage":0,"enemies":"3 Louse","floor":12,"turns":1},{"damage":11,"enemies":"downfall:FleeingMerchant","floor":14,"turns":4},{"damage":1,"enemies":"Exordium Thugs","floor":15,"turns":4},{"damage":57,"enemies":"WA_ARCHETYPE_RETAIN","floor":16,"turns":8},{"damage":1,"enemies":"3 Byrds","floor":19,"turns":6},{"damage":0,"enemies":"Chosen","floor":20,"turns":6},{"damage":4,"enemies":"downfall:FleeingMerchant","floor":23,"turns":4},{"damage":73,"enemies":"Gremlin Leader","floor":25,"turns":7}],"seed_played":"6625479004226936191","potions_obtained":[{"floor":6,"key":"Regen Potion"},{"floor":12,"key":"LiquidMemories"},{"floor":15,"key":"LiquidBronze"},{"floor":16,"key":"Dexterity Potion"}],"is_trial":false,"path_per_floor":["R","M","M","M","?","M","T","R","$","M","R","M","?","$","M","B",null,"R","M","M","?","?","$","T","E"],"character_chosen":"THE_AUTOMATON","items_purchased":["bronze:Constructor"],"campfire_rested":0,"item_purchase_floors":[23],"current_hp_per_floor":[70,70,70,70,70,64,64,64,64,60,60,60,60,61,60,3,70,70,69,69,69,69,65,65,0,0,0],"gold":42,"neow_bonus":"THREE_ENEMY_KILL","is_daily":false,"chose_seed":false,"campfire_upgraded":4,"win_rate":0.0,"timestamp":1611082855,"path_taken":["R","M","M","M","?","?","T","R","$","M","R","M","?","?","M","BOSS","R","M","M","?","?","$","T","E"],"items_purchased_type":["Card"],"build_version":"2020-12-22","purchased_purges":2,"victory":false,"max_hp_per_floor":[70,70,70,70,70,70,70,70,70,70,70,70,70,70,70,70,70,70,70,70,70,70,70,70,70,70,70],"card_choices":[{"not_picked":["bronze:FineTuning","bronze:OilSpill"],"picked":"bronze:WhirlingStrike","floor":2},{"not_picked":["bronze:Allocate","bronze:ForLoop"],"picked":"bronze:Separator","floor":3},{"not_picked":["bronze:Repulsor","bronze:DelayedSlice"],"picked":"bronze:Frontload","floor":4},{"not_picked":["bronze:ChildClass","bronze:Turbo"],"picked":"bronze:Verify","floor":6},{"not_picked":["bronze:ForceShield","bronze:BronzeArmor"],"picked":"bronze:Iterate","floor":9},{"not_picked":["bronze:WhirlingStrike","bronze:Allocate"],"picked":"bronze:BronzeOrb","floor":10},{"not_picked":["bronze:BitShift","bronze:DelayedSlice","bronze:ThunderWave"],"picked":"SKIP","floor":12},{"not_picked":["bronze:BuggyMess","bronze:Virus","bronze:ChildClass"],"picked":"SKIP","floor":14},{"not_picked":["bronze:Deprecate","bronze:Frontload","bronze:DelayedGuard"],"picked":"SKIP","floor":15},{"not_picked":["bronze:OilSpill","bronze:Return","bronze:WhirlingStrike+1"],"picked":"SKIP","floor":19},{"not_picked":["bronze:BronzeOrb","bronze:BuggyMess","bronze:WildBeam+1"],"picked":"SKIP","floor":20},{"not_picked":["bronze:BuggyMess","bronze:CleanCode","bronze:Shield"],"picked":"SKIP","floor":23}],"player_experience":174777,"relics_obtained":[{"floor":7,"key":"bronze:ProtectiveGoggles"},{"floor":24,"key":"The Courier"}],"event_choices":[{"damage_healed":0,"gold_gain":0,"player_choice":"Inject Mutagens","damage_taken":0,"relics_obtained":["MutagenicStrength"],"max_hp_gain":0,"max_hp_loss":0,"event_name":"Drug Dealer","floor":21,"gold_loss":0}],"is_beta":false,"boss_relics":[{"not_picked":["SacredBark","Coffee Dripper"],"picked":"Black Star"}],"items_purged_floors":[9,23],"is_endless":false,"potions_floor_spawned":[6,12,15,16],"killed_by":"Gremlin Leader","ascension_level":0}}