{"host":"bq4pt811tk9yrmjl","time":1611067701,"event":{"mods":["AchievementEnabler","BaseMod","Colored Map","Colored Powertips","Defuse TimeMaze Blight","Hermit","Minty Spire (QoL Compilation)","StSLib","SuperFastMode"],"gold_per_floor":[114,114,114,124,139,139,139],"floor_reached":6,"language":"ENG","playtime":58,"items_purged":[],"score":38,"play_id":"be051bb2-0e4d-4dc9-abdd-f8133155ab49","local_time":"20210119124821","is_ascension_mode":true,"campfire_choices":[],"circlet_count":0,"master_deck":["hermit:Strike_Hermit","hermit:Strike_Hermit","hermit:Strike_Hermit","hermit:Strike_Hermit","hermit:Defend_Hermit","hermit:Defend_Hermit","hermit:Defend_Hermit","hermit:Defend_Hermit","hermit:Snapshot","hermit:Covet","hermit:Brawl","Regret","hermit:Deadeye"],"relics":["hermit:Momento","NeowsBlessing","Matryoshka"],"acts_visited":["Exordium"],"potions_floor_usage":[5],"damage_taken":[{"damage":0.0,"enemies":"Jaw Worm","floor":1.0,"turns":1.0},{"damage":0,"enemies":"Cultist","floor":4,"turns":1},{"damage":0,"enemies":"Small Slimes","floor":5,"turns":2},{"damage":0,"enemies":"Lagavulin","floor":6,"turns":3}],"seed_played":"-3645670023871969294","potions_obtained":[{"floor":1.0,"key":"DistilledChaos"},{"floor":5,"key":"SkillPotion"}],"is_trial":false,"path_per_floor":["M","?","?","M","M","E"],"character_chosen":"HERMIT","items_purchased":[],"campfire_rested":0,"item_purchase_floors":[],"current_hp_per_floor":[75,75,75,75,75,75,75],"gold":139,"neow_bonus":"THREE_ENEMY_KILL","is_daily":false,"chose_seed":false,"campfire_upgraded":0,"win_rate":0.0,"timestamp":1611067701,"path_taken":["M","?","?","?","M","E"],"items_purchased_type":[],"build_version":"2020-12-22","purchased_purges":0,"victory":false,"max_hp_per_floor":[75,75,75,75,75,75,75],"card_choices":[{"not_picked":["hermit:Manifest","hermit:FullyLoaded"],"picked":"hermit:Brawl","floor":1.0},{"not_picked":["hermit:Headshot","hermit:Feint","hermit:SprayPray"],"picked":"SKIP","floor":4},{"not_picked":["hermit:HoleUp","hermit:Scavenge"],"picked":"hermit:Deadeye","floor":5}],"player_experience":185084,"relics_obtained":[],"event_choices":[{"damage_healed":0,"gold_gain":0,"player_choice":"Box","damage_taken":0,"relics_obtained":["Matryoshka"],"max_hp_gain":0,"max_hp_loss":0,"event_name":"Big Fish","floor":2,"gold_loss":0,"cards_obtained":["Regret"]},{"damage_healed":0,"gold_gain":0,"player_choice":"Bought 0 Potions","damage_taken":0,"max_hp_gain":0,"max_hp_loss":0,"event_name":"The Woman in Blue","floor":3,"gold_loss":0}],"is_beta":false,"boss_relics":[],"items_purged_floors":[],"is_endless":false,"potions_floor_spawned":[1,5],"killed_by":"Lagavulin","ascension_level":1}}