{"host":"px2oznrenyeljk7o","time":1611092716,"event":{"mods":["100% Spire Juice","A Magickal Journey","AchievementEnabler","Arknights The Spire","BaseMod","Better Altar","Better Match","Better Note","Better Sensory Stone","Better Third Choice","ChefMod","Colored Map","Conspire","Curses Come First","Evolution","GifTheSpireLib","GungeonMod","Hermit","KinomotoSakuraMod(????)","Koishi","Lobotomy","LobotomyExtend","Marisa????????","Minty Spire (QoL Compilation)","Nova Terra(??·??)","Poor People Problems","Potionbrewer","Random Character Button","Rare Cards Sparkle","Reimu??????","Replay The Spire","Robot Space Explorer","Small Relic Pack","Somnambulant","Spicy Shops","StSLib","Stuff the Spire","The Administrix","The Alterego","The Blackbeard","The Blue Laboratory","The Bug Knight","The Construct","The Cursed","The Disciple","The Gatherer","The Hayseed","The Hierophant","The Jungle","The Marked","The Runesmith","TheWitcher","Yakumo Yukari mod","Yuri Mod","everything is the same but u backflip on backflip","slay the spire mod where everything is the same but ironclad has a cowboy hat","??????REMEMod"],"gold_per_floor":[119,131,91,141,141,169,169,185,185,185,185,16,50,69,69,69,69],"floor_reached":16,"language":"ENG","playtime":2329,"items_purged":[],"score":108,"play_id":"b88e680d-63cf-4b45-a9c5-a4344c5e311f","local_time":"20210119224516","is_ascension_mode":false,"campfire_choices":[{"floor":7,"key":"REST"},{"floor":11,"key":"REST"},{"floor":15,"key":"REST"}],"circlet_count":0,"master_deck":["DemoMod:Strike_Huntress","DemoMod:Strike_Huntress+1","DemoMod:Defend_Huntress","DemoMod:Defend_Huntress","DemoMod:Defend_Huntress","DemoMod:Defend_Huntress","DemoMod:Roll","DemoMod:ManualReload","DemoMod:RustySidearm","DemoMod:CrossBow","DemoMod:Unmoved","Gatherer:Duality+1","DemoMod:FastSwitch","DemoMod:SAA","DemoMod:SniperShot","DemoMod:HardPowerCard","DemoMod:HungryBullets","DemoMod:Slinger","DemoMod:TeaPot"],"relics":["DemoMod:Dog","EVO:Axolotl","REME_ComplimentaryCards","LetterFromLob","PaintedHorse:ReiMu","Ring of Greed","Membership Card","Blue Doll","conspire:GlowingRock","DemoMod:GnawedKey","RuthlessExorcism:ReiMu","Whetstone"],"acts_visited":["Exordium"],"potions_floor_usage":[8,16,16],"damage_taken":[{"damage":2,"enemies":"Jaw Worm","floor":1,"turns":7},{"damage":0,"enemies":"Small Slimes","floor":2,"turns":4},{"damage":34,"enemies":"Gremlin Nob","floor":6,"turns":5},{"damage":1,"enemies":"2 Louse","floor":8,"turns":3},{"damage":45,"enemies":"Lagavulin","floor":13,"turns":12},{"damage":0,"enemies":"Looter","floor":14,"turns":3},{"damage":48,"enemies":"The Guardian","floor":16,"turns":16}],"seed_played":"-3609238698917164130","potions_obtained":[{"floor":2,"key":"blueLaboratory:HorrorPotion"},{"floor":6,"key":"FearPotion"},{"floor":13,"key":"blueLaboratory:LouseDecoction"}],"is_trial":false,"path_per_floor":["M","M","?","?","?","E","R","M","T","M","R","$","E","M","R","B"],"character_chosen":"HUNTRESS","items_purchased":["DemoMod:GnawedKey","DemoMod:HungryBullets","RuthlessExorcism:ReiMu"],"campfire_rested":3,"item_purchase_floors":[12,12,12],"current_hp_per_floor":[68,68,68,68,68,34,55,54,54,54,70,70,25,25,46,0,0],"gold":69,"neow_bonus":"TRANSFORM_CARD","is_daily":false,"chose_seed":false,"campfire_upgraded":0,"win_rate":0.0,"timestamp":1611092716,"path_taken":["M","M","?","?","?","E","R","M","T","M","R","$","E","M","R","BOSS"],"items_purchased_type":["Relic","Card","Relic"],"build_version":"2020-12-22","purchased_purges":0,"victory":false,"max_hp_per_floor":[70,70,70,70,70,70,70,70,70,70,70,70,70,70,70,70,70],"card_choices":[{"not_picked":["DemoMod:HighKaliber","DemoMod:DirectionalPad"],"picked":"DemoMod:FastSwitch","floor":1},{"not_picked":["DemoMod:BattleInHaste","DemoMod:DirectionalPad"],"picked":"DemoMod:SAA","floor":2},{"not_picked":["DemoMod:LifeOrb","DemoMod:PotionOfGunFriendShip"],"picked":"DemoMod:SniperShot","floor":6},{"not_picked":["DemoMod:PotionOfGunFriendShip","DemoMod:DoubleSwitch"],"picked":"DemoMod:HardPowerCard","floor":8},{"not_picked":["DemoMod:Purify","DemoMod:PotionOfGunFriendShip"],"picked":"DemoMod:Slinger","floor":13},{"not_picked":["DemoMod:BattleInHaste","DemoMod:BoxingGlove"],"picked":"DemoMod:TeaPot","floor":14}],"player_experience":488786,"relics_obtained":[{"floor":1,"key":"LetterFromLob"},{"floor":4,"key":"Ring of Greed"},{"floor":4,"key":"Membership Card"},{"floor":4,"key":"Blue Doll"},{"floor":6,"key":"conspire:GlowingRock"},{"floor":13,"key":"Whetstone"}],"event_choices":[{"damage_healed":0,"gold_gain":0,"player_choice":"Donate","damage_taken":0,"relics_obtained":["PaintedHorse:ReiMu"],"max_hp_gain":0,"max_hp_loss":0,"event_name":"yidonshenshe","floor":3,"gold_loss":40}],"is_beta":false,"boss_relics":[],"items_purged_floors":[],"is_endless":false,"potions_floor_spawned":[2,6,13],"killed_by":"The Guardian","ascension_level":0}}