{"host":"s41rn2jhghpwfrvz","time":1611023595,"event":{"mods":["BaseMod","Minty Spire (QoL Compilation)","Quick Restart","Relic Stats","SuperFastMode"],"gold_per_floor":[118,193,212,212,228,228,228],"floor_reached":6,"language":"ENG","playtime":168,"items_purged":[],"score":72,"play_id":"2b516a5a-e9f8-4149-a09c-a19bf65fa30f","local_time":"20210119043315","daily_mods":["SealedDeck","Vintage","DeadlyEvents"],"is_ascension_mode":true,"campfire_choices":[],"circlet_count":0,"master_deck":["AscendersBane","Pummel","Inflame","Warcry","Flex","Second Wind","Intimidate","Body Slam+1","Metallicize","Power Through","Shrug It Off"],"relics":["Burning Blood","Blue Candle","Omamori","Eternal Feather"],"acts_visited":["Exordium"],"potions_floor_usage":[],"damage_taken":[{"damage":1,"enemies":"Small Slimes","floor":1,"turns":5},{"damage":0,"enemies":"2 Louse","floor":3,"turns":1},{"damage":0,"enemies":"Jaw Worm","floor":5,"turns":3},{"damage":77,"enemies":"3 Sentries","floor":6,"turns":13}],"seed_played":"3275722164272085671","potions_obtained":[{"floor":1,"key":"SpeedPotion"}],"is_trial":true,"path_per_floor":["M","?","M","?","M","E"],"character_chosen":"IRONCLAD","items_purchased":[],"campfire_rested":0,"item_purchase_floors":[],"current_hp_per_floor":[73,62,68,68,74,0,0],"gold":228,"neow_bonus":"","is_daily":false,"chose_seed":false,"campfire_upgraded":0,"win_rate":0.0,"timestamp":1611023595,"path_taken":["M","?","M","?","M","E"],"items_purchased_type":[],"build_version":"2020-12-22","purchased_purges":0,"victory":false,"max_hp_per_floor":[75,75,75,75,75,75,75],"relic_stats":{"counters":[4,22],"Blue Candle":[0],"Eternal Feather":0,"obtain_stats":[{"Blue Candle":1,"Eternal Feather":5,"Omamori":3,"Burning Blood":0},{"Blue Candle":1,"Eternal Feather":3,"Omamori":2,"Burning Blood":0},{"Blue Candle":5,"Eternal Feather":9,"Omamori":6,"Burning Blood":0}],"Burning Blood":18},"card_choices":[],"player_experience":1800139,"relics_obtained":[{"floor":1,"key":"Blue Candle"},{"floor":3,"key":"Omamori"},{"floor":5,"key":"Eternal Feather"}],"event_choices":[{"damage_healed":0,"gold_gain":75,"player_choice":"Gather Gold","damage_taken":11,"max_hp_gain":0,"max_hp_loss":0,"event_name":"World of Goop","floor":2,"gold_loss":0},{"damage_healed":0,"gold_gain":0,"player_choice":"Grow","damage_taken":0,"max_hp_gain":0,"max_hp_loss":0,"event_name":"Living Wall","floor":4,"gold_loss":0,"cards_upgraded":["Body Slam"]}],"is_beta":false,"boss_relics":[],"items_purged_floors":[],"is_endless":false,"potions_floor_spawned":[1],"killed_by":"3 Sentries","ascension_level":20}}