{"host":"nbmmy2ys5j9alw05","time":1611048566,"event":{"mods":["AchievementEnabler","BaseMod","Bestiary","Better Vampires","Colored Map","Colored Powertips","Googly Eyes","Minty Spire (QoL Compilation)","Quick Restart","StSLib","The Hierophant","The IronCluck","everything is the same but u backflip on backflip"],"gold_per_floor":[123,130,130,152,143,143,143,109,109],"floor_reached":8,"language":"ENG","playtime":537,"items_purged":[],"score":75,"play_id":"183c8066-c45d-4b9c-a80e-8e4c48cbba7b","local_time":"20210119012926","is_ascension_mode":true,"campfire_choices":[{"data":"hierophant:CursedGold","floor":6,"key":"SMITH"}],"circlet_count":0,"master_deck":["hierophant:Strike_Hierophant","hierophant:Strike_Hierophant","hierophant:Strike_Hierophant","hierophant:Punish","hierophant:Defend_Hierophant","hierophant:Defend_Hierophant","hierophant:Defend_Hierophant","hierophant:Defend_Hierophant","hierophant:ChurchCoffers","hierophant:Doubloon","hierophant:ConvertCurrency","hierophant:Doubloon","hierophant:CursedGold+1","hierophant:RustyCrate","hierophant:Doubloon","hierophant:Doubloon","hierophant:Encroach","hierophant:AuricBeam","hierophant:Doubloon","hierophant:Dazzle"],"relics":["hierophant:PropheticMaskRelic","Tiny Chest"],"acts_visited":["Exordium"],"potions_floor_usage":[5,8],"damage_taken":[{"damage":5,"enemies":"Jaw Worm","floor":1,"turns":4},{"damage":1,"enemies":"Cultist","floor":2,"turns":4},{"damage":0,"enemies":"2 Louse","floor":4,"turns":3},{"damage":41,"enemies":"Exordium Wildlife","floor":5,"turns":7},{"damage":24,"enemies":"3 Sentries","floor":8,"turns":9}],"seed_played":"7917299232494381572","potions_obtained":[{"floor":2,"key":"AttackPotion"},{"floor":4,"key":"Regen Potion"}],"is_trial":false,"path_per_floor":["M","M","?","M","M","R","T","E"],"character_chosen":"HIEROPHANT","items_purchased":[],"campfire_rested":0,"item_purchase_floors":[],"current_hp_per_floor":[70,69,69,69,28,28,28,19,19],"gold":109,"neow_bonus":"THREE_CARDS","is_daily":false,"chose_seed":false,"campfire_upgraded":1,"win_rate":0.0,"timestamp":1611048566,"path_taken":["M","M","?","?","M","R","?","E"],"items_purchased_type":[],"build_version":"2020-12-22","purchased_purges":0,"victory":false,"max_hp_per_floor":[75,75,75,75,75,75,75,75,75],"card_choices":[{"not_picked":["hierophant:RecallFunds","hierophant:Smite"],"picked":"hierophant:ConvertCurrency","floor":0},{"not_picked":["hierophant:Purify","hierophant:HammerAndAnvil"],"picked":"hierophant:CursedGold","floor":1},{"not_picked":["hierophant:FlamingChariot","hierophant:OrnateBuckler"],"picked":"hierophant:RustyCrate","floor":2},{"not_picked":["hierophant:DisplayOfPower","hierophant:PassingBell"],"picked":"hierophant:AuricBeam","floor":4},{"not_picked":["hierophant:Repentance","hierophant:LocustPlague"],"picked":"hierophant:Dazzle","floor":5}],"player_experience":467420,"relics_obtained":[{"floor":7,"key":"Tiny Chest"}],"event_choices":[{"damage_healed":0,"gold_gain":0,"cards_transformed":["hierophant:Strike_Hierophant"],"player_choice":"Transformed","damage_taken":0,"max_hp_gain":0,"max_hp_loss":0,"event_name":"Transmorgrifier","floor":3,"gold_loss":0,"cards_obtained":["hierophant:Encroach"]}],"is_beta":false,"boss_relics":[],"items_purged_floors":[],"is_endless":false,"potions_floor_spawned":[2,4],"killed_by":"3 Sentries","ascension_level":1}}