{"host":"609l7sx3bs4zmbf1","time":1611019209,"event":{"mods":["AchievementEnabler","Aspiration","BaseMod","Bestiary","Better Altar","Better Match","Better Note","Better Sensory Stone","Better Skull","Better Third Choice","BetterRewards","Conspire","GifTheSpireLib","Hero for Fun","Hubris","Minty Spire (QoL Compilation)","Rare Cards Sparkle","Spicy Shops","StSLib","Stuff the Spire","The Blue Laboratory","Uncapped","Waifu the Spire","vexMod"],"gold_per_floor":[118,137,137,151,226,257,276,176,201,201,233,246,271,291,291,387,1053,1070,201,201,77,88,88,88,88],"floor_reached":24,"language":"ENG","playtime":5607,"items_purged":[],"score":241,"play_id":"fb3912b2-9443-4cab-9dc8-69d322b83ba3","local_time":"20210118192009","is_ascension_mode":false,"campfire_choices":[{"floor":15,"key":"REST"},{"floor":23,"key":"RECALL"}],"circlet_count":0,"master_deck":["Strike_G","Strike_G","Strike_G","Strike_G","Strike_G","Defend_G","Defend_G","Defend_G","Defend_G","Defend_G","Survivor","Neutralize","Underhanded Strike","Flying Knee","Dodge and Roll","Outmaneuver","All Out Attack","Deadly Poison","Finesse","Quick Slash","Deadly Poison","Deadly Poison","Die Die Die","Infinite Blades","Blade Dance","Accuracy","Noxious Fumes","Accuracy"],"relics":["Ring of the Snake","aspiration:Nostalgia","PureWater","Kunai","The Courier","Omamori","Singing Bowl","hubris:Reverence","vexMod:RockOfEvil","aspiration:FetidBarrel","vexMod:BerryBomb","Mummified Hand","vexMod:Spyglass"],"acts_visited":["Exordium","TheCity"],"potions_floor_usage":[6,7,11,13,14],"damage_taken":[{"damage":0,"enemies":"Cultist","floor":1,"turns":3},{"damage":0,"enemies":"conspire:RoseBush","floor":2,"turns":4},{"damage":0,"enemies":"Small Slimes","floor":4,"turns":3},{"damage":5,"enemies":"Lagavulin","floor":6,"turns":11},{"damage":6,"enemies":"Exordium Wildlife","floor":7,"turns":6},{"damage":10,"enemies":"3 Sentries","floor":11,"turns":8},{"damage":8,"enemies":"Exordium Thugs","floor":12,"turns":5},{"damage":16,"enemies":"Lagavulin","floor":13,"turns":6},{"damage":1,"enemies":"2 Fungi Beasts","floor":14,"turns":2},{"damage":15,"enemies":"The Guardian","floor":16,"turns":9},{"damage":15,"enemies":"Spheric Guardian","floor":18,"turns":5},{"damage":16,"enemies":"conspire:FuzzyDice","floor":22,"turns":4},{"damage":16,"enemies":"Snake Plant","floor":24,"turns":1}],"seed_played":"-4142469935445372533","potions_obtained":[{"floor":4,"key":"Dexterity Potion"},{"floor":6,"key":"PowerPotion"},{"floor":11,"key":"blueLaboratory:NinjaPotion"},{"floor":12,"key":"blueLaboratory:EnragingPotion"},{"floor":13,"key":"Energy Potion"},{"floor":20,"key":"blueLaboratory:BottleOfRum"},{"floor":20,"key":"Ancient Potion"}],"is_trial":false,"path_per_floor":["M","M","?","M","?","E","M","$","T","?","E","M","E","M","R","B",null,"M","$","?","$","M","R","M"],"character_chosen":"THE_SILENT","items_purchased":["DistilledChaos","Deadly Poison","aspiration:FetidBarrel","vexMod:BerryBomb","Mummified Hand","Infinite Blades","Blade Dance","Accuracy","Noxious Fumes","Accuracy","vexMod:Spyglass"],"campfire_rested":1,"item_purchase_floors":[8,8,19,19,19,19,19,19,19,19,21],"current_hp_per_floor":[70,70,70,70,59,54,48,48,48,48,38,30,14,15,36,21,36,23,29,29,29,15,15,0,0],"gold":88,"neow_bonus":"NOSTALGIA","is_daily":false,"chose_seed":false,"campfire_upgraded":0,"win_rate":0.0,"timestamp":1611019209,"path_taken":["M","?","?","?","?","E","M","?","T","?","E","?","E","M","R","BOSS","M","$","?","?","M","R","M"],"items_purchased_type":["Potion","Card","Relic","Relic","Relic","Card","Card","Card","Card","Card","Relic"],"build_version":"2020-12-22","purchased_purges":0,"victory":false,"max_hp_per_floor":[70,70,70,70,70,70,70,70,70,70,70,70,70,72,72,72,36,38,44,44,44,46,46,46,46],"card_choices":[{"not_picked":["Deflect","Quick Slash"],"picked":"Underhanded Strike","floor":1},{"not_picked":["Backflip","StuffTheSpire:BumpUp"],"picked":"Flying Knee","floor":2},{"not_picked":["Backflip","Slice"],"picked":"Dodge and Roll","floor":4},{"not_picked":["StuffTheSpire:Fury","conspire:DoublingDagger"],"picked":"Outmaneuver","floor":6},{"not_picked":["Flying Knee","Dagger Spray"],"picked":"All Out Attack","floor":7},{"not_picked":["Discovery","Forethought"],"picked":"Finesse","floor":10},{"not_picked":["Bullet Time","Underhanded Strike"],"picked":"Quick Slash","floor":11},{"not_picked":["Acrobatics","StuffTheSpire:Python"],"picked":"Deadly Poison","floor":12},{"not_picked":["Dagger Spray","Cloak And Dagger"],"picked":"Deadly Poison","floor":13},{"not_picked":["After Image","StuffTheSpire:ClusterCrunch","All Out Attack"],"picked":"Singing Bowl","floor":14},{"not_picked":["Grand Finale","Glass Knife"],"picked":"Die Die Die","floor":16},{"not_picked":["Outmaneuver","Slice","StuffTheSpire:ClusterCrunch"],"picked":"Singing Bowl","floor":18},{"not_picked":["hubris:TrickCloak","Quick Slash+1","Acrobatics"],"picked":"Singing Bowl","floor":22}],"player_experience":400927,"relics_obtained":[{"floor":3,"key":"Kunai"},{"floor":6,"key":"The Courier"},{"floor":9,"key":"Omamori"},{"floor":11,"key":"Singing Bowl"},{"floor":13,"key":"hubris:Reverence"}],"event_choices":[{"damage_healed":0,"gold_gain":0,"player_choice":"Relic","damage_taken":0,"max_hp_gain":0,"max_hp_loss":0,"event_name":"Wheel of Change","floor":3,"gold_loss":0},{"damage_healed":0,"gold_gain":75,"player_choice":"Gold","damage_taken":11,"max_hp_gain":0,"max_hp_loss":0,"event_name":"betterThird:BetterGoop","floor":5,"gold_loss":0},{"damage_healed":0,"gold_gain":1,"player_choice":"1","damage_taken":0,"max_hp_gain":0,"max_hp_loss":0,"event_name":"betterStone:BetterStone","floor":10,"gold_loss":0},{"damage_healed":0,"gold_gain":0,"player_choice":"Got Potions","damage_taken":0,"max_hp_gain":0,"max_hp_loss":0,"event_name":"Lab","floor":20,"gold_loss":0}],"is_beta":false,"boss_relics":[{"not_picked":["hubris:CrackedHourglass","aspiration:DefectSkillbook"],"picked":"vexMod:RockOfEvil"}],"items_purged_floors":[],"is_endless":false,"potions_floor_spawned":[4,6,11,12,13,22],"killed_by":"Snake Plant","ascension_level":0}}