{"host":"zzc28wglrg51iog5","time":1611081432,"event":{"mods":["BaseMod","Colored Map","Downfall","GifTheSpireLib","Hermit","Minty Spire (QoL Compilation)","StSLib","The Hierophant"],"gold_per_floor":[99,117,135,152,152,152,152,186,199,218,52,63,98,98,116,116,116],"floor_reached":16,"language":"ENG","playtime":1162,"items_purged":["bronze:Strike"],"score":114,"play_id":"416fb264-479c-4e6d-8558-9633caaccedb","local_time":"20210119193712","is_ascension_mode":false,"campfire_choices":[{"data":"bronze:Replicate","floor":1.0,"key":"SMITH"}],"circlet_count":0,"master_deck":["bronze:Strike","bronze:Strike","bronze:Strike","bronze:Defend","bronze:Defend","bronze:Defend","bronze:Defend","bronze:Replicate+1","bronze:Goto","bronze:Turbo","bronze:Deprecate","bronze:ChosenStrike","bronze:ChosenStrike","bronze:Flail","bronze:CleanCode","bronze:DigitalCarnage","bronze:Optimize","bronze:Flail","bronze:CloningBeam","bronze:Terminator"],"relics":["bronze:BronzeCore","Shovel","Bottled Flame","Nunchaku","bronze:CableSpool"],"acts_visited":["Exordium"],"potions_floor_usage":[16],"damage_taken":[{"damage":1.0,"enemies":"2 Louse","floor":2.0,"turns":3.0},{"damage":6.0,"enemies":"Cultist","floor":3.0,"turns":4.0},{"damage":2.0,"enemies":"Small Slimes","floor":4.0,"turns":4.0},{"damage":21.0,"enemies":"Lagavulin","floor":8.0,"turns":7.0},{"damage":0.0,"enemies":"Exordium Thugs","floor":9.0,"turns":1.0},{"damage":6.0,"enemies":"Blue Slaver","floor":10.0,"turns":4.0},{"damage":0.0,"enemies":"downfall:FleeingMerchant","floor":11.0,"turns":4.0},{"damage":0.0,"enemies":"2 Fungi Beasts","floor":12.0,"turns":2.0},{"damage":20.0,"enemies":"3 Sentries","floor":13.0,"turns":8.0},{"damage":0,"enemies":"Red Slaver","floor":15,"turns":2},{"damage":14,"enemies":"DF_ARCHETYPE_STREAMLINE","floor":16,"turns":3}],"seed_played":"-7032043048716952084","potions_obtained":[{"floor":8.0,"key":"bronze:CleanCodePotion"},{"floor":9.0,"key":"bronze:BurnAndBuffPotion"},{"floor":13.0,"key":"SkillPotion"},{"floor":15,"key":"bronze:CleanCodePotion"}],"is_trial":false,"path_per_floor":["R","M","M","M","?","?","T","E","M","M","$","M","E","?","M","B"],"character_chosen":"THE_AUTOMATON","items_purchased":["bronze:Flail"],"campfire_rested":0,"item_purchase_floors":[11],"current_hp_per_floor":[63,62,56,54,59,59,59,38,38,32,32,32,12,12,12,0,0,0],"gold":116,"neow_bonus":"ONE_RARE_RELIC","is_daily":false,"chose_seed":false,"campfire_upgraded":1,"win_rate":0.0,"timestamp":1611081432,"path_taken":["R","M","M","M","?","?","T","E","?","M","$","M","E","?","M","BOSS"],"items_purchased_type":["Card"],"build_version":"2020-12-22","purchased_purges":1,"victory":false,"max_hp_per_floor":[63,63,63,63,68,68,68,68,68,68,68,68,68,68,68,68,68,68],"card_choices":[{"not_picked":["bronze:Iterate","bronze:Overheat"],"picked":"bronze:Turbo","floor":2.0},{"not_picked":["bronze:Iterate","bronze:Branch"],"picked":"bronze:Deprecate","floor":3.0},{"not_picked":["bronze:Repulsor","bronze:Separator"],"picked":"bronze:ChosenStrike","floor":4.0},{"not_picked":["bronze:WhirlingStrike","bronze:Shell"],"picked":"bronze:Flail","floor":8.0},{"not_picked":["bronze:Invalidate","bronze:OilSpill"],"picked":"bronze:CleanCode","floor":9.0},{"not_picked":["bronze:Turbo","bronze:Boost"],"picked":"bronze:DigitalCarnage","floor":10.0},{"not_picked":["bronze:CutThrough","bronze:ThunderWave"],"picked":"bronze:Optimize","floor":11.0},{"not_picked":["bronze:MaxOutput","bronze:Separator","bronze:BuggyMess"],"picked":"SKIP","floor":12.0},{"not_picked":["bronze:BronzeOrb","bronze:Return"],"picked":"bronze:CloningBeam","floor":13.0},{"not_picked":["bronze:DelayedGuard","bronze:ItsAFeature"],"picked":"bronze:Terminator","floor":15}],"player_experience":1606485,"relics_obtained":[{"floor":7.0,"key":"Bottled Flame"},{"floor":8.0,"key":"Nunchaku"},{"floor":13.0,"key":"bronze:CableSpool"}],"event_choices":[{"damage_healed":0.0,"max_hp_gain":5.0,"max_hp_loss":0.0,"gold_gain":0.0,"event_name":"Big Fish","player_choice":"Donut","floor":5.0,"gold_loss":0.0,"damage_taken":0.0}],"is_beta":false,"boss_relics":[],"items_purged_floors":[11],"is_endless":false,"potions_floor_spawned":[8,9,13,15],"killed_by":"DF_ARCHETYPE_STREAMLINE","ascension_level":0}}