{"host":"f5gffvlv6a66yqkd","time":1611071800,"event":{"mods":["2.2 Compatiblity","BaseMod","Colored Map","Custom Start","Dark Map","DeckTracker","Keyboard Shortcuts","Minty Spire (QoL Compilation)","Permanent Neow","Quick Restart","Relic Stats","StSLib","SuperFastMode"],"gold_per_floor":[115,115,190,210,6,6,21,38,61,71,71,81,81,99,99,99,99],"floor_reached":16,"language":"KOR","playtime":389,"items_purged":["Strike_G"],"score":188,"play_id":"6a01cf4b-0096-4acc-b082-e4591f03c31a","local_time":"20210120005640","is_ascension_mode":true,"campfire_choices":[{"data":"Prepared","floor":6.0,"key":"SMITH"},{"data":"Reflex","floor":11.0,"key":"SMITH"},{"data":"Well Laid Plans","floor":15.0,"key":"SMITH"}],"circlet_count":0,"master_deck":["AscendersBane","Strike_G","Strike_G","Strike_G","Strike_G","Defend_G","Defend_G","Defend_G","Defend_G","Defend_G","Survivor","Neutralize","Grand Finale","Well Laid Plans+1","Prepared+1","Reflex+1","Backstab","Quick Slash","Dagger Throw","Backflip"],"relics":["Ring of the Snake","Art of War","Matryoshka"],"acts_visited":["Exordium"],"potions_floor_usage":[16,16],"damage_taken":[{"damage":11.0,"enemies":"Small Slimes","floor":1.0,"turns":5.0},{"damage":1.0,"enemies":"2 Louse","floor":4.0,"turns":3.0},{"damage":1.0,"enemies":"Jaw Worm","floor":7.0,"turns":4.0},{"damage":0.0,"enemies":"Gremlin Gang","floor":8.0,"turns":7.0},{"damage":4.0,"enemies":"Looter","floor":10.0,"turns":3.0},{"damage":4.0,"enemies":"Blue Slaver","floor":12.0,"turns":5.0},{"damage":2.0,"enemies":"Red Slaver","floor":14.0,"turns":3.0},{"damage":28,"enemies":"Slime Boss","floor":16,"turns":4}],"seed_played":"-7611811938974176166","potions_obtained":[{"floor":1.0,"key":"DistilledChaos"},{"floor":12.0,"key":"Weak Potion"}],"is_trial":false,"path_per_floor":["M","?","?","M","$","R","M","M","T","M","R","M","T","M","R","B"],"character_chosen":"THE_SILENT","items_purchased":["Reflex","Backstab"],"campfire_rested":0,"item_purchase_floors":[5,5],"current_hp_per_floor":[48,48,37,36,36,36,35,35,35,31,31,27,27,25,25,0,0],"gold":99,"neow_bonus":"THREE_RARE_CARDS","is_daily":false,"chose_seed":false,"campfire_upgraded":3,"win_rate":0.0,"timestamp":1611071800,"path_taken":["M","?","?","M","$","R","M","M","T","M","R","M","?","?","R","BOSS"],"items_purchased_type":["Card","Card"],"build_version":"2020-12-22","purchased_purges":1,"victory":false,"max_hp_per_floor":[66,66,66,66,66,66,66,66,66,66,66,66,66,66,66,66,66],"relic_stats":{"counters":[8,34],"Art of War":[2],"obtain_stats":[{"Matryoshka":13,"Art of War":9,"Ring of the Snake":0},{"Matryoshka":6,"Art of War":4,"Ring of the Snake":0},{"Matryoshka":27,"Art of War":19,"Ring of the Snake":0}],"Ring of the Snake":[16]},"card_choices":[{"not_picked":["Venomology","Glass Knife"],"picked":"Grand Finale","floor":0.0},{"not_picked":["Backflip","Leg Sweep"],"picked":"Well Laid Plans","floor":1.0},{"not_picked":["Infinite Blades","Outmaneuver"],"picked":"Prepared","floor":4.0},{"not_picked":["Deadly Poison","Prepared"],"picked":"Quick Slash","floor":7.0},{"not_picked":["Heel Hook","Riddle With Holes","Backstab"],"picked":"SKIP","floor":8.0},{"not_picked":["Blur","Bane","Dash"],"picked":"SKIP","floor":10.0},{"not_picked":["Slice","Backstab"],"picked":"Dagger Throw","floor":12.0},{"not_picked":["Slice","Poisoned Stab"],"picked":"Backflip","floor":14.0}],"player_experience":1602476,"relics_obtained":[{"floor":9.0,"key":"Art of War"},{"floor":13.0,"key":"Matryoshka"}],"event_choices":[{"cards_removed":["Writhe"],"damage_healed":0.0,"max_hp_gain":0.0,"max_hp_loss":0.0,"gold_gain":0.0,"event_name":"Living Wall","player_choice":"Forget","floor":2.0,"gold_loss":0.0,"damage_taken":0.0},{"damage_healed":0.0,"max_hp_gain":0.0,"max_hp_loss":0.0,"gold_gain":75.0,"event_name":"World of Goop","player_choice":"Gather Gold","floor":3.0,"gold_loss":0.0,"damage_taken":11.0}],"is_beta":false,"boss_relics":[],"items_purged_floors":[5],"is_endless":false,"potions_floor_spawned":[1,12],"killed_by":"Slime Boss","ascension_level":20}}