{"host":"ss2ocoam53r2lno0","time":1611052996,"event":{"mods":["Act Like it!","BaseMod","ChefMod","Clockwork Mod","Colored Powertips","Curses Come First","Displayed Cursed Tome","Downfall","Evolution","Googly Eyes","Hallownest","Highlight Path","Minty Spire (QoL Compilation)","Poor People Problems","Rare Cards Sparkle","Robot Space Explorer","Shade Mod","Shop Mod","Spicy Shops","StSLib","The Marked"],"gold_per_floor":[110,110,35,55,75,75,75,75,75,94,119,137,65,65,65,164,164,174,192,209,62,62,97,97,97,97,97,97,131,146,178,178,273,273,293,281,329,329,346,371,9,35,71,83,95,107,154,183,195,207],"floor_reached":51,"language":"ENG","playtime":4563,"items_purged":["Clockwork:SnapKeep"],"score":1416,"play_id":"7f9f14d2-da68-4de0-bca2-b85e86b4fc70","local_time":"20210119114316","is_ascension_mode":true,"campfire_choices":[{"data":"Clockwork:ChargingShield","floor":6.0,"key":"SMITH"},{"floor":15.0,"key":"REST"},{"data":"Clockwork:SnapKeep","floor":25.0,"key":"SMITH"},{"data":"Clockwork:Tinker","floor":28.0,"key":"SMITH"},{"floor":32.0,"key":"REST"},{"data":"Clockwork:KaliMa","floor":45,"key":"SMITH"},{"floor":49,"key":"REST"}],"circlet_count":0,"master_deck":["AscendersBane","Clockwork:SnapKeep+1","Clockwork:SnapKeep+1","Clockwork:ChargingShield+1","Clockwork:WarmUp","Clockwork:KaliMa+1","Enlightenment","Clockwork:PerfectForm"],"relics":["Clockwork:MomentumEngine","EVO:Axolotl","Ancient Tea Set","Guardian:BottledAnomaly","Clockwork:BeatingHeart","Busted Crown","PreservedInsect","HornCleat","Akabeko","Boot","SlaversCollar","MerchantsRug","Clockwork:BreathingRoom","Gremlin Horn","Blood Vial","HandDrill","Orichalcum","MawBank","Bag of Preparation","Bronze Scales"],"acts_visited":["Exordium","TheCity","TheBeyond"],"potions_floor_usage":[],"damage_taken":[{"damage":14.0,"enemies":"Small Slimes","floor":1.0,"turns":6.0},{"damage":0.0,"enemies":"Cultist","floor":4.0,"turns":8.0},{"damage":8.0,"enemies":"2 Louse","floor":5.0,"turns":5.0},{"damage":0.0,"enemies":"Exordium Thugs","floor":10.0,"turns":10.0},{"damage":5.0,"enemies":"Exordium Wildlife","floor":12.0,"turns":7.0},{"damage":5.0,"enemies":"The Guardian","floor":16.0,"turns":16.0},{"damage":0.0,"enemies":"3 Byrds","floor":18.0,"turns":3.0},{"damage":0.0,"enemies":"2 Thieves","floor":19.0,"turns":2.0},{"damage":1.0,"enemies":"Chosen and Byrds","floor":20.0,"turns":3.0},{"damage":9.0,"enemies":"Book of Stabbing","floor":23.0,"turns":3.0},{"damage":2.0,"enemies":"Slavers","floor":29.0,"turns":6.0},{"damage":0.0,"enemies":"Snecko","floor":30.0,"turns":5.0},{"damage":7.0,"enemies":"Gremlin Leader","floor":31.0,"turns":4.0},{"damage":0.0,"enemies":"Collector","floor":33.0,"turns":3.0},{"damage":0.0,"enemies":"3 Darklings","floor":35.0,"turns":3.0},{"damage":9,"enemies":"2 Orb Walkers","floor":37,"turns":5},{"damage":0,"enemies":"Orb Walker","floor":39,"turns":3},{"damage":20,"enemies":"Reptomancer","floor":40,"turns":3},{"damage":31,"enemies":"Nemesis","floor":42,"turns":5},{"damage":7,"enemies":"Giant Head","floor":47,"turns":3},{"damage":0,"enemies":"Transient","floor":48,"turns":3},{"damage":0,"enemies":"Awakened One","floor":50,"turns":4}],"seed_played":"-2168952343265903410","potions_obtained":[{"floor":1.0,"key":"bronze:BurnAndBuffPotion"},{"floor":5.0,"key":"GamblersBrew"}],"is_trial":false,"path_per_floor":["M","?","$","M","M","R","?","?","T","M","T","M","$","?","R","B",null,"M","M","M","$","?","E","T","R","T","$","R","E","M","E","R","B",null,"M","$","?","?","M","E","$","E","T","?","R","?","E","M","R","B",null],"character_chosen":"CLOCKWORK","items_purchased":["Guardian:BottledAnomaly","PreservedInsect","MerchantsRug","Blood Vial","HandDrill","Orichalcum"],"campfire_rested":3,"item_purchase_floors":[13,21,36,41,41,41],"current_hp_per_floor":[63,68,68,68,60,60,43,43,43,43,43,38,38,38,63,58,78,78,78,77,77,61,52,62,62,62,62,62,60,60,53,83,83,96,96,96,87,87,87,67,67,38,38,38,38,38,33,35,65,67],"gold":219,"neow_bonus":"ONE_RANDOM_RARE_CARD","is_daily":false,"chose_seed":false,"campfire_upgraded":4,"win_rate":0.0,"timestamp":1611052996,"path_taken":["M","?","$","M","?","R","?","?","T","?","?","?","?","?","R","BOSS","M","M","?","$","?","E","?","R","T","?","R","E","M","E","R","BOSS","M","$","?","?","M","E","?","E","T","?","R","?","E","M","R","BOSS"],"items_purchased_type":["Relic","Relic","Relic","Relic","Relic","Relic"],"build_version":"2020-12-22","purchased_purges":1,"victory":true,"max_hp_per_floor":[85,85,85,85,85,85,85,85,85,85,85,85,85,85,85,85,85,85,85,85,85,90,90,100,100,100,100,100,100,100,100,100,100,100,100,100,100,100,100,100,100,100,100,100,100,100,100,100,100,100],"card_choices":[{"not_picked":["Clockwork:SpringShield","Clockwork:Friction","Clockwork:CogShield"],"picked":"SKIP","floor":1.0},{"not_picked":["Clockwork:ChargingShield","Clockwork:Scour","Clockwork:FalseStart"],"picked":"SKIP","floor":4.0},{"not_picked":["Clockwork:PerfectedShield","Clockwork:CraftCopperScales"],"picked":"Clockwork:Downsize","floor":5.0},{"not_picked":["Clockwork:SpurOn","Clockwork:Selectivity","Clockwork:ChargingShield"],"picked":"SKIP","floor":10.0},{"not_picked":["Clockwork:ReserveSystems","Clockwork:SystemHardening","Clockwork:SiegeStrike"],"picked":"SKIP","floor":12.0},{"not_picked":["Clockwork:ReactiveNanites","Clockwork:KaliMa"],"picked":"Clockwork:PerfectForm","floor":16.0},{"not_picked":["Clockwork:HoardingStrike"],"picked":"SKIP","floor":18.0},{"not_picked":["Clockwork:ChargingBlade"],"picked":"SKIP","floor":19.0},{"not_picked":["Clockwork:SystemScan"],"picked":"SKIP","floor":20.0},{"not_picked":["Clockwork:CogToss"],"picked":"SKIP","floor":23.0},{"not_picked":["Clockwork:MechanicalBulk"],"picked":"SKIP","floor":29.0},{"not_picked":["Clockwork:ChargingBlade"],"picked":"SKIP","floor":30.0},{"not_picked":["Clockwork:EnthusiasticStrike"],"picked":"SKIP","floor":31.0},{"not_picked":["Clockwork:SmithsMallet"],"picked":"SKIP","floor":35.0},{"not_picked":["Clockwork:CraftBloodPhial"],"picked":"SKIP","floor":39},{"not_picked":["Clockwork:Friction"],"picked":"SKIP","floor":40},{"not_picked":["Clockwork:ChargingShield+1"],"picked":"SKIP","floor":42},{"not_picked":["Clockwork:StasisBreak"],"picked":"SKIP","floor":47},{"not_picked":["Clockwork:MechanicalMass+1"],"picked":"SKIP","floor":48}],"player_experience":787888,"relics_obtained":[{"floor":9.0,"key":"Darkstone Periapt"},{"floor":11.0,"key":"Ancient Tea Set"},{"floor":23.0,"key":"Blue Candle"},{"floor":24.0,"key":"Pear"},{"floor":26.0,"key":"HornCleat"},{"floor":29.0,"key":"Akabeko"},{"floor":31.0,"key":"Boot"},{"floor":37,"key":"Clockwork:BreathingRoom"},{"floor":40,"key":"Gremlin Horn"},{"floor":42,"key":"MawBank"},{"floor":43,"key":"Bag of Preparation"},{"floor":47,"key":"Bronze Scales"}],"event_choices":[{"cards_removed":["Clockwork:SnapKeep"],"damage_healed":5.0,"max_hp_gain":0.0,"max_hp_loss":0.0,"gold_gain":0.0,"event_name":"Bonfire Elementals","player_choice":"Offered Common","floor":2.0,"gold_loss":0.0,"damage_taken":0.0},{"cards_removed":["Clockwork:SnapKeep"],"damage_healed":5.0,"max_hp_gain":0.0,"max_hp_loss":0.0,"gold_gain":0.0,"event_name":"Bonfire Elementals","player_choice":"Offered Special","floor":2.0,"gold_loss":0.0,"damage_taken":0.0},{"damage_healed":0.0,"max_hp_gain":0.0,"max_hp_loss":0.0,"gold_gain":0.0,"event_name":"Shining Light","player_choice":"Entered Light","floor":7.0,"gold_loss":0.0,"damage_taken":17.0,"cards_upgraded":["Clockwork:Shield","Clockwork:SnapKeep"]},{"damage_healed":0.0,"max_hp_gain":0.0,"max_hp_loss":0.0,"gold_gain":0.0,"event_name":"Scrap Ooze","player_choice":"Fled","floor":8.0,"gold_loss":0.0,"damage_taken":0.0},{"damage_healed":0.0,"max_hp_gain":0.0,"max_hp_loss":0.0,"gold_gain":0.0,"event_name":"Match and Keep!","player_choice":"1 cards matched","floor":14.0,"gold_loss":0.0,"damage_taken":0.0,"cards_obtained":["Enlightenment"]},{"damage_healed":0.0,"max_hp_gain":5.0,"max_hp_loss":0.0,"gold_gain":0.0,"event_name":"Forgotten Altar","player_choice":"Shed Blood","floor":22.0,"gold_loss":0.0,"damage_taken":21.0},{"damage_healed":0,"gold_gain":0,"player_choice":"Fight","damage_taken":0,"max_hp_gain":0,"max_hp_loss":0,"event_name":"Mysterious Sphere","floor":37,"gold_loss":0},{"damage_healed":0,"gold_gain":0,"player_choice":"Memory 1","damage_taken":0,"max_hp_gain":0,"max_hp_loss":0,"event_name":"SensoryStone","floor":38,"gold_loss":0},{"cards_removed":["Clockwork:Tinker"],"damage_healed":0,"gold_gain":0,"player_choice":"Removed Skill","damage_taken":0,"max_hp_gain":0,"max_hp_loss":0,"event_name":"Falling","floor":44,"gold_loss":0},{"damage_healed":0,"gold_gain":0,"player_choice":"Bought 0 Potions","damage_taken":0,"max_hp_gain":0,"max_hp_loss":0,"event_name":"The Woman in Blue","floor":46,"gold_loss":0}],"is_beta":false,"boss_relics":[{"not_picked":["expansioncontent:StudyCardRelic","Runic Dome"],"picked":"Busted Crown"},{"not_picked":["SacredBark","Velvet Choker"],"picked":"SlaversCollar"}],"items_purged_floors":[3],"is_endless":false,"potions_floor_spawned":[1,5,12,19,20,31,35,39,47,48],"ascension_level":12}}