{"host":"1ecbliur7lfoj0sl","time":1611065191,"event":{"mods":["BaseMod","Downfall","Minty Spire (QoL Compilation)","StSLib","The Senshi","Waifu the Spire"],"gold_per_floor":[99,99,113,124,17,17,43,43,28,52,52,78,101,112,131,131,131,131],"floor_reached":16,"language":"ZHS","playtime":850,"items_purged":[],"score":103,"play_id":"5a88628d-4f36-4fc9-9c69-069949d03302","local_time":"20210119220631","is_ascension_mode":true,"campfire_choices":[{"floor":1,"key":"RECALL"},{"data":"Impatience","floor":6,"key":"SMITH"},{"data":"Guardian:BodySlam","floor":8,"key":"SMITH"}],"circlet_count":0,"master_deck":["Guardian:Strike_Guardian","Guardian:Defend_Guardian","Guardian:Defend_Guardian","Guardian:CurlUp","Guardian:TwinSlam","Guardian:ShieldSpikes+1","Guardian:Harden+1","Guardian:FastForward+1","Guardian:ArmoredProtocol","Guardian:BodySlam+1","Impatience+1","Guardian:Gem_Synthetic","Guardian:TemporalShield","Guardian:ChargeUp"],"relics":["Astrolabe","Odd Mushroom","PreservedInsect","Pen Nib"],"acts_visited":[],"potions_floor_usage":[10],"damage_taken":[{"damage":0,"enemies":"2 Louse","floor":3,"turns":2},{"damage":12,"enemies":"Cultist","floor":4,"turns":5},{"damage":0,"enemies":"downfall:FleeingMerchant","floor":5,"turns":4},{"damage":0,"enemies":"downfall:FleeingMerchant","floor":9,"turns":4},{"damage":14,"enemies":"The Mushroom Lair","floor":10,"turns":5},{"damage":18,"enemies":"Lagavulin","floor":12,"turns":5},{"damage":0,"enemies":"Small Slimes","floor":14,"turns":4},{"damage":5,"enemies":"2 Fungi Beasts","floor":15,"turns":4},{"damage":42,"enemies":"SI_SHIV_ARCHETYPE","floor":16,"turns":7}],"seed_played":"-600144427325420790","potions_obtained":[{"floor":4,"key":"Fire Potion"},{"floor":10,"key":"Fruit Juice"},{"floor":15,"key":"Fire Potion"}],"is_trial":false,"path_per_floor":["R","?","M","M","$","R","T","R","$","?","?","E","T","M","M","B"],"character_chosen":"GUARDIAN","items_purchased":["Impatience"],"campfire_rested":0,"item_purchase_floors":[5],"current_hp_per_floor":[80,80,80,68,68,68,68,68,68,59,59,41,41,41,36,0,0,0],"gold":131,"neow_bonus":"BOSS_RELIC","is_daily":false,"chose_seed":false,"campfire_upgraded":2,"win_rate":0.0,"timestamp":1611065191,"path_taken":["R","?","M","M","?","R","T","R","$","?","?","E","?","M","M","BOSS"],"items_purchased_type":["Card"],"build_version":"2020-12-22","purchased_purges":0,"victory":false,"max_hp_per_floor":[80,80,80,80,80,80,80,80,80,85,85,85,85,85,85,85,85,85],"card_choices":[{"not_picked":["Guardian:PiercingHide","Guardian:Incinerate"],"picked":"Guardian:Gem_Red","floor":3},{"not_picked":["Guardian:TemporalShield","Guardian:SpikerProtocol"],"picked":"Guardian:BodySlam","floor":4},{"not_picked":["Guardian:RollAttack","Guardian:SpikerProtocol","Guardian:Repulse"],"picked":"SKIP","floor":5},{"not_picked":["Guardian:Gem_Blue","Guardian:TimeBomb"],"picked":"Guardian:Gem_Synthetic","floor":9},{"not_picked":["Guardian:VentSteam","Guardian:Gem_Red"],"picked":"Guardian:TemporalShield","floor":12},{"not_picked":["Guardian:CrystalBeam","Guardian:ChargeCore","Guardian:ShieldCharger"],"picked":"SKIP","floor":14},{"not_picked":["Guardian:TemporalStrike","Guardian:Incinerate"],"picked":"Guardian:ChargeUp","floor":15}],"player_experience":54741,"relics_obtained":[{"floor":10,"key":"Odd Mushroom"},{"floor":12,"key":"PreservedInsect"},{"floor":13,"key":"Pen Nib"}],"event_choices":[{"damage_healed":0,"gold_gain":0,"player_choice":"Fought Mushrooms","damage_taken":0,"max_hp_gain":0,"max_hp_loss":0,"event_name":"Mushrooms","floor":10,"gold_loss":0},{"cards_removed":["Guardian:Strike_Guardian"],"damage_healed":0,"gold_gain":0,"player_choice":"Card Removal","damage_taken":0,"max_hp_gain":0,"max_hp_loss":0,"event_name":"The Cleric","floor":11,"gold_loss":0}],"is_beta":false,"boss_relics":[],"items_purged_floors":[],"is_endless":false,"potions_floor_spawned":[4,10,15],"killed_by":"SI_SHIV_ARCHETYPE","ascension_level":1}}