{"host":"h1ba9qculgt1zycs","time":1611092385,"event":{"mods":["BaseMod","Hermit","Minty Spire (QoL Compilation)","Remove Card Discount Mod","StSLib","The Cursed"],"gold_per_floor":[110,5,16,16,16,16,16,16,69,144,144,168,206,219,219,345,345,363,381,394,59,59,85,103,116,142,169,187,187],"floor_reached":28,"language":"ENG","playtime":1592,"items_purged":["TheCursedMod:Neurasthenia+1","TheCursedMod:TacticalStrike+1","TheCursedMod:UltimatePain+1","TheCursedMod:CursedArmor+1","TheCursedMod:DemonSword+1","TheCursedMod:Evocation+1","Dramatic Entrance+1","TheCursedMod:CursedWand+1"],"score":469,"play_id":"b643575e-dcbf-48f1-ad7d-940811a1b0af","local_time":"20210119223945","is_ascension_mode":true,"campfire_choices":[{"data":"Dramatic Entrance","floor":6,"key":"SMITH"},{"floor":11,"key":"REST"},{"data":"TheCursedMod:CursedWand","floor":15,"key":"SMITH"}],"circlet_count":0,"master_deck":["TheCursedMod:CleanUpWorkshop+1","TheCursedMod:Dregs","TheCursedMod:Torture+1","TheCursedMod:SurpriseAttack+1","TheCursedMod:CircleOfAmplification+1","TheCursedMod:UltimatePain+1","TheCursedMod:CursedSpellbook+1","TheCursedMod:SaltUponWound+1","TheCursedMod:CircleOfCorruption+1","TheCursedMod:ForbiddenAlchemy+1","TheCursedMod:Torture+1","TheCursedMod:AntiAging+1","TheCursedMod:CircleOfAmplification+1","TheCursedMod:CircleOfFocus+1","TheCursedMod:CircleOfFlame+1","TheCursedMod:HellsGateOpen+1","TheCursedMod:ManaCirculation+1","TheCursedMod:EmpowerCircles+1","TheCursedMod:Hemoplague+1","TheCursedMod:HellfireBreathing+1","TheCursedMod:CollectTribute+1","TheCursedMod:HellfireBreathing+1","TheCursedMod:EmpowerCircles+1","TheCursedMod:HellfireBreathing+1","TheCursedMod:HellsGateOpen+1","TheCursedMod:SpitefulPlan+1","TheCursedMod:LuckyCharm+1","TheCursedMod:SpitefulPlan+1","TheCursedMod:LuckyCharm+1","TheCursedMod:LuckyCharm+1","TheCursedMod:VoidForm+1","TheCursedMod:HellfireBreathing+1","TheCursedMod:SpitefulPlan+1","TheCursedMod:DemonicPact+1","TheCursedMod:HellfireBreathing+1","TheCursedMod:HellfireBreathing+1","TheCursedMod:ManaCirculation+1","TheCursedMod:Hemoplague+1","TheCursedMod:Hemoplague+1","TheCursedMod:HellsGateOpen+1","TheCursedMod:SpitefulPlan+1","TheCursedMod:CircleOfCorruption+1","TheCursedMod:DemonicPact+1","TheCursedMod:ReleasedKnowledge+1","TheCursedMod:ReleasedKnowledge+1"],"relics":["TheCursedMod:BlackMagic101","The Courier","Membership Card","Molten Egg 2","Frozen Egg 2","Toxic Egg 2","Mummified Hand","Bloody Idol","Ancient Tea Set","Pandora\u0027s Box","Art of War","Bronze Scales","Regal Pillow","InkBottle","Whetstone","Mercury Hourglass"],"acts_visited":["Exordium","TheCity"],"potions_floor_usage":[13,16,16,24,24,24,24,24,25,25,25],"damage_taken":[{"damage":2,"enemies":"Cultist","floor":1,"turns":4},{"damage":2,"enemies":"Jaw Worm","floor":3,"turns":4},{"damage":0,"enemies":"Small Slimes","floor":12,"turns":2},{"damage":7,"enemies":"Gremlin Nob","floor":13,"turns":4},{"damage":0,"enemies":"3 Louse","floor":14,"turns":1},{"damage":15,"enemies":"Hexaghost","floor":16,"turns":9},{"damage":2,"enemies":"3 Byrds","floor":18,"turns":2},{"damage":0,"enemies":"Spheric Guardian","floor":19,"turns":1},{"damage":0,"enemies":"Chosen and Byrds","floor":20,"turns":1},{"damage":12,"enemies":"Book of Stabbing","floor":23,"turns":2},{"damage":0,"enemies":"Centurion and Healer","floor":24,"turns":2},{"damage":12,"enemies":"Shelled Parasite and Fungi","floor":25,"turns":2},{"damage":0,"enemies":"Slavers","floor":27,"turns":1},{"damage":0,"enemies":"Cultist and Chosen","floor":28,"turns":1}],"seed_played":"693823674542245430","potions_obtained":[{"floor":1,"key":"DuplicationPotion"},{"floor":12,"key":"LiquidBronze"},{"floor":13,"key":"ColorlessPotion"},{"floor":18,"key":"Explosive Potion"},{"floor":19,"key":"PowerPotion"}],"is_trial":false,"path_per_floor":["M","$","M","?","?","R","?","?","T","?","R","M","E","M","R","B",null,"M","M","M","$","?","E","M","M","T","E","M"],"character_chosen":"THE_CURSED","items_purchased":["Mummified Hand","TheCursedMod:ForbiddenAlchemy+1","TheCursedMod:Torture+1","TheCursedMod:AntiAging+1","TheCursedMod:CircleOfAmplification+1","TheCursedMod:CircleOfFocus+1","TheCursedMod:CircleOfFlame+1","TheCursedMod:HellsGateOpen+1","TheCursedMod:ManaCirculation+1","TheCursedMod:EmpowerCircles+1","TheCursedMod:Hemoplague+1","TheCursedMod:HellfireBreathing+1","TheCursedMod:CollectTribute+1","TheCursedMod:HellfireBreathing+1","TheCursedMod:EmpowerCircles+1","TheCursedMod:HellfireBreathing+1","TheCursedMod:HellsGateOpen+1","TheCursedMod:SpitefulPlan+1","TheCursedMod:LuckyCharm+1","TheCursedMod:SpitefulPlan+1","TheCursedMod:LuckyCharm+1","TheCursedMod:LuckyCharm+1","TheCursedMod:VoidForm+1","TheCursedMod:HellfireBreathing+1","TheCursedMod:SpitefulPlan+1","TheCursedMod:DemonicPact+1","TheCursedMod:HellfireBreathing+1","TheCursedMod:HellfireBreathing+1","TheCursedMod:ManaCirculation+1","TheCursedMod:Hemoplague+1","Art of War","Bronze Scales","Regal Pillow","TheCursedMod:Hemoplague+1","TheCursedMod:HellsGateOpen+1","TheCursedMod:SpitefulPlan+1"],"campfire_rested":1,"item_purchase_floors":[2,21,21,21,21,21,21,21,21,21,21,21,21,21,21,21,21,21,21,21,21,21,21,21,21,21,21,21,21,21,21,21,21,21,21,21],"current_hp_per_floor":[73,73,71,71,56,56,49,31,31,20,42,42,35,35,35,75,75,73,73,73,73,73,69,74,70,75,80,81,81],"gold":187,"neow_bonus":"RANDOM_COLORLESS","is_daily":false,"chose_seed":false,"campfire_upgraded":2,"win_rate":0.0,"timestamp":1611092385,"path_taken":["M","$","M","?","?","R","?","?","T","?","R","M","E","?","R","BOSS","M","M","M","$","?","E","M","M","T","E","M"],"items_purchased_type":["Relic","Card","Card","Card","Card","Card","Card","Card","Card","Card","Card","Card","Card","Card","Card","Card","Card","Card","Card","Card","Card","Card","Card","Card","Card","Card","Card","Card","Card","Card","Relic","Relic","Relic","Card","Card","Card"],"build_version":"2020-12-22","purchased_purges":8,"victory":false,"max_hp_per_floor":[75,75,75,75,75,75,75,75,75,75,75,75,75,75,75,75,75,75,75,75,75,75,78,78,81,81,81,81,81],"card_choices":[{"not_picked":["Panacea","Purity"],"picked":"Dramatic Entrance","floor":0},{"not_picked":["TheCursedMod:Mangle+1","TheCursedMod:FuryStrike+1","TheCursedMod:WearCloak+1"],"picked":"SKIP","floor":1},{"not_picked":["TheCursedMod:TroublousMinions+1","TheCursedMod:CursedBlade+1"],"picked":"TheCursedMod:Evocation+1","floor":3},{"not_picked":["TheCursedMod:RapidMovement+1","TheCursedMod:TacticalStrike+1"],"picked":"TheCursedMod:Torture+1","floor":12},{"not_picked":["TheCursedMod:AshesToAshes+1","TheCursedMod:Stretching+1","TheCursedMod:SmokeScreen+1"],"picked":"SKIP","floor":13},{"not_picked":["TheCursedMod:CursedAmulet+1","TheCursedMod:CursedShiv+1"],"picked":"TheCursedMod:SurpriseAttack+1","floor":14},{"not_picked":["TheCursedMod:AntiAging+1","TheCursedMod:CollectTribute+1"],"picked":"TheCursedMod:DemonSword+1","floor":16},{"not_picked":["TheCursedMod:Stretching+1","TheCursedMod:RapidMovement+1"],"picked":"TheCursedMod:SaltUponWound+1","floor":18},{"not_picked":["TheCursedMod:Obscuration+1","TheCursedMod:RavingStaff+1","TheCursedMod:SmokeScreen+1"],"picked":"SKIP","floor":19},{"not_picked":["TheCursedMod:WearCloak+1","TheCursedMod:Stretching+1"],"picked":"TheCursedMod:CircleOfCorruption+1","floor":20},{"not_picked":["TheCursedMod:CursedMace+1","TheCursedMod:SurpriseAttack+1"],"picked":"TheCursedMod:CircleOfCorruption+1","floor":23},{"not_picked":["TheCursedMod:TacticalStrike+1","TheCursedMod:Stigma+1"],"picked":"TheCursedMod:DemonicPact+1","floor":24},{"not_picked":["TheCursedMod:RavingStaff+1","TheCursedMod:Wield+1"],"picked":"TheCursedMod:ReleasedKnowledge+1","floor":25},{"not_picked":["TheCursedMod:SoulReap+1","TheCursedMod:Wield+1","TheCursedMod:WearCloak+1"],"picked":"SKIP","floor":27},{"not_picked":["TheCursedMod:Stretching+1","TheCursedMod:VitalStrike+1"],"picked":"TheCursedMod:ReleasedKnowledge+1","floor":28}],"player_experience":262000,"relics_obtained":[{"floor":13,"key":"Ancient Tea Set"},{"floor":23,"key":"InkBottle"},{"floor":26,"key":"Whetstone"}],"event_choices":[{"damage_healed":0,"gold_gain":0,"player_choice":"Grow","damage_taken":0,"max_hp_gain":0,"max_hp_loss":0,"event_name":"Living Wall","floor":4,"gold_loss":0,"cards_upgraded":["TheCursedMod:CleanUpWorkshop"]},{"damage_healed":0,"gold_gain":0,"player_choice":"Entered Light","damage_taken":15,"max_hp_gain":0,"max_hp_loss":0,"event_name":"Shining Light","floor":5,"gold_loss":0,"cards_upgraded":["TheCursedMod:Strike_TheCursed","TheCursedMod:Defend_TheCursed"]},{"cards_removed":["TheCursedMod:Defend_TheCursed"],"damage_healed":0,"gold_gain":0,"player_choice":"Card Removal","damage_taken":7,"max_hp_gain":0,"max_hp_loss":0,"event_name":"Golden Wing","floor":7,"gold_loss":0},{"damage_healed":0,"gold_gain":0,"player_choice":"Take Damage","damage_taken":18,"relics_obtained":["Golden Idol"],"max_hp_gain":0,"max_hp_loss":0,"event_name":"Golden Idol","floor":8,"gold_loss":0},{"damage_healed":0,"gold_gain":75,"player_choice":"Gather Gold","damage_taken":11,"max_hp_gain":0,"max_hp_loss":0,"event_name":"World of Goop","floor":10,"gold_loss":0},{"damage_healed":0,"gold_gain":0,"player_choice":"Gave Idol","damage_taken":0,"relics_obtained":["Bloody Idol"],"max_hp_gain":0,"max_hp_loss":0,"event_name":"Forgotten Altar","floor":22,"relics_lost":["Golden Idol"],"gold_loss":0}],"is_beta":false,"boss_relics":[{"not_picked":["Ectoplasm","Sozu"],"picked":"Pandora\u0027s Box"}],"items_purged_floors":[21,21,21,21,21,21,21,21],"is_endless":false,"potions_floor_spawned":[1,12,13,18,19,28],"killed_by":"Cultist and Chosen","ascension_level":2}}