{"host":"qgrlfjrqk9z96gfi","time":1611033432,"event":{"mods":["BaseMod","Block Reminder","Colored Map","Custom Start","DeckTracker","Minty Spire (QoL Compilation)"],"gold_per_floor":[111,55,55,31,31,31,59,71,107,119,119],"floor_reached":10,"language":"ENG","playtime":231,"items_purged":[],"score":124,"play_id":"aa765fb3-6ebc-4bba-80c3-148839352eea","local_time":"20210118191712","is_ascension_mode":true,"campfire_choices":[{"data":"Underhanded Strike","floor":6,"key":"SMITH"},{"floor":8,"key":"REST"}],"circlet_count":0,"master_deck":["AscendersBane","Strike_G","Strike_G","Strike_G","Defend_G","Defend_G","Defend_G","Defend_G","Defend_G","Survivor","Neutralize","Finisher","Dagger Throw","Underhanded Strike+1","Dagger Spray"],"relics":["SacredBark","MawBank","Smiling Mask"],"acts_visited":["Exordium"],"potions_floor_usage":[7],"damage_taken":[{"damage":1,"enemies":"2 Louse","floor":1,"turns":3},{"damage":37,"enemies":"3 Sentries","floor":7,"turns":12},{"damage":50,"enemies":"Gremlin Nob","floor":10,"turns":4}],"seed_played":"-5868580900008905","potions_obtained":[{"floor":1,"key":"Swift Potion"}],"is_trial":false,"path_per_floor":["M","$","?","$","?","R","E","R","T","E"],"character_chosen":"THE_SILENT","items_purchased":["Dagger Throw","Underhanded Strike"],"campfire_rested":1,"item_purchase_floors":[2,4],"current_hp_per_floor":[58,58,51,51,51,51,14,33,33,0,0],"gold":119,"neow_bonus":"BOSS_RELIC","is_daily":false,"chose_seed":false,"campfire_upgraded":1,"win_rate":0.0,"timestamp":1611033432,"path_taken":["M","$","?","$","?","R","E","R","T","E"],"items_purchased_type":["Card","Card"],"build_version":"2020-12-22","purchased_purges":0,"victory":false,"max_hp_per_floor":[66,66,66,66,66,66,66,66,66,66,66],"card_choices":[{"not_picked":["Concentrate","Dagger Spray"],"picked":"Finisher","floor":1},{"not_picked":["Poisoned Stab","Predator"],"picked":"Dagger Spray","floor":7}],"player_experience":1032088,"relics_obtained":[{"floor":7,"key":"MawBank"},{"floor":9,"key":"Smiling Mask"}],"event_choices":[{"cards_removed":["Strike_G"],"damage_healed":0,"gold_gain":0,"player_choice":"Card Removal","damage_taken":7,"max_hp_gain":0,"max_hp_loss":0,"event_name":"Golden Wing","floor":3,"gold_loss":0},{"cards_removed":["Strike_G"],"damage_healed":0,"gold_gain":0,"player_choice":"Purged","damage_taken":0,"max_hp_gain":0,"max_hp_loss":0,"event_name":"Purifier","floor":5,"gold_loss":0}],"is_beta":false,"boss_relics":[],"items_purged_floors":[],"is_endless":false,"potions_floor_spawned":[1],"killed_by":"Gremlin Nob","ascension_level":20}}