{"host":"eeuhgv8goqdjv4ip","time":1611052411,"event":{"mods":["2.2 Compatiblity","AchievementEnabler","BaseMod","Better Match","Better Note","Better Skull","Challenge The Spire","Colored Map","Colored Powertips","Conspire","Custom Start","Dark Map","Hubris","Infinite Spire","Koishi","Marisa????????","Minty Spire (QoL Compilation)","Permanent Neow","Prisma Mod","Quick Restart","Replay The Spire","SIMod","StSLib","Td1madao Mod","The Animator","The Saiyan","The Servant 0.9.4","The Wild Card","TheSwordswoman"],"gold_per_floor":[118,136,201,201,201,201,215,215,215,215,225,236,196,208,208,208,208],"floor_reached":16,"language":"ENG","playtime":1414,"items_purged":[],"score":92,"play_id":"ea436c1c-4f68-4553-936c-631f82ecbcb6","local_time":"20210119063331","is_ascension_mode":false,"campfire_choices":[{"data":"TheWorld","floor":6,"key":"SMITH"},{"data":"InstantArmor","floor":8,"key":"SMITH"},{"data":"KidneyShot","floor":10,"key":"SMITH"},{"data":"Revamp","floor":15,"key":"SMITH"}],"circlet_count":0,"master_deck":["Strike_S","Strike_S","Strike_S","Strike_S","Defend_S","Defend_S","Defend_S","Defend_S","KidneyShot+1","Exchange","Dilation","Rearm","Defy","Revamp+1","TheWorld+1","InstantArmor+1","Rearm","Rewind","FastForward"],"relics":["Uniform","Blue Doll","Juzu Bracelet","Centennial Puzzle","conspire:TopHat","hubris:Teleporter"],"acts_visited":["Exordium"],"potions_floor_usage":[16,16],"damage_taken":[{"damage":0,"enemies":"Small Slimes","floor":1,"turns":5},{"damage":2,"enemies":"2 Louse","floor":2,"turns":3},{"damage":0,"enemies":"conspire:RoseBush","floor":7,"turns":6},{"damage":0,"enemies":"Red Slaver","floor":11,"turns":3},{"damage":0,"enemies":"Exordium Wildlife","floor":12,"turns":4},{"damage":0,"enemies":"Looter","floor":14,"turns":3},{"damage":17,"enemies":"Hexaghost","floor":16,"turns":17}],"seed_played":"-4689141468060751089","potions_obtained":[{"floor":3,"key":"SneckoOil"},{"floor":12,"key":"Toxic Potion"},{"floor":13,"key":"PowerPotion"},{"floor":13,"key":"SmokeBomb"}],"is_trial":false,"path_per_floor":["M","M","?","?","?","R","M","R","T","R","M","M","?","M","R","B"],"character_chosen":"THE_SERVANT","items_purchased":[],"campfire_rested":0,"item_purchase_floors":[],"current_hp_per_floor":[65,63,63,63,14,14,14,14,14,14,14,14,14,14,14,0,0],"gold":208,"neow_bonus":"ONE_RANDOM_RARE_CARD","is_daily":false,"chose_seed":false,"campfire_upgraded":4,"win_rate":0.0,"timestamp":1611052411,"path_taken":["M","M","?","?","?","R","M","R","T","R","M","M","?","M","R","BOSS"],"items_purchased_type":[],"build_version":"2020-12-22","purchased_purges":0,"victory":false,"max_hp_per_floor":[65,65,65,65,65,65,65,65,65,65,65,65,65,65,65,65,65],"card_choices":[{"not_picked":["Sabotage","BottledTime"],"picked":"Rearm","floor":1},{"not_picked":["FastForward","Spin"],"picked":"Defy","floor":2},{"not_picked":["Alleviate","ReturningBlade"],"picked":"Revamp","floor":3},{"not_picked":["SurpressingFire","Snipe"],"picked":"TheWorld","floor":3},{"not_picked":["Rearm","Spin"],"picked":"InstantArmor","floor":7},{"not_picked":["Alleviate","Barrier"],"picked":"Rearm","floor":11},{"not_picked":["FastForward","DoubleEdge"],"picked":"Rewind","floor":12},{"not_picked":["Rewind","Replace"],"picked":"FastForward","floor":14}],"player_experience":541844,"relics_obtained":[{"floor":3,"key":"Blue Doll"},{"floor":9,"key":"hubris:Teleporter"}],"event_choices":[{"damage_healed":0,"gold_gain":0,"player_choice":"Ignored","damage_taken":0,"max_hp_gain":0,"max_hp_loss":0,"event_name":"Liars Game","floor":4,"gold_loss":0},{"damage_healed":0,"gold_gain":0,"player_choice":"RE RE RE ","damage_taken":55,"relics_obtained":["Juzu Bracelet","Centennial Puzzle","conspire:TopHat"],"max_hp_gain":0,"max_hp_loss":0,"event_name":"betterSkull:BetterSkull","floor":5,"gold_loss":0,"cards_upgraded":[]},{"damage_healed":0,"gold_gain":0,"player_choice":"Bought 3 Potions","damage_taken":0,"max_hp_gain":0,"max_hp_loss":0,"event_name":"The Woman in Blue","floor":13,"gold_loss":0}],"is_beta":false,"boss_relics":[],"items_purged_floors":[],"is_endless":false,"potions_floor_spawned":[12],"killed_by":"Hexaghost","ascension_level":0}}