{"host":"tr12w2fixbnujl15","time":1611074764,"event":{"mods":["100% Spire Juice","2.2 Compatiblity","Arknights The Spire","BaseMod","Better Skull","BetterRewards","CapriCore","Clockwork Mod","Colored Powertips","Evolution","Hermit","Hubris","Infinite Spire","JesterMod","Koishi","Mad Scientist","Magitek Elite","Minty Spire (QoL Compilation)","Prisma Mod","Quick Restart","Replay The Spire","Shop Mod","StSLib","SuperFastMode","The Accelerator","The Animator","The Bug Knight","The Construct","The Cursed","The Hierophant","The Immortal","The Mystic","The Necromancer","The Runesmith","The Sage","The Senshi","The Servant 0.9.4","The Spell Scribe","TheFirefly","TheVelvet","WarShipGirlsR/????R mod","Yakumo Yukari mod"],"gold_per_floor":[113,125,125,46,60,60,72,99,99,99,110,128,128,203,203,203,203],"floor_reached":16,"language":"ENG","playtime":1001,"items_purged":[],"score":102,"play_id":"fe649b48-50c2-496c-a2f8-418a17d5c4f7","local_time":"20210119114604","is_ascension_mode":false,"campfire_choices":[{"data":"hadesmod:RuyiJinguBang","floor":6,"key":"SMITH"},{"floor":10,"key":"REST"},{"floor":13,"key":"REST"},{"floor":15,"key":"REST"}],"circlet_count":0,"master_deck":["hadesmod:Strike","hadesmod:Strike","hadesmod:Strike","hadesmod:SwapStrike","hadesmod:Defend","hadesmod:Defend","hadesmod:Defend","hadesmod:Defend","hadesmod:Dash","hadesmod:RuyiJinguBang","hadesmod:StrikeBooster","hadesmod:CameraCamera","hadesmod:RuyiJinguBang+","hadesmod:StrikeBooster","hadesmod:Slide","hadesmod:Flamesmash","hadesmod:SickeningStrength","hadesmod:PrepareAttack","hadesmod:GunCameras"],"relics":["hadesmod:WeaponCharger","EVO:Axolotl","NeowsBlessing","Replay:Towering Pillar of Hats","Juzu Bracelet"],"acts_visited":["Exordium"],"potions_floor_usage":[12],"damage_taken":[{"damage":0,"enemies":"infinitespire:Voidling","floor":1,"turns":1},{"damage":0,"enemies":"Small Slimes","floor":2,"turns":1},{"damage":0,"enemies":"Cultist","floor":5,"turns":1},{"damage":10,"enemies":"2 Fungi Beasts","floor":7,"turns":4},{"damage":44,"enemies":"HollowMod:MossKnight","floor":8,"turns":7},{"damage":0,"enemies":"3 Louse","floor":11,"turns":4},{"damage":13,"enemies":"Exordium Wildlife","floor":12,"turns":4},{"damage":58,"enemies":"Fading Forest","floor":16,"turns":7}],"seed_played":"3384948091907406145","potions_obtained":[{"floor":7,"key":"GamblersBrew"},{"floor":8,"key":"Weak Potion"},{"floor":12,"key":"Dexterity Potion"}],"is_trial":false,"path_per_floor":["M","M","?","$","M","R","M","E","T","R","M","M","R","?","R","B"],"character_chosen":"THE_HUNTRESS","items_purchased":["hadesmod:StrikeBooster"],"campfire_rested":3,"item_purchase_floors":[4],"current_hp_per_floor":[60,60,60,60,60,60,50,6,6,24,24,11,29,18,36,0,0],"gold":203,"neow_bonus":"THREE_ENEMY_KILL","is_daily":false,"chose_seed":false,"campfire_upgraded":1,"win_rate":0.0,"timestamp":1611074764,"path_taken":["M","?","?","$","?","R","M","E","T","R","M","M","R","?","R","BOSS"],"items_purchased_type":["Card"],"build_version":"2020-12-22","purchased_purges":0,"victory":false,"max_hp_per_floor":[60,60,60,60,60,60,60,60,60,60,60,60,60,60,60,60,60],"card_choices":[{"not_picked":["hadesmod:Snapshoot","hadesmod:IThinkEyePatchesAreHot"],"picked":"hadesmod:StrikeBooster","floor":1},{"not_picked":["hadesmod:Slide","hadesmod:Focus"],"picked":"hadesmod:CameraCamera","floor":2},{"not_picked":["hadesmod:IThinkEyePatchesAreHot","hadesmod:FulcrumStrike"],"picked":"hadesmod:Slide","floor":5},{"not_picked":["hadesmod:SickeningStrength","hadesmod:JinnsKnowledge"],"picked":"hadesmod:Flamesmash","floor":7},{"not_picked":["hadesmod:RevolverStrike","hadesmod:GlanceShot"],"picked":"hadesmod:SickeningStrength","floor":8},{"not_picked":["hadesmod:GuardyWardy","hadesmod:YatsuhashisDefence"],"picked":"hadesmod:PrepareAttack","floor":11},{"not_picked":["hadesmod:FulcrumStrike","hadesmod:DigIn"],"picked":"hadesmod:GunCameras","floor":12}],"player_experience":74128,"relics_obtained":[{"floor":8,"key":"Replay:Towering Pillar of Hats"},{"floor":9,"key":"Juzu Bracelet"}],"event_choices":[{"damage_healed":0,"gold_gain":0,"player_choice":"1 cards matched","damage_taken":0,"max_hp_gain":0,"max_hp_loss":0,"event_name":"Match and Keep!","floor":3,"gold_loss":0,"cards_obtained":["hadesmod:RuyiJinguBang"]},{"damage_healed":0,"gold_gain":75,"player_choice":"Gather Gold","damage_taken":11,"max_hp_gain":0,"max_hp_loss":0,"event_name":"World of Goop","floor":14,"gold_loss":0}],"is_beta":false,"boss_relics":[],"items_purged_floors":[],"is_endless":false,"potions_floor_spawned":[7,8,12],"killed_by":"Fading Forest","ascension_level":0}}