{"host":"og6lam4kt3nibbw0","time":1611078179,"event":{"mods":["AchievementEnabler","BaseMod","Colored Map","DeckTracker","Highlight Path","Keyboard Shortcuts","Minty Spire (QoL Compilation)","Permanent Neow","Quick Restart","StSLib","SuperFastMode"],"gold_per_floor":[219,239,314,314,327,327,353,224,224,249,260,260,275,287,287,362,362,380,391,404,420,432,432,443,458,482,497,497,477,491,112,112,186,186,204,229,248,248,263,263,263],"floor_reached":40,"language":"KOR","playtime":2246,"items_purged":["Strike_P","Defend_P"],"score":987,"play_id":"5ee75a1c-8ea6-4fb8-b453-c58338c4663b","local_time":"20210120024259","is_ascension_mode":true,"campfire_choices":[{"data":"Eruption","floor":6.0,"key":"SMITH"},{"floor":12.0,"key":"REST"},{"data":"Ragnarok","floor":15.0,"key":"SMITH"},{"data":"Vault","floor":23.0,"key":"SMITH"},{"floor":28.0,"key":"REST"},{"data":"Sanctity","floor":32.0,"key":"SMITH"}],"circlet_count":0,"master_deck":["AscendersBane","Strike_P","Strike_P","Defend_P+1","Defend_P+1","Eruption+1","Vigilance","InnerPeace","Conclude","Ragnarok+1","FlurryOfBlows+1","FlyingSleeves+1","ClearTheMind","Sanctity+1","FearNoEvil+1","Indignation","Vault+1","CurseOfTheBell","Meditate","EmptyMind","Crescendo","Vault","FlurryOfBlows+1","Adaptation","TalkToTheHand+1"],"relics":["PureWater","Molten Egg 2","War Paint","Bronze Scales","Calling Bell","Bag of Preparation","Singing Bowl","Prayer Wheel","Akabeko","Bottled Lightning","Empty Cage"],"acts_visited":["Exordium","TheCity","TheBeyond"],"potions_floor_usage":[],"damage_taken":[{"damage":2.0,"enemies":"Jaw Worm","floor":1.0,"turns":3.0},{"damage":2.0,"enemies":"2 Louse","floor":2.0,"turns":4.0},{"damage":0.0,"enemies":"Cultist","floor":5.0,"turns":3.0},{"damage":0.0,"enemies":"Gremlin Nob","floor":7.0,"turns":2.0},{"damage":22.0,"enemies":"Lagavulin","floor":10.0,"turns":4.0},{"damage":0.0,"enemies":"Looter","floor":11.0,"turns":1.0},{"damage":0.0,"enemies":"Red Slaver","floor":13.0,"turns":1.0},{"damage":6.0,"enemies":"Exordium Wildlife","floor":14.0,"turns":2.0},{"damage":0.0,"enemies":"Slime Boss","floor":16.0,"turns":3.0},{"damage":0.0,"enemies":"Chosen","floor":18.0,"turns":2.0},{"damage":7.0,"enemies":"3 Byrds","floor":19.0,"turns":4.0},{"damage":16.0,"enemies":"Centurion and Healer","floor":20.0,"turns":4.0},{"damage":0.0,"enemies":"3 Cultists","floor":21.0,"turns":4.0},{"damage":10.0,"enemies":"Snake Plant","floor":22.0,"turns":3.0},{"damage":19.0,"enemies":"Shelled Parasite and Fungi","floor":24.0,"turns":3.0},{"damage":0.0,"enemies":"Snecko","floor":25.0,"turns":3.0},{"damage":16.0,"enemies":"Snake Plant","floor":27.0,"turns":4.0},{"damage":6.0,"enemies":"Centurion and Healer","floor":30.0,"turns":5.0},{"damage":32.0,"enemies":"Champ","floor":33.0,"turns":7.0},{"damage":0.0,"enemies":"Orb Walker","floor":35.0,"turns":2.0},{"damage":34.0,"enemies":"Mind Bloom Boss Battle","floor":36.0,"turns":4.0},{"damage":22.0,"enemies":"3 Darklings","floor":37.0,"turns":6.0},{"damage":21.0,"enemies":"4 Shapes","floor":39.0,"turns":8.0},{"damage":24,"enemies":"Nemesis","floor":40,"turns":2}],"seed_played":"-4998565703833051024","potions_obtained":[{"floor":5.0,"key":"DuplicationPotion"},{"floor":7.0,"key":"Energy Potion"},{"floor":13.0,"key":"Strength Potion"},{"floor":18.0,"key":"SpeedPotion"},{"floor":21.0,"key":"SteroidPotion"},{"floor":25.0,"key":"SpeedPotion"},{"floor":27.0,"key":"AttackPotion"},{"floor":29.0,"key":"DuplicationPotion"},{"floor":35.0,"key":"Explosive Potion"},{"floor":37.0,"key":"BottledMiracle"}],"is_trial":false,"path_per_floor":["M","M","?","?","M","R","E","$","T","E","M","R","M","M","R","B",null,"M","M","M","M","M","R","M","M","T","M","R","?","M","$","R","B",null,"M","?","M","?","M","E"],"character_chosen":"WATCHER","items_purchased":["FlyingSleeves+1","Bottled Lightning"],"campfire_rested":2,"item_purchase_floors":[8,31],"current_hp_per_floor":[59,57,46,46,46,46,46,46,46,24,24,44,44,38,38,38,61,65,60,48,50,42,42,25,29,29,17,44,44,40,40,40,10,75,79,45,25,25,8,0,0],"gold":263,"neow_bonus":"HUNDRED_GOLD","is_daily":false,"chose_seed":false,"campfire_upgraded":4,"win_rate":0.0,"timestamp":1611078179,"path_taken":["M","M","?","?","M","R","E","$","T","E","M","R","M","M","R","BOSS","M","M","?","M","M","R","M","M","T","M","R","?","?","$","R","BOSS","M","?","M","?","M","E"],"items_purchased_type":["Card","Relic"],"build_version":"2020-12-22","purchased_purges":2,"victory":false,"max_hp_per_floor":[68,68,68,68,68,68,68,68,68,68,68,68,68,68,68,68,68,72,74,78,80,82,82,84,88,88,92,92,92,94,94,94,96,96,100,100,102,97,101,101,101],"card_choices":[{"not_picked":["PathToVictory","SignatureMove"],"picked":"InnerPeace","floor":1.0},{"not_picked":["PathToVictory","JustLucky"],"picked":"Conclude","floor":2.0},{"not_picked":["BattleHymn","SashWhip","EmptyFist"],"picked":"SKIP","floor":5.0},{"not_picked":["Alpha","SignatureMove+1"],"picked":"FlurryOfBlows+1","floor":7.0},{"not_picked":["DeceiveReality","SashWhip+1"],"picked":"ClearTheMind","floor":10.0},{"not_picked":["ThirdEye","ReachHeaven+1"],"picked":"Sanctity","floor":11.0},{"not_picked":["Conclude+1","BowlingBash+1"],"picked":"FearNoEvil+1","floor":13.0},{"not_picked":["Sanctity","ThirdEye"],"picked":"Indignation","floor":14.0},{"not_picked":["ConjureBlade","MasterReality"],"picked":"Vault","floor":16.0},{"not_picked":["Consecrate+1","WindmillStrike+1","InnerPeace"],"picked":"Singing Bowl","floor":18.0},{"not_picked":["Prostrate","ClearTheMind","WheelKick+1"],"picked":"Singing Bowl","floor":18.0},{"not_picked":["ConjureBlade","EmptyFist+1"],"picked":"Meditate","floor":19.0},{"not_picked":["ForeignInfluence","CutThroughFate+1","BowlingBash+1"],"picked":"Singing Bowl","floor":19.0},{"not_picked":["SashWhip+1","WindmillStrike+1","EmptyBody"],"picked":"Singing Bowl","floor":20.0},{"not_picked":["CarveReality+1","EmptyBody","WaveOfTheHand"],"picked":"Singing Bowl","floor":20.0},{"not_picked":["FlyingSleeves+1","Evaluate","Consecrate+1"],"picked":"Singing Bowl","floor":21.0},{"not_picked":["Swivel","Consecrate+1"],"picked":"EmptyMind","floor":21.0},{"not_picked":["WheelKick+1","JustLucky+1","Pray"],"picked":"Singing Bowl","floor":22.0},{"not_picked":["Prostrate","Swivel"],"picked":"Crescendo","floor":22.0},{"not_picked":["EmptyBody","WindmillStrike+1","ThirdEye"],"picked":"Singing Bowl","floor":24.0},{"not_picked":["CutThroughFate+1","ClearTheMind+1"],"picked":"Vault","floor":24.0},{"not_picked":["Prostrate","Protect","Halt"],"picked":"Singing Bowl","floor":25.0},{"not_picked":["Scrawl","WreathOfFlame","JustLucky+1"],"picked":"Singing Bowl","floor":25.0},{"not_picked":["Prostrate","SashWhip+1","Protect"],"picked":"Singing Bowl","floor":27.0},{"not_picked":["EmptyFist+1","FollowUp+1","JustLucky+1"],"picked":"Singing Bowl","floor":27.0},{"not_picked":["Crescendo","ClearTheMind+1"],"picked":"FlurryOfBlows+1","floor":30.0},{"not_picked":["CrushJoints+1","Evaluate","FearNoEvil+1"],"picked":"Singing Bowl","floor":30.0},{"not_picked":["Alpha","Scrawl","Omniscience"],"picked":"Singing Bowl","floor":33.0},{"not_picked":["Weave+1","ReachHeaven+1","ClearTheMind"],"picked":"Singing Bowl","floor":35.0},{"not_picked":["BowlingBash+1","PathToVictory","Consecrate+1"],"picked":"Singing Bowl","floor":35.0},{"not_picked":["Conclude+1","FlyingSleeves+1"],"picked":"Adaptation","floor":36.0},{"not_picked":["Meditate","EmptyFist+1","Worship"],"picked":"Singing Bowl","floor":37.0},{"not_picked":["Pray","Indignation"],"picked":"TalkToTheHand+1","floor":37.0},{"not_picked":["EmptyBody","Worship","BowlingBash+1"],"picked":"Singing Bowl","floor":39.0},{"not_picked":["EmptyBody+1","FlyingSleeves+1","FlurryOfBlows+1"],"picked":"Singing Bowl","floor":39.0}],"player_experience":926250,"relics_obtained":[{"floor":7.0,"key":"Molten Egg 2"},{"floor":9.0,"key":"War Paint"},{"floor":10.0,"key":"Bronze Scales"},{"floor":17.0,"key":"Bag of Preparation"},{"floor":17.0,"key":"Singing Bowl"},{"floor":17.0,"key":"Prayer Wheel"},{"floor":26.0,"key":"Akabeko"},{"floor":36.0,"key":"Dead Branch"}],"event_choices":[{"damage_healed":0.0,"max_hp_gain":0.0,"max_hp_loss":0.0,"gold_gain":75.0,"event_name":"World of Goop","player_choice":"Gather Gold","floor":3.0,"gold_loss":0.0,"damage_taken":11.0},{"damage_healed":0.0,"max_hp_gain":0.0,"max_hp_loss":0.0,"gold_gain":0.0,"event_name":"Match and Keep!","player_choice":"1 cards matched","floor":4.0,"gold_loss":0.0,"damage_taken":0.0,"cards_obtained":["Ragnarok"]},{"damage_healed":0.0,"max_hp_gain":0.0,"max_hp_loss":0.0,"gold_gain":0.0,"event_name":"The Woman in Blue","player_choice":"Bought 1 Potion","floor":29.0,"gold_loss":0.0,"damage_taken":0.0},{"damage_healed":0.0,"max_hp_gain":0.0,"max_hp_loss":0.0,"gold_gain":0.0,"event_name":"MindBloom","player_choice":"Fight","floor":36.0,"gold_loss":0.0,"damage_taken":0.0},{"damage_healed":0.0,"max_hp_gain":0.0,"max_hp_loss":5.0,"gold_gain":0.0,"event_name":"Winding Halls","player_choice":"Max HP","floor":38.0,"gold_loss":0.0,"damage_taken":0.0}],"is_beta":false,"boss_relics":[{"not_picked":["Coffee Dripper","Fusion Hammer"],"picked":"Calling Bell"},{"not_picked":["Runic Pyramid","Cursed Key"],"picked":"Empty Cage"}],"items_purged_floors":[8,31],"is_endless":false,"potions_floor_spawned":[5,7,13,18,21,25,27,35,37],"killed_by":"Nemesis","ascension_level":20}}