{"host":"7kj0ynzap1jglrpi","time":1611033255,"event":{"mods":["Act Like it!","BaseMod","Hallownest","Minty Spire (QoL Compilation)","StSLib","The Bug Knight"],"gold_per_floor":[109,122,122,136,156,156,156],"floor_reached":6,"language":"ZHS","playtime":470,"items_purged":[],"score":42,"play_id":"1b9d6d03-3152-467f-8787-534b8dd71f5c","local_time":"20210119131415","is_ascension_mode":true,"campfire_choices":[],"circlet_count":0,"master_deck":["HollowMod:NailStrikeStart","HollowMod:NailStrikeStart","HollowMod:NailStrikeStart","HollowMod:NailStrikeStart","HollowMod:QuickDashStart","HollowMod:QuickDashStart","HollowMod:QuickDashStart","HollowMod:QuickDashStart","HollowMod:FocusHealStart","HollowMod:PogoStrike","HollowMod:AwokenDreamNail","HollowMod:WraithStrike","HollowMod:FastStrike","HollowMod:SoulSplash","HollowMod:BaldurShell"],"relics":["HollowMod:VesselMask","Hallownest:DreamNailRelic"],"acts_visited":["Hallownest:Greenpath"],"potions_floor_usage":[6],"damage_taken":[{"damage":4,"enemies":"Hallownest:2_Baldur","floor":1,"turns":4},{"damage":14,"enemies":"Hallownest:2_Tiktiks_and_1_Crawlid","floor":2,"turns":3},{"damage":2,"enemies":"Hallownest:monsterHuskGuard","floor":4,"turns":3},{"damage":38,"enemies":"Hallownest:1_Ooma_and_2_Uuma","floor":5,"turns":10},{"damage":27,"enemies":"Hallownest:eliteCrystalGuardian","floor":6,"turns":5}],"seed_played":"-4020776270671202292","potions_obtained":[{"floor":1,"key":"DuplicationPotion"},{"floor":2,"key":"Energy Potion"}],"is_trial":false,"path_per_floor":["M","M","?","M","M","E"],"character_chosen":"THE_BUGKNIGHT","items_purchased":[],"campfire_rested":0,"item_purchase_floors":[],"current_hp_per_floor":[60,46,46,44,16,0,0],"gold":156,"neow_bonus":"THREE_RARE_CARDS","is_daily":false,"chose_seed":false,"campfire_upgraded":0,"win_rate":0.0,"timestamp":1611033255,"path_taken":["M","M","?","M","?","E"],"items_purchased_type":[],"build_version":"2020-12-22","purchased_purges":0,"victory":false,"max_hp_per_floor":[75,75,75,75,75,75,75],"card_choices":[{"not_picked":["HollowMod:NewInfectedGuardian","HollowMod:PureVessel"],"picked":"HollowMod:AwokenDreamNail","floor":0},{"not_picked":["HollowMod:SoulStrike","HollowMod:HeavyBlow"],"picked":"HollowMod:WraithStrike","floor":1},{"not_picked":["HollowMod:RecoilStrike","HollowMod:DoubleDash"],"picked":"HollowMod:FastStrike","floor":2},{"not_picked":["HollowMod:TaintedHusks","HollowMod:AbyssShriek"],"picked":"HollowMod:SoulSplash","floor":4},{"not_picked":["HollowMod:GreatSlash","HollowMod:WhiteLadysBlessing"],"picked":"HollowMod:BaldurShell","floor":5}],"player_experience":129587,"relics_obtained":[],"event_choices":[],"is_beta":false,"boss_relics":[],"items_purged_floors":[],"is_endless":false,"potions_floor_spawned":[1,2],"killed_by":"Hallownest:eliteCrystalGuardian","ascension_level":2}}