{"host":"tch6k55kfxnw5l94","time":1611047743,"event":{"mods":["BaseMod","Downfall","Hermit","Luminous","Minty Spire (QoL Compilation)","StSLib","The Caster"],"gold_per_floor":[99,8619,8639,7700,7700,7718,7718,7729,7629,7643,7654,7654,7654,7654,7664,7766,7766,7766,7778,7797,7797,6869,6898,6953,6853,6853,6863,6192,6192,6222,6232,6245,6342,6342,6242,6256,6256,6268,5390,5407,5475,5505,5522,5541,5572,5572,5585,5610,5628,5628,5628,5662,4717,4717,4717,4717],"floor_reached":57,"language":"ENG","playtime":3836,"items_purged":["bronze:Strike","bronze:Strike","bronze:Overload","bronze:ThunderWave"],"score":1899,"play_id":"76eb6ae9-1fb6-4536-a995-69e3ae62ed85","local_time":"20210119041543","is_ascension_mode":true,"campfire_choices":[{"floor":1,"key":"RECALL"},{"data":"bronze:InfiniteBeams","floor":9,"key":"SMITH"},{"data":"bronze:HardenedForm","floor":13,"key":"SMITH"},{"data":"bronze:Virus","floor":18,"key":"SMITH"},{"floor":25,"key":"REST"},{"data":"bronze:Boost","floor":35,"key":"SMITH"},{"data":"bronze:Boost","floor":46,"key":"SMITH"},{"data":"bronze:SpaghettiCode","floor":54,"key":"SMITH"}],"circlet_count":0,"master_deck":["bronze:Defend","bronze:Defend","bronze:Defend","bronze:Defend","bronze:Replicate","bronze:Goto","bronze:CleanCode","bronze:ForLoop","bronze:Boost+1","bronze:InfiniteBeams+1","expansioncontent:QuickStudy+1","bronze:Virus+1","bronze:Separator","bronze:Flail","Flash of Steel","bronze:ItsAFeature","expansioncontent:DashGenerateEvil","bronze:HardenedForm+1","bronze:Repulsor","bronze:Iterate","bronze:Philosophize","bronze:BronzeArmor","bronze:ClassDefault","bronze:Assembly","bronze:Boost","bronze:BronzeOrb","bronze:Virus","bronze:ItsAFeature","bronze:MaxOutput+1","expansioncontent:StudyTheSpire+1","Necronomicurse","bronze:Fortify","bronze:Boost+1","bronze:BuggyMess+1","bronze:ClassDefault+1","bronze:GetLatest","expansioncontent:DashGenerateEvil","bronze:Terminator+1","bronze:InfiniteBeams+1","bronze:FineTuning+1","bronze:Terminator+1","bronze:FineTuning+1","bronze:Philosophize+1","bronze:BronzeArmor+1","bronze:Fortify+1","bronze:SpaghettiCode+1"],"relics":["bronze:BronzeCore","Guardian:BottledAnomaly","Lizard Tail","Ornamental Fan","TheAbacus","InkBottle","Regal Pillow","Mango","downfall:HeartBlessingRed","Dead Branch","Peace Pipe","Philosopher\u0027s Stone","Medical Kit","Bag of Preparation","Prayer Wheel","bronze:ProtectiveGoggles","downfall:HeartBlessingBlue","Meat on the Bone","Frozen Egg 2","Cauldron","Necronomicon","Bird Faced Urn","Black Star","downfall:HeartBlessingGreen","Bronze Scales","Question Card","Bottled Lightning","Ginger","Molten Egg 2","sneckomod:BlankCard","bronze:SilverBullet","Calipers","Bottled Tornado","Art of War","Vajra","ClockworkSouvenir","Bag of Marbles","Toy Ornithopter"],"acts_visited":["Exordium","TheCity","TheBeyond","TheEnding"],"potions_floor_usage":[10,10,30,30,31,32,38,42,44,44,48,50,55],"damage_taken":[{"damage":0,"enemies":"downfall:FleeingMerchant","floor":2,"turns":4},{"damage":5,"enemies":"2 Louse","floor":3,"turns":3},{"damage":11,"enemies":"downfall:FleeingMerchant","floor":4,"turns":4},{"damage":1,"enemies":"Cultist","floor":6,"turns":3},{"damage":0,"enemies":"Jaw Worm","floor":8,"turns":3},{"damage":6,"enemies":"2 Fungi Beasts","floor":10,"turns":3},{"damage":0,"enemies":"3 Louse","floor":11,"turns":1},{"damage":16,"enemies":"Large Slime","floor":15,"turns":3},{"damage":0,"enemies":"DF_ARCHETYPE_STREAMLINE","floor":16,"turns":6},{"damage":1,"enemies":"3 Byrds","floor":19,"turns":4},{"damage":20,"enemies":"Spheric Guardian","floor":20,"turns":4},{"damage":0,"enemies":"downfall:FleeingMerchant","floor":22,"turns":4},{"damage":50,"enemies":"Book of Stabbing","floor":23,"turns":6},{"damage":7,"enemies":"Centurion and Healer","floor":27,"turns":3},{"damage":0,"enemies":"downfall:FleeingMerchant","floor":28,"turns":2},{"damage":0,"enemies":"Gremlin Leader","floor":30,"turns":1},{"damage":0,"enemies":"3 Cultists","floor":31,"turns":2},{"damage":22,"enemies":"Snake Plant","floor":32,"turns":4},{"damage":0,"enemies":"WA_ARCHETYPE_CALM","floor":33,"turns":4},{"damage":18,"enemies":"3 Shapes","floor":36,"turns":4},{"damage":24,"enemies":"Orb Walker","floor":38,"turns":4},{"damage":0,"enemies":"Jaw Worm Horde","floor":40,"turns":2},{"damage":81,"enemies":"Reptomancer","floor":42,"turns":3},{"damage":0,"enemies":"Maw","floor":43,"turns":4},{"damage":15,"enemies":"Writhing Mass","floor":44,"turns":3},{"damage":3,"enemies":"Nemesis","floor":45,"turns":5},{"damage":32,"enemies":"4 Shapes","floor":47,"turns":5},{"damage":40,"enemies":"Reptomancer","floor":48,"turns":5},{"damage":16,"enemies":"Maw","floor":49,"turns":7},{"damage":18,"enemies":"IC_BLOCK_ARCHETYPE","floor":50,"turns":6},{"damage":1,"enemies":"downfall:CharBossMerchant","floor":52,"turns":6},{"damage":17,"enemies":"downfall:NeowBoss","floor":55,"turns":9},{"damage":1,"enemies":"downfall:NeowBossFinal","floor":56,"turns":6}],"seed_played":"-2532614092309465819","potions_obtained":[{"floor":10,"key":"EssenceOfSteel"},{"floor":11,"key":"FearPotion"},{"floor":23,"key":"Regen Potion"},{"floor":28,"key":"AttackPotion"},{"floor":30,"key":"SkillPotion"},{"floor":31,"key":"PowerPotion"},{"floor":32,"key":"ColorlessPotion"},{"floor":40,"key":"SkillPotion"},{"floor":42,"key":"ColorlessPotion"},{"floor":47,"key":"Energy Potion"},{"floor":49,"key":"bronze:FreeFunctionsPotion"}],"is_trial":false,"path_per_floor":["R","$","M","$","?","M","T","M","R","M","M","T","R","?","M","B",null,"R","M","M","?","$","E","T","R","?","M","$","?","E","M","M","B",null,"R","M","?","M","$","M","T","E","M","M","E","R","M","E","M","B",null,"E","$","R","B","B",null],"character_chosen":"THE_AUTOMATON","items_purchased":["bronze:Boost","Guardian:BottledAnomaly","bronze:InfiniteBeams","Lizard Tail","Ornamental Fan","expansioncontent:QuickStudy+1","BlessingOfTheForge","EssenceOfSteel","SpeedPotion","bronze:Virus","Flash of Steel","TheAbacus","InkBottle","Regal Pillow","bronze:ItsAFeature","expansioncontent:DashGenerateEvil","PowerPotion","Medical Kit","Bag of Preparation","Prayer Wheel","bronze:ClassDefault","bronze:Assembly","bronze:Boost","bronze:BronzeOrb","Meat on the Bone","Frozen Egg 2","Cauldron","bronze:MaxOutput+1","expansioncontent:StudyTheSpire+1","Bronze Scales","Question Card","bronze:ClassDefault+1","bronze:GetLatest","expansioncontent:DashGenerateEvil","ColorlessPotion","ClockworkSouvenir","Bag of Marbles","Toy Ornithopter","bronze:SpaghettiCode","Slimebound:ThreeZeroPotion","FairyPotion"],"campfire_rested":1,"item_purchase_floors":[2,2,2,2,2,2,2,2,2,2,4,4,4,4,4,4,4,22,22,22,22,22,22,22,28,28,28,28,28,39,39,39,39,39,39,53,53,53,53,53,53],"current_hp_per_floor":[70,70,65,54,54,53,67,67,67,61,61,61,61,84,68,68,84,84,83,63,63,63,13,13,66,66,59,59,43,55,59,59,67,94,94,82,82,70,70,74,74,59,73,66,77,77,61,53,53,57,94,94,94,94,91,94],"gold":4717,"neow_bonus":"TRANSFORM_CARD","is_daily":false,"chose_seed":false,"campfire_upgraded":6,"win_rate":0.0,"timestamp":1611047743,"path_taken":["R","$","M","$","?","M","T","M","R","M","?","?","R","?","M","BOSS","R","M","M","?","$","E","T","R","?","M","$","?","E","?","M","BOSS","R","M","?","M","$","M","T","E","M","M","E","R","?","E","M","BOSS","E","$","R","BOSS","BOSS"],"items_purchased_type":["Card","Relic","Card","Relic","Relic","Card","Potion","Potion","Potion","Card","Card","Relic","Relic","Relic","Card","Card","Potion","Relic","Relic","Relic","Card","Card","Card","Card","Relic","Relic","Relic","Card","Card","Relic","Relic","Card","Card","Card","Potion","Relic","Relic","Relic","Card","Potion","Potion"],"build_version":"2020-12-22","purchased_purges":4,"victory":true,"max_hp_per_floor":[70,70,70,70,70,70,84,84,84,84,84,84,84,84,84,84,84,84,84,84,84,84,84,84,94,94,94,94,94,94,94,94,94,94,94,94,94,94,94,94,94,94,94,94,94,94,94,94,94,94,94,94,94,94,94,94],"card_choices":[{"not_picked":["bronze:WildBeam","bronze:WhirlingStrike"],"picked":"bronze:ForLoop","floor":2},{"not_picked":["bronze:Shield","bronze:BuggyMess"],"picked":"bronze:Separator","floor":3},{"not_picked":["bronze:WhirlingStrike","bronze:Frontload"],"picked":"bronze:Flail","floor":4},{"not_picked":["bronze:Turbo","bronze:CutThrough","bronze:DelayedSlice"],"picked":"SKIP","floor":6},{"not_picked":["bronze:BitShift","bronze:WildBeam"],"picked":"bronze:HardenedForm","floor":8},{"not_picked":["bronze:Separator","bronze:WhirlingStrike"],"picked":"bronze:Repulsor","floor":10},{"not_picked":["bronze:BugBarrage","bronze:InfiniteBeams"],"picked":"bronze:Iterate","floor":11},{"not_picked":["bronze:CloningBeam","bronze:NullPointer"],"picked":"bronze:Philosophize","floor":15},{"not_picked":["bronze:CleanCode","bronze:AlphaBuild"],"picked":"bronze:ThunderWave","floor":16},{"not_picked":["bronze:Frontload","bronze:BitShift"],"picked":"bronze:Overload","floor":19},{"not_picked":["bronze:WildBeam","bronze:Deprecate","bronze:Overheat"],"picked":"SKIP","floor":20},{"not_picked":["bronze:Iterate","bronze:DarkDash"],"picked":"bronze:BronzeArmor","floor":22},{"not_picked":["bronze:Iterate","bronze:Branch"],"picked":"bronze:Virus","floor":23},{"not_picked":["bronze:Separator+1","bronze:DelayedGuard"],"picked":"bronze:ItsAFeature","floor":27},{"not_picked":["bronze:BugBarrage","bronze:DelayedGuard","bronze:WildBeam"],"picked":"SKIP","floor":27},{"not_picked":["bronze:DelayedSlice+1","bronze:BitShift+1","bronze:Refactor"],"picked":"SKIP","floor":28},{"not_picked":["bronze:BugBarrage","bronze:ItsAFeature+1"],"picked":"bronze:Fortify","floor":30},{"not_picked":["bronze:Turbo","bronze:BuggyMess","bronze:Invalidate"],"picked":"SKIP","floor":31},{"not_picked":["bronze:Frontload","bronze:DarkDash","bronze:Refactor"],"picked":"SKIP","floor":31},{"not_picked":["bronze:DelayedSlice","bronze:CutThrough+1"],"picked":"bronze:Boost","floor":32},{"not_picked":["bronze:Deprecate+1","bronze:Virus","bronze:DelayedGuard"],"picked":"SKIP","floor":32},{"not_picked":["bronze:NullPointer","bronze:BitShift+1","bronze:Turbo+1"],"picked":"SKIP","floor":36},{"not_picked":["bronze:Branch","bronze:WildBeam","bronze:Turbo+1"],"picked":"SKIP","floor":36},{"not_picked":["bronze:Safeguard+1","bronze:CutThrough"],"picked":"bronze:BuggyMess+1","floor":38},{"not_picked":["bronze:DigitalCarnage+1","bronze:BugBarrage","bronze:BurnOut"],"picked":"SKIP","floor":38},{"not_picked":["bronze:Invalidate+1","bronze:Overheat","bronze:DelayedSlice+1"],"picked":"bronze:Terminator+1","floor":40},{"not_picked":["bronze:BugBarrage","bronze:Repair","bronze:BronzeArmor"],"picked":"bronze:InfiniteBeams+1","floor":40},{"not_picked":["bronze:AlphaBuild+1","bronze:WildBeam+1","bronze:BitShift+1"],"picked":"bronze:FineTuning+1","floor":42},{"not_picked":["bronze:Turbo+1","bronze:Iterate+1","bronze:BuggyMess+1","bronze:Backtrace+1"],"picked":"SKIP","floor":43},{"not_picked":["bronze:Repair","bronze:Allocate","bronze:Shield+1","bronze:Turbo+1"],"picked":"SKIP","floor":43},{"not_picked":["bronze:DelayedSlice+1","bronze:CutThrough+1","bronze:FollowUp+1"],"picked":"bronze:Terminator+1","floor":44},{"not_picked":["bronze:Overheat+1","bronze:Iterate+1","bronze:Constructor","bronze:Turbo+1"],"picked":"SKIP","floor":44},{"not_picked":["bronze:FindAndReplace","bronze:HyperBeam+1","bronze:Constructor+1"],"picked":"bronze:FineTuning+1","floor":45},{"not_picked":["bronze:Refactor","bronze:Turbo+1","bronze:BitShift"],"picked":"bronze:Philosophize+1","floor":47},{"not_picked":["bronze:Branch+1","bronze:Iterate+1","bronze:DarkDash+1"],"picked":"bronze:BronzeArmor+1","floor":47},{"not_picked":["bronze:Return+1","bronze:WhirlingStrike+1","bronze:BuggyMess"],"picked":"bronze:Fortify+1","floor":48},{"not_picked":["bronze:Overheat+1","bronze:Overload+1","bronze:Deprecate+1","bronze:WildBeam+1"],"picked":"SKIP","floor":49},{"not_picked":["bronze:BuggyMess","bronze:ClassDefault+1","bronze:WhirlingStrike+1","bronze:Separator+1"],"picked":"SKIP","floor":49},{"not_picked":["bronze:DigitalCarnage+1","bronze:DarkDash+1","bronze:OilSpill+1","bronze:Frontload"],"picked":"SKIP","floor":52}],"player_experience":265448,"relics_obtained":[{"floor":7,"key":"Mango"},{"floor":12,"key":"Dead Branch"},{"floor":23,"key":"bronze:ProtectiveGoggles"},{"floor":29,"key":"Necronomicon"},{"floor":30,"key":"Bird Faced Urn"},{"floor":41,"key":"Bottled Lightning"},{"floor":42,"key":"Ginger"},{"floor":42,"key":"Molten Egg 2"},{"floor":45,"key":"sneckomod:BlankCard"},{"floor":45,"key":"bronze:SilverBullet"},{"floor":48,"key":"Calipers"},{"floor":48,"key":"Bottled Tornado"},{"floor":52,"key":"Art of War"},{"floor":52,"key":"Vajra"}],"event_choices":[{"damage_healed":0,"gold_gain":0,"player_choice":"Leave","damage_taken":0,"max_hp_gain":0,"max_hp_loss":0,"event_name":"FaceTrader","floor":5,"gold_loss":0},{"damage_healed":0,"gold_gain":0,"player_choice":"Success","damage_taken":18,"relics_obtained":["Peace Pipe"],"max_hp_gain":0,"max_hp_loss":0,"event_name":"Scrap Ooze","floor":14,"gold_loss":0},{"damage_healed":0,"gold_gain":0,"player_choice":"Ignored","damage_taken":0,"max_hp_gain":0,"max_hp_loss":0,"event_name":"Ghosts","floor":26,"gold_loss":0}],"is_beta":false,"boss_relics":[{"not_picked":["Coffee Dripper","expansioncontent:StudyCardRelic"],"picked":"Philosopher\u0027s Stone"},{"not_picked":["bronze:PlatinumCore","SacredBark"],"picked":"Black Star"}],"items_purged_floors":[2,28,39,53],"is_endless":false,"potions_floor_spawned":[3,6,10,11,16,23,30,31,32,40,42,43,47,49],"ascension_level":1}}