{"host":"jqa9y4qkalbx8qgz","time":1611060253,"event":{"mods":["Act Like it!","BaseMod","Bestiary","BetterRewards","CCEM","Downfall","Gensokyo","Marisa????????","Minty Spire (QoL Compilation)","Permanent Neow","Relic Stats","StSLib","The Alterego","Wandering Minibosses"],"gold_per_floor":[114,133,152,152,172,199,199,199,199,199,199,216,233,264,264,264,264],"floor_reached":16,"language":"ENG","playtime":970,"items_purged":[],"score":112,"play_id":"9c7ecfd7-9e68-4436-a0d5-8f03dc7c67e6","local_time":"20210119154413","is_ascension_mode":false,"campfire_choices":[{"floor":11.0,"key":"REST"},{"floor":15,"key":"REST"}],"circlet_count":0,"master_deck":["Strike_MRS","Strike_MRS","Strike_MRS","Strike_MRS","Defend_MRS","Defend_MRS","Defend_MRS","Defend_MRS","MasterSpark","UpSweep","CollectingQuirk","ShootingEcho","MilkyWay+1","PropBag","ChargingUp","Gensokyo:MarisaTwilightSpark","EnergyFlow","MilkyWay"],"relics":["MiniHakkero","Strawberry","Bottled Lightning","White Beast Statue","CCEMRelics:Sandal","AmplifyWand"],"acts_visited":["Exordium"],"potions_floor_usage":[16,16],"damage_taken":[{"damage":1.0,"enemies":"Gensokyo:Python","floor":1.0,"turns":4.0},{"damage":1.0,"enemies":"Gensokyo:2_Kodama","floor":2.0,"turns":3.0},{"damage":2.0,"enemies":"Gensokyo:Gryphon","floor":3.0,"turns":3.0},{"damage":0.0,"enemies":"Gensokyo:LivingMonolith","floor":5.0,"turns":3.0},{"damage":50.0,"enemies":"Gensokyo:Cirno","floor":6.0,"turns":9.0},{"damage":4,"enemies":"Gensokyo:Kitsune","floor":12,"turns":4},{"damage":13,"enemies":"Gensokyo:Gryphon_and_Rabbit","floor":13,"turns":4},{"damage":4,"enemies":"Gensokyo:Mamizou","floor":14,"turns":8},{"damage":32,"enemies":"Gensokyo:Yukari","floor":16,"turns":6}],"seed_played":"-140186769095585755","potions_obtained":[{"floor":2.0,"key":"bronze:BurnAndBuffPotion"},{"floor":12,"key":"Weak Potion"},{"floor":13,"key":"Explosive Potion"},{"floor":14,"key":"Dexterity Potion"}],"is_trial":false,"path_per_floor":["M","M","M","?","M","E","?","?","T","?","R","M","M","E","R","B"],"character_chosen":"MARISA","items_purchased":[],"campfire_rested":2,"item_purchase_floors":[],"current_hp_per_floor":[67,66,64,61,61,11,11,11,11,4,26,22,9,5,27,0,0],"gold":264,"neow_bonus":"THREE_RARE_CARDS","is_daily":false,"chose_seed":false,"campfire_upgraded":0,"win_rate":0.0,"timestamp":1611060253,"path_taken":["M","M","M","?","M","E","?","?","T","?","R","?","M","E","R","BOSS"],"items_purchased_type":[],"build_version":"2020-12-22","purchased_purges":0,"victory":false,"max_hp_per_floor":[68,68,68,75,75,75,75,75,75,75,75,75,75,75,75,75,75],"relic_stats":{"counters":[65,248],"obtain_stats":[{"Gremlin Horn":73,"Vajra":88,"downfall:HeartBlessingGreen":9,"Whetstone":73,"Boot":77,"Blood Vial":7,"Guardian:PickAxe":60,"HornCleat":73,"DollysMirror":39,"Sundial":64,"Strawberry":95,"CCEMRelics:DissonantTune":79,"Philosopher\u0027s Stone":84,"CCEMRelics:Sandal":73,"HandDrill":73,"Necronomicon":3,"Kunai":64,"Replay:Wax Seal":26,"downfall:ShatteredFragment":14,"Pear":73,"Happy Flower":65,"Blue Candle":6,"Guardian:ModeShifter":0,"Eternal Feather":92,"Replay:Kaleidoscope":39,"Letter Opener":95,"War Paint":77,"Akabeko":79,"Du-Vu Doll":0,"Shuriken":74,"Snecko Eye":34,"Gensokyo:YoukaiFlower":61,"Black Star":73,"MiniHakkero":0,"CCEMRelics:WarHorn":73,"StrikeDummy":73,"Pocketwatch":50,"Darkstone Periapt":73,"AmplifyWand":16,"Lantern":73,"CCEMRelics:Pendulum":2,"Blue Doll":8,"Mango":38,"Gensokyo:NagashiBinaDoll":4,"Bag of Preparation":41,"Juzu Bracelet":73,"Frozen Eye":73,"CCEMRelics:OldTooth":75,"downfall:HeartBlessingBlue":35,"CCEMRelics:OverlyComfyChair":73,"CCEMRelics:GrapeVine":50,"Replay:Drink Me":17,"InkBottle":92,"CCEMRelics:OrganicArmor":89,"CCEMRelics:Barrel":73,"downfall:HeartBlessingRed":12,"CCEMRelics:CocoNut":73,"Omamori":73,"Gensokyo:CelestialsFlawlessClothing":58,"Orichalcum":73,"MawBank":31,"White Beast Statue":9,"Mercury Hourglass":57,"CCEMRelics:SpiritsEdge":88,"sneckomod:BabySnecko":73,"Pondfish Scales":25,"Anchor":73,"Busted Crown":73,"CCEMRelics:FryingPan":75,"CCEMRelics:GrindingGear":73,"Coffee Dripper":67,"Art of War":73,"Bag of Marbles":91,"Bottled Lightning":6,"Toy Ornithopter":40},{"Gremlin Horn":38,"Vajra":46,"downfall:HeartBlessingGreen":5,"Whetstone":38,"Boot":41,"Blood Vial":4,"Guardian:PickAxe":31,"HornCleat":38,"DollysMirror":25,"Sundial":32,"Strawberry":48,"CCEMRelics:DissonantTune":42,"Philosopher\u0027s Stone":44,"CCEMRelics:Sandal":38,"HandDrill":38,"Necronomicon":54,"Kunai":32,"Replay:Wax Seal":16,"downfall:ShatteredFragment":8,"Pear":38,"Happy Flower":33,"Blue Candle":61,"Guardian:ModeShifter":0,"Eternal Feather":47,"Replay:Kaleidoscope":25,"Letter Opener":48,"War Paint":41,"Akabeko":42,"Du-Vu Doll":52,"Shuriken":38,"Snecko Eye":21,"Gensokyo:YoukaiFlower":31,"Black Star":38,"MiniHakkero":0,"CCEMRelics:WarHorn":38,"StrikeDummy":38,"Pocketwatch":28,"Darkstone Periapt":38,"AmplifyWand":65,"Lantern":38,"CCEMRelics:Pendulum":54,"Blue Doll":5,"Mango":24,"Gensokyo:NagashiBinaDoll":54,"Bag of Preparation":26,"Juzu Bracelet":38,"Frozen Eye":37,"CCEMRelics:OldTooth":39,"downfall:HeartBlessingBlue":21,"CCEMRelics:OverlyComfyChair":38,"CCEMRelics:GrapeVine":28,"Replay:Drink Me":10,"InkBottle":47,"CCEMRelics:OrganicArmor":46,"CCEMRelics:Barrel":38,"downfall:HeartBlessingRed":7,"CCEMRelics:CocoNut":38,"Omamori":38,"Gensokyo:CelestialsFlawlessClothing":30,"Orichalcum":38,"MawBank":19,"White Beast Statue":61,"Mercury Hourglass":30,"CCEMRelics:SpiritsEdge":46,"sneckomod:BabySnecko":38,"Pondfish Scales":15,"Anchor":38,"Busted Crown":38,"CCEMRelics:FryingPan":39,"CCEMRelics:GrindingGear":38,"Coffee Dripper":34,"Art of War":38,"Bag of Marbles":46,"Bottled Lightning":61,"Toy Ornithopter":26},{"Gremlin Horn":153,"Vajra":173,"downfall:HeartBlessingGreen":24,"Whetstone":153,"Boot":161,"Blood Vial":15,"Guardian:PickAxe":132,"HornCleat":153,"DollysMirror":113,"Sundial":136,"Strawberry":180,"CCEMRelics:DissonantTune":164,"Philosopher\u0027s Stone":169,"CCEMRelics:Sandal":153,"HandDrill":153,"Necronomicon":198,"Kunai":136,"Replay:Wax Seal":72,"downfall:ShatteredFragment":37,"Pear":153,"Happy Flower":137,"Blue Candle":220,"Guardian:ModeShifter":0,"Eternal Feather":178,"Replay:Kaleidoscope":113,"Letter Opener":180,"War Paint":161,"Akabeko":164,"Du-Vu Doll":188,"Shuriken":153,"Snecko Eye":96,"Gensokyo:YoukaiFlower":132,"Black Star":153,"MiniHakkero":0,"CCEMRelics:WarHorn":153,"StrikeDummy":153,"Pocketwatch":127,"Darkstone Periapt":153,"AmplifyWand":244,"Lantern":153,"CCEMRelics:Pendulum":198,"Blue Doll":24,"Mango":110,"Gensokyo:NagashiBinaDoll":198,"Bag of Preparation":120,"Juzu Bracelet":153,"Frozen Eye":150,"CCEMRelics:OldTooth":156,"downfall:HeartBlessingBlue":96,"CCEMRelics:OverlyComfyChair":153,"CCEMRelics:GrapeVine":127,"Replay:Drink Me":47,"InkBottle":178,"CCEMRelics:OrganicArmor":173,"CCEMRelics:Barrel":153,"downfall:HeartBlessingRed":33,"CCEMRelics:CocoNut":153,"Omamori":153,"Gensokyo:CelestialsFlawlessClothing":130,"Orichalcum":153,"MawBank":86,"White Beast Statue":226,"Mercury Hourglass":130,"CCEMRelics:SpiritsEdge":173,"sneckomod:BabySnecko":153,"Pondfish Scales":68,"Anchor":153,"Busted Crown":153,"CCEMRelics:FryingPan":156,"CCEMRelics:GrindingGear":153,"Coffee Dripper":143,"Art of War":153,"Bag of Marbles":173,"Bottled Lightning":226,"Toy Ornithopter":120}]},"card_choices":[{"not_picked":["SatelliteIllusion","JA"],"picked":"CollectingQuirk","floor":0.0},{"not_picked":["SporeBomb","MysteriousBeam"],"picked":"ShootingEcho","floor":1.0},{"not_picked":["UnstableBomb","EnergyRecoil","AsteroidBelt"],"picked":"SKIP","floor":2.0},{"not_picked":["DarkSpark","PropBag"],"picked":"MilkyWay","floor":3.0},{"not_picked":["MysteriousBeam","NonDirectionalLaser"],"picked":"PropBag","floor":5.0},{"not_picked":["ShootTheMoon","MysteriousBeam"],"picked":"ChargingUp","floor":6.0},{"not_picked":["UnstableBomb","6A","Occultation"],"picked":"SKIP","floor":12},{"not_picked":["RefractionSpark","ManaRampage"],"picked":"EnergyFlow","floor":13},{"not_picked":["EscapeVelocity","NonDirectionalLaser"],"picked":"MilkyWay","floor":14}],"player_experience":304750,"relics_obtained":[{"floor":6.0,"key":"Bottled Lightning"},{"floor":9.0,"key":"White Beast Statue"},{"floor":14,"key":"CCEMRelics:Sandal"}],"event_choices":[],"is_beta":false,"boss_relics":[],"items_purged_floors":[],"is_endless":false,"potions_floor_spawned":[2,12,13,14],"killed_by":"Gensokyo:Yukari","ascension_level":0}}