{"host":"cv77zuuuekizn3ic","time":1611049936,"event":{"mods":["AchievementEnabler","BaseMod","Downfall","Marisa£®ÏF”Í°°ƒß¿Ì…≥£©","Minty Spire (QoL Compilation)","StSLib"],"gold_per_floor":[99,114,128,183,283,283,306,306,306,318,344,364,384,410,420,520,520,420,432,444,235,235,255,255,290,308,323,323,334,334,334,351,451,451,451,469,404,404,422,422,422,466,484,284,294,348,403,413,427,427,427,460,307,307,307,307],"floor_reached":57,"language":"ZHS","playtime":4545,"items_purged":["Slimebound:Strike_Slimebound","Slimebound:Strike_Slimebound","Slimebound:Strike_Slimebound","Slimebound:Tackle"],"score":1013,"play_id":"3597e63c-b984-4e45-9efb-62fd82a4c1ee","local_time":"20210119175216","is_ascension_mode":false,"campfire_choices":[{"data":"Slimebound:Split","floor":1.0,"key":"SMITH"},{"data":"Slimebound:HauntingLick","floor":6.0,"key":"SMITH"},{"floor":9.0,"key":"REST"},{"data":"Slimebound:MassFeed","floor":18.0,"key":"SMITH"},{"data":"Slimebound:MegaLick","floor":28.0,"key":"SMITH"},{"data":"Slimebound:LeechEnergy","floor":30.0,"key":"SMITH"},{"data":"Slimebound:ComboTackle","floor":35.0,"key":"SMITH"},{"floor":40.0,"key":"RECALL"},{"data":"Slimebound:OozeBath","floor":44.0,"key":"SMITH"},{"floor":54.0,"key":"REST"}],"circlet_count":0,"master_deck":["Slimebound:Defend_Slimebound","Slimebound:Defend_Slimebound","Slimebound:Defend_Slimebound","Slimebound:Defend_Slimebound","Slimebound:Split+1","Slimebound:CorrosiveSpit","Slimebound:HauntingLick+1","Slimebound:SplitAcid","Slimebound:SplitBruiser","Slimebound:Grow+1","Slimebound:ComboTackle+1","Slimebound:RainOfGoop","Slimebound:Recycling","Slimebound:MassFeed+1","Slimebound:Recollect+1","Slimebound:Replication","Slimebound:MegaLick+1","Slimebound:LeadByExample+1","Slimebound:LeechEnergy+1","Ghostly","Ghostly","Ghostly","Ghostly","Ghostly","Slimebound:OozeBath+1","Slimebound:Grow+1","Slimebound:GrowthPunch+1","Slimebound:Repurpose+1","Slimebound:Chomp+1","Slimebound:SelfFormingGoo+1"],"relics":["Slimebound:AbsorbEndCombat","Gambling Chip","Gremlin Horn","Bag of Preparation","InkBottle","Regal Pillow","Eternal Feather","bronze:MakeshiftBattery","downfall:HeartBlessingGreen","Membership Card","Frozen Egg 2","Turnip","Runic Pyramid","OrangePellets","Slimebound:SlimedTailRelic","downfall:HeartBlessingRed","downfall:HeartBlessingBlue","CatCart","Torii","Akabeko","Oddly Smooth Stone"],"acts_visited":["Exordium","TheCity","TheBeyond","TheEnding"],"potions_floor_usage":[],"damage_taken":[{"damage":0.0,"enemies":"Small Slimes","floor":2.0,"turns":4.0},{"damage":0.0,"enemies":"2 Louse","floor":3.0,"turns":2.0},{"damage":41.0,"enemies":"Lagavulin Event","floor":4.0,"turns":7.0},{"damage":0.0,"enemies":"Cultist","floor":10.0,"turns":2.0},{"damage":18.0,"enemies":"Lagavulin","floor":11.0,"turns":6.0},{"damage":0.0,"enemies":"Gremlin Gang","floor":12.0,"turns":2.0},{"damage":2.0,"enemies":"Large Slime","floor":13.0,"turns":4.0},{"damage":8.0,"enemies":"Gremlin Nob","floor":14.0,"turns":3.0},{"damage":0.0,"enemies":"3 Louse","floor":15.0,"turns":2.0},{"damage":35.0,"enemies":"DF_ARCHETYPE_STREAMLINE","floor":16.0,"turns":9.0},{"damage":8.0,"enemies":"Chosen","floor":19.0,"turns":5.0},{"damage":17.0,"enemies":"Shell Parasite","floor":20.0,"turns":8.0},{"damage":5.0,"enemies":"downfall:FleeingMerchant","floor":21.0,"turns":4.0},{"damage":2.0,"enemies":"Cultist and Chosen","floor":23.0,"turns":5.0},{"damage":23.0,"enemies":"Book of Stabbing","floor":25.0,"turns":6.0},{"damage":12.0,"enemies":"Centurion and Healer","floor":26.0,"turns":5.0},{"damage":0.0,"enemies":"Chosen and Byrds","floor":27.0,"turns":4.0},{"damage":10.0,"enemies":"3 Cultists","floor":29.0,"turns":4.0},{"damage":7.0,"enemies":"Snake Plant","floor":32.0,"turns":4.0},{"damage":9.0,"enemies":"IC_MUSHROOM_ARCHETYPE","floor":33.0,"turns":7.0},{"damage":3.0,"enemies":"3 Shapes","floor":36.0,"turns":3.0},{"damage":4.0,"enemies":"downfall:FleeingMerchant","floor":37.0,"turns":4.0},{"damage":5.0,"enemies":"3 Darklings","floor":39.0,"turns":5.0},{"damage":9.0,"enemies":"downfall:FleeingMerchant","floor":42.0,"turns":4.0},{"damage":23.0,"enemies":"4 Shapes","floor":43.0,"turns":5.0},{"damage":4.0,"enemies":"Jaw Worm Horde","floor":45.0,"turns":5.0},{"damage":4.0,"enemies":"Orin","floor":46.0,"turns":6.0},{"damage":12.0,"enemies":"2 Orb Walkers","floor":47.0,"turns":4.0},{"damage":1.0,"enemies":"Spire Growth","floor":48.0,"turns":5.0},{"damage":6.0,"enemies":"4 Shapes","floor":49.0,"turns":4.0},{"damage":68.0,"enemies":"SI_POISON_ARCHETYPE","floor":50.0,"turns":8.0},{"damage":119.0,"enemies":"downfall:CharBossMerchant","floor":52.0,"turns":10.0},{"damage":17.0,"enemies":"downfall:NeowBoss","floor":55.0,"turns":19.0},{"damage":18,"enemies":"downfall:NeowBoss","floor":56,"turns":13}],"seed_played":"4339634321374044899","potions_obtained":[{"floor":3.0,"key":"Energy Potion"},{"floor":12.0,"key":"Fire Potion"},{"floor":14.0,"key":"SteroidPotion"},{"floor":19.0,"key":"DistilledChaos"},{"floor":23.0,"key":"Fire Potion"},{"floor":26.0,"key":"Weak Potion"}],"is_trial":false,"path_per_floor":["R","M","M","?","?","R","T","?","R","M","E","M","M","E","M","B",null,"R","M","M","$","?","M","T","E","M","M","R","M","R","?","M","B",null,"R","M","$","?","M","R","T","$","M","R","M","?","?","M","M","B",null,"E","$","R","B","B",null],"character_chosen":"SLIMEBOUND","items_purchased":["Membership Card","OrangePellets","Slimebound:SlimedTailRelic","Oddly Smooth Stone"],"campfire_rested":2,"item_purchase_floors":[21,42,42,53],"current_hp_per_floor":[59,59,59,24,24,24,24,12,29,31,19,23,29,27,31,4,59,59,55,46,47,47,61,61,50,54,62,74,84,95,47,47,49,55,55,67,67,67,71,71,71,68,69,94,109,109,107,116,114,58,125,12,12,82,73,63],"gold":307,"neow_bonus":"ONE_RARE_RELIC","is_daily":false,"chose_seed":false,"campfire_upgraded":7,"win_rate":0.0,"timestamp":1611049936,"path_taken":["R","M","M","?","?","R","T","?","R","M","E","M","M","E","M","BOSS","R","M","M","$","?","M","T","E","?","M","R","?","R","?","M","BOSS","R","M","$","?","M","R","T","$","M","R","?","?","?","M","M","BOSS","E","$","R","BOSS","BOSS"],"items_purchased_type":["Relic","Relic","Relic","Relic"],"build_version":"2020-12-22","purchased_purges":4,"victory":true,"max_hp_per_floor":[59,59,59,59,59,59,59,59,59,59,59,59,59,59,59,59,59,59,59,63,63,63,71,71,75,83,83,83,95,95,47,51,55,55,55,67,67,67,71,71,71,71,87,97,109,109,113,117,121,125,125,125,125,125,125,125],"card_choices":[{"not_picked":["Slimebound:SamplingLick","Slimebound:FlameTackle"],"picked":"Slimebound:HauntingLick","floor":2.0},{"not_picked":["Slimebound:RollThrough","Slimebound:LivingWall"],"picked":"Slimebound:SplitAcid","floor":3.0},{"not_picked":["Slimebound:Schlurp","Slimebound:ForwardTackle"],"picked":"Slimebound:SplitBruiser","floor":4.0},{"not_picked":["Slimebound:TongueLash","Slimebound:RejuvenatingLick"],"picked":"Slimebound:Grow","floor":10.0},{"not_picked":["Slimebound:Prepare","Slimebound:RollThrough"],"picked":"Slimebound:ComboTackle","floor":11.0},{"not_picked":["Slimebound:ComboTackle","Slimebound:SplitBruiser","Slimebound:PressTheAttack"],"picked":"SKIP","floor":12.0},{"not_picked":["Slimebound:SplitAcid","Slimebound:RollThrough"],"picked":"Slimebound:RainOfGoop","floor":13.0},{"not_picked":["Slimebound:RollThrough","Slimebound:PressTheAttack"],"picked":"Slimebound:Recycling","floor":14.0},{"not_picked":["Slimebound:DivideAndConquer","Slimebound:ServeAndProtect","Slimebound:SamplingLick"],"picked":"SKIP","floor":15.0},{"not_picked":["Slimebound:MassRepurpose","Slimebound:Teamwork"],"picked":"Slimebound:MassFeed","floor":16.0},{"not_picked":["Slimebound:RejuvenatingLick","Slimebound:Schlurp"],"picked":"Slimebound:Recollect+1","floor":19.0},{"not_picked":["Slimebound:Schlurp","Slimebound:ItLooksTasty","Slimebound:RollThrough+1"],"picked":"SKIP","floor":20.0},{"not_picked":["Slimebound:SlimeBrawl+1","Slimebound:LeechingTouch+1"],"picked":"Slimebound:Replication","floor":21.0},{"not_picked":["Slimebound:ItLooksTasty+1","Slimebound:OneTwoCombo"],"picked":"Slimebound:MegaLick","floor":23.0},{"not_picked":["Slimebound:SamplingLick","Slimebound:BestDefense+1"],"picked":"Slimebound:LeadByExample+1","floor":25.0},{"not_picked":["Slimebound:Schlurp","Slimebound:SplitMire+1"],"picked":"Slimebound:LeechEnergy","floor":26.0},{"not_picked":["Slimebound:LeechEnergy","Slimebound:SamplingLick","Slimebound:RainOfGoop+1"],"picked":"SKIP","floor":27.0},{"not_picked":["Slimebound:SlimeSlap","Slimebound:PressTheAttack","Slimebound:SplitMire"],"picked":"SKIP","floor":29.0},{"not_picked":["Slimebound:PressTheAttack","Slimebound:HungryTackle","Slimebound:Equalize+1"],"picked":"SKIP","floor":32.0},{"not_picked":["Slimebound:PressTheAttack","Slimebound:HungryTackle","Slimebound:Equalize+1"],"picked":"SKIP","floor":32.0},{"not_picked":["Slimebound:DouseInSlime","Slimebound:Overexert+1"],"picked":"Slimebound:OozeBath","floor":33.0},{"not_picked":["Slimebound:GoopSpray+1","Slimebound:LeechEnergy"],"picked":"Slimebound:Grow+1","floor":36.0},{"not_picked":["Slimebound:RollThrough","Slimebound:Schlurp+1"],"picked":"Slimebound:GrowthPunch","floor":37.0},{"not_picked":["Slimebound:MinionMaster+1","Slimebound:LeadByExample+1","Slimebound:ProtectTheBoss+1"],"picked":"SKIP","floor":39.0},{"not_picked":["Slimebound:AcidTongue+1","Slimebound:GrowthPunch+1","Slimebound:Prepare+1"],"picked":"SKIP","floor":42.0},{"not_picked":["Slimebound:Nibble","Slimebound:SplitAcid+1","Slimebound:GrowthPunch+1"],"picked":"SKIP","floor":43.0},{"not_picked":["Slimebound:DivideAndConquer+1","Slimebound:SplitAcid"],"picked":"Slimebound:Repurpose+1","floor":45.0},{"not_picked":["Slimebound:SplitLeeching","Slimebound:FinishingTackle+1"],"picked":"Slimebound:Chomp+1","floor":47.0},{"not_picked":["Slimebound:SplitLeeching","Slimebound:CheckThePlaybook","Slimebound:SplitAcid+1"],"picked":"SKIP","floor":48.0},{"not_picked":["Slimebound:RollThrough+1","Slimebound:SlimeBrawl","Slimebound:SplitAcid"],"picked":"SKIP","floor":49.0},{"not_picked":["Slimebound:Schlurp+1","Slimebound:SamplingLick"],"picked":"Slimebound:SelfFormingGoo+1","floor":52.0}],"player_experience":1013315,"relics_obtained":[{"floor":4.0,"key":"Gremlin Horn"},{"floor":7.0,"key":"Bag of Preparation"},{"floor":11.0,"key":"Regal Pillow"},{"floor":14.0,"key":"Eternal Feather"},{"floor":24.0,"key":"Frozen Egg 2"},{"floor":25.0,"key":"Turnip"},{"floor":46.0,"key":"CatCart"},{"floor":47.0,"key":"Torii"},{"floor":52.0,"key":"Akabeko"}],"event_choices":[{"damage_healed":0.0,"max_hp_gain":0.0,"max_hp_loss":0.0,"gold_gain":0.0,"event_name":"Scrap Ooze","player_choice":"Success","floor":8.0,"gold_loss":0.0,"damage_taken":12.0,"relics_obtained":["InkBottle"]},{"damage_healed":0.0,"max_hp_gain":0.0,"max_hp_loss":48.0,"gold_gain":0.0,"event_name":"Ghosts","player_choice":"Became a Ghost","floor":31.0,"gold_loss":0.0,"damage_taken":0.0,"cards_obtained":["Ghostly","Ghostly","Ghostly","Ghostly","Ghostly"]},{"damage_healed":0.0,"max_hp_gain":0.0,"max_hp_loss":0.0,"gold_gain":0.0,"event_name":"OrinTheCat","player_choice":"Fight","floor":46.0,"gold_loss":0.0,"damage_taken":0.0},{"damage_healed":0.0,"max_hp_gain":0.0,"max_hp_loss":0.0,"gold_gain":0.0,"event_name":"Mysterious Sphere","player_choice":"Fight","floor":47.0,"gold_loss":0.0,"damage_taken":0.0}],"is_beta":false,"boss_relics":[{"not_picked":["SacredBark","Velvet Choker"],"picked":"bronze:MakeshiftBattery"},{"not_picked":["Philosopher\u0027s Stone","Fusion Hammer"],"picked":"Runic Pyramid"}],"items_purged_floors":[21,37,42,53],"is_endless":false,"potions_floor_spawned":[3,12,14,19,23,26,27,43,45,47,49,52],"ascension_level":0}}