{"host":"dowi7cgbhepuzvpj","time":1611026977,"event":{"mods":["AchievementEnabler","BaseMod","Colored Map","Highlight Path","Keyboard Shortcuts","Minty Spire (QoL Compilation)","Permanent Neow","Quick Restart","StSLib","SuperFastMode"],"gold_per_floor":[117,185,50,67,86,86,113,113,113,113,129,6,17,49,49,147,147,159,159,170,184,104,120,120,135,211,27,27,62,77,102,102,205,205,215,215,231,6,60,60,86,98,134,146,172,4,20,38,38,38,38,38,38,73,73],"floor_reached":56,"language":"KOR","playtime":2311,"items_purged":["Strike_G","Strike_G","Strike_G","Strike_G"],"score":1402,"play_id":"c14ed598-6862-4d72-9098-75351205023a","local_time":"20210119122937","is_ascension_mode":false,"campfire_choices":[{"data":"Apotheosis","floor":6.0,"key":"SMITH"},{"data":"PiercingWail","floor":8.0,"key":"SMITH"},{"data":"Neutralize","floor":10.0,"key":"SMITH"},{"data":"Footwork","floor":15.0,"key":"SMITH"},{"data":"After Image","floor":24.0,"key":"SMITH"},{"floor":28.0,"key":"RECALL"},{"floor":32.0,"key":"REST"},{"data":"Crippling Poison","floor":40.0,"key":"SMITH"},{"floor":44.0,"key":"REST"},{"data":"Blade Dance","floor":49.0,"key":"SMITH"},{"data":"Heel Hook","floor":52.0,"key":"SMITH"}],"circlet_count":0,"master_deck":["Strike_G","Defend_G","Defend_G","Defend_G","Defend_G","Defend_G","Survivor","Neutralize+1","Apotheosis+1","Blade Dance+1","PiercingWail+1","Heel Hook+1","Choke","Footwork+1","Crippling Poison+1","Terror+1","After Image+1","Prepared+1","After Image","Infinite Blades","Infinite Blades+1","PiercingWail+1","Cloak And Dagger+1","After Image+1","Escape Plan+1","Tools of the Trade+1","Dodge and Roll+1","Finisher","After Image","PiercingWail+1","Blade Dance+1","Escape Plan+1","Madness+1","Madness+1","Backflip+1","Escape Plan+1","Blur+1","Infinite Blades+1"],"relics":["Ring of the Snake","Oddly Smooth Stone","The Courier","Question Card","FossilizedHelix","Toxic Egg 2","WristBlade","InkBottle","DollysMirror","Thread and Needle","Tough Bandages","Philosopher\u0027s Stone","Medical Kit","Bird Faced Urn","MawBank","Mercury Hourglass"],"acts_visited":["Exordium","TheCity","TheBeyond","TheEnding"],"potions_floor_usage":[55,55],"damage_taken":[{"damage":0.0,"enemies":"Cultist","floor":1.0,"turns":4.0},{"damage":0.0,"enemies":"Jaw Worm","floor":4.0,"turns":4.0},{"damage":0.0,"enemies":"Small Slimes","floor":5.0,"turns":4.0},{"damage":0.0,"enemies":"3 Sentries","floor":7.0,"turns":6.0},{"damage":0.0,"enemies":"2 Fungi Beasts","floor":11.0,"turns":3.0},{"damage":0.0,"enemies":"3 Louse","floor":13.0,"turns":4.0},{"damage":10.0,"enemies":"Gremlin Nob","floor":14.0,"turns":5.0},{"damage":9.0,"enemies":"The Guardian","floor":16.0,"turns":11.0},{"damage":0.0,"enemies":"Spheric Guardian","floor":18.0,"turns":6.0},{"damage":0.0,"enemies":"3 Byrds","floor":20.0,"turns":5.0},{"damage":0.0,"enemies":"Cultist and Chosen","floor":21.0,"turns":7.0},{"damage":5.0,"enemies":"Snake Plant","floor":23.0,"turns":5.0},{"damage":0.0,"enemies":"3 Cultists","floor":25.0,"turns":6.0},{"damage":21.0,"enemies":"Slavers","floor":29.0,"turns":7.0},{"damage":0.0,"enemies":"Shelled Parasite and Fungi","floor":30.0,"turns":7.0},{"damage":12.0,"enemies":"Book of Stabbing","floor":31.0,"turns":7.0},{"damage":0.0,"enemies":"Automaton","floor":33.0,"turns":9.0},{"damage":0.0,"enemies":"3 Shapes","floor":35.0,"turns":5.0},{"damage":0.0,"enemies":"Orb Walker","floor":37.0,"turns":4.0},{"damage":0.0,"enemies":"2 Orb Walkers","floor":39.0,"turns":5.0},{"damage":0.0,"enemies":"Reptomancer","floor":41.0,"turns":6.0},{"damage":0.0,"enemies":"3 Darklings","floor":45.0,"turns":5.0},{"damage":0.0,"enemies":"Sphere and 2 Shapes","floor":47.0,"turns":4.0},{"damage":0.0,"enemies":"4 Shapes","floor":48.0,"turns":5.0},{"damage":34.0,"enemies":"Time Eater","floor":50.0,"turns":14.0},{"damage":12.0,"enemies":"Shield and Spear","floor":54.0,"turns":8.0},{"damage":0,"enemies":"The Heart","floor":55,"turns":9}],"seed_played":"7831594674344847549","potions_obtained":[{"floor":4.0,"key":"GamblersBrew"},{"floor":5.0,"key":"Strength Potion"},{"floor":13.0,"key":"FearPotion"},{"floor":14.0,"key":"Swift Potion"},{"floor":29.0,"key":"LiquidBronze"},{"floor":31.0,"key":"SkillPotion"},{"floor":33.0,"key":"Explosive Potion"},{"floor":35.0,"key":"Block Potion"},{"floor":39.0,"key":"LiquidMemories"},{"floor":47.0,"key":"Fire Potion"}],"is_trial":false,"path_per_floor":["M","T","$","M","M","R","E","R","T","R","M","$","M","E","R","B",null,"M","?","M","M","$","M","R","M","T","$","R","E","M","E","R","B",null,"M","?","M","$","?","R","E","?","T","R","M","$","M","M","R","B",null,"R","$","E","B",null],"character_chosen":"THE_SILENT","items_purchased":["Apotheosis","Footwork","DollysMirror","Escape Plan+1","Medical Kit","Escape Plan+1"],"campfire_rested":2,"item_purchase_floors":[3,12,27,27,38,46],"current_hp_per_floor":[70,70,70,70,70,70,70,70,70,70,70,70,70,60,60,51,70,70,70,70,70,70,65,65,65,65,65,65,44,44,32,53,53,70,70,70,70,70,70,70,70,61,61,70,70,70,70,70,70,38,70,70,70,70,70],"gold":73,"neow_bonus":"RANDOM_COMMON_RELIC","is_daily":false,"chose_seed":false,"campfire_upgraded":8,"win_rate":0.0,"timestamp":1611026977,"path_taken":["M","?","?","M","M","R","E","R","T","R","M","$","M","E","R","BOSS","M","?","?","M","$","M","R","M","T","$","R","E","M","E","R","BOSS","M","?","?","$","?","R","E","?","T","R","M","$","M","M","R","BOSS","R","$","E","BOSS"],"items_purchased_type":["Card","Card","Relic","Card","Relic","Card"],"build_version":"2020-12-22","purchased_purges":4,"victory":true,"max_hp_per_floor":[70,70,70,70,70,70,70,70,70,70,70,70,70,70,70,70,70,70,70,70,70,70,70,70,70,70,70,70,70,70,70,70,70,70,70,70,70,70,70,70,70,70,70,70,70,70,70,70,70,70,70,70,70,70,70],"card_choices":[{"not_picked":["Poisoned Stab","Caltrops","Sucker Punch"],"picked":"SKIP","floor":1.0},{"not_picked":["Dash","Masterful Stab"],"picked":"Blade Dance","floor":4.0},{"not_picked":["Dodge and Roll","Riddle With Holes"],"picked":"PiercingWail","floor":5.0},{"not_picked":["Setup","Poisoned Stab"],"picked":"Heel Hook","floor":7.0},{"not_picked":["Poisoned Stab","Outmaneuver","Acrobatics"],"picked":"Choke","floor":11.0},{"not_picked":["Predator","Slice","Deadly Poison"],"picked":"Crippling Poison","floor":13.0},{"not_picked":["Noxious Fumes","Prepared+1","Dodge and Roll+1"],"picked":"Terror+1","floor":14.0},{"not_picked":["Envenom","Doppelganger+1","Die Die Die"],"picked":"After Image","floor":16.0},{"not_picked":["Prepared+1","Crippling Poison+1","Skewer","Bane"],"picked":"SKIP","floor":18.0},{"not_picked":["Crippling Poison+1","Skewer","Bane"],"picked":"Prepared+1","floor":18.0},{"not_picked":["All Out Attack","Leg Sweep+1","Outmaneuver+1"],"picked":"Infinite Blades","floor":20.0},{"not_picked":["Expertise+1","Finisher+1","Blade Dance+1"],"picked":"Infinite Blades+1","floor":21.0},{"not_picked":["Leg Sweep+1","Dagger Spray+1","Slice"],"picked":"PiercingWail+1","floor":23.0},{"not_picked":["Bouncing Flask+1","Dagger Spray","Slice"],"picked":"Cloak And Dagger+1","floor":25.0},{"not_picked":["Dagger Throw","PiercingWail+1","Outmaneuver+1"],"picked":"Tools of the Trade","floor":29.0},{"not_picked":["Backflip+1","Underhanded Strike","Dagger Throw"],"picked":"Dodge and Roll+1","floor":30.0},{"not_picked":["Die Die Die","Dagger Throw","Acrobatics+1"],"picked":"Finisher","floor":31.0},{"not_picked":["Corpse Explosion+1","Phantasmal Killer+1","A Thousand Cuts"],"picked":"After Image","floor":33.0},{"not_picked":["Bouncing Flask+1","Underhanded Strike+1","Catalyst+1"],"picked":"PiercingWail+1","floor":35.0},{"not_picked":["Bane+1","Well Laid Plans+1","Skewer+1"],"picked":"Blade Dance+1","floor":37.0},{"not_picked":["Expertise+1","Masterful Stab","Backflip+1"],"picked":"Escape Plan+1","floor":41.0},{"not_picked":["Flying Knee","All Out Attack","Venomology+1"],"picked":"Backflip+1","floor":45.0},{"not_picked":["Dodge and Roll+1","Slice+1","Tactician+1"],"picked":"Blur+1","floor":47.0},{"not_picked":["Slice","Terror+1","Crippling Poison+1"],"picked":"Infinite Blades+1","floor":48.0},{"not_picked":["Expertise+1","Underhanded Strike+1","Concentrate+1","Bane"],"picked":"SKIP","floor":54.0}],"player_experience":821181,"relics_obtained":[{"floor":2.0,"key":"The Courier"},{"floor":7.0,"key":"Question Card"},{"floor":9.0,"key":"FossilizedHelix"},{"floor":14.0,"key":"Toxic Egg 2"},{"floor":26.0,"key":"InkBottle"},{"floor":29.0,"key":"Thread and Needle"},{"floor":31.0,"key":"Tough Bandages"},{"floor":39.0,"key":"Bird Faced Urn"},{"floor":41.0,"key":"MawBank"},{"floor":54.0,"key":"Mercury Hourglass"}],"event_choices":[{"damage_healed":0.0,"max_hp_gain":0.0,"max_hp_loss":0.0,"gold_gain":0.0,"event_name":"Duplicator","player_choice":"Copied","floor":19.0,"gold_loss":0.0,"damage_taken":0.0,"cards_obtained":["After Image"]},{"damage_healed":0.0,"max_hp_gain":0.0,"max_hp_loss":0.0,"gold_gain":0.0,"event_name":"Upgrade Shrine","player_choice":"Upgraded","floor":36.0,"gold_loss":0.0,"damage_taken":0.0,"cards_upgraded":["Tools of the Trade"]},{"damage_healed":0.0,"max_hp_gain":0.0,"max_hp_loss":0.0,"gold_gain":0.0,"event_name":"Mysterious Sphere","player_choice":"Fight","floor":39.0,"gold_loss":0.0,"damage_taken":0.0},{"damage_healed":0.0,"max_hp_gain":0.0,"max_hp_loss":0.0,"gold_gain":0.0,"event_name":"Winding Halls","player_choice":"Embrace Madness","floor":42.0,"gold_loss":0.0,"damage_taken":9.0,"cards_obtained":["Madness","Madness"]}],"is_beta":false,"boss_relics":[{"not_picked":["Cursed Key","Velvet Choker"],"picked":"WristBlade"},{"not_picked":["Snecko Eye","SacredBark"],"picked":"Philosopher\u0027s Stone"}],"items_purged_floors":[12,22,38,46],"is_endless":false,"potions_floor_spawned":[4,5,13,14,16,21,29,30,31,33,35,39,47],"ascension_level":0}}