{"host":"6bsan6hkua32tfq7","time":1611040824,"event":{"mods":["BaseMod","Better Third Choice","Colored Map","Highlight Path","Minty Spire (QoL Compilation)","StSLib"],"gold_per_floor":[118,118,133,211,228,228,258,269,294,327,124,124,135,146,146,224,224,237,55,55,105,120,120,148,3,30,30,64,77,112,123,123,199,199,214,52,65,13,32,32,61,74,74,74,94,0,51,71,71,71,71,71],"floor_reached":51,"language":"ENG","playtime":2659,"items_purged":["Strike_G","Strike_G","Strike_G","Defend_G"],"score":1544,"play_id":"ccab262f-6e0f-4906-adbd-2ec56fe42968","local_time":"20210119082024","is_ascension_mode":true,"campfire_choices":[{"floor":6.0,"key":"REST"},{"floor":12.0,"key":"REST"},{"data":"Cloak And Dagger","floor":15.0,"key":"SMITH"},{"data":"Tools of the Trade","floor":23.0,"key":"SMITH"},{"data":"RitualDagger","floor":27.0,"key":"SMITH"},{"data":"Neutralize","floor":32.0,"key":"SMITH"},{"floor":40,"key":"RECALL"},{"floor":44,"key":"REST"},{"floor":49,"key":"REST"}],"circlet_count":0,"master_deck":["AscendersBane","Defend_G+1","Defend_G+1","Defend_G","Survivor","Neutralize+1","Footwork","Backstab","Dash","Corpse Explosion","Dagger Spray","Cloak And Dagger+1","Tools of the Trade+1","Dodge and Roll","RitualDagger+1","Blade Dance+1","Deflect","Sucker Punch+1","Tools of the Trade","Masterful Stab+1","Outmaneuver+1","PiercingWail+1","Well Laid Plans","Backflip","Backflip"],"relics":["Ring of the Snake","Pen Nib","Kunai","War Paint","Regal Pillow","Turnip","Membership Card","WristBlade","InkBottle","Tiny Chest","Oddly Smooth Stone","PreservedInsect","Anchor","Centennial Puzzle","Astrolabe","OrangePellets","Potion Belt","Red Mask","The Specimen"],"acts_visited":["Exordium","TheCity","TheBeyond"],"potions_floor_usage":[42,42,42,51],"damage_taken":[{"damage":0.0,"enemies":"Small Slimes","floor":1.0,"turns":4.0},{"damage":0.0,"enemies":"Jaw Worm","floor":3.0,"turns":6.0},{"damage":0.0,"enemies":"2 Louse","floor":5.0,"turns":2.0},{"damage":37.0,"enemies":"3 Sentries","floor":7.0,"turns":12.0},{"damage":0.0,"enemies":"Lots of Slimes","floor":8.0,"turns":3.0},{"damage":1.0,"enemies":"Gremlin Nob","floor":10.0,"turns":4.0},{"damage":0.0,"enemies":"Large Slime","floor":13.0,"turns":5.0},{"damage":2.0,"enemies":"Exordium Wildlife","floor":14.0,"turns":5.0},{"damage":0.0,"enemies":"The Guardian","floor":16.0,"turns":16.0},{"damage":0.0,"enemies":"Spheric Guardian","floor":18.0,"turns":1.0},{"damage":1.0,"enemies":"3 Byrds","floor":22.0,"turns":2.0},{"damage":6.0,"enemies":"Slavers","floor":24.0,"turns":3.0},{"damage":2.0,"enemies":"Book of Stabbing","floor":28.0,"turns":6.0},{"damage":0.0,"enemies":"Centurion and Healer","floor":29.0,"turns":11.0},{"damage":3.0,"enemies":"Slavers","floor":30.0,"turns":6.0},{"damage":0.0,"enemies":"Snecko","floor":31.0,"turns":2.0},{"damage":39.0,"enemies":"Collector","floor":33.0,"turns":12.0},{"damage":0,"enemies":"3 Darklings","floor":35,"turns":3},{"damage":0,"enemies":"Orb Walker","floor":37,"turns":3},{"damage":2,"enemies":"Jaw Worm Horde","floor":39,"turns":4},{"damage":21,"enemies":"Reptomancer","floor":41,"turns":7},{"damage":18,"enemies":"Transient","floor":42,"turns":6},{"damage":0,"enemies":"4 Shapes","floor":45,"turns":5},{"damage":3,"enemies":"2 Orb Walkers","floor":47,"turns":2},{"damage":5,"enemies":"Sphere and 2 Shapes","floor":48,"turns":6},{"damage":15,"enemies":"Awakened One","floor":50,"turns":31},{"damage":52,"enemies":"Donu and Deca","floor":51,"turns":8}],"seed_played":"-4016697860263239857","potions_obtained":[{"floor":7.0,"key":"SteroidPotion"},{"floor":8.0,"key":"Block Potion"},{"floor":10.0,"key":"Block Potion"},{"floor":16.0,"key":"LiquidMemories"},{"floor":29.0,"key":"FearPotion"},{"floor":31.0,"key":"Poison Potion"},{"floor":41,"key":"Swift Potion"},{"floor":48,"key":"CunningPotion"}],"is_trial":false,"path_per_floor":["M","?","M","T","M","R","E","M","T","E","$","R","M","M","R","B",null,"M","$","?","?","M","R","E","$","T","R","E","M","E","M","R","B",null,"M","$","M","$","M","R","E","M","T","R","M","?","?","M","R","B","B"],"character_chosen":"THE_SILENT","items_purchased":["Membership Card","InkBottle","Oddly Smooth Stone","OrangePellets","Well Laid Plans","Backflip"],"campfire_rested":4,"item_purchase_floors":[11,19,25,36,38,38],"current_hp_per_floor":[59,39,39,39,39,58,21,21,21,20,20,54,54,52,52,52,63,63,63,57,57,56,56,50,50,50,50,48,48,45,45,45,6,51,51,51,51,51,49,49,28,10,10,44,44,44,41,36,66,51,0,0],"gold":71,"neow_bonus":"RANDOM_COMMON_RELIC","is_daily":false,"chose_seed":false,"campfire_upgraded":4,"win_rate":0.0,"timestamp":1611040824,"path_taken":["M","?","M","?","M","R","E","M","T","E","?","R","M","M","R","BOSS","M","$","?","?","?","R","E","$","T","R","E","M","E","M","R","BOSS","M","$","M","$","M","R","E","M","T","R","M","?","?","M","R","BOSS","BOSS"],"items_purchased_type":["Relic","Relic","Relic","Relic","Card","Card"],"build_version":"2020-12-22","purchased_purges":4,"victory":false,"max_hp_per_floor":[66,66,66,66,66,66,66,66,66,66,66,66,66,66,66,66,66,66,66,66,66,66,66,66,66,66,66,66,66,66,66,66,66,66,66,66,66,66,66,66,66,66,66,66,66,66,66,66,66,66,66,66],"card_choices":[{"not_picked":["Acrobatics","Prepared"],"picked":"Footwork","floor":1.0},{"not_picked":["Choke","Concentrate"],"picked":"Backstab","floor":3.0},{"not_picked":["Prepared","Leg Sweep"],"picked":"Dash","floor":5.0},{"not_picked":["Tactician","Underhanded Strike"],"picked":"Corpse Explosion","floor":7.0},{"not_picked":["Outmaneuver","Deadly Poison"],"picked":"Dagger Spray","floor":8.0},{"not_picked":["Acrobatics","Slice"],"picked":"Cloak And Dagger","floor":10.0},{"not_picked":["Acrobatics","Bane","Tactician"],"picked":"SKIP","floor":13.0},{"not_picked":["Accuracy","Sucker Punch","Underhanded Strike"],"picked":"SKIP","floor":14.0},{"not_picked":["Glass Knife","Envenom"],"picked":"Tools of the Trade","floor":16.0},{"not_picked":["Dodge and Roll","Masterful Stab","Flechettes"],"picked":"SKIP","floor":18.0},{"not_picked":["Masterful Stab","Flechettes"],"picked":"Dodge and Roll","floor":18.0},{"not_picked":["Underhanded Strike","Sucker Punch","Setup"],"picked":"SKIP","floor":22.0},{"not_picked":["Expertise+1","Dagger Throw+1"],"picked":"Blade Dance+1","floor":24.0},{"not_picked":["Dagger Spray+1","Flying Knee"],"picked":"Deflect","floor":28.0},{"not_picked":["Riddle With Holes","Tactician","Setup+1"],"picked":"SKIP","floor":29.0},{"not_picked":["Bouncing Flask","Glass Knife","Finisher"],"picked":"SKIP","floor":30.0},{"not_picked":["Dagger Spray","PiercingWail"],"picked":"Sucker Punch+1","floor":31.0},{"not_picked":["Storm of Steel","Die Die Die"],"picked":"Tools of the Trade","floor":33.0},{"not_picked":["Slice+1","Bane+1","Flechettes"],"picked":"SKIP","floor":35},{"not_picked":["Distraction+1","Prepared+1","Dagger Throw"],"picked":"SKIP","floor":37},{"not_picked":["Acrobatics","Prepared","Dagger Spray"],"picked":"SKIP","floor":39},{"not_picked":["Bane","Sucker Punch"],"picked":"Backflip","floor":41},{"not_picked":["Escape Plan","Masterful Stab","Finisher"],"picked":"SKIP","floor":42},{"not_picked":["Underhanded Strike+1","Bane","Well Laid Plans"],"picked":"SKIP","floor":45},{"not_picked":["Endless Agony","Underhanded Strike","Footwork"],"picked":"SKIP","floor":48}],"player_experience":5318276,"relics_obtained":[{"floor":4.0,"key":"Kunai"},{"floor":7.0,"key":"War Paint"},{"floor":9.0,"key":"Regal Pillow"},{"floor":10.0,"key":"Turnip"},{"floor":24.0,"key":"Tiny Chest"},{"floor":26.0,"key":"PreservedInsect"},{"floor":28.0,"key":"Anchor"},{"floor":30.0,"key":"Centennial Puzzle"},{"floor":41,"key":"Potion Belt"},{"floor":47,"key":"The Specimen"}],"event_choices":[{"damage_healed":59.0,"max_hp_gain":0.0,"max_hp_loss":66.0,"gold_gain":0.0,"event_name":"betterThird:BetterShining","player_choice":"Upgrade","floor":2.0,"gold_loss":0.0,"damage_taken":20.0,"cards_upgraded":["Strike_G","Strike_G"]},{"damage_healed":0.0,"max_hp_gain":0.0,"max_hp_loss":0.0,"gold_gain":0.0,"event_name":"betterThird:BetterNest","player_choice":"Dagger","floor":20.0,"gold_loss":0.0,"damage_taken":6.0,"cards_obtained":["RitualDagger"]},{"damage_healed":0.0,"max_hp_gain":0.0,"max_hp_loss":0.0,"gold_gain":50.0,"event_name":"Golden Shrine","player_choice":"Pray","floor":21.0,"gold_loss":0.0,"damage_taken":0.0},{"damage_healed":0,"gold_gain":0,"player_choice":"Paid","damage_taken":0,"relics_obtained":["Red Mask"],"max_hp_gain":0,"max_hp_loss":0,"event_name":"Tomb of Lord Red Mask","floor":46,"gold_loss":94},{"damage_healed":0,"gold_gain":0,"player_choice":"Fight","damage_taken":0,"max_hp_gain":0,"max_hp_loss":0,"event_name":"Mysterious Sphere","floor":47,"gold_loss":0}],"is_beta":false,"boss_relics":[{"not_picked":["Runic Pyramid","Ring of the Serpent"],"picked":"WristBlade"},{"not_picked":["Cursed Key","Runic Dome"],"picked":"Astrolabe"}],"items_purged_floors":[11,19,25,36],"is_endless":false,"potions_floor_spawned":[7,8,10,16,29,31,33,37,39,41,48],"killed_by":"Donu and Deca","ascension_level":20}}