{"host":"jfbo3eu2ui08ej1u","time":1611026601,"event":{"mods":["2.2 Compatiblity","AchievementEnabler","Act Like it!","Aspiration","BaseMod","Better Altar","Better Match","Better Note","Better Sensory Stone","Better Skull","Better Third Choice","Block Reminder","Colored Map","Colored Powertips","Conspire","DeckTracker","Displayed Cursed Tome","Energized Spire","Fox Events","GifTheSpireLib","Hubris","Infinite Spire","Marked Mod","Minty Spire (QoL Compilation)","Pale of the Ancients","Poor People Problems","Quick Restart","Relic Filter","Reorder Act Four","Replay The Spire","Shop Mod","Spicy Shops","Spire Arcade","StSLib","Stuff the Spire","The Blue Laboratory","The Disciple","The Forsaken","The Hierophant","The Marked","Uncapped","Unceasing Turn Reminder","Wandering Minibosses"],"gold_per_floor":[113,51,69,89,89,89,106,106,174,174,191,219,219,219,219,219,219],"floor_reached":16,"language":"ENG","playtime":353,"items_purged":[],"score":190,"play_id":"9cd5efca-562d-4e4b-8a7b-3b4bdd9c44f0","local_time":"20210118222321","is_ascension_mode":true,"campfire_choices":[{"data":"Hologram","floor":6,"key":"SMITH"},{"data":"Zap","floor":8,"key":"SMITH"},{"data":"Dualcast","floor":10,"key":"SMITH"},{"floor":15,"key":"REST"}],"circlet_count":0,"master_deck":["AscendersBane","Strike_B","Strike_B","Strike_B","Strike_B","Defend_B","Defend_B","Defend_B","Defend_B","Zap+1","Dualcast+1","Gash+1","Go for the Eyes+1","Reinforced Body","Gash","Hologram+1","Rebound","Hologram","Gash"],"relics":["Cracked Core","Blue Doll","Replay:Bottled Steam","Lantern"],"acts_visited":["Exordium"],"potions_floor_usage":[12,16],"damage_taken":[{"damage":0,"enemies":"2 Louse","floor":1,"turns":3},{"damage":0,"enemies":"Jaw Worm","floor":3,"turns":4},{"damage":3,"enemies":"Cultist","floor":4,"turns":4},{"damage":1,"enemies":"Exordium Thugs","floor":7,"turns":4},{"damage":12,"enemies":"Lots of Slimes","floor":11,"turns":4},{"damage":38,"enemies":"Gremlin Nob","floor":12,"turns":4},{"damage":50,"enemies":"Fading Forest","floor":16,"turns":8}],"seed_played":"5333614564029197327","potions_obtained":[{"floor":1,"key":"PowerPotion"},{"floor":3,"key":"blueLaboratory:BiasPotion"}],"is_trial":false,"path_per_floor":["M","$","M","M","?","R","M","R","T","R","M","E","?","?","R","B"],"character_chosen":"DEFECT","items_purchased":["Go for the Eyes+1","Reinforced Body"],"campfire_rested":1,"item_purchase_floors":[2,2],"current_hp_per_floor":[64,64,64,61,61,61,60,60,60,60,48,10,17,17,40,0,0],"gold":219,"neow_bonus":"RANDOM_COMMON_RELIC","is_daily":false,"chose_seed":false,"campfire_upgraded":3,"win_rate":0.0,"timestamp":1611026601,"path_taken":["M","$","M","M","?","R","M","R","T","R","M","E","?","?","R","BOSS"],"items_purchased_type":["Card","Card"],"build_version":"2020-12-22","purchased_purges":0,"victory":false,"max_hp_per_floor":[71,71,71,71,71,71,71,71,71,71,71,71,78,78,78,78,78],"card_choices":[{"not_picked":["Coolheaded","Steam Power"],"picked":"Gash","floor":1},{"not_picked":["Barrage","Coolheaded"],"picked":"Gash","floor":3},{"not_picked":["Coolheaded","Steam Power"],"picked":"Hologram","floor":4},{"not_picked":["Beam Cell","Undo"],"picked":"Rebound","floor":7},{"not_picked":["StuffTheSpire:EventHorizon","Ball Lightning"],"picked":"Hologram","floor":11},{"not_picked":["Storm","Steam"],"picked":"Gash","floor":12}],"player_experience":1205635,"relics_obtained":[{"floor":9,"key":"Replay:Bottled Steam"},{"floor":12,"key":"Lantern"}],"event_choices":[{"cards_removed":["Clumsy"],"damage_healed":0,"gold_gain":0,"player_choice":"Removed Curses","damage_taken":0,"max_hp_gain":0,"max_hp_loss":0,"event_name":"Fountain of Cleansing","floor":14,"gold_loss":0}],"is_beta":false,"boss_relics":[],"items_purged_floors":[],"is_endless":false,"potions_floor_spawned":[1,3,11],"killed_by":"Fading Forest","ascension_level":18}}