{"host":"ckaco0f0uooj3awm","time":1611048516,"event":{"mods":["AchievementEnabler","BaseMod","Bestiary","Block Reminder","Colored Map","Colored Powertips","Highlight Path","Minty Spire (QoL Compilation)","Permanent Neow","Relic Stats"],"gold_per_floor":[115,135,235,252,252,282,293,329,329,329,372,28,69,91,91,91,91],"floor_reached":16,"language":"ENG","playtime":2075,"items_purged":[],"score":163,"play_id":"6612cb07-c746-4a26-9b98-1517d359fb4c","local_time":"20210119102836","is_ascension_mode":true,"campfire_choices":[{"floor":10,"key":"REST"},{"floor":15,"key":"REST"}],"circlet_count":0,"master_deck":["Strike_R","Strike_R","Strike_R","Defend_R","Defend_R","Defend_R","Defend_R","Bash","Hemokinesis","Clothesline","Iron Wave","Pommel Strike","Uppercut","Headbutt","Twin Strike","Corruption","Perfected Strike","Pommel Strike","Offering","True Grit"],"relics":["Burning Blood","Mummified Hand","CeramicFish","Centennial Puzzle","InkBottle","Orichalcum","Juzu Bracelet","MealTicket"],"acts_visited":["Exordium"],"potions_floor_usage":[11],"damage_taken":[{"damage":7,"enemies":"Small Slimes","floor":1,"turns":3},{"damage":3,"enemies":"Cultist","floor":2,"turns":3},{"damage":6,"enemies":"Jaw Worm","floor":4,"turns":2},{"damage":35,"enemies":"3 Sentries","floor":6,"turns":8},{"damage":6,"enemies":"Red Slaver","floor":7,"turns":4},{"damage":39,"enemies":"Lagavulin","floor":8,"turns":6},{"damage":25,"enemies":"3 Sentries","floor":11,"turns":6},{"damage":11,"enemies":"Lagavulin","floor":13,"turns":7},{"damage":11,"enemies":"Large Slime","floor":14,"turns":5},{"damage":37,"enemies":"Hexaghost","floor":16,"turns":9}],"seed_played":"-976589376642852841","potions_obtained":[{"floor":2,"key":"EssenceOfSteel"},{"floor":6,"key":"Ancient Potion"},{"floor":8,"key":"PowerPotion"}],"is_trial":false,"path_per_floor":["M","M","?","M","?","E","M","E","T","R","E","$","E","M","R","B"],"character_chosen":"IRONCLAD","items_purchased":["Pommel Strike","Orichalcum","Juzu Bracelet"],"campfire_rested":2,"item_purchase_floors":[12,12,12],"current_hp_per_floor":[79,80,80,80,80,51,51,18,18,42,23,23,18,13,37,0,0],"gold":91,"neow_bonus":"TRANSFORM_CARD","is_daily":false,"chose_seed":false,"campfire_upgraded":0,"win_rate":0.0,"timestamp":1611048516,"path_taken":["M","M","?","?","?","E","M","E","T","R","E","$","E","M","R","BOSS"],"items_purchased_type":["Card","Relic","Relic"],"build_version":"2020-12-22","purchased_purges":0,"victory":false,"max_hp_per_floor":[80,80,80,80,80,80,80,80,80,80,80,80,80,80,80,80,80],"relic_stats":{"Centennial Puzzle":[12],"counters":[10,53],"Mummified Hand":[5],"CeramicFish":45,"MealTicket":0,"Juzu Bracelet":0,"Orichalcum":[84],"obtain_stats":[{"Centennial Puzzle":9,"Mummified Hand":6,"CeramicFish":8,"MealTicket":13,"Juzu Bracelet":12,"Orichalcum":12,"Burning Blood":0,"InkBottle":11},{"Centennial Puzzle":6,"Mummified Hand":4,"CeramicFish":6,"MealTicket":8,"Juzu Bracelet":7,"Orichalcum":7,"Burning Blood":0,"InkBottle":7},{"Centennial Puzzle":26,"Mummified Hand":16,"CeramicFish":26,"MealTicket":39,"Juzu Bracelet":32,"Orichalcum":32,"Burning Blood":0,"InkBottle":32}],"Burning Blood":52,"InkBottle":[5]},"card_choices":[{"not_picked":["Armaments","Heavy Blade"],"picked":"Clothesline","floor":1},{"not_picked":["Heavy Blade","Flex"],"picked":"Iron Wave","floor":2},{"not_picked":["Armaments","Perfected Strike"],"picked":"Pommel Strike","floor":4},{"not_picked":["Cleave","Heavy Blade"],"picked":"Headbutt","floor":6},{"not_picked":["Shrug It Off","Flex"],"picked":"Twin Strike","floor":7},{"not_picked":["Warcry","Uppercut"],"picked":"Corruption","floor":8},{"not_picked":["Power Through","Cleave"],"picked":"Perfected Strike","floor":11},{"not_picked":["Dropkick","Iron Wave"],"picked":"Offering","floor":13},{"not_picked":["Seeing Red","Pommel Strike"],"picked":"True Grit","floor":14}],"player_experience":249252,"relics_obtained":[{"floor":6,"key":"Mummified Hand"},{"floor":8,"key":"CeramicFish"},{"floor":9,"key":"Centennial Puzzle"},{"floor":11,"key":"InkBottle"},{"floor":13,"key":"MealTicket"}],"event_choices":[{"damage_healed":0,"gold_gain":100,"player_choice":"Pray","damage_taken":0,"max_hp_gain":0,"max_hp_loss":0,"event_name":"Golden Shrine","floor":3,"gold_loss":0},{"damage_healed":0,"gold_gain":0,"cards_transformed":["Strike_R"],"player_choice":"Transformed","damage_taken":0,"max_hp_gain":0,"max_hp_loss":0,"event_name":"Transmorgrifier","floor":5,"gold_loss":0,"cards_obtained":["Uppercut"]}],"is_beta":false,"boss_relics":[],"items_purged_floors":[],"is_endless":false,"potions_floor_spawned":[2,6,8],"killed_by":"Hexaghost","ascension_level":5}}