{"host":"mydft8i2zzydgggw","time":1611071721,"event":{"mods":["AchievementEnabler","BaseMod","BetterRewards","Colored Map","Colored Powertips","DeckTracker","Keyboard Shortcuts","Minty Spire (QoL Compilation)","Rare Cards Sparkle","StSLib","SuperFastMode","everything is the same but u backflip on backflip"],"gold_per_floor":[111,1,14,33,33,63,63,138,138,138,158,177,204,231,231,334,334,314,326,241,252,82,82,82,82],"floor_reached":24,"language":"KOR","playtime":697,"items_purged":["Strike_B","Strike_B"],"score":319,"play_id":"3c8aeb7b-e6eb-4b90-b559-378b99f8d31f","local_time":"20210120005521","is_ascension_mode":true,"campfire_choices":[{"data":"Dualcast","floor":7.0,"key":"SMITH"},{"floor":15.0,"key":"REST"},{"data":"Sweeping Beam","floor":23,"key":"SMITH"}],"circlet_count":0,"master_deck":["AscendersBane","Strike_B","Strike_B","Defend_B","Defend_B","Defend_B","Defend_B","Zap","Dualcast+1","Capacitor","Glacier","Sweeping Beam+1","Multi-Cast","Undo","Turbo","Core Surge+1","Beam Cell+1","Compile Driver+1","BootSequence"],"relics":["Cracked Core","NeowsBlessing","Bottled Flame","Art of War","StrikeDummy","Molten Egg 2","Bag of Preparation","Black Star","Mercury Hourglass"],"acts_visited":["Exordium","TheCity"],"potions_floor_usage":[18,24],"damage_taken":[{"damage":0.0,"enemies":"Cultist","floor":1.0,"turns":1.0},{"damage":0.0,"enemies":"Jaw Worm","floor":3.0,"turns":1.0},{"damage":0.0,"enemies":"2 Louse","floor":4.0,"turns":1.0},{"damage":12.0,"enemies":"3 Sentries","floor":6.0,"turns":9.0},{"damage":0.0,"enemies":"2 Fungi Beasts","floor":11.0,"turns":1.0},{"damage":17.0,"enemies":"Exordium Thugs","floor":12.0,"turns":5.0},{"damage":16.0,"enemies":"Lagavulin","floor":13.0,"turns":7.0},{"damage":17.0,"enemies":"The Guardian","floor":16.0,"turns":17.0},{"damage":14,"enemies":"2 Thieves","floor":18,"turns":5},{"damage":11,"enemies":"Shell Parasite","floor":19,"turns":15},{"damage":20,"enemies":"Shelled Parasite and Fungi","floor":21,"turns":10},{"damage":23,"enemies":"Gremlin Leader","floor":24,"turns":3}],"seed_played":"1660920776636918712","potions_obtained":[{"floor":1.0,"key":"Swift Potion"},{"floor":4.0,"key":"FearPotion"},{"floor":6.0,"key":"Energy Potion"},{"floor":13.0,"key":"Energy Potion"},{"floor":16.0,"key":"GamblersBrew"},{"floor":21,"key":"FocusPotion"}],"is_trial":false,"path_per_floor":["M","$","M","M","$","E","R","?","T","T","M","M","E","T","R","B",null,"M","M","?","M","$","R","E"],"character_chosen":"DEFECT","items_purchased":["Capacitor","BootSequence"],"campfire_rested":1,"item_purchase_floors":[2,22],"current_hp_per_floor":[68,68,68,68,68,56,56,45,45,45,45,28,12,12,34,17,61,47,36,36,16,16,16,0,0],"gold":82,"neow_bonus":"THREE_ENEMY_KILL","is_daily":false,"chose_seed":false,"campfire_upgraded":2,"win_rate":0.0,"timestamp":1611071721,"path_taken":["M","$","?","M","$","E","R","?","T","?","M","?","E","?","R","BOSS","M","M","?","M","$","R","E"],"items_purchased_type":["Card","Card"],"build_version":"2020-12-22","purchased_purges":2,"victory":false,"max_hp_per_floor":[75,75,75,75,75,75,75,75,75,75,75,75,75,75,75,75,75,75,75,75,75,75,75,75,75],"card_choices":[{"not_picked":["Lockon","Scrape","Hologram"],"picked":"SKIP","floor":1.0},{"not_picked":["Undo","Conserve Battery"],"picked":"Glacier","floor":3.0},{"not_picked":["Rip and Tear","Storm"],"picked":"Sweeping Beam","floor":4.0},{"not_picked":["Steam Power","Ball Lightning"],"picked":"Multi-Cast","floor":6.0},{"not_picked":["Scrape","Blizzard"],"picked":"Undo","floor":11.0},{"not_picked":["Barrage","Hello World"],"picked":"Turbo","floor":12.0},{"not_picked":["Gash+1","Streamline+1","Redo"],"picked":"SKIP","floor":13.0},{"not_picked":["Amplify","Rainbow"],"picked":"Core Surge+1","floor":16.0},{"not_picked":["Sunder+1","Fusion","Scrape+1"],"picked":"SKIP","floor":18},{"not_picked":["Rebound+1","Gash+1"],"picked":"Beam Cell+1","floor":19},{"not_picked":["Streamline+1","Reprogram+1"],"picked":"Compile Driver+1","floor":21}],"player_experience":184514,"relics_obtained":[{"floor":6.0,"key":"Bottled Flame"},{"floor":9.0,"key":"Art of War"},{"floor":10.0,"key":"StrikeDummy"},{"floor":13.0,"key":"Molten Egg 2"},{"floor":14.0,"key":"Bag of Preparation"}],"event_choices":[{"damage_healed":0.0,"max_hp_gain":0.0,"max_hp_loss":0.0,"gold_gain":75.0,"event_name":"World of Goop","player_choice":"Gather Gold","floor":8.0,"gold_loss":0.0,"damage_taken":11.0},{"damage_healed":0,"gold_gain":0,"player_choice":"Obtained Relic","damage_taken":0,"relics_obtained":["Mercury Hourglass"],"max_hp_gain":0,"max_hp_loss":0,"event_name":"Addict","floor":20,"gold_loss":85}],"is_beta":false,"boss_relics":[{"not_picked":["Runic Pyramid","Coffee Dripper"],"picked":"Black Star"}],"items_purged_floors":[2,22],"is_endless":false,"potions_floor_spawned":[1,4,6,13,16,21],"killed_by":"Gremlin Leader","ascension_level":11}}