{"host":"9jskdx4t2il7kdto","time":1611081533,"event":{"mods":["AchievementEnabler","Act Like it!","BaseMod","Card Forge","Colored Powertips","Highlight Path","Minty Spire (QoL Compilation)","Replay The Spire","StSLib","UnlockEverythingMod"],"gold_per_floor":[117,292,292,292,139,139,159,159,159,169,169,139,139,139,139,139,139,139,139,139,139,139,139,89,89,89,89,89,89,89,89,89,89,89,89,89,89,89,89,11,11,11,11,11,11,11,11,11,11,11,11,11,11,11],"floor_reached":55,"language":"ENG","playtime":2591,"items_purged":[],"score":1660,"play_id":"84805902-9db5-4a61-a636-440f526bc6d5","local_time":"20210119123853","is_ascension_mode":true,"campfire_choices":[{"data":"Fire Breathing","floor":6,"key":"SMITH"},{"floor":15,"key":"REST"},{"floor":17,"key":"RECALL"},{"floor":34,"key":"REST"},{"floor":51,"key":"REST"}],"circlet_count":0,"master_deck":["Defend_R+1","Defend_R+1","Defend_R+1","Defend_R+1","Juggernaut+1","Shrug It Off+1","Flame Barrier+1","Entrench+1","Impervious+1","Feel No Pain+1","Entrench+1","Fire Breathing+1","Barricade+1","Fire Breathing+1","Power Through+1","Fire Breathing+1","Corruption+1","Feel No Pain+1","Dark Embrace+1","Exhume+1","Exhume+1","Power Through+1","Power Through+1","Power Through+1"],"relics":["Black Blood","Hammer of Thor","Seething Fire","Anvil of the Gods","Philosopher\u0027s Stone","Fusion Hammer","Ectoplasm","Bottled Tornado","Bottled Tornado","Bottled Tornado","Bottled Tornado","Bottled Tornado","Snecko Eye","Meat on the Bone","Omamori","Matryoshka","Ancient Tea Set","Bottled Tornado","Bottled Tornado","Bottled Tornado","Bottled Tornado","ReplayTheSpireMod:Lightbulb","Lantern","Orichalcum","Pear","ReplayTheSpireMod:Ninjato","Dead Branch","Pet Ghost","Whetstone","Anchor","Unceasing Top"],"acts_visited":["Exordium","TheCity","TheBeyond","TheEnding"],"potions_floor_usage":[27,31,31,54],"damage_taken":[{"damage":9,"enemies":"2 Louse","floor":1,"turns":3},{"damage":7,"enemies":"Small Slimes","floor":7,"turns":5},{"damage":12,"enemies":"Cultist","floor":10,"turns":6},{"damage":0,"enemies":"Looter","floor":12,"turns":3},{"damage":0,"enemies":"Lagavulin","floor":14,"turns":5},{"damage":10,"enemies":"3 Sentries","floor":16,"turns":4},{"damage":0,"enemies":"Hexaghost","floor":18,"turns":5},{"damage":14,"enemies":"Shell Parasite","floor":20,"turns":2},{"damage":0,"enemies":"Spheric Guardian","floor":21,"turns":3},{"damage":0,"enemies":"Snake Plant","floor":23,"turns":2},{"damage":30,"enemies":"Slavers","floor":25,"turns":4},{"damage":0,"enemies":"3 Cultists","floor":26,"turns":2},{"damage":22,"enemies":"Centurion and Healer","floor":27,"turns":3},{"damage":8,"enemies":"Book of Stabbing","floor":29,"turns":2},{"damage":0,"enemies":"Gremlin Leader","floor":31,"turns":5},{"damage":2,"enemies":"Snecko","floor":32,"turns":3},{"damage":18,"enemies":"Shelled Parasite and Fungi","floor":33,"turns":2},{"damage":9,"enemies":"Pondfish","floor":35,"turns":2},{"damage":0,"enemies":"3 Darklings","floor":37,"turns":3},{"damage":10,"enemies":"Orb Walker","floor":38,"turns":2},{"damage":4,"enemies":"3 Darklings","floor":39,"turns":4},{"damage":11,"enemies":"Spire Growth","floor":41,"turns":3},{"damage":0,"enemies":"R_Hoarder","floor":42,"turns":5},{"damage":11,"enemies":"4 Shapes","floor":44,"turns":2},{"damage":2,"enemies":"Nemesis","floor":46,"turns":2},{"damage":0,"enemies":"Maw","floor":47,"turns":6},{"damage":8,"enemies":"Donu and Deca","floor":49,"turns":6},{"damage":0,"enemies":"Shield and Spear","floor":53,"turns":4},{"damage":1,"enemies":"The Heart","floor":54,"turns":7}],"seed_played":"-5399451341112442707","potions_obtained":[{"floor":10,"key":"FearPotion"},{"floor":14,"key":"Explosive Potion"},{"floor":16,"key":"SpeedPotion"},{"floor":20,"key":"Fire Potion"},{"floor":26,"key":"Reflective Coating"},{"floor":27,"key":"Fire Potion"},{"floor":33,"key":"Swift Potion"},{"floor":37,"key":"Adrenaline Potion"}],"is_trial":false,"path_per_floor":["M","?","?","?","$","R","M","PTL","PTL","M","T","M","T","E","R","E","R","B",null,"M","M","$","M","?","E","M","M","T","E","?","E","M","M","R","B",null,"M","M","M","$","M","E","?","M","T","E","M","?","B",null,"R","$","E","B",null],"character_chosen":"IRONCLAD","items_purchased":["Flame Barrier","Entrench","DistilledChaos"],"campfire_rested":3,"item_purchase_floors":[5,5,40],"current_hp_per_floor":[77,77,61,61,61,61,60,60,60,54,54,60,60,66,80,76,76,80,80,72,78,78,80,80,56,62,58,58,66,63,69,73,61,88,85,90,90,90,90,90,90,90,90,90,90,90,90,90,90,90,90,90,90,90],"gold":11,"neow_bonus":"ONE_RANDOM_RARE_CARD","is_daily":false,"chose_seed":false,"campfire_upgraded":1,"win_rate":0.0,"timestamp":1611081533,"path_taken":["M","?","?","?","$","R","M","PTL","PTL","M","T","M","?","E","R","E","R","BOSS","M","M","$","M","?","E","?","M","T","E","?","E","M","M","R","BOSS","M","?","?","$","M","E","?","M","T","E","M","?","BOSS","R","$","E","BOSS"],"items_purchased_type":["Card","Card","Potion"],"build_version":"2020-12-22","purchased_purges":0,"victory":true,"max_hp_per_floor":[80,80,80,80,80,80,80,80,80,80,80,80,80,80,80,80,80,80,80,80,80,80,80,80,80,80,80,80,90,90,90,90,90,90,90,90,90,90,90,90,90,90,90,90,90,90,90,90,90,90,90,90,90,90],"card_choices":[{"not_picked":["ReplayTheSpireMod:Strike From Hell","Whirlwind"],"picked":"Shrug It Off","floor":1},{"not_picked":["Replay:Undeath\u0027s Touch","Defy Death","Dual Wield"],"picked":"SKIP","floor":7},{"not_picked":["Headbutt","Iron Wave","Blood for Blood"],"picked":"SKIP","floor":10},{"not_picked":["Headbutt","Iron Wave","Blood for Blood"],"picked":"SKIP","floor":10},{"not_picked":["Headbutt","Iron Wave","Blood for Blood"],"picked":"SKIP","floor":10},{"not_picked":["Clothesline","True Grit","Replay:Undeath\u0027s Touch"],"picked":"SKIP","floor":12},{"not_picked":["Clothesline","Hemokinesis","Anger"],"picked":"SKIP","floor":14},{"not_picked":["Iron Wave","Life Link","Clash"],"picked":"SKIP","floor":16},{"not_picked":["Wild Strike","Disarm"],"picked":"Body Slam","floor":20},{"not_picked":["Spot Weakness","Blood for Blood","Havoc+1"],"picked":"SKIP","floor":21},{"not_picked":["Entrench","Run Through+1","Pommel Strike"],"picked":"SKIP","floor":23},{"not_picked":["ReplayTheSpireMod:Strike From Hell+1","Combust+1"],"picked":"Exhume","floor":25},{"not_picked":["Cleave","Evolve+1","Abandon"],"picked":"SKIP","floor":26},{"not_picked":["Body Slam","ReplayTheSpireMod:Muscle Training+1","Armaments"],"picked":"SKIP","floor":27},{"not_picked":["Defy Death","Thunderclap","Heavy Blade"],"picked":"SKIP","floor":29},{"not_picked":["Sever Soul","Metallicize","Pummel"],"picked":"SKIP","floor":31},{"not_picked":["Rupture","Blood for Blood","Iron Wave"],"picked":"SKIP","floor":32},{"not_picked":["ReplayTheSpireMod:Muscle Training","Blood for Blood+1","Twin Strike"],"picked":"SKIP","floor":33},{"not_picked":["Corruption","Juggernaut"],"picked":"Exhume","floor":35},{"not_picked":["Clash+1","Havoc+1","Body Slam+1"],"picked":"SKIP","floor":37},{"not_picked":["Entrench","Life Link","Clothesline+1"],"picked":"SKIP","floor":38},{"not_picked":["ReplayTheSpireMod:Limb From Limb+1","Feed","Body Slam"],"picked":"SKIP","floor":39},{"not_picked":["Rampage+1","ReplayTheSpireMod:Strike From Hell+1","Iron Wave"],"picked":"SKIP","floor":41},{"not_picked":["Whirlwind","ReplayTheSpireMod:LeadingStrike+1","Barricade"],"picked":"SKIP","floor":42},{"not_picked":["Infernal Blade+1","Headbutt+1","Iron Wave"],"picked":"SKIP","floor":44},{"not_picked":["Twin Strike","Feed","Heavy Blade+1"],"picked":"SKIP","floor":46},{"not_picked":["Combust","Hemokinesis","Flame Barrier+1"],"picked":"SKIP","floor":47},{"not_picked":["Thunderclap+1","Pummel","Iron Wave+1"],"picked":"SKIP","floor":53}],"player_experience":350134,"relics_obtained":[{"floor":11,"key":"Meat on the Bone"},{"floor":13,"key":"Omamori"},{"floor":14,"key":"Matryoshka"},{"floor":16,"key":"Ancient Tea Set"},{"floor":25,"key":"ReplayTheSpireMod:Lightbulb"},{"floor":28,"key":"Lantern"},{"floor":28,"key":"Orichalcum"},{"floor":29,"key":"Pear"},{"floor":31,"key":"ReplayTheSpireMod:Ninjato"},{"floor":42,"key":"Pet Ghost"},{"floor":45,"key":"Whetstone"},{"floor":46,"key":"Anchor"},{"floor":53,"key":"Unceasing Top"}],"event_choices":[{"damage_healed":0,"gold_gain":175,"player_choice":"AGREE","damage_taken":0,"max_hp_gain":0,"max_hp_loss":0,"event_name":"Liars Game","floor":2,"gold_loss":0,"cards_obtained":["Doubt"]},{"damage_healed":0,"gold_gain":0,"player_choice":"Entered Light","damage_taken":16,"max_hp_gain":0,"max_hp_loss":0,"event_name":"Shining Light","floor":3,"gold_loss":0,"cards_upgraded":["Shrug It Off","Juggernaut"]},{"damage_healed":0,"gold_gain":0,"cards_transformed":["Strike_R"],"player_choice":"Change","damage_taken":0,"max_hp_gain":0,"max_hp_loss":0,"event_name":"Living Wall","floor":4,"gold_loss":0,"cards_obtained":["Second Wind"]},{"damage_healed":0,"gold_gain":0,"player_choice":"Bet on Murderer","damage_taken":0,"max_hp_gain":0,"max_hp_loss":0,"event_name":"The Joust","floor":24,"gold_loss":50},{"damage_healed":0,"gold_gain":0,"player_choice":"Punched","damage_taken":3,"max_hp_gain":0,"max_hp_loss":0,"event_name":"Designer","floor":30,"gold_loss":0},{"cards_removed":["Body Slam"],"damage_healed":0,"gold_gain":0,"player_choice":"Removed Attack","damage_taken":0,"max_hp_gain":0,"max_hp_loss":0,"event_name":"Falling","floor":43,"gold_loss":0},{"damage_healed":0,"gold_gain":0,"player_choice":"Took Portal","damage_taken":0,"max_hp_gain":0,"max_hp_loss":0,"event_name":"SecretPortal","floor":48,"gold_loss":0}],"is_beta":false,"boss_relics":[{"not_picked":[]},{"not_picked":["Philosopher\u0027s Stone","Replay:Grab Bag"],"picked":"Black Blood"}],"items_purged_floors":[],"is_endless":false,"potions_floor_spawned":[10,14,16,20,23,26,27,33,37,38,44,46],"ascension_level":1}}