{"host":"pmmuxs046gii331m","time":1611080185,"event":{"mods":["AchievementEnabler","BaseMod","Colored Powertips","Downfall","Gold Saver","Minty Spire (QoL Compilation)","Permanent Neow","Quick Restart","StSLib"],"gold_per_floor":[1130,1130,1130,864,864,864,864,849,872,872,684,702,702,720,736,841,841,841,852,852,712,728,728,728,728],"floor_reached":23,"language":"ENG","playtime":3840,"items_purged":["hexamod:Strike","hexamod:Defend","hexamod:Strike"],"score":175,"play_id":"2fc12d36-7192-4d27-b7e7-1d2ffa979840","local_time":"20210119131625","is_ascension_mode":false,"campfire_choices":[{"data":"hexamod:Float","floor":1.0,"key":"SMITH"},{"data":"hexamod:Rewind","floor":6.0,"key":"SMITH"},{"data":"hexamod:ThermalTransfer","floor":10,"key":"SMITH"},{"data":"hexamod:VolcanoVisage","floor":13,"key":"SMITH"},{"data":"hexamod:RadiantFlame","floor":18,"key":"SMITH"}],"circlet_count":0,"master_deck":["hexamod:Strike","hexamod:Strike+1","hexamod:Defend","hexamod:Defend","hexamod:Defend","hexamod:Sear","hexamod:Float+1","hexamod:FastForward","hexamod:FirstSeal","hexamod:BurningTouch","hexamod:Rewind+1","hexamod:ThermalTransfer+1","hexamod:VolcanoVisage+1","hexamod:ExtraCrispy","hexamod:StepThrough","hexamod:RadiantFlame+1","hexamod:StepThrough","hexamod:FifthSeal","hexamod:SixthSeal","hexamod:FlamesFromBeyond","hexamod:ThirdSeal","hexamod:FourthSeal","hexamod:PowerFromBeyond"],"relics":["hexamod:SpiritBrand","downfall:HeartsMalice","ClockworkSouvenir","Odd Mushroom","Sozu","GremlinMask"],"acts_visited":["Exordium","TheCity"],"potions_floor_usage":[16,16,16,22],"damage_taken":[{"damage":0.0,"enemies":"Jaw Worm","floor":2.0,"turns":1.0},{"damage":0.0,"enemies":"downfall:FleeingMerchant","floor":4.0,"turns":1.0},{"damage":0.0,"enemies":"2 Louse","floor":5.0,"turns":1.0},{"damage":0.0,"enemies":"downfall:FleeingMerchant","floor":8.0,"turns":4.0},{"damage":21,"enemies":"The Mushroom Lair","floor":9,"turns":6},{"damage":5,"enemies":"downfall:FleeingMerchant","floor":11,"turns":4},{"damage":15,"enemies":"Small Slimes","floor":12,"turns":3},{"damage":13,"enemies":"Exordium Wildlife","floor":14,"turns":4},{"damage":16,"enemies":"Exordium Thugs","floor":15,"turns":3},{"damage":29,"enemies":"WA_ARCHETYPE_RETAIN","floor":16,"turns":6},{"damage":32,"enemies":"3 Byrds","floor":19,"turns":6},{"damage":10,"enemies":"downfall:FleeingMerchant","floor":21,"turns":4},{"damage":38,"enemies":"Centurion and Healer","floor":22,"turns":5},{"damage":16,"enemies":"3 Cultists","floor":23,"turns":3}],"seed_played":"1756977268700517353","potions_obtained":[{"floor":9,"key":"Regen Potion"},{"floor":12,"key":"SkillPotion"},{"floor":14,"key":"Ancient Potion"},{"floor":16,"key":"PowerPotion"}],"is_trial":false,"path_per_floor":["R","M","?","$","M","R","T","$","?","R","$","M","R","M","M","B",null,"R","M","?","$","M","M"],"character_chosen":"THE_SPIRIT","items_purchased":["ClockworkSouvenir","hexamod:Rewind","hexamod:ExtraCrispy"],"campfire_rested":0,"item_purchase_floors":[4,4,11],"current_hp_per_floor":[70,70,63,63,63,63,63,70,56,56,58,50,50,44,35,28,70,70,45,45,42,11,0,0,0],"gold":728,"neow_bonus":"THREE_ENEMY_KILL","is_daily":false,"chose_seed":false,"campfire_upgraded":5,"win_rate":0.0,"timestamp":1611080185,"path_taken":["R","M","?","$","M","R","T","$","?","R","$","M","R","M","M","BOSS","R","M","?","$","?","M"],"items_purchased_type":["Relic","Card","Card"],"build_version":"2020-12-22","purchased_purges":3,"victory":false,"max_hp_per_floor":[70,70,70,70,70,70,70,70,70,70,70,70,70,70,70,70,70,70,70,70,70,70,70,70,70],"card_choices":[{"not_picked":["hexamod:SwordOfDarkness","hexamod:HauntingEcho"],"picked":"hexamod:FastForward","floor":2.0},{"not_picked":["hexamod:SwordOfDarkness","hexamod:EtherealExpedition"],"picked":"hexamod:BurningTouch","floor":4.0},{"not_picked":["hexamod:BurningTouch","hexamod:GhostLash","hexamod:Hexaguard"],"picked":"SKIP","floor":5.0},{"not_picked":["hexamod:NightmareGuise","hexamod:UnleashSpirits"],"picked":"hexamod:ThermalTransfer","floor":8},{"not_picked":["hexamod:TimeWarp","hexamod:ShieldOfDarkness"],"picked":"hexamod:VolcanoVisage","floor":11},{"not_picked":["hexamod:ThermalTransfer","hexamod:BacktrackSmack"],"picked":"hexamod:StepThrough","floor":12},{"not_picked":["hexamod:RetreatToShadows","hexamod:SwordOfDarkness"],"picked":"hexamod:RadiantFlame","floor":14},{"not_picked":["hexamod:FastForward","hexamod:InspiringFlames"],"picked":"hexamod:StepThrough","floor":15},{"not_picked":["hexamod:GiftsFromTheDead","hexamod:VolcanoVisage"],"picked":"hexamod:FifthSeal","floor":16},{"not_picked":["hexamod:ThirdSeal","hexamod:SecondSeal"],"picked":"hexamod:SixthSeal","floor":19},{"not_picked":["hexamod:NightmareStrike","hexamod:GhostOfSpireFuture"],"picked":"hexamod:FlamesFromBeyond","floor":19},{"not_picked":["hexamod:FirstSeal","hexamod:SixthSeal"],"picked":"hexamod:ThirdSeal","floor":21},{"not_picked":["hexamod:Incineration","hexamod:BacktrackSmack","hexamod:NightmareStrike"],"picked":"SKIP","floor":21},{"not_picked":["hexamod:FirstSeal","hexamod:SixthSeal"],"picked":"hexamod:FourthSeal","floor":22},{"not_picked":["hexamod:SkipABeat","hexamod:InspiringFlames"],"picked":"hexamod:PowerFromBeyond","floor":22}],"player_experience":339740,"relics_obtained":[{"floor":9,"key":"Odd Mushroom"}],"event_choices":[{"damage_healed":0,"gold_gain":0,"player_choice":"Fought Mushrooms","damage_taken":0,"max_hp_gain":0,"max_hp_loss":0,"event_name":"Mushrooms","floor":9,"gold_loss":0},{"damage_healed":0,"gold_gain":0,"player_choice":"Trade","damage_taken":0,"relics_obtained":["GremlinMask"],"max_hp_gain":0,"max_hp_loss":0,"event_name":"FaceTrader","floor":20,"gold_loss":0}],"is_beta":false,"boss_relics":[{"not_picked":["Empty Cage","Pandora\u0027s Box"],"picked":"Sozu"}],"items_purged_floors":[4,11,21],"is_endless":false,"potions_floor_spawned":[9,12,14,15,16,19,22],"killed_by":"3 Cultists","ascension_level":0}}