{"host":"9l4mw5jqza9qz9hr","time":1611050937,"event":{"mods":["AchievementEnabler","Always Whale","BaseMod","Colored Map","Minty Spire (QoL Compilation)","StSLib","SuperFastMode"],"gold_per_floor":[144,189,189,234,132,132,132,132,157,57,57,155,204,379,379,704,704,753,802,194,243,243,341,341,390,415,515,564,613,662,662,662],"floor_reached":31,"language":"KOR","playtime":1255,"items_purged":["Strike_P","Defend_P","Strike_P"],"score":307,"play_id":"aeae139c-3bb5-4967-ba2e-59c350b60373","local_time":"20210119190857","daily_mods":["Allstar","Time Dilation","Midas"],"is_ascension_mode":false,"campfire_choices":[{"floor":6,"key":"REST"},{"floor":15,"key":"REST"},{"floor":24,"key":"DIG"}],"circlet_count":0,"master_deck":["Strike_P","Defend_P","Defend_P","Defend_P","Eruption","Vigilance","Impatience","Transmutation+1","Mind Blast+1","Secret Technique","Bandage Up","SandsOfTime","DeusExMachina","Evaluate","Crescendo","FlurryOfBlows","Doubt","Ragnarok","Apotheosis","Adaptation","Wallop","Adaptation"],"relics":["PureWater","Boot","Golden Idol","Damaru","Black Star","Shovel","Lantern","Ornamental Fan","Dead Branch","Orichalcum"],"acts_visited":["Exordium","TheCity"],"potions_floor_usage":[],"damage_taken":[{"damage":0,"enemies":"Small Slimes","floor":1,"turns":3},{"damage":0,"enemies":"Jaw Worm","floor":2,"turns":3},{"damage":0,"enemies":"2 Louse","floor":4,"turns":2},{"damage":39,"enemies":"3 Sentries","floor":12,"turns":11},{"damage":0,"enemies":"2 Fungi Beasts","floor":13,"turns":3},{"damage":6,"enemies":"Hexaghost","floor":16,"turns":7},{"damage":0,"enemies":"Spheric Guardian","floor":18,"turns":2},{"damage":0,"enemies":"3 Byrds","floor":19,"turns":3},{"damage":15,"enemies":"Shelled Parasite and Fungi","floor":21,"turns":3},{"damage":37,"enemies":"Gremlin Leader","floor":23,"turns":6},{"damage":12,"enemies":"Snake Plant","floor":25,"turns":2},{"damage":0,"enemies":"Sentry and Sphere","floor":28,"turns":3},{"damage":0,"enemies":"Centurion and Healer","floor":29,"turns":4},{"damage":26,"enemies":"Shelled Parasite and Fungi","floor":30,"turns":3},{"damage":14,"enemies":"Colosseum Slavers","floor":31,"turns":1}],"seed_played":"3706737729498028133","potions_obtained":[{"floor":1,"key":"Strength Potion"},{"floor":2,"key":"FearPotion"},{"floor":16,"key":"DuplicationPotion"}],"is_trial":false,"path_per_floor":["M","M","?","M","$","R","?","$","T","$","?","E","M","?","R","B",null,"M","M","$","M","?","E","R","M","T","?","M","M","M","?"],"character_chosen":"WATCHER","items_purchased":["Crescendo","Apotheosis","Shovel"],"campfire_rested":2,"item_purchase_floors":[5,20,20],"current_hp_per_floor":[72,72,77,77,77,77,62,62,62,62,43,8,12,12,35,33,77,77,77,77,62,62,31,31,19,19,19,25,29,9,0,0],"gold":662,"neow_bonus":"","is_daily":true,"chose_seed":false,"campfire_upgraded":0,"win_rate":0.0,"timestamp":1611050937,"path_taken":["M","M","?","M","$","R","?","$","T","?","?","E","M","?","R","BOSS","M","M","$","M","?","E","R","M","T","?","M","M","?","?"],"items_purchased_type":["Card","Card","Relic"],"build_version":"2020-12-22","purchased_purges":3,"victory":false,"max_hp_per_floor":[72,72,77,77,77,77,77,77,77,77,77,77,77,77,77,77,77,77,77,77,77,77,77,77,77,77,77,77,77,77,77,77],"card_choices":[{"not_picked":["Prostrate","Evaluate"],"picked":"SandsOfTime","floor":1},{"not_picked":["PathToVictory","Weave"],"picked":"DeusExMachina","floor":2},{"not_picked":["ClearTheMind","Wireheading"],"picked":"Evaluate","floor":4},{"not_picked":["EmptyBody","Perseverance"],"picked":"FlurryOfBlows","floor":12},{"not_picked":["FollowUp","ClearTheMind","Prostrate"],"picked":"SKIP","floor":13},{"not_picked":["Wish","Scrawl"],"picked":"Ragnarok","floor":16},{"not_picked":["Crescendo","CutThroughFate+1","FollowUp"],"picked":"SKIP","floor":18},{"not_picked":["Halt","Prostrate","CutThroughFate"],"picked":"SKIP","floor":19},{"not_picked":["FollowUp","ClearTheMind"],"picked":"Adaptation","floor":21},{"not_picked":["EmptyBody+1","Halt"],"picked":"Wallop","floor":23},{"not_picked":["ThirdEye","Halt","Establishment"],"picked":"SKIP","floor":25},{"not_picked":["SashWhip","JustLucky","EmptyFist"],"picked":"SKIP","floor":28},{"not_picked":["Consecrate+1","Nirvana+1","SandsOfTime"],"picked":"SKIP","floor":29},{"not_picked":["SandsOfTime","Vengeance"],"picked":"Adaptation","floor":30}],"player_experience":230017,"relics_obtained":[{"floor":9,"key":"Boot"},{"floor":12,"key":"Damaru"},{"floor":23,"key":"Lantern"},{"floor":23,"key":"Ornamental Fan"},{"floor":24,"key":"Dead Branch"},{"floor":26,"key":"Orichalcum"}],"event_choices":[{"damage_healed":0,"gold_gain":0,"player_choice":"Donut","damage_taken":0,"max_hp_gain":5,"max_hp_loss":0,"event_name":"Big Fish","floor":3,"gold_loss":0},{"damage_healed":0,"gold_gain":0,"player_choice":"Entered Light","damage_taken":15,"max_hp_gain":0,"max_hp_loss":0,"event_name":"Shining Light","floor":7,"gold_loss":0,"cards_upgraded":["Transmutation","Mind Blast"]},{"damage_healed":0,"gold_gain":0,"player_choice":"Take Damage","damage_taken":19,"relics_obtained":["Golden Idol"],"max_hp_gain":0,"max_hp_loss":0,"event_name":"Golden Idol","floor":11,"gold_loss":0},{"damage_healed":0,"gold_gain":175,"player_choice":"AGREE","damage_taken":0,"max_hp_gain":0,"max_hp_loss":0,"event_name":"Liars Game","floor":14,"gold_loss":0,"cards_obtained":["Doubt"]},{"cards_removed":["Strike_P"],"damage_healed":0,"gold_gain":0,"player_choice":"Elegance","damage_taken":0,"max_hp_gain":0,"max_hp_loss":0,"event_name":"Back to Basics","floor":22,"gold_loss":0},{"damage_healed":0,"gold_gain":100,"player_choice":"Pray","damage_taken":0,"max_hp_gain":0,"max_hp_loss":0,"event_name":"Golden Shrine","floor":27,"gold_loss":0},{"damage_healed":0,"gold_gain":0,"player_choice":"Fight","damage_taken":0,"max_hp_gain":0,"max_hp_loss":0,"event_name":"Colosseum","floor":31,"gold_loss":0}],"is_beta":false,"boss_relics":[{"not_picked":["Runic Pyramid","Velvet Choker"],"picked":"Black Star"}],"items_purged_floors":[5,10,20],"is_endless":false,"potions_floor_spawned":[1,2,16,19,25,28,30],"killed_by":"Colosseum Slavers","ascension_level":0}}