{"host":"nbmmy2ys5j9alw05","time":1611039534,"event":{"mods":["AchievementEnabler","BaseMod","Bestiary","Better Vampires","Colored Map","Colored Powertips","Googly Eyes","Minty Spire (QoL Compilation)","Quick Restart","StSLib","The Hierophant","The IronCluck","everything is the same but u backflip on backflip"],"gold_per_floor":[115,155,24,24,24,24,132,132,132,189,189,216,238,188,188,301,301,373,43,43,43,43,143,43,43,43,43,181,141,168,287,287,407,407,563,563,563,592,512,512,549,549,549,549,527,527,520,685,685,639],"floor_reached":51,"language":"ENG","playtime":2099,"items_purged":["hierophant:Strike_Hierophant","hierophant:Strike_Hierophant"],"score":689,"play_id":"3833b54d-7624-4ec1-a13f-34c07f1536e9","local_time":"20210118225854","is_ascension_mode":false,"campfire_choices":[{"data":"hierophant:CoinFling","floor":6,"key":"SMITH"},{"data":"hierophant:ChurchCoffers","floor":11,"key":"SMITH"},{"floor":15,"key":"REST"},{"floor":25,"key":"REST"},{"floor":27,"key":"REST"},{"floor":32,"key":"REST"},{"floor":40,"key":"REST"},{"floor":42,"key":"REST"},{"floor":44,"key":"REST"},{"floor":49,"key":"REST"}],"circlet_count":0,"master_deck":["hierophant:Punish","hierophant:Defend_Hierophant","hierophant:Defend_Hierophant+1","hierophant:Defend_Hierophant+1","hierophant:Defend_Hierophant","hierophant:ChurchCoffers+1","hierophant:RustyCrate","hierophant:Doubloon+1","hierophant:Doubloon+1","hierophant:Doubloon+1","hierophant:Remorse+1","hierophant:CoinFling+1","hierophant:Doubloon+1","hierophant:RustyCrate+1","hierophant:Doubloon+1","hierophant:Doubloon+1","hierophant:Doubloon+1","hierophant:Remorse","hierophant:Cornucopia","hierophant:MintersHammer","hierophant:Doubloon+1","hierophant:Dazzle","hierophant:AuricForm","hierophant:Bribe+1","hierophant:RecallFunds","hierophant:Doubloon+1","hierophant:Doubloon+1","hierophant:Dazzle+1","hierophant:Doubloon","hierophant:Remorse+1","hierophant:Cornucopia"],"relics":["hierophant:PropheticMaskRelic","NeowsBlessing","Golden Idol","Boot","hierophant:DonationBoxRelic","Fusion Hammer","Potion Belt","Bottled Flame","Meat on the Bone","StrikeDummy","Bird Faced Urn","Du-Vu Doll","Runic Pyramid","Happy Flower","Molten Egg 2","Regal Pillow"],"acts_visited":["Exordium","TheCity","TheBeyond"],"potions_floor_usage":[28,33,33,33,33,33,35,47,50,50,50],"damage_taken":[{"damage":0,"enemies":"2 Louse","floor":1,"turns":1},{"damage":0,"enemies":"Small Slimes","floor":2,"turns":1},{"damage":0,"enemies":"Lagavulin","floor":7,"turns":1},{"damage":1,"enemies":"Jaw Worm","floor":10,"turns":2},{"damage":0,"enemies":"Exordium Wildlife","floor":12,"turns":2},{"damage":7,"enemies":"Blue Slaver","floor":13,"turns":3},{"damage":0,"enemies":"Slime Boss","floor":16,"turns":5},{"damage":15,"enemies":"3 Byrds","floor":18,"turns":4},{"damage":14,"enemies":"Gremlin Leader","floor":23,"turns":5},{"damage":10,"enemies":"2 Thieves","floor":28,"turns":2},{"damage":21,"enemies":"Snake Plant","floor":30,"turns":5},{"damage":23,"enemies":"Book of Stabbing","floor":31,"turns":4},{"damage":14,"enemies":"Automaton","floor":33,"turns":4},{"damage":19,"enemies":"3 Darklings","floor":35,"turns":3},{"damage":5,"enemies":"Orb Walker","floor":38,"turns":3},{"damage":98,"enemies":"Reptomancer","floor":41,"turns":3},{"damage":25,"enemies":"Nemesis","floor":45,"turns":5},{"damage":21,"enemies":"Maw","floor":47,"turns":5},{"damage":24,"enemies":"Jaw Worm Horde","floor":48,"turns":2},{"damage":37,"enemies":"Awakened One","floor":50,"turns":6}],"seed_played":"-2061099760640711755","potions_obtained":[{"floor":2,"key":"LiquidMemories"},{"floor":7,"key":"Strength Potion"},{"floor":12,"key":"Strength Potion"},{"floor":23,"key":"Strength Potion"},{"floor":31,"key":"FearPotion"},{"floor":33,"key":"AttackPotion"},{"floor":35,"key":"DuplicationPotion"},{"floor":36,"key":"Dexterity Potion"},{"floor":45,"key":"LiquidMemories"}],"is_trial":false,"path_per_floor":["M","M","$","?","?","R","E","?","T","M","R","M","M","?","R","B",null,"M","$","?","T","T","E","$","R","T","R","M","?","M","E","R","B",null,"M","?","$","M","$","R","E","R","T","R","E","?","M","M","R","B",null],"character_chosen":"HIEROPHANT","items_purchased":["hierophant:CoinFling","hierophant:RustyCrate","Potion Belt","EntropicBrew","hierophant:RecallFunds"],"campfire_rested":8,"item_purchase_floors":[3,3,19,19,39],"current_hp_per_floor":[75,75,75,68,50,50,50,35,35,34,34,34,27,27,49,49,75,60,60,60,60,60,46,46,68,68,75,65,65,44,33,55,43,75,56,56,56,51,51,73,34,56,56,75,50,50,43,31,68,45],"gold":639,"neow_bonus":"THREE_ENEMY_KILL","is_daily":false,"chose_seed":false,"campfire_upgraded":2,"win_rate":0.0,"timestamp":1611039534,"path_taken":["M","M","$","?","?","R","E","?","T","M","R","M","M","?","R","BOSS","M","$","?","?","?","E","$","R","T","R","?","?","?","E","R","BOSS","M","?","$","M","?","R","E","R","T","R","E","?","M","?","R","BOSS"],"items_purchased_type":["Card","Card","Relic","Potion","Card"],"build_version":"2020-12-22","purchased_purges":2,"victory":true,"max_hp_per_floor":[75,75,75,75,75,75,75,75,75,75,75,75,75,75,75,75,75,75,75,75,75,75,75,75,75,75,75,75,75,75,75,75,75,75,75,75,75,75,75,75,75,75,75,75,75,75,75,75,75,75],"card_choices":[{"not_picked":["hierophant:SealAway","hierophant:Purify"],"picked":"hierophant:RustyCrate","floor":1},{"not_picked":["hierophant:Shelter","hierophant:HolyVerse"],"picked":"hierophant:Remorse","floor":2},{"not_picked":["hierophant:DisplayOfPower","hierophant:SolarFlare","hierophant:MorningPrayer"],"picked":"SKIP","floor":7},{"not_picked":["hierophant:SolarFlare","hierophant:FieryStrike","hierophant:FlamingChariot"],"picked":"SKIP","floor":10},{"not_picked":["hierophant:Glossolalia","hierophant:FlamingChariot"],"picked":"hierophant:Remorse","floor":12},{"not_picked":["hierophant:Exaltation","hierophant:PassingBell"],"picked":"hierophant:Cornucopia","floor":13},{"not_picked":["hierophant:Anathema","hierophant:BulkyChest"],"picked":"hierophant:MintersHammer","floor":16},{"not_picked":["hierophant:RustyCrate","hierophant:Doubloon"],"picked":"hierophant:Dazzle","floor":18},{"not_picked":["hierophant:Alms","hierophant:Encroach+1","hierophant:Sermon"],"picked":"SKIP","floor":23},{"not_picked":["hierophant:Doomsaying","hierophant:Martyrdom","hierophant:Sermon+1"],"picked":"SKIP","floor":28},{"not_picked":["hierophant:HolyVerse+1","hierophant:Patience","hierophant:SealAway+1"],"picked":"SKIP","floor":30},{"not_picked":["hierophant:SolarFlare+1","hierophant:Refuge"],"picked":"hierophant:AuricForm","floor":31},{"not_picked":["hierophant:CoinFling","hierophant:FlamingChariot"],"picked":"hierophant:Bribe+1","floor":35},{"not_picked":["hierophant:HolyVerse+1","hierophant:CoinFling+1","hierophant:Community"],"picked":"SKIP","floor":38},{"not_picked":["hierophant:ArchangelShield+1","hierophant:CoinFling"],"picked":"hierophant:Dazzle+1","floor":41},{"not_picked":["hierophant:Zeal+1","hierophant:Encroach"],"picked":"hierophant:Remorse+1","floor":45},{"not_picked":["hierophant:Zeal+1","hierophant:Shelter+1","hierophant:SealAway+1"],"picked":"SKIP","floor":47},{"not_picked":["hierophant:HammerAndAnvil+1","hierophant:Determination","hierophant:Purify+1"],"picked":"SKIP","floor":48}],"player_experience":458637,"relics_obtained":[{"floor":7,"key":"Boot"},{"floor":9,"key":"hierophant:DonationBoxRelic"},{"floor":21,"key":"Bottled Flame"},{"floor":22,"key":"Meat on the Bone"},{"floor":23,"key":"StrikeDummy"},{"floor":26,"key":"Bird Faced Urn"},{"floor":31,"key":"Du-Vu Doll"},{"floor":41,"key":"Happy Flower"},{"floor":43,"key":"Molten Egg 2"},{"floor":45,"key":"Regal Pillow"}],"event_choices":[{"cards_removed":["hierophant:Strike_Hierophant"],"damage_healed":0,"gold_gain":0,"player_choice":"Card Removal","damage_taken":7,"max_hp_gain":0,"max_hp_loss":0,"event_name":"Golden Wing","floor":4,"gold_loss":0},{"damage_healed":0,"gold_gain":0,"player_choice":"Take Damage","damage_taken":18,"relics_obtained":["Golden Idol"],"max_hp_gain":0,"max_hp_loss":0,"event_name":"Golden Idol","floor":5,"gold_loss":0},{"damage_healed":0,"gold_gain":0,"player_choice":"Entered Light","damage_taken":15,"max_hp_gain":0,"max_hp_loss":0,"event_name":"Shining Light","floor":8,"gold_loss":0,"cards_upgraded":["hierophant:RustyCrate","hierophant:Remorse"]},{"cards_removed":["hierophant:Strike_Hierophant"],"damage_healed":0,"gold_gain":0,"player_choice":"Card Removal","damage_taken":0,"max_hp_gain":0,"max_hp_loss":0,"event_name":"The Cleric","floor":14,"gold_loss":50},{"damage_healed":0,"gold_gain":0,"player_choice":"Ignored","damage_taken":0,"max_hp_gain":0,"max_hp_loss":0,"event_name":"Cursed Tome","floor":20,"gold_loss":0},{"damage_healed":0,"gold_gain":0,"player_choice":"Upgraded Two","damage_taken":0,"max_hp_gain":0,"max_hp_loss":0,"event_name":"Designer","floor":29,"gold_loss":40,"cards_upgraded":["hierophant:Defend_Hierophant","hierophant:Defend_Hierophant"]},{"damage_healed":0,"gold_gain":0,"player_choice":"Got Potions","damage_taken":0,"max_hp_gain":0,"max_hp_loss":0,"event_name":"Lab","floor":36,"gold_loss":0},{"damage_healed":0,"gold_gain":0,"player_choice":"Copied","damage_taken":0,"max_hp_gain":0,"max_hp_loss":0,"event_name":"Duplicator","floor":46,"gold_loss":0,"cards_obtained":["hierophant:Cornucopia"]}],"is_beta":false,"boss_relics":[{"not_picked":["Philosopher\u0027s Stone","Empty Cage"],"picked":"Fusion Hammer"},{"not_picked":["Sozu","Astrolabe"],"picked":"Runic Pyramid"}],"items_purged_floors":[19,24],"is_endless":false,"potions_floor_spawned":[2,7,12,13,23,31,33,35,38,45],"ascension_level":0}}