{"host":"dcj2yvrgcvh5dl2s","time":1611036116,"event":{"mods":["BaseMod","Bestiary","Better Note","Block Reminder","Colored Powertips","Curses Come First","DeckTracker","Minty Spire (QoL Compilation)","Quick Restart","Rare Cards Sparkle","Relic Stats","StSLib"],"gold_per_floor":[109,121,133,133,152,152,193,193,219,219,257,257,257,290,290,290,290],"floor_reached":16,"language":"ENG","playtime":1076,"items_purged":[],"score":153,"play_id":"fa8f78a1-b7e2-47b0-975f-63bbccde9054","local_time":"20210119160156","is_ascension_mode":true,"campfire_choices":[{"floor":6,"key":"REST"},{"floor":8,"key":"REST"},{"floor":10,"key":"REST"},{"floor":15,"key":"REST"}],"circlet_count":0,"master_deck":["Strike_G","Strike_G","Strike_G","Strike_G","Defend_G","Defend_G","Defend_G","Defend_G","Defend_G","Survivor","Neutralize","Blade Dance","Footwork","Terror","Cloak And Dagger","Deflect","Quick Slash"],"relics":["Black Star","Golden Idol","Tiny Chest","Vajra","Bag of Marbles","StrikeDummy","Anchor","Happy Flower","Blood Vial","Centennial Puzzle"],"acts_visited":["Exordium"],"potions_floor_usage":[5,7,11],"damage_taken":[{"damage":11,"enemies":"Small Slimes","floor":1,"turns":5},{"damage":2,"enemies":"2 Louse","floor":2,"turns":3},{"damage":3,"enemies":"Cultist","floor":3,"turns":5},{"damage":24,"enemies":"Exordium Thugs","floor":5,"turns":4},{"damage":6,"enemies":"Lagavulin","floor":7,"turns":7},{"damage":19,"enemies":"Gremlin Nob","floor":11,"turns":4},{"damage":8,"enemies":"3 Sentries","floor":14,"turns":6},{"damage":40,"enemies":"Slime Boss","floor":16,"turns":11}],"seed_played":"-3338020905000012756","potions_obtained":[{"floor":2,"key":"DuplicationPotion"},{"floor":3,"key":"ColorlessPotion"},{"floor":5,"key":"DuplicationPotion"}],"is_trial":false,"path_per_floor":["M","M","M","?","M","R","E","R","T","R","E","?","?","E","R","B"],"character_chosen":"THE_SILENT","items_purchased":[],"campfire_rested":4,"item_purchase_floors":[],"current_hp_per_floor":[52,50,47,30,6,27,21,42,42,63,44,32,25,17,38,0,0],"gold":290,"neow_bonus":"BOSS_RELIC","is_daily":false,"chose_seed":false,"campfire_upgraded":0,"win_rate":0.0,"timestamp":1611036116,"path_taken":["M","M","M","?","M","R","E","R","T","R","E","?","?","E","R","BOSS"],"items_purchased_type":[],"build_version":"2020-12-22","purchased_purges":0,"victory":false,"max_hp_per_floor":[70,70,70,70,70,70,70,70,70,70,70,70,70,70,70,70,70],"relic_stats":{"Blood Vial":2,"Centennial Puzzle":[3],"Happy Flower":[5],"counters":[8,45],"Golden Idol":27,"Tiny Chest":0,"Black Star":3,"obtain_stats":[{"Blood Vial":14,"Anchor":11,"Centennial Puzzle":14,"Happy Flower":12,"Golden Idol":4,"Vajra":7,"Tiny Chest":7,"Black Star":0,"Bag of Marbles":9,"StrikeDummy":11,"Ring of the Snake":0},{"Blood Vial":7,"Anchor":6,"Centennial Puzzle":7,"Happy Flower":6,"Golden Idol":3,"Vajra":5,"Tiny Chest":5,"Black Star":0,"Bag of Marbles":5,"StrikeDummy":6,"Ring of the Snake":0},{"Blood Vial":34,"Anchor":28,"Centennial Puzzle":34,"Happy Flower":28,"Golden Idol":13,"Vajra":24,"Tiny Chest":24,"Black Star":0,"Bag of Marbles":24,"StrikeDummy":28,"Ring of the Snake":0}]},"card_choices":[{"not_picked":["Cloak And Dagger","Deflect"],"picked":"Blade Dance","floor":1},{"not_picked":["Well Laid Plans","Bouncing Flask"],"picked":"Footwork","floor":2},{"not_picked":["Dodge and Roll","Acrobatics"],"picked":"Terror","floor":3},{"not_picked":["Flying Knee","Bane"],"picked":"Cloak And Dagger","floor":5},{"not_picked":["Sucker Punch","Flying Knee"],"picked":"Deflect","floor":7},{"not_picked":["Night Terror","Sucker Punch"],"picked":"Quick Slash","floor":11},{"not_picked":["All Out Attack","Flying Knee","Concentrate"],"picked":"SKIP","floor":14}],"player_experience":2256756,"relics_obtained":[{"floor":7,"key":"Tiny Chest"},{"floor":7,"key":"Vajra"},{"floor":9,"key":"Bag of Marbles"},{"floor":11,"key":"StrikeDummy"},{"floor":11,"key":"Anchor"},{"floor":14,"key":"Blood Vial"},{"floor":14,"key":"Centennial Puzzle"}],"event_choices":[{"damage_healed":0,"gold_gain":0,"player_choice":"Take Damage","damage_taken":17,"relics_obtained":["Golden Idol"],"max_hp_gain":0,"max_hp_loss":0,"event_name":"Golden Idol","floor":4,"gold_loss":0},{"damage_healed":0,"gold_gain":0,"player_choice":"Success","damage_taken":12,"relics_obtained":["Happy Flower"],"max_hp_gain":0,"max_hp_loss":0,"event_name":"Scrap Ooze","floor":12,"gold_loss":0},{"cards_removed":["Strike_G"],"damage_healed":0,"gold_gain":0,"player_choice":"Card Removal","damage_taken":7,"max_hp_gain":0,"max_hp_loss":0,"event_name":"Golden Wing","floor":13,"gold_loss":0}],"is_beta":false,"boss_relics":[],"items_purged_floors":[],"is_endless":false,"potions_floor_spawned":[2,3,5],"killed_by":"Slime Boss","ascension_level":6}}