{"host":"tr12w2fixbnujl15","time":1611075312,"event":{"mods":["100% Spire Juice","2.2 Compatiblity","Arknights The Spire","BaseMod","Better Skull","BetterRewards","CapriCore","Clockwork Mod","Colored Powertips","Evolution","Hermit","Hubris","Infinite Spire","JesterMod","Koishi","Mad Scientist","Magitek Elite","Minty Spire (QoL Compilation)","Prisma Mod","Quick Restart","Replay The Spire","Shop Mod","StSLib","SuperFastMode","The Accelerator","The Animator","The Bug Knight","The Construct","The Cursed","The Hierophant","The Immortal","The Mystic","The Necromancer","The Runesmith","The Sage","The Senshi","The Servant 0.9.4","The Spell Scribe","TheFirefly","TheVelvet","WarShipGirlsR/????R mod","Yakumo Yukari mod"],"gold_per_floor":[113,41,41,41,56,84,103,117,164,184,204,204,220,234,234,234,234],"floor_reached":16,"language":"ENG","playtime":504,"items_purged":["Sickly"],"score":131,"play_id":"f373e5be-13ea-4cc7-8c59-355a7e92181d","local_time":"20210119115512","is_ascension_mode":false,"campfire_choices":[{"floor":12,"key":"REST"},{"floor":15,"key":"REST"}],"circlet_count":0,"master_deck":["accelerator:Strike","accelerator:Strike","accelerator:Strike","accelerator:Stream","accelerator:Stream","accelerator:Defend","accelerator:Defend","accelerator:Defend","accelerator:Defend","accelerator:Reverse","accelerator:Reverse","accelerator:Chaos","accelerator:Blizzare","accelerator:Spring","accelerator:PerpetuumMobile","accelerator:ClosedSystem","accelerator:Reject","accelerator:Encryption","accelerator:PushOut","accelerator:Cooldown"],"relics":["accelerator:Cloud","EVO:Axolotl","NeowsBlessing","ReplayTheSpireMod:CursedCoin","MerchantsRug","hubris:CrystalStatue","Shuriken","Runesmith:AutoHammer"],"acts_visited":["Exordium"],"potions_floor_usage":[10],"damage_taken":[{"damage":0,"enemies":"Cultist","floor":1,"turns":1},{"damage":0,"enemies":"Jaw Worm","floor":5,"turns":1},{"damage":0,"enemies":"3 Sentries","floor":6,"turns":1},{"damage":6,"enemies":"2 Louse","floor":7,"turns":3},{"damage":29,"enemies":"Exordium Thugs","floor":8,"turns":5},{"damage":1,"enemies":"Lots of Slimes","floor":10,"turns":4},{"damage":16,"enemies":"Red Slaver","floor":11,"turns":4},{"damage":59,"enemies":"Exordium Thugs","floor":13,"turns":7},{"damage":10,"enemies":"3 Louse","floor":14,"turns":5},{"damage":25,"enemies":"The Guardian","floor":16,"turns":6}],"seed_played":"2766428529687328262","potions_obtained":[{"floor":1,"key":"construct:ShiftPotion"},{"floor":5,"key":"Block Potion"},{"floor":8,"key":"Explosive Potion"},{"floor":10,"key":"FairyPotion"}],"is_trial":false,"path_per_floor":["M","$","?","?","M","E","M","M","T","M","M","R","M","M","R","B"],"character_chosen":"THE_ACCELERATOR","items_purchased":["ReplayTheSpireMod:CursedCoin","MerchantsRug"],"campfire_rested":2,"item_purchase_floors":[2,2],"current_hp_per_floor":[75,75,75,75,75,75,69,43,43,45,32,54,22,15,37,15,15],"gold":234,"neow_bonus":"THREE_ENEMY_KILL","is_daily":false,"chose_seed":false,"campfire_upgraded":0,"win_rate":0.0,"timestamp":1611075312,"path_taken":["M","$","?","?","M","E","M","M","T","?","M","R","M","M","R","BOSS"],"items_purchased_type":["Relic","Relic"],"build_version":"2020-12-22","purchased_purges":1,"victory":false,"max_hp_per_floor":[75,75,75,75,75,75,75,75,75,75,75,75,75,75,75,75,75],"card_choices":[{"not_picked":["accelerator:Pull","accelerator:Knockback"],"picked":"accelerator:Chaos","floor":1},{"not_picked":["accelerator:Rage","accelerator:Shove"],"picked":"accelerator:Blizzare","floor":5},{"not_picked":["accelerator:Propulsion","accelerator:Roast"],"picked":"accelerator:Spring","floor":6},{"not_picked":["accelerator:Threaten","accelerator:Radiation"],"picked":"accelerator:PerpetuumMobile","floor":7},{"not_picked":["accelerator:Deflect","accelerator:Stabilize"],"picked":"accelerator:ClosedSystem","floor":8},{"not_picked":["accelerator:Ground","accelerator:Stabilize"],"picked":"accelerator:Reject","floor":10},{"not_picked":["accelerator:Inferno","accelerator:Search"],"picked":"accelerator:Encryption","floor":11},{"not_picked":["accelerator:MagneticLink","accelerator:Streamline"],"picked":"accelerator:PushOut","floor":13},{"not_picked":["accelerator:Reject","accelerator:Pull"],"picked":"accelerator:Cooldown","floor":14}],"player_experience":75129,"relics_obtained":[{"floor":6,"key":"Shuriken"},{"floor":9,"key":"Runesmith:AutoHammer"}],"event_choices":[{"damage_healed":0,"gold_gain":0,"player_choice":"Leave","damage_taken":0,"max_hp_gain":0,"max_hp_loss":0,"event_name":"The Cleric","floor":3,"gold_loss":0},{"damage_healed":0,"gold_gain":0,"player_choice":"Gave Potion","damage_taken":0,"relics_obtained":["hubris:CrystalStatue"],"max_hp_gain":0,"max_hp_loss":0,"event_name":"WeMeetAgain","floor":4,"gold_loss":0}],"is_beta":false,"boss_relics":[],"items_purged_floors":[2],"is_endless":false,"potions_floor_spawned":[1,5,8,10],"killed_by":"The Guardian","ascension_level":0}}