{"host":"d61fcf2p3sjwe6yo","time":1611055538,"event":{"mods":["AchievementEnabler","BaseMod","Colored Map","Downfall","Minty Spire (QoL Compilation)","StSLib","SuperFastMode"],"gold_per_floor":[99,115,115,115,100,0,73,84,103,136,163,186,198,360,387,399,399],"floor_reached":16,"language":"ENG","playtime":585,"items_purged":[],"score":143,"play_id":"4dea188d-f4af-48d1-a97d-594c19c7c267","local_time":"20210119142538","is_ascension_mode":true,"campfire_choices":[{"floor":1,"key":"RECALL"},{"data":"bronze:Replicate","floor":6,"key":"SMITH"},{"data":"bronze:OilSpill","floor":13,"key":"SMITH"}],"circlet_count":0,"master_deck":["bronze:Strike","bronze:Strike","bronze:Strike","bronze:Strike","bronze:Defend","bronze:Defend","bronze:Defend","bronze:Defend","bronze:Replicate+1","bronze:Goto","bronze:Branch","bronze:Shell","bronze:FindAndReplace","bronze:Frontload","bronze:OilSpill+1","downfall:Icky","bronze:Repulsor"],"relics":["bronze:BronzeCore","Lantern","downfall:HeartBlessingRed","Gremlin Horn","MawBank"],"acts_visited":["Exordium"],"potions_floor_usage":[16,16],"damage_taken":[{"damage":0,"enemies":"Small Slimes","floor":2,"turns":3},{"damage":0,"enemies":"downfall:FleeingMerchant","floor":5,"turns":4},{"damage":0,"enemies":"2 Louse","floor":8,"turns":2},{"damage":0,"enemies":"Jaw Worm","floor":9,"turns":3},{"damage":38,"enemies":"Gremlin Nob","floor":10,"turns":5},{"damage":0,"enemies":"Blue Slaver","floor":11,"turns":4},{"damage":2,"enemies":"3 Louse","floor":12,"turns":3},{"damage":0,"enemies":"Blue Slaver","floor":15,"turns":3},{"damage":23,"enemies":"IC_STATUS_ARCHETYPE","floor":16,"turns":8}],"seed_played":"-3827219422163796718","potions_obtained":[{"floor":9,"key":"SpeedPotion"},{"floor":10,"key":"Strength Potion"},{"floor":11,"key":"Ancient Potion"}],"is_trial":false,"path_per_floor":["R","M","?","?","$","R","T","M","M","E","M","M","R","?","M","B"],"character_chosen":"THE_AUTOMATON","items_purchased":[],"campfire_rested":0,"item_purchase_floors":[],"current_hp_per_floor":[63,63,63,63,63,63,63,63,63,25,25,23,23,23,23,0,0],"gold":399,"neow_bonus":"RANDOM_COMMON_RELIC","is_daily":false,"chose_seed":false,"campfire_upgraded":2,"win_rate":0.0,"timestamp":1611055538,"path_taken":["R","M","?","?","?","R","T","?","M","E","M","M","R","?","M","BOSS"],"items_purchased_type":[],"build_version":"2020-12-22","purchased_purges":0,"victory":false,"max_hp_per_floor":[70,70,70,70,70,70,70,70,70,70,70,70,70,70,70,70,70],"card_choices":[{"not_picked":["bronze:Shield","bronze:BronzeArmor","bronze:FineTuning"],"picked":"SKIP","floor":2},{"not_picked":["bronze:DarkDash","bronze:ClassDefault"],"picked":"bronze:Branch","floor":5},{"not_picked":["bronze:MaxOutput","bronze:BronzeArmor"],"picked":"bronze:Shell","floor":8},{"not_picked":["bronze:Iterate","bronze:BuggyMess","bronze:CutThrough"],"picked":"SKIP","floor":9},{"not_picked":["bronze:WhirlingStrike","bronze:FineTuning"],"picked":"bronze:FindAndReplace","floor":10},{"not_picked":["bronze:Turbo","bronze:BugBarrage"],"picked":"bronze:Frontload","floor":11},{"not_picked":["bronze:Turbo","bronze:ChildClass"],"picked":"bronze:OilSpill","floor":12},{"not_picked":["bronze:Backtrace","bronze:BitShift"],"picked":"bronze:Repulsor","floor":15}],"player_experience":600585,"relics_obtained":[{"floor":7,"key":"Gremlin Horn"},{"floor":10,"key":"MawBank"}],"event_choices":[],"is_beta":false,"boss_relics":[],"items_purged_floors":[],"is_endless":false,"potions_floor_spawned":[9,10,11,12],"killed_by":"IC_STATUS_ARCHETYPE","ascension_level":8}}