{"host":"rnys9sj607vajavv","time":1611061894,"event":{"mods":["BaseMod","Colored Map","Downfall","Minty Spire (QoL Compilation)","StSLib"],"gold_per_floor":[99,117,117,127,127,127,127,0,13,163,182,194,194,211,221,221,221,221],"floor_reached":16,"language":"ENG","playtime":1022,"items_purged":["Guardian:Strike_Guardian"],"score":122,"play_id":"63d69a8b-69b1-4d35-9ce6-1c0dcb703f19","local_time":"20210119051134","is_ascension_mode":true,"campfire_choices":[{"data":"Guardian:CurlUp","floor":1,"key":"SMITH"},{"data":"Guardian:DecasProtection","floor":6,"key":"SMITH"},{"data":"Guardian:Harden","floor":13,"key":"SMITH"}],"circlet_count":0,"master_deck":["Guardian:Strike_Guardian","Guardian:Strike_Guardian","Guardian:Strike_Guardian","Guardian:Defend_Guardian","Guardian:Defend_Guardian","Guardian:Defend_Guardian","Guardian:Defend_Guardian","Guardian:CurlUp+1","Guardian:TwinSlam","Guardian:DecasProtection+1","Guardian:Gem_Red","Guardian:Gem_Purple","Guardian:BronzeArmor","Guardian:ShieldSpikes","downfall:Icky","Guardian:Harden+1","Guardian:PiercingHide","Guardian:PrismaticBarrier"],"relics":["Guardian:ModeShifter","downfall:BrokenWingStatue","Guardian:SackOfGems"],"acts_visited":["Exordium"],"potions_floor_usage":[14,15],"damage_taken":[{"damage":0,"enemies":"2 Louse","floor":2,"turns":2},{"damage":2,"enemies":"Jaw Worm","floor":4,"turns":4},{"damage":4,"enemies":"downfall:FleeingMerchant","floor":8,"turns":4},{"damage":8,"enemies":"Small Slimes","floor":9,"turns":5},{"damage":18,"enemies":"Exordium Thugs","floor":11,"turns":8},{"damage":21,"enemies":"Exordium Wildlife","floor":12,"turns":8},{"damage":10,"enemies":"Large Slime","floor":14,"turns":10},{"damage":5,"enemies":"3 Louse","floor":15,"turns":4},{"damage":23,"enemies":"IC_STATUS_ARCHETYPE","floor":16,"turns":4}],"seed_played":"-9184068164070586546","potions_obtained":[{"floor":9,"key":"PowerPotion"},{"floor":11,"key":"AttackPotion"},{"floor":14,"key":"Strength Potion"}],"is_trial":false,"path_per_floor":["R","M","?","M","?","R","T","$","M","?","M","M","R","M","M","B"],"character_chosen":"GUARDIAN","items_purchased":["Guardian:ShieldSpikes"],"campfire_rested":0,"item_purchase_floors":[8],"current_hp_per_floor":[72,72,72,70,75,75,75,71,63,63,45,24,24,14,9,0,0,0],"gold":221,"neow_bonus":"THREE_CARDS","is_daily":false,"chose_seed":false,"campfire_upgraded":3,"win_rate":0.0,"timestamp":1611061894,"path_taken":["R","M","?","M","?","R","T","$","M","?","M","?","R","M","M","BOSS"],"items_purchased_type":["Card"],"build_version":"2020-12-22","purchased_purges":1,"victory":false,"max_hp_per_floor":[80,80,80,80,85,85,85,85,85,85,85,85,85,85,85,85,85,85],"card_choices":[{"not_picked":["Guardian:CrystalBeam","Guardian:Planning"],"picked":"Guardian:Gem_Lightblue","floor":0},{"not_picked":["Guardian:ChargeCore","Guardian:WalkerClaw","Guardian:CrystalBeam"],"picked":"SKIP","floor":2},{"not_picked":["Guardian:PrismaticBarrier","Guardian:RollAttack"],"picked":"Guardian:DecasProtection","floor":4},{"not_picked":["Guardian:Suspension","Guardian:Recover"],"picked":"Guardian:BronzeArmor","floor":8},{"not_picked":["Guardian:Planning","Guardian:WalkerClaw","Guardian:Gem_Red"],"picked":"SKIP","floor":9},{"not_picked":["Guardian:Planning","Guardian:WalkerClaw","Guardian:Gem_Red"],"picked":"SKIP","floor":9},{"not_picked":["Guardian:Gem_White","Guardian:Gem_Blue"],"picked":"Guardian:Harden","floor":11},{"not_picked":["Guardian:WalkerClaw","Guardian:Gem_Green"],"picked":"Guardian:PiercingHide","floor":12},{"not_picked":["Guardian:Repulse","Guardian:ChargeUp"],"picked":"Guardian:PrismaticBarrier","floor":14},{"not_picked":["Guardian:ChargeCore","Guardian:ChargeUp","Guardian:Suspension"],"picked":"SKIP","floor":15}],"player_experience":673928,"relics_obtained":[{"floor":7,"key":"Guardian:SackOfGems"}],"event_choices":[{"damage_healed":0,"gold_gain":0,"player_choice":"Donut","damage_taken":0,"max_hp_gain":5,"max_hp_loss":0,"event_name":"Big Fish","floor":5,"gold_loss":0}],"is_beta":false,"boss_relics":[],"items_purged_floors":[8],"is_endless":false,"potions_floor_spawned":[9,11,14],"killed_by":"IC_STATUS_ARCHETYPE","ascension_level":6}}