{"host":"9ndbo4kgsfoemf7y","time":1611057228,"event":{"mods":["AchievementEnabler","BaseMod","Colored Map","DeckTracker","Keyboard Shortcuts","Minty Spire (QoL Compilation)","Permanent Neow","Quick Restart","Relic Stats","StSLib","SuperFastMode"],"gold_per_floor":[114,5,105,117,128,128,146,101,125,125,125],"floor_reached":10,"language":"KOR","playtime":172,"items_purged":["Regret"],"score":81,"play_id":"7a57261a-054a-4369-866b-3b978f1ea9a9","local_time":"20210119205348","is_ascension_mode":true,"campfire_choices":[{"data":"White Noise","floor":6,"key":"SMITH"}],"circlet_count":0,"master_deck":["Strike_B","Strike_B","Strike_B","Strike_B","Defend_B","Defend_B","Defend_B","Defend_B","Zap","Dualcast","The Bomb","Defragment","Defragment","White Noise+1","Conserve Battery"],"relics":["Cracked Core","Smiling Mask"],"acts_visited":["Exordium"],"potions_floor_usage":[],"damage_taken":[{"damage":23,"enemies":"Jaw Worm","floor":1,"turns":4},{"damage":11,"enemies":"Cultist","floor":4,"turns":4},{"damage":0,"enemies":"2 Louse","floor":5,"turns":3},{"damage":20,"enemies":"Gremlin Gang","floor":7,"turns":3},{"damage":20,"enemies":"3 Sentries","floor":10,"turns":2}],"seed_played":"-1872989669559273505","potions_obtained":[{"floor":1,"key":"EssenceOfSteel"},{"floor":7,"key":"SteroidPotion"}],"is_trial":false,"path_per_floor":["M","$","?","M","M","R","M","$","T","E"],"character_chosen":"DEFECT","items_purchased":["Defragment","Conserve Battery"],"campfire_rested":0,"item_purchase_floors":[2,8],"current_hp_per_floor":[45,45,45,34,34,34,14,14,14,0,0],"gold":125,"neow_bonus":"RANDOM_COLORLESS_2","is_daily":false,"chose_seed":false,"campfire_upgraded":1,"win_rate":0.0,"timestamp":1611057228,"path_taken":["M","$","?","M","M","R","M","?","T","E"],"items_purchased_type":["Card","Card"],"build_version":"2020-12-22","purchased_purges":1,"victory":false,"max_hp_per_floor":[75,75,75,75,75,75,75,75,75,75,75],"relic_stats":{"counters":[5,16],"Smiling Mask":0,"obtain_stats":[{"Cracked Core":0,"Smiling Mask":9},{"Cracked Core":0,"Smiling Mask":4},{"Cracked Core":0,"Smiling Mask":14}]},"card_choices":[{"not_picked":["Apotheosis","Violence"],"picked":"The Bomb","floor":0},{"not_picked":["Doom and Gloom","Conserve Battery"],"picked":"Defragment","floor":1},{"not_picked":["Coolheaded","Static Discharge"],"picked":"White Noise","floor":4},{"not_picked":["Auto Shields","Steam","Rainbow"],"picked":"SKIP","floor":5},{"not_picked":["Stack","Turbo","Reprogram"],"picked":"SKIP","floor":7}],"player_experience":830827,"relics_obtained":[{"floor":9,"key":"Smiling Mask"}],"event_choices":[{"damage_healed":0,"gold_gain":100,"player_choice":"Pray","damage_taken":0,"max_hp_gain":0,"max_hp_loss":0,"event_name":"Golden Shrine","floor":3,"gold_loss":0}],"is_beta":false,"boss_relics":[],"items_purged_floors":[2],"is_endless":false,"potions_floor_spawned":[1,7],"killed_by":"3 Sentries","ascension_level":8}}