{"host":"sc0o2qwpf9j16a4i","time":1611078431,"event":{"mods":["AchievementEnabler","BaseMod","BetterRewards","Block Reminder","Colored Map","Colored Powertips","Custom Start","Highlight Path","Minty Spire (QoL Compilation)","Relic Stats"],"gold_per_floor":[114,264,279,279,186,186,211,231,231,243,259,50,82,97,97,171,171,183,197,214,246,296,296,321,321,347,374,299,324,366,391,403,494,506,529,541,570,602,624,661,895,1182,1218,847,847,865,879,893,893,893,893,893,893,285,311,311],"floor_reached":57,"language":"ENG","playtime":1454,"items_purged":["Strike_R","Doubt","Strike_R","Normality","Strike_R"],"score":3668,"play_id":"76aef22d-4fb8-484d-b56c-e352483197d2","local_time":"20210119194711","is_ascension_mode":true,"campfire_choices":[{"data":"Whirlwind","floor":6,"key":"SMITH"},{"data":"Uppercut","floor":15,"key":"SMITH"},{"data":"Whirlwind","floor":23,"key":"SMITH"},{"data":"Demon Form","floor":25,"key":"SMITH"},{"data":"True Grit","floor":32,"key":"SMITH"},{"data":"True Grit","floor":45,"key":"SMITH"},{"floor":49,"key":"RECALL"},{"data":"Disarm","floor":53,"key":"SMITH"}],"circlet_count":0,"master_deck":["AscendersBane","Strike_R+1","Defend_R","Defend_R","Defend_R","Defend_R","Bash+1","Inflame+1","Flame Barrier","Whirlwind+1","Whirlwind+1","Uppercut+1","Fiend Fire","Metallicize","Clothesline+1","Spot Weakness","True Grit+1","Dark Embrace","Shrug It Off","Offering","Demon Form+1","Dual Wield","Offering","Disarm","Disarm+1","Feel No Pain+1","True Grit+1","Feel No Pain","Regret","Feel No Pain","Power Through","Impervious","Sever Soul","Transmutation","Blood for Blood","Limit Break"],"relics":["Burning Blood","Lee\u0027s Waffle","Bag of Marbles","Letter Opener","Medical Kit","Akabeko","Membership Card","Ornamental Fan","PreservedInsect","ClockworkSouvenir","Pen Nib","Centennial Puzzle","Singing Bowl","Bronze Scales","Lantern","Shuriken","MealTicket","Potion Belt","Eternal Feather","Snecko Eye","Red Mask","Nunchaku","Whetstone","Vajra","MawBank","Anchor","Cursed Key","Ancient Tea Set","Chemical X","Happy Flower","Dream Catcher","Turnip","Sundial","Self Forming Clay"],"acts_visited":["Exordium","TheCity","TheBeyond","TheEnding"],"potions_floor_usage":[13,20,24,33,39,40,47,50,55,56,56,56],"damage_taken":[{"damage":0,"enemies":"Jaw Worm","floor":1,"turns":2},{"damage":0,"enemies":"Small Slimes","floor":3,"turns":2},{"damage":0,"enemies":"3 Sentries","floor":7,"turns":1},{"damage":0,"enemies":"Cultist","floor":8,"turns":1},{"damage":0,"enemies":"Exordium Wildlife","floor":10,"turns":1},{"damage":0,"enemies":"Large Slime","floor":11,"turns":1},{"damage":6,"enemies":"Lagavulin","floor":13,"turns":4},{"damage":6,"enemies":"Blue Slaver","floor":14,"turns":1},{"damage":14,"enemies":"The Guardian","floor":16,"turns":4},{"damage":0,"enemies":"Chosen","floor":18,"turns":2},{"damage":0,"enemies":"3 Byrds","floor":19,"turns":1},{"damage":0,"enemies":"Snake Plant","floor":20,"turns":1},{"damage":0,"enemies":"Masked Bandits","floor":21,"turns":1},{"damage":0,"enemies":"Slavers","floor":24,"turns":2},{"damage":3,"enemies":"Book of Stabbing","floor":30,"turns":2},{"damage":0,"enemies":"Shelled Parasite and Fungi","floor":31,"turns":1},{"damage":45,"enemies":"Collector","floor":33,"turns":7},{"damage":0,"enemies":"3 Darklings","floor":35,"turns":1},{"damage":6,"enemies":"3 Shapes","floor":37,"turns":3},{"damage":39,"enemies":"Transient","floor":38,"turns":6},{"damage":12,"enemies":"3 Darklings","floor":39,"turns":2},{"damage":20,"enemies":"Nemesis","floor":40,"turns":2},{"damage":6,"enemies":"4 Shapes","floor":46,"turns":1},{"damage":3,"enemies":"Writhing Mass","floor":47,"turns":3},{"damage":12,"enemies":"3 Darklings","floor":48,"turns":2},{"damage":32,"enemies":"Awakened One","floor":50,"turns":9},{"damage":23,"enemies":"Time Eater","floor":51,"turns":9},{"damage":0,"enemies":"Shield and Spear","floor":55,"turns":2},{"damage":31,"enemies":"The Heart","floor":56,"turns":8}],"seed_played":"7543986435101182778","potions_obtained":[{"floor":3,"key":"SkillPotion"},{"floor":8,"key":"Regen Potion"},{"floor":13,"key":"ColorlessPotion"},{"floor":20,"key":"ElixirPotion"},{"floor":21,"key":"Block Potion"},{"floor":24,"key":"SpeedPotion"},{"floor":30,"key":"Regen Potion"},{"floor":35,"key":"SmokeBomb"},{"floor":39,"key":"DistilledChaos"},{"floor":40,"key":"FairyPotion"},{"floor":47,"key":"Energy Potion"},{"floor":55,"key":"ColorlessPotion"}],"is_trial":false,"path_per_floor":["M","?","M","?","$","R","E","M","T","M","M","$","E","M","R","B",null,"M","M","M","?","?","R","E","R","T","T","?","T","E","M","R","B",null,"M","?","M","M","M","E","?","?","T","$","R","M","M","M","R","B","B",null,"R","$","E","B",null],"character_chosen":"IRONCLAD","items_purchased":["Lee\u0027s Waffle","Inflame","Bag of Marbles","Letter Opener","Flame Barrier","Medical Kit","Akabeko","Whirlwind","Membership Card","Ornamental Fan","PreservedInsect","Whirlwind","ClockworkSouvenir","Pen Nib","Uppercut","Centennial Puzzle","Singing Bowl","Bronze Scales","Fiend Fire","Lantern","Metallicize","Spot Weakness","Potion Belt","Dark Embrace","Shrug It Off","Chemical X","Feel No Pain","Power Through","Happy Flower","Dream Catcher","Turnip","Sundial","Block Potion","DuplicationPotion","Transmutation","Blood for Blood"],"campfire_rested":0,"item_purchase_floors":[0,0,0,0,0,0,0,0,0,0,0,0,0,0,0,0,0,0,0,0,0,5,12,12,12,44,44,44,44,44,54,54,54,54,54,54],"current_hp_per_floor":[82,82,84,59,59,59,65,73,73,81,89,90,90,92,92,84,90,94,94,96,96,96,96,96,96,96,96,96,96,98,98,98,73,93,99,99,101,68,69,55,55,55,55,70,88,88,93,87,105,79,62,95,106,106,106,81],"gold":311,"neow_bonus":"","is_daily":false,"chose_seed":false,"campfire_upgraded":7,"win_rate":0.0,"timestamp":1611078431,"path_taken":["M","?","M","?","$","R","E","M","T","M","M","?","E","?","R","BOSS","M","?","M","?","?","R","E","R","T","?","?","?","E","M","R","BOSS","M","?","?","M","?","E","?","?","T","$","R","M","M","M","R","BOSS","BOSS","R","$","E","BOSS"],"items_purchased_type":["Relic","Card","Relic","Relic","Card","Relic","Relic","Card","Relic","Relic","Relic","Card","Relic","Relic","Card","Relic","Relic","Relic","Card","Relic","Card","Card","Relic","Card","Card","Relic","Card","Card","Relic","Relic","Relic","Relic","Potion","Potion","Card","Card"],"build_version":"2020-12-22","purchased_purges":5,"victory":true,"max_hp_per_floor":[82,82,84,84,84,84,84,86,86,88,90,90,90,92,92,92,92,94,94,96,96,96,96,96,96,96,96,96,96,98,98,98,100,100,100,100,102,102,104,104,104,104,104,104,104,104,106,106,106,106,106,106,106,106,106,106],"relic_stats":{"Singing Bowl":30,"Whetstone":["Bash","Clothesline"],"Cursed Key":2,"Burning Blood":769,"Centennial Puzzle":[87],"Nunchaku":[6],"Dream Catcher":0,"Sundial":[20],"MealTicket":46,"Chemical X":[14],"Lee\u0027s Waffle":62,"Happy Flower":[11],"counters":[174,975],"Self Forming Clay":[15],"Eternal Feather":47,"PreservedInsect":745,"Pen Nib":[23],"Letter Opener":[427],"Medical Kit":[19],"MawBank":180,"Ornamental Fan":[20],"Shuriken":[4],"Bronze Scales":[1057],"Snecko Eye":[115,121,125,133],"Turnip":[2],"obtain_stats":[{"Ice Cream":9,"Tiny House":0,"Gremlin Horn":0,"Nilry\u0027s Codex":19,"CeramicFish":23,"Vajra":27,"Whetstone":26,"Ginger":44,"Bottled Tornado":53,"Sling":0,"Blood Vial":24,"Centennial Puzzle":8,"DollysMirror":20,"Sundial":7,"Strawberry":0,"MealTicket":40,"Fusion Hammer":17,"Happy Flower":0,"Blue Candle":0,"Dead Branch":47,"Velvet Choker":17,"Oddly Smooth Stone":0,"Eternal Feather":12,"Charon\u0027s Ashes":10,"Pen Nib":31,"Letter Opener":0,"War Paint":30,"Question Card":0,"Akabeko":17,"OrangePellets":0,"SlaversCollar":17,"Bottled Flame":24,"Shuriken":7,"Bronze Scales":12,"Snecko Eye":17,"Molten Egg 2":0,"Mark of Pain":34,"CultistMask":2,"Nloth\u0027s Gift":31,"Unceasing Top":54,"Lantern":32,"Singing Bowl":25,"Torii":30,"Magic Flower":7,"Bag of Preparation":0,"Incense Burner":48,"Cursed Key":17,"Ancient Tea Set":24,"Burning Blood":0,"ClockworkSouvenir":54,"Frozen Eye":0,"Nunchaku":7,"Dream Catcher":44,"Shovel":3,"Mummified Hand":22,"Gambling Chip":9,"Tiny Chest":23,"Red Mask":19,"Chemical X":0,"Red Skull":7,"InkBottle":9,"Runic Pyramid":34,"Paper Frog":17,"Potion Belt":0,"Lee\u0027s Waffle":0,"Self Forming Clay":9,"Golden Idol":4,"PreservedInsect":0,"Omamori":0,"Medical Kit":54,"MawBank":29,"Calling Bell":17,"Strange Spoon":30,"Anchor":6,"CaptainsWheel":28,"Ornamental Fan":0,"Turnip":54,"Bag of Marbles":14,"Art of War":3,"Membership Card":22,"Champion Belt":14,"Toy Ornithopter":0},{"Ice Cream":15,"Tiny House":0,"Gremlin Horn":64,"Nilry\u0027s Codex":20,"CeramicFish":116,"Vajra":159,"Whetstone":47,"Ginger":57,"Bottled Tornado":101,"Sling":103,"Blood Vial":47,"Centennial Puzzle":4,"DollysMirror":10,"Sundial":80,"Strawberry":64,"MealTicket":55,"Fusion Hammer":43,"Happy Flower":103,"Blue Candle":64,"Dead Branch":98,"Velvet Choker":8,"Oddly Smooth Stone":103,"Eternal Feather":6,"Charon\u0027s Ashes":81,"Pen Nib":119,"Letter Opener":64,"War Paint":49,"Question Card":64,"Akabeko":112,"OrangePellets":64,"SlaversCollar":72,"Bottled Flame":87,"Shuriken":148,"Bronze Scales":16,"Snecko Eye":154,"Molten Egg 2":32,"Mark of Pain":28,"CultistMask":77,"Nloth\u0027s Gift":90,"Unceasing Top":101,"Lantern":27,"Singing Bowl":23,"Torii":49,"Magic Flower":14,"Bag of Preparation":32,"Incense Burner":141,"Cursed Key":19,"Ancient Tea Set":22,"Burning Blood":0,"ClockworkSouvenir":63,"Frozen Eye":76,"Nunchaku":69,"Dream Catcher":167,"Shovel":13,"Mummified Hand":115,"Gambling Chip":124,"Tiny Chest":22,"Red Mask":10,"Chemical X":11,"Red Skull":37,"InkBottle":38,"Runic Pyramid":51,"Paper Frog":112,"Potion Belt":64,"Lee\u0027s Waffle":145,"Self Forming Clay":4,"Golden Idol":13,"PreservedInsect":103,"Omamori":32,"Medical Kit":101,"MawBank":159,"Calling Bell":112,"Strange Spoon":49,"Anchor":3,"CaptainsWheel":24,"Ornamental Fan":145,"Turnip":172,"Bag of Marbles":18,"Art of War":34,"Membership Card":21,"Champion Belt":83,"Toy Ornithopter":103},{"Ice Cream":72,"Tiny House":0,"Gremlin Horn":344,"Nilry\u0027s Codex":93,"CeramicFish":645,"Vajra":917,"Whetstone":192,"Ginger":276,"Bottled Tornado":558,"Sling":574,"Blood Vial":192,"Centennial Puzzle":12,"DollysMirror":54,"Sundial":427,"Strawberry":344,"MealTicket":258,"Fusion Hammer":179,"Happy Flower":574,"Blue Candle":344,"Dead Branch":528,"Velvet Choker":41,"Oddly Smooth Stone":574,"Eternal Feather":21,"Charon\u0027s Ashes":429,"Pen Nib":664,"Letter Opener":344,"War Paint":201,"Question Card":344,"Akabeko":620,"OrangePellets":344,"SlaversCollar":392,"Bottled Flame":457,"Shuriken":898,"Bronze Scales":76,"Snecko Eye":910,"Molten Egg 2":147,"Mark of Pain":125,"CultistMask":413,"Nloth\u0027s Gift":472,"Unceasing Top":558,"Lantern":116,"Singing Bowl":102,"Torii":201,"Magic Flower":69,"Bag of Preparation":147,"Incense Burner":836,"Cursed Key":89,"Ancient Tea Set":97,"Burning Blood":0,"ClockworkSouvenir":333,"Frozen Eye":410,"Nunchaku":363,"Dream Catcher":941,"Shovel":63,"Mummified Hand":639,"Gambling Chip":704,"Tiny Chest":97,"Red Mask":54,"Chemical X":59,"Red Skull":162,"InkBottle":165,"Runic Pyramid":225,"Paper Frog":620,"Potion Belt":344,"Lee\u0027s Waffle":893,"Self Forming Clay":12,"Golden Idol":63,"PreservedInsect":574,"Omamori":147,"Medical Kit":558,"MawBank":917,"Calling Bell":620,"Strange Spoon":201,"Anchor":9,"CaptainsWheel":107,"Ornamental Fan":893,"Turnip":965,"Bag of Marbles":84,"Art of War":153,"Membership Card":95,"Champion Belt":438,"Toy Ornithopter":574}]},"card_choices":[{"not_picked":["Entrench","Body Slam"],"picked":"Clothesline","floor":1},{"not_picked":["Fire Breathing","Headbutt","Body Slam"],"picked":"Singing Bowl","floor":3},{"not_picked":["Clothesline","Sword Boomerang"],"picked":"True Grit","floor":7},{"not_picked":["Havoc","Cleave","Headbutt"],"picked":"Singing Bowl","floor":8},{"not_picked":["Perfected Strike","Twin Strike","Iron Wave"],"picked":"Singing Bowl","floor":10},{"not_picked":["Sword Boomerang","Clothesline","Armaments"],"picked":"Singing Bowl","floor":11},{"not_picked":["Immolate","Havoc"],"picked":"Offering","floor":13},{"not_picked":["Body Slam","Twin Strike","Flex"],"picked":"Singing Bowl","floor":14},{"not_picked":["Juggernaut","Fiend Fire"],"picked":"Demon Form","floor":16},{"not_picked":["Wild Strike","Blood for Blood","Clothesline"],"picked":"Singing Bowl","floor":18},{"not_picked":["Havoc","Pummel"],"picked":"Dual Wield","floor":19},{"not_picked":["Perfected Strike","Bloodletting","Clothesline"],"picked":"Singing Bowl","floor":20},{"not_picked":["Rupture","Anger"],"picked":"Offering","floor":21},{"not_picked":["Thunderclap+1","Body Slam"],"picked":"Disarm","floor":24},{"not_picked":["Flex","Warcry","Rampage"],"picked":"Singing Bowl","floor":30},{"not_picked":["Flex","Clash"],"picked":"Disarm","floor":31},{"not_picked":["Double Tap","Immolate","Fiend Fire"],"picked":"Singing Bowl","floor":33},{"not_picked":["Warcry","Combust"],"picked":"Feel No Pain","floor":35},{"not_picked":["Pommel Strike","Uppercut","Intimidate"],"picked":"Singing Bowl","floor":37},{"not_picked":["Rupture","Carnage"],"picked":"True Grit","floor":38},{"not_picked":["Fire Breathing","Searing Blow+1","Rupture"],"picked":"Singing Bowl","floor":39},{"not_picked":["Battle Trance","Hemokinesis+1"],"picked":"Feel No Pain","floor":40},{"not_picked":["Uppercut","Blood for Blood+1"],"picked":"Impervious","floor":46},{"not_picked":["Clash","Iron Wave","Pommel Strike"],"picked":"Singing Bowl","floor":47},{"not_picked":["Clash","Iron Wave+1"],"picked":"Sever Soul","floor":48},{"not_picked":["Armaments+1","Twin Strike"],"picked":"Limit Break","floor":55}],"player_experience":761044,"relics_obtained":[{"floor":7,"key":"Shuriken"},{"floor":9,"key":"MealTicket"},{"floor":13,"key":"Eternal Feather"},{"floor":21,"key":"Red Mask"},{"floor":24,"key":"Nunchaku"},{"floor":26,"key":"Whetstone"},{"floor":27,"key":"Vajra"},{"floor":29,"key":"MawBank"},{"floor":30,"key":"Anchor"},{"floor":40,"key":"Ancient Tea Set"},{"floor":55,"key":"Self Forming Clay"}],"event_choices":[{"damage_healed":0,"gold_gain":150,"player_choice":"AGREE","damage_taken":0,"max_hp_gain":0,"max_hp_loss":0,"event_name":"Liars Game","floor":2,"gold_loss":0,"cards_obtained":["Doubt"]},{"damage_healed":0,"gold_gain":0,"player_choice":"Entered Light","damage_taken":25,"max_hp_gain":0,"max_hp_loss":0,"event_name":"Shining Light","floor":4,"gold_loss":0,"cards_upgraded":["Inflame","Strike_R"]},{"damage_healed":0,"gold_gain":0,"player_choice":"Fought Bandits","damage_taken":0,"max_hp_gain":0,"max_hp_loss":0,"event_name":"Masked Bandits","floor":21,"gold_loss":0},{"damage_healed":0,"gold_gain":50,"player_choice":"Stole From Cult","damage_taken":0,"max_hp_gain":0,"max_hp_loss":0,"event_name":"Nest","floor":22,"gold_loss":0},{"cards_removed":["Strike_R"],"damage_healed":0,"gold_gain":0,"player_choice":"Gave Gold","damage_taken":0,"max_hp_gain":0,"max_hp_loss":0,"event_name":"Beggar","floor":28,"gold_loss":75},{"damage_healed":0,"gold_gain":0,"player_choice":"Forge","damage_taken":0,"max_hp_gain":0,"max_hp_loss":0,"event_name":"Accursed Blacksmith","floor":36,"gold_loss":0,"cards_upgraded":["Feel No Pain"]},{"damage_healed":0,"gold_gain":222,"player_choice":"Wore Mask","damage_taken":0,"max_hp_gain":0,"max_hp_loss":0,"event_name":"Tomb of Lord Red Mask","floor":41,"gold_loss":0},{"damage_healed":0,"gold_gain":275,"player_choice":"Desecrate","damage_taken":0,"max_hp_gain":0,"max_hp_loss":0,"event_name":"Golden Shrine","floor":42,"gold_loss":0,"cards_obtained":["Regret"]}],"is_beta":false,"boss_relics":[{"not_picked":["Coffee Dripper","Velvet Choker"],"picked":"Snecko Eye"},{"not_picked":["SacredBark","Runic Dome"],"picked":"Cursed Key"}],"items_purged_floors":[0,5,12,44,54],"is_endless":false,"potions_floor_spawned":[3,8,10,13,20,21,24,30,35,39,40,46,47,55],"ascension_level":20}}