{"host":"obplhmlw33xb91v8","time":1611078883,"event":{"mods":["BaseMod","Block Reminder","Curses Come First","Evolution","Minty Spire (QoL Compilation)","Quick Restart","Relic Stats","Spicy Shops","StSLib","Uncapped","Waifu the Spire","slay the spire mod where everything is the same but ironclad has a cowboy hat"],"gold_per_floor":[110,60,80,80,92,127,142,142,142,156,2,27,27,60,60,164,164,177,193,7,20,20,20,55,131,131,157,177,177,1,18,18,118,118,134,153,167,183,3,33,33,61,86,86,104,114,134,148,148,148],"floor_reached":51,"language":"ENG","playtime":2695,"items_purged":["Regret","Pain"],"score":1008,"play_id":"e5b7a93a-654c-433c-adb4-dd6c643f441c","local_time":"20210119125443","is_ascension_mode":true,"campfire_choices":[{"floor":15.0,"key":"REST"},{"floor":23.0,"key":"REST"},{"floor":29,"key":"REST"},{"floor":32,"key":"REST"},{"floor":41,"key":"REST"},{"floor":49,"key":"REST"}],"circlet_count":0,"master_deck":["Iron Wave","Iron Wave","Iron Wave","Iron Wave+1","Defend_R+1","Bash","Ghostly Armor+1","Sword Boomerang+1","Battle Trance+1","Whirlwind","Twin Strike+1","Dropkick","Thunderclap","Spot Weakness+1","Inflame","Juggernaut","Shrug It Off","Carnage+1","Uppercut+1","Exhume","True Grit+1","Infernal Blade","Sword Boomerang","Limit Break","Infernal Blade+1","Shrug It Off+1","Metallicize+1","Inflame","True Grit"],"relics":["EVO:Axolotl","Astrolabe","Ancient Tea Set","Prayer Wheel","The Courier","Mercury Hourglass","Membership Card","Boot","War Paint","Fusion Hammer","PreservedInsect","Pen Nib","Letter Opener","Nilry\u0027s Codex","Regal Pillow","Eternal Feather","Question Card","MealTicket","Medical Kit","Busted Crown","Molten Egg 2","Chemical X","Potion Belt","HornCleat","Whetstone"],"acts_visited":["Exordium","TheCity","TheBeyond"],"potions_floor_usage":[27,27,33,33,37,38,47,48],"damage_taken":[{"damage":0.0,"enemies":"Jaw Worm","floor":1.0,"turns":4.0},{"damage":0.0,"enemies":"Small Slimes","floor":3.0,"turns":4.0},{"damage":0.0,"enemies":"2 Louse","floor":5.0,"turns":1.0},{"damage":21.0,"enemies":"Lagavulin","floor":6.0,"turns":8.0},{"damage":11.0,"enemies":"Exordium Wildlife","floor":7.0,"turns":5.0},{"damage":0.0,"enemies":"Red Slaver","floor":10.0,"turns":2.0},{"damage":0.0,"enemies":"3 Sentries","floor":14.0,"turns":3.0},{"damage":35.0,"enemies":"The Guardian","floor":16.0,"turns":7.0},{"damage":0.0,"enemies":"Chosen","floor":18.0,"turns":4.0},{"damage":9.0,"enemies":"Shell Parasite","floor":19.0,"turns":2.0},{"damage":13.0,"enemies":"Snecko","floor":21.0,"turns":4.0},{"damage":27.0,"enemies":"Gremlin Leader","floor":24.0,"turns":5.0},{"damage":31,"enemies":"Slavers","floor":27,"turns":4},{"damage":17,"enemies":"Snake Plant","floor":28,"turns":3},{"damage":21,"enemies":"Sentry and Sphere","floor":31,"turns":5},{"damage":67,"enemies":"Collector","floor":33,"turns":6},{"damage":27,"enemies":"3 Shapes","floor":35,"turns":3},{"damage":0,"enemies":"Orb Walker","floor":36,"turns":2},{"damage":26,"enemies":"Spire Growth","floor":37,"turns":4},{"damage":11,"enemies":"Maw","floor":38,"turns":5},{"damage":28,"enemies":"Giant Head","floor":40,"turns":6},{"damage":40,"enemies":"Nemesis","floor":42,"turns":4},{"damage":11,"enemies":"Sphere and 2 Shapes","floor":45,"turns":3},{"damage":0,"enemies":"4 Shapes","floor":46,"turns":3},{"damage":1,"enemies":"3 Darklings","floor":47,"turns":2},{"damage":0,"enemies":"Jaw Worm Horde","floor":48,"turns":3},{"damage":46,"enemies":"Awakened One","floor":50,"turns":6}],"seed_played":"9081596495340806164","potions_obtained":[{"floor":1.0,"key":"LiquidBronze"},{"floor":5.0,"key":"DistilledChaos"},{"floor":6.0,"key":"DistilledChaos"},{"floor":14.0,"key":"SpeedPotion"},{"floor":21.0,"key":"Block Potion"},{"floor":27,"key":"BloodPotion"},{"floor":28,"key":"Dexterity Potion"},{"floor":33,"key":"EssenceOfSteel"},{"floor":35,"key":"Energy Potion"},{"floor":40,"key":"ElixirPotion"},{"floor":45,"key":"AttackPotion"},{"floor":46,"key":"Dexterity Potion"},{"floor":48,"key":"Fruit Juice"}],"is_trial":false,"path_per_floor":["M","?","M","?","M","E","M","?","T","M","$","T","$","E","R","B",null,"M","M","$","M","?","R","E","T","T","E","M","R","$","M","R","B",null,"M","M","M","M","$","E","R","E","T","?","M","M","M","M","R","B",null],"character_chosen":"IRONCLAD","items_purchased":["Membership Card","PreservedInsect","Pen Nib","Letter Opener","PowerPotion","MealTicket","Medical Kit","CultistPotion","Inflame","Molten Egg 2","Chemical X"],"campfire_rested":6,"item_purchase_floors":[11,20,20,20,20,30,30,30,39,39,39],"current_hp_per_floor":[80,80,80,68,68,47,36,36,36,36,36,36,36,36,60,25,80,80,71,71,58,42,66,39,39,39,24,7,58,58,37,80,13,80,53,53,27,16,31,3,57,17,17,17,6,6,5,10,64,18],"gold":148,"neow_bonus":"BOSS_RELIC","is_daily":false,"chose_seed":false,"campfire_upgraded":0,"win_rate":0.0,"timestamp":1611078883,"path_taken":["M","?","M","?","M","E","M","?","T","M","$","?","$","E","R","BOSS","M","M","$","M","?","R","E","?","T","E","M","R","$","M","R","BOSS","M","M","M","M","$","E","R","E","T","?","M","M","M","M","R","BOSS"],"items_purchased_type":["Relic","Relic","Relic","Relic","Potion","Relic","Relic","Potion","Card","Relic","Relic"],"build_version":"2020-12-22","purchased_purges":2,"victory":true,"max_hp_per_floor":[80,80,80,80,80,80,80,80,80,80,80,80,80,80,80,80,80,80,80,80,80,80,80,80,80,80,80,80,80,80,80,80,80,80,80,80,80,80,80,80,80,80,80,76,76,76,76,81,81,81],"relic_stats":{"Regal Pillow":52,"counters":[27,108],"Astrolabe":["Ghostly Armor","Sword Boomerang","Battle Trance"],"Eternal Feather":54,"PreservedInsect":258,"Pen Nib":[14],"Letter Opener":[71],"Whetstone":["Twin Strike","Iron Wave"],"War Paint":["Spot Weakness","Defend_R"],"Boot":[146],"Question Card":23,"Medical Kit":[4],"Mercury Hourglass":[336],"Busted Crown":36,"Prayer Wheel":15,"MealTicket":15,"Chemical X":[6],"obtain_stats":[{"Regal Pillow":24,"Nilry\u0027s Codex":22,"EVO:Axolotl":0,"Whetstone":43,"Ancient Tea Set":4,"Boot":12,"Burning Blood":0,"HornCleat":42,"Prayer Wheel":6,"MealTicket":30,"Fusion Hammer":17,"Chemical X":39,"Potion Belt":40,"Astrolabe":0,"Eternal Feather":25,"The Courier":8,"PreservedInsect":20,"Pen Nib":20,"Letter Opener":20,"War Paint":14,"Question Card":27,"Medical Kit":30,"Mercury Hourglass":9,"Busted Crown":34,"Molten Egg 2":39,"Membership Card":11},{"Regal Pillow":12,"Nilry\u0027s Codex":11,"EVO:Axolotl":0,"Whetstone":22,"Ancient Tea Set":2,"Boot":6,"Burning Blood":0,"HornCleat":22,"Prayer Wheel":4,"MealTicket":14,"Fusion Hammer":8,"Chemical X":20,"Potion Belt":21,"Astrolabe":0,"Eternal Feather":12,"The Courier":5,"PreservedInsect":10,"Pen Nib":10,"Letter Opener":10,"War Paint":7,"Question Card":13,"Medical Kit":14,"Mercury Hourglass":5,"Busted Crown":16,"Molten Egg 2":20,"Membership Card":6},{"Regal Pillow":49,"Nilry\u0027s Codex":44,"EVO:Axolotl":0,"Whetstone":91,"Ancient Tea Set":8,"Boot":24,"Burning Blood":0,"HornCleat":91,"Prayer Wheel":17,"MealTicket":56,"Fusion Hammer":34,"Chemical X":81,"Potion Belt":87,"Astrolabe":0,"Eternal Feather":49,"The Courier":22,"PreservedInsect":40,"Pen Nib":40,"Letter Opener":40,"War Paint":27,"Question Card":53,"Medical Kit":56,"Mercury Hourglass":22,"Busted Crown":67,"Molten Egg 2":81,"Membership Card":24}]},"card_choices":[{"not_picked":["Warcry","Headbutt"],"picked":"Whirlwind","floor":1.0},{"not_picked":["Reckless Charge","Carnage","Blood for Blood"],"picked":"SKIP","floor":3.0},{"not_picked":["Anger","Clothesline","Clash"],"picked":"SKIP","floor":5.0},{"not_picked":["Rage","Bludgeon"],"picked":"Twin Strike","floor":6.0},{"not_picked":["Iron Wave","Body Slam"],"picked":"Dropkick","floor":7.0},{"not_picked":["Havoc","Clash","Sword Boomerang"],"picked":"SKIP","floor":7.0},{"not_picked":["Havoc","Uppercut"],"picked":"Thunderclap","floor":10.0},{"not_picked":["Clothesline","Havoc"],"picked":"Spot Weakness","floor":10.0},{"not_picked":["Bloodletting","Metallicize"],"picked":"Inflame","floor":14.0},{"not_picked":["Feed","Berserk"],"picked":"Juggernaut","floor":16.0},{"not_picked":["Evolve","Sword Boomerang","Dropkick+1"],"picked":"SKIP","floor":18.0},{"not_picked":["Combust","Sever Soul","Infernal Blade"],"picked":"SKIP","floor":18.0},{"not_picked":["Fire Breathing","True Grit"],"picked":"Shrug It Off","floor":19.0},{"not_picked":["Heavy Blade","Pommel Strike+1"],"picked":"Carnage+1","floor":19.0},{"not_picked":["Shockwave","Headbutt+1"],"picked":"Uppercut+1","floor":21.0},{"not_picked":["Pommel Strike","Flex","Whirlwind"],"picked":"SKIP","floor":21.0},{"not_picked":["Sword Boomerang","Havoc"],"picked":"Exhume","floor":24.0},{"not_picked":["Uppercut","Entrench","Feel No Pain"],"picked":"SKIP","floor":27},{"not_picked":["Anger","Sword Boomerang+1","Dropkick"],"picked":"True Grit+1","floor":28},{"not_picked":["Intimidate","Feel No Pain","Blood for Blood"],"picked":"Infernal Blade","floor":28},{"not_picked":["Anger","Twin Strike","Rupture"],"picked":"Sword Boomerang","floor":31},{"not_picked":["Anger","Wild Strike+1","Double Tap","Heavy Blade"],"picked":"SKIP","floor":31},{"not_picked":["Feed","Bludgeon","Fiend Fire"],"picked":"Limit Break","floor":33},{"not_picked":["Headbutt"],"picked":"Infernal Blade+1","floor":35},{"not_picked":["Rupture+1"],"picked":"Shrug It Off+1","floor":35},{"not_picked":["Perfected Strike+1","Heavy Blade+1"],"picked":"SKIP","floor":36},{"not_picked":["Havoc","Warcry"],"picked":"SKIP","floor":36},{"not_picked":["Hemokinesis"],"picked":"Metallicize+1","floor":37},{"not_picked":["Shockwave+1","Bloodletting"],"picked":"SKIP","floor":37},{"not_picked":["Twin Strike+1","Bloodletting+1"],"picked":"SKIP","floor":38},{"not_picked":["Rage+1","Sever Soul"],"picked":"SKIP","floor":38},{"not_picked":["Uppercut+1","Corruption"],"picked":"SKIP","floor":40},{"not_picked":["Heavy Blade+1","Fire Breathing"],"picked":"SKIP","floor":42},{"not_picked":["Wild Strike+1","Perfected Strike+1"],"picked":"SKIP","floor":45},{"not_picked":["Brutality","Rampage+1"],"picked":"SKIP","floor":45},{"not_picked":["Flex","Sentinel"],"picked":"SKIP","floor":46},{"not_picked":["Iron Wave+1","Headbutt+1"],"picked":"SKIP","floor":46},{"not_picked":["Twin Strike+1"],"picked":"True Grit","floor":47},{"not_picked":["Disarm","Heavy Blade+1"],"picked":"SKIP","floor":47},{"not_picked":["Uppercut+1","Dual Wield"],"picked":"SKIP","floor":48},{"not_picked":["Warcry+1","Uppercut+1"],"picked":"SKIP","floor":48}],"player_experience":202408,"relics_obtained":[{"floor":6.0,"key":"Prayer Wheel"},{"floor":9.0,"key":"Mercury Hourglass"},{"floor":12.0,"key":"Boot"},{"floor":14.0,"key":"War Paint"},{"floor":22.0,"key":"Nilry\u0027s Codex"},{"floor":24.0,"key":"Regal Pillow"},{"floor":25.0,"key":"Eternal Feather"},{"floor":27,"key":"Question Card"},{"floor":40,"key":"Potion Belt"},{"floor":42,"key":"HornCleat"},{"floor":43,"key":"Whetstone"}],"event_choices":[{"cards_removed":["Defend_R"],"damage_healed":0.0,"max_hp_gain":0.0,"max_hp_loss":0.0,"gold_gain":0.0,"event_name":"The Cleric","player_choice":"Card Removal","floor":2.0,"gold_loss":50.0,"damage_taken":0.0},{"damage_healed":0.0,"max_hp_gain":0.0,"max_hp_loss":0.0,"gold_gain":0.0,"event_name":"Scrap Ooze","player_choice":"Success","floor":4.0,"gold_loss":0.0,"damage_taken":12.0,"relics_obtained":["Ancient Tea Set"]},{"damage_healed":0.0,"max_hp_gain":0.0,"max_hp_loss":0.0,"gold_gain":0.0,"event_name":"Big Fish","player_choice":"Box","floor":8.0,"gold_loss":0.0,"damage_taken":0.0,"relics_obtained":["The Courier"],"cards_obtained":["Regret"]},{"damage_healed":0.0,"max_hp_gain":0.0,"max_hp_loss":0.0,"gold_gain":0.0,"event_name":"Cursed Tome","player_choice":"Obtained Book","floor":22.0,"gold_loss":0.0,"damage_taken":16.0},{"damage_healed":0,"gold_gain":0,"player_choice":"Max HP","damage_taken":0,"max_hp_gain":0,"max_hp_loss":4,"event_name":"Winding Halls","floor":44,"gold_loss":0}],"is_beta":false,"boss_relics":[{"not_picked":["Coffee Dripper","Pandora\u0027s Box"],"picked":"Fusion Hammer"},{"not_picked":["Velvet Choker","Runic Dome"],"picked":"Busted Crown"}],"items_purged_floors":[11,30],"is_endless":false,"potions_floor_spawned":[1,5,6,14,21,27,28,33,35,40,45,46,48],"ascension_level":4}}