{"host":"7kj0ynzap1jglrpi","time":1611027683,"event":{"mods":["Act Like it!","BaseMod","Hallownest","Minty Spire (QoL Compilation)","StSLib","The Bug Knight"],"gold_per_floor":[17,29,29,29,41,72,86,131,131,131,131],"floor_reached":10,"language":"ZHS","playtime":511,"items_purged":[],"score":74,"play_id":"df238e1a-9483-4e1a-8379-63efb5fa7924","local_time":"20210119114123","is_ascension_mode":true,"campfire_choices":[],"circlet_count":0,"master_deck":["HollowMod:NailStrikeStart","HollowMod:NailStrikeStart","HollowMod:NailStrikeStart","HollowMod:NailStrikeStart","HollowMod:QuickDashStart","HollowMod:QuickDashStart","HollowMod:QuickDashStart","HollowMod:FocusHealStart","HollowMod:PogoStrike","HollowMod:LordofShades","HollowMod:PerfectDash","HollowMod:LifebloodCocoon","HollowMod:AwokenDreamNail","HollowMod:MothsMistake","HollowMod:RadiancesLament","HollowMod:NewJinnsSoul"],"relics":["HollowMod:VesselMask","Hallownest:DreamNailRelic","HollowMod:DelicateFlower","Sundial"],"acts_visited":["Hallownest:Greenpath"],"potions_floor_usage":[10],"damage_taken":[{"damage":12.0,"enemies":"Hallownest:2_Tiktiks_and_1_Crawlid","floor":1.0,"turns":4.0},{"damage":5.0,"enemies":"Hallownest:monsterHuskWarrior","floor":2.0,"turns":4.0},{"damage":18.0,"enemies":"Hallownest:monsterHuskGuard","floor":5.0,"turns":5.0},{"damage":22.0,"enemies":"Hallownest:eliteCrystalGuardian","floor":6.0,"turns":5.0},{"damage":42.0,"enemies":"Hallownest:Guard_and_Warrior","floor":7.0,"turns":7.0},{"damage":18,"enemies":"Hallownest:eliteMossKnight","floor":10,"turns":5}],"seed_played":"-3501177407564414240","potions_obtained":[{"floor":2.0,"key":"FearPotion"},{"floor":6.0,"key":"SpeedPotion"}],"is_trial":false,"path_per_floor":["M","M","?","?","M","E","M","T","T","E"],"character_chosen":"THE_BUGKNIGHT","items_purchased":[],"campfire_rested":0,"item_purchase_floors":[],"current_hp_per_floor":[69,70,70,70,52,36,6,6,6,0,0],"gold":131,"neow_bonus":"THREE_RARE_CARDS","is_daily":false,"chose_seed":false,"campfire_upgraded":0,"win_rate":0.0,"timestamp":1611027683,"path_taken":["M","M","?","?","M","E","?","?","T","E"],"items_purchased_type":[],"build_version":"2020-12-22","purchased_purges":0,"victory":false,"max_hp_per_floor":[75,75,75,75,75,75,75,75,75,75,75],"card_choices":[{"not_picked":["HollowMod:LifebloodCore","HollowMod:VoidDash"],"picked":"HollowMod:LordofShades","floor":0.0},{"not_picked":["HollowMod:CornifersMapStart","HollowMod:PureNailStrike"],"picked":"HollowMod:PerfectDash","floor":1.0},{"not_picked":["HollowMod:NewLittleFool","HollowMod:InfectionAssault"],"picked":"HollowMod:LifebloodCocoon","floor":2.0},{"not_picked":["HollowMod:NewLittleFool","HollowMod:RecoilStrike"],"picked":"HollowMod:MothsMistake","floor":5.0},{"not_picked":["HollowMod:NewLittleFool","HollowMod:InfectedAttack"],"picked":"HollowMod:RadiancesLament","floor":6.0},{"not_picked":["HollowMod:SoulSplash","HollowMod:CycloneSlash"],"picked":"HollowMod:NewJinnsSoul","floor":7.0}],"player_experience":127249,"relics_obtained":[{"floor":6.0,"key":"HollowMod:DelicateFlower"},{"floor":9.0,"key":"Sundial"}],"event_choices":[],"is_beta":false,"boss_relics":[],"items_purged_floors":[],"is_endless":false,"potions_floor_spawned":[2,6],"killed_by":"Hallownest:eliteMossKnight","ascension_level":2}}