{"host":"28p8ce41sjwa6lzf","time":1611087732,"event":{"mods":["BaseMod","Bestiary","Colored Map","Colored Powertips","Dark Map","Highlight Path","Minty Spire (QoL Compilation)","Permanent Neow","Quick Restart","Random Character Button","Rare Cards Sparkle","Relic Stats","StSLib","Unceasing Turn Reminder"],"gold_per_floor":[116,132,145,155,80,80,80,97,120,120,137,137,155,155,155],"floor_reached":14,"language":"ENG","playtime":643,"items_purged":["Strike_R"],"score":168,"play_id":"653ef7e3-5df1-4620-9889-b6a1de48eb8b","local_time":"20210119142212","is_ascension_mode":true,"campfire_choices":[{"data":"Metamorphosis","floor":6.0,"key":"SMITH"},{"data":"Warcry","floor":10.0,"key":"SMITH"},{"data":"Battle Trance","floor":12.0,"key":"SMITH"}],"circlet_count":0,"master_deck":["AscendersBane","Strike_R","Strike_R","Strike_R","Strike_R","Defend_R","Defend_R","Defend_R","Defend_R","Bash","Metamorphosis+1","Battle Trance+1","Warcry+1","Dual Wield","Brutality","Shrug It Off","Rage"],"relics":["Burning Blood","Smiling Mask"],"acts_visited":["Exordium"],"potions_floor_usage":[],"damage_taken":[{"damage":9.0,"enemies":"2 Louse","floor":1.0,"turns":4.0},{"damage":7.0,"enemies":"Jaw Worm","floor":2.0,"turns":2.0},{"damage":5.0,"enemies":"Small Slimes","floor":3.0,"turns":4.0},{"damage":13.0,"enemies":"3 Louse","floor":4.0,"turns":4.0},{"damage":18.0,"enemies":"2 Fungi Beasts","floor":8.0,"turns":3.0},{"damage":23.0,"enemies":"Exordium Thugs","floor":11.0,"turns":3.0},{"damage":21,"enemies":"Red Slaver","floor":13,"turns":4},{"damage":14,"enemies":"Lagavulin","floor":14,"turns":4}],"seed_played":"-5269890252427551730","potions_obtained":[{"floor":3.0,"key":"Fire Potion"},{"floor":4.0,"key":"ColorlessPotion"},{"floor":13,"key":"ColorlessPotion"}],"is_trial":false,"path_per_floor":["M","M","M","M","$","R","?","M","T","R","M","R","M","E"],"character_chosen":"IRONCLAD","items_purchased":[],"campfire_rested":0,"item_purchase_floors":[],"current_hp_per_floor":[65,64,65,58,58,58,58,46,46,46,29,29,14,0,0],"gold":155,"neow_bonus":"RANDOM_COLORLESS_2","is_daily":false,"chose_seed":false,"campfire_upgraded":3,"win_rate":0.0,"timestamp":1611087732,"path_taken":["M","M","M","M","$","R","?","M","T","R","M","R","M","E"],"items_purchased_type":[],"build_version":"2020-12-22","purchased_purges":1,"victory":false,"max_hp_per_floor":[68,68,68,68,68,68,68,68,68,68,68,68,68,68,68],"relic_stats":{"counters":[8,28],"Smiling Mask":0,"obtain_stats":[{"Smiling Mask":9,"Burning Blood":0},{"Smiling Mask":5,"Burning Blood":0},{"Smiling Mask":17,"Burning Blood":0}],"Burning Blood":42},"card_choices":[{"not_picked":["Secret Technique","Sadistic Nature"],"picked":"Metamorphosis","floor":0.0},{"not_picked":["Entrench","Armaments"],"picked":"Battle Trance","floor":1.0},{"not_picked":["Evolve","Seeing Red"],"picked":"Warcry","floor":2.0},{"not_picked":["Searing Blow","Clothesline"],"picked":"Dual Wield","floor":3.0},{"not_picked":["Twin Strike","Reckless Charge"],"picked":"Brutality","floor":4.0},{"not_picked":["Ghostly Armor","Clothesline","Heavy Blade"],"picked":"SKIP","floor":8.0},{"not_picked":["Headbutt","Warcry"],"picked":"Shrug It Off","floor":11.0},{"not_picked":["Clash","Heavy Blade"],"picked":"Rage","floor":13}],"player_experience":1154286,"relics_obtained":[{"floor":9.0,"key":"Smiling Mask"}],"event_choices":[{"damage_healed":0.0,"max_hp_gain":0.0,"max_hp_loss":0.0,"gold_gain":0.0,"event_name":"Golden Idol","player_choice":"Ignored","floor":7.0,"gold_loss":0.0,"damage_taken":0.0}],"is_beta":false,"boss_relics":[],"items_purged_floors":[5],"is_endless":false,"potions_floor_spawned":[3,4,13],"killed_by":"Lagavulin","ascension_level":20}}