{"host":"opgesw7sb5n0ordz","time":1611043143,"event":{"mods":["BaseMod","Better Note","Colored Powertips","Minty Spire (QoL Compilation)","Relic Stats","Shedinja","StSLib","Unceasing Turn Reminder"],"gold_per_floor":[113,124,124,124,144,144,73,73,96,96,131,131,144,157,157,254,254,272,258,258,258,50,50,65,65,65,65,81,94,122,122,122,222,222,241,261,272,286,286,320,169,197,250,15,15,15,0,17,17,17,17,17,17,44,44],"floor_reached":56,"language":"ENG","playtime":3106,"items_purged":[],"score":1698,"play_id":"ff1a4250-506d-44ba-9694-db84f2812cf0","local_time":"20210119025903","is_ascension_mode":true,"campfire_choices":[{"data":"Shedinja:PowerBracer","floor":6,"key":"SMITH"},{"data":"Shedinja:FocusSash","floor":8,"key":"SMITH"},{"data":"Shedinja:FocusSash","floor":10,"key":"SMITH"},{"data":"Shedinja:WillOWisp","floor":15,"key":"SMITH"},{"data":"Shedinja:BugBuzz","floor":23,"key":"SMITH"},{"data":"Shedinja:DoubleTeam","floor":25,"key":"SMITH"},{"data":"Mayhem","floor":27,"key":"SMITH"},{"data":"Shedinja:Elixir","floor":32,"key":"SMITH"},{"floor":45,"key":"RECALL"},{"data":"Shedinja:Toxic","floor":49,"key":"SMITH"},{"data":"Shedinja:StruggleBug","floor":52,"key":"SMITH"}],"circlet_count":0,"master_deck":["Shedinja:Endure","Shedinja:Endure","Shedinja:Endure","Shedinja:Endure","Shedinja:Endure","Shedinja:FocusSash+1","Shedinja:FocusSash+1","Shedinja:FurySwipes","Shedinja:PowerBracer+1","Shedinja:AerialAce","Shedinja:Agility","Shedinja:DoubleTeam+1","Shedinja:StringShot","Shedinja:ShadowClaw","Shedinja:WillOWisp+1","Shedinja:Toxic+1","CurseOfTheBell","Shedinja:RockyHelmet+1","Shedinja:Mimic+1","Shedinja:Toxic","Shedinja:StringShot","Mayhem+1","Shedinja:BugBuzz+1","Shedinja:NightSlash+1","Shedinja:Ether+1","Shedinja:ShadowClaw+1","Shedinja:Elixir+1","Bite","Bite","Bite","Bite","Bite","Shedinja:PhantomForce","Shedinja:StringShot+1","Shedinja:ShadowSneak+1","Parasite","Shedinja:ShadowBall+1","Shedinja:GigaDrain+1","Pain","Shedinja:Ether+1","Shedinja:MindReader+1","Shedinja:GigaDrain+1","Shedinja:DoubleTeam","Shedinja:MindReader+1","Shedinja:StruggleBug+1","Shedinja:NightSlash+1","Shedinja:FurySwipes","Blind+1","Madness+1","Madness+1","Shedinja:Elixir","Shedinja:ConfuseRay+1"],"relics":["Shedinja:WonderGuard","Shedinja:EnergyLoss","Potion Belt","Peace Pipe","Calling Bell","Art of War","InkBottle","Gambling Chip","Toxic Egg 2","Bottled Tornado","Black Star","WarpedTongs","Boot","Toy Ornithopter","Orrery","Bronze Scales","Bottled Lightning","Red Mask","Ice Cream","Blue Candle"],"acts_visited":["Exordium","TheCity","TheBeyond","TheEnding"],"potions_floor_usage":[11,19,19,28,30,30,30,35,35,35,35,36,36,37,37,38,38,42,50,55,55,55],"damage_taken":[{"damage":0,"enemies":"Cultist","floor":1,"turns":4},{"damage":0,"enemies":"2 Louse","floor":2,"turns":3},{"damage":0,"enemies":"Jaw Worm","floor":5,"turns":4},{"damage":0,"enemies":"Lagavulin","floor":11,"turns":7},{"damage":0,"enemies":"Lots of Slimes","floor":13,"turns":5},{"damage":0,"enemies":"Large Slime","floor":14,"turns":9},{"damage":0,"enemies":"Slime Boss","floor":16,"turns":19},{"damage":0,"enemies":"3 Byrds","floor":18,"turns":7},{"damage":0,"enemies":"2 Thieves","floor":19,"turns":4},{"damage":0,"enemies":"Cultist and Chosen","floor":24,"turns":9},{"damage":0,"enemies":"Shelled Parasite and Fungi","floor":28,"turns":5},{"damage":0,"enemies":"Snecko","floor":29,"turns":4},{"damage":0,"enemies":"Gremlin Leader","floor":30,"turns":4},{"damage":0,"enemies":"Collector","floor":33,"turns":10},{"damage":0,"enemies":"3 Darklings","floor":35,"turns":7},{"damage":0,"enemies":"Orb Walker","floor":36,"turns":6},{"damage":0,"enemies":"Writhing Mass","floor":37,"turns":7},{"damage":0,"enemies":"Transient","floor":38,"turns":5},{"damage":0,"enemies":"Nemesis","floor":40,"turns":7},{"damage":0,"enemies":"Reptomancer","floor":42,"turns":9},{"damage":0,"enemies":"Sphere and 2 Shapes","floor":48,"turns":6},{"damage":0,"enemies":"Donu and Deca","floor":50,"turns":9},{"damage":0,"enemies":"Shield and Spear","floor":54,"turns":9},{"damage":0,"enemies":"The Heart","floor":55,"turns":10}],"seed_played":"2450594995227416166","potions_obtained":[{"floor":2,"key":"Swift Potion"},{"floor":13,"key":"BlessingOfTheForge"},{"floor":16,"key":"AttackPotion"},{"floor":18,"key":"SpeedPotion"},{"floor":21,"key":"ColorlessPotion"},{"floor":21,"key":"AttackPotion"},{"floor":21,"key":"AttackPotion"},{"floor":29,"key":"EntropicBrew"},{"floor":36,"key":"EntropicBrew"},{"floor":40,"key":"SteroidPotion"},{"floor":48,"key":"PowerPotion"}],"is_trial":false,"path_per_floor":["M","M","?","$","M","R","$","R","T","R","E","?","M","M","R","B",null,"M","M","?","?","$","R","M","R","T","R","M","M","E","?","R","B",null,"M","M","M","M","?","E","$","E","T","$","R","?","?","M","R","B",null,"R","$","E","B",null],"character_chosen":"THE_DEFAULT","items_purchased":["Shedinja:DoubleTeam","Mayhem","Shedinja:BugBuzz","Orrery","Shedinja:FurySwipes","Blind+1","DistilledChaos"],"campfire_rested":0,"item_purchase_floors":[7,22,22,41,44,44,44],"current_hp_per_floor":[1,1,1,1,1,1,1,1,1,1,1,1,1,1,1,1,1,1,1,1,1,1,1,1,1,1,1,1,1,1,1,1,1,1,1,1,1,1,1,1,1,1,1,1,1,1,1,1,1,1,1,1,1,1,1],"gold":44,"neow_bonus":"THREE_RARE_CARDS","is_daily":false,"chose_seed":false,"campfire_upgraded":10,"win_rate":0.0,"timestamp":1611043143,"path_taken":["M","?","?","?","?","R","$","R","T","R","E","?","M","M","R","BOSS","M","?","?","?","$","R","M","R","T","R","M","?","E","?","R","BOSS","M","M","M","M","?","E","$","E","T","?","R","?","?","M","R","BOSS","R","$","E","BOSS"],"items_purchased_type":["Card","Card","Card","Relic","Card","Card","Potion"],"build_version":"2020-12-22","purchased_purges":0,"victory":true,"max_hp_per_floor":[1,1,1,1,1,1,1,1,1,1,1,1,1,1,1,1,1,1,1,1,1,1,1,1,1,1,1,1,1,1,1,1,1,1,1,1,1,1,1,1,1,1,1,1,1,1,1,1,1,1,1,1,1,1,1],"relic_stats":{"Peace Pipe":0,"counters":[24,169],"Gambling Chip":[27],"Bronze Scales":[186],"Blue Candle":[2],"Art of War":[20],"Black Star":3,"Boot":[21],"obtain_stats":[{"Potion Belt":9,"Ice Cream":54,"Blue Candle":54,"Bottled Tornado":30,"Boot":40,"WarpedTongs":39,"Peace Pipe":11,"Calling Bell":17,"Gambling Chip":17,"Bronze Scales":42,"Orrery":41,"Shedinja:EnergyLoss":3,"Shedinja:WonderGuard":0,"Art of War":17,"Black Star":34,"Red Mask":47,"Bottled Lightning":42,"Toxic Egg 2":26,"InkBottle":17,"Toy Ornithopter":40},{"Potion Belt":3,"Ice Cream":23,"Blue Candle":23,"Bottled Tornado":13,"Boot":19,"WarpedTongs":18,"Peace Pipe":4,"Calling Bell":7,"Gambling Chip":7,"Bronze Scales":20,"Orrery":19,"Shedinja:EnergyLoss":2,"Shedinja:WonderGuard":0,"Art of War":7,"Black Star":14,"Red Mask":20,"Bottled Lightning":20,"Toxic Egg 2":10,"InkBottle":7,"Toy Ornithopter":19},{"Potion Belt":11,"Ice Cream":159,"Blue Candle":159,"Bottled Tornado":84,"Boot":126,"WarpedTongs":119,"Peace Pipe":18,"Calling Bell":51,"Gambling Chip":51,"Bronze Scales":135,"Orrery":126,"Shedinja:EnergyLoss":7,"Shedinja:WonderGuard":0,"Art of War":51,"Black Star":94,"Red Mask":135,"Bottled Lightning":135,"Toxic Egg 2":71,"InkBottle":51,"Toy Ornithopter":126}],"InkBottle":[50],"Toy Ornithopter":0,"WarpedTongs":[45]},"card_choices":[{"not_picked":["Shedinja:Substitute","Shedinja:LumBerry"],"picked":"Shedinja:PokeBall","floor":0},{"not_picked":["Shedinja:ShadowBall","Shedinja:HoneClaws"],"picked":"Shedinja:FurySwipes","floor":1},{"not_picked":["Shedinja:SafetyGoggles","Shedinja:ShadowClaw"],"picked":"Shedinja:PowerBracer","floor":2},{"not_picked":["Shedinja:Facade","Shedinja:SuckerPunch"],"picked":"Shedinja:Agility","floor":5},{"not_picked":["Shedinja:Rest","Shedinja:HoneClaws"],"picked":"Shedinja:StringShot","floor":11},{"not_picked":["Shedinja:Round","Shedinja:RockyHelmet"],"picked":"Shedinja:ShadowClaw","floor":13},{"not_picked":["Shedinja:StringShot","Shedinja:Mimic"],"picked":"Shedinja:WillOWisp","floor":14},{"not_picked":["Shedinja:XScissor","Shedinja:FinalGambit"],"picked":"Shedinja:Toxic","floor":16},{"not_picked":["Shedinja:WillOWisp","Shedinja:Ether"],"picked":"Shedinja:RockyHelmet+1","floor":18},{"not_picked":["Shedinja:ShadowSneak","Shedinja:Ether"],"picked":"Shedinja:Mimic+1","floor":19},{"not_picked":["Shedinja:Substitute","Shedinja:MetalClaw"],"picked":"Shedinja:NightSlash+1","floor":24},{"not_picked":["Shedinja:Thief","Shedinja:WillOWisp+1"],"picked":"Shedinja:Ether+1","floor":28},{"not_picked":["Shedinja:RockyHelmet","Shedinja:Facade+1"],"picked":"Shedinja:ShadowClaw+1","floor":29},{"not_picked":["Shedinja:ShadowSneak","Shedinja:RockyHelmet+1"],"picked":"Shedinja:Elixir","floor":30},{"not_picked":["Shedinja:Protect+1","Shedinja:LumBerry+1"],"picked":"Shedinja:PhantomForce","floor":33},{"not_picked":["Shedinja:Round","Shedinja:MetalClaw"],"picked":"Shedinja:StringShot+1","floor":35},{"not_picked":["Shedinja:Round","Shedinja:Ether+1"],"picked":"Shedinja:ShadowSneak+1","floor":36},{"not_picked":["Shedinja:Thief+1","Shedinja:ShadowClaw+1"],"picked":"Shedinja:ShadowBall+1","floor":37},{"not_picked":["Shedinja:Toxic","Shedinja:ShadowBall"],"picked":"Shedinja:GigaDrain+1","floor":38},{"not_picked":["Shedinja:ShadowBall","Shedinja:ShadowSneak"],"picked":"Shedinja:Ether+1","floor":40},{"not_picked":["Shedinja:Ether+1","Shedinja:ShadowSneak"],"picked":"Shedinja:MindReader+1","floor":41},{"not_picked":["Shedinja:SafetyGoggles+1","Shedinja:Mimic+1"],"picked":"Shedinja:GigaDrain+1","floor":41},{"not_picked":["Shedinja:PowerBracer+1","Shedinja:Ether+1"],"picked":"Shedinja:DoubleTeam","floor":41},{"not_picked":["Shedinja:PowerBracer","Shedinja:FinalGambit"],"picked":"Shedinja:MindReader+1","floor":41},{"not_picked":["Shedinja:RockyHelmet+1","Shedinja:ShadowClaw+1"],"picked":"Shedinja:StruggleBug","floor":41},{"not_picked":["Shedinja:Mimic+1","Shedinja:Substitute+1"],"picked":"Shedinja:NightSlash+1","floor":42},{"not_picked":["Shedinja:PowerBracer+1","Shedinja:Mimic+1"],"picked":"Shedinja:Elixir","floor":48},{"not_picked":["Shedinja:Thief","Shedinja:WillOWisp+1"],"picked":"Shedinja:ConfuseRay+1","floor":54}],"player_experience":690578,"relics_obtained":[{"floor":9,"key":"Potion Belt"},{"floor":11,"key":"Peace Pipe"},{"floor":17,"key":"Art of War"},{"floor":17,"key":"InkBottle"},{"floor":17,"key":"Gambling Chip"},{"floor":26,"key":"Toxic Egg 2"},{"floor":30,"key":"Bottled Tornado"},{"floor":40,"key":"Boot"},{"floor":40,"key":"Toy Ornithopter"},{"floor":42,"key":"Bronze Scales"},{"floor":42,"key":"Bottled Lightning"},{"floor":54,"key":"Ice Cream"},{"floor":54,"key":"Blue Candle"}],"event_choices":[{"damage_healed":0,"gold_gain":0,"player_choice":"Ignored","damage_taken":0,"max_hp_gain":0,"max_hp_loss":0,"event_name":"Purifier","floor":12,"gold_loss":0},{"damage_healed":0,"gold_gain":0,"cards_transformed":["Shedinja:Scratch","Shedinja:Scratch"],"player_choice":"Became Test Subject","damage_taken":0,"max_hp_gain":0,"max_hp_loss":0,"event_name":"Drug Dealer","floor":20,"gold_loss":0,"cards_obtained":["Shedinja:Toxic","Shedinja:StringShot"]},{"damage_healed":0,"gold_gain":0,"player_choice":"Got Potions","damage_taken":0,"max_hp_gain":0,"max_hp_loss":0,"event_name":"Lab","floor":21,"gold_loss":0},{"damage_healed":0,"gold_gain":0,"player_choice":"Became a vampire","damage_taken":0,"max_hp_gain":0,"max_hp_loss":0,"event_name":"Vampires","floor":31,"gold_loss":0,"cards_obtained":["Bite","Bite","Bite","Bite","Bite"]},{"damage_healed":0,"gold_gain":0,"player_choice":"Rummage","damage_taken":0,"relics_obtained":["WarpedTongs"],"max_hp_gain":0,"max_hp_loss":0,"event_name":"Accursed Blacksmith","floor":39,"gold_loss":0,"cards_obtained":["Pain"]},{"damage_healed":0,"gold_gain":0,"player_choice":"Embrace Madness","damage_taken":0,"max_hp_gain":0,"max_hp_loss":0,"event_name":"Winding Halls","floor":46,"gold_loss":0,"cards_obtained":["Madness","Madness"]},{"damage_healed":0,"gold_gain":0,"player_choice":"Paid","damage_taken":0,"relics_obtained":["Red Mask"],"max_hp_gain":0,"max_hp_loss":0,"event_name":"Tomb of Lord Red Mask","floor":47,"gold_loss":15}],"is_beta":false,"boss_relics":[{"not_picked":["Velvet Choker","Busted Crown"],"picked":"Calling Bell"},{"not_picked":["Fusion Hammer","Philosopher\u0027s Stone"],"picked":"Black Star"}],"items_purged_floors":[],"is_endless":false,"potions_floor_spawned":[2,13,16,18,29,36,40,48],"ascension_level":2}}