{"host":"kmq7aw60w430zvtx","time":1611060652,"event":{"mods":["BaseMod","Downfall","GifTheSpireLib","Hermit","Hubris","Minty Spire (QoL Compilation)","StSLib","The Construct","The Cursed","The Hierophant","The Jungle","The Necromancer","The Runesmith"],"gold_per_floor":[118,118,133,56,69,69,69,69,69,100,48,48,48,60,60,158,158,168,168,168,186,35,35,35,35],"floor_reached":24,"language":"ENG","playtime":1049,"items_purged":[],"score":259,"play_id":"cc011521-b678-4d02-9a9a-9dd65efb255b","local_time":"20210119135052","is_ascension_mode":true,"campfire_choices":[{"floor":6.0,"key":"RECALL"},{"data":"Backstab","floor":8.0,"key":"SMITH"},{"data":"Poisoned Stab","floor":13.0,"key":"SMITH"},{"floor":15.0,"key":"REST"},{"floor":23,"key":"REST"}],"circlet_count":0,"master_deck":["Strike_G","Strike_G","Strike_G","Strike_G","Strike_G","Defend_G","Defend_G","Defend_G","Defend_G","Defend_G","Survivor","Neutralize","Dodge and Roll","Poisoned Stab+1","Noxious Fumes+1","Backstab+1","Leg Sweep","Outmaneuver","Catalyst","After Image+1","Poisoned Stab+1","Slice"],"relics":["Ring of the Snake","Akabeko","hubris:Towel","Letter Opener","Juzu Bracelet","hubris:ScarierMask","Nilry\u0027s Codex","Vajra"],"acts_visited":["Exordium","TheCity"],"potions_floor_usage":[24,24],"damage_taken":[{"damage":1.0,"enemies":"Jaw Worm","floor":1.0,"turns":7.0},{"damage":0.0,"enemies":"Cultist","floor":3.0,"turns":5.0},{"damage":0.0,"enemies":"2 Louse","floor":5.0,"turns":2.0},{"damage":17.0,"enemies":"Gremlin Nob","floor":10.0,"turns":5.0},{"damage":11.0,"enemies":"Large Slime","floor":14.0,"turns":5.0},{"damage":9.0,"enemies":"Hexaghost","floor":16.0,"turns":9.0},{"damage":19,"enemies":"Spheric Guardian","floor":18,"turns":6},{"damage":3,"enemies":"Shell Parasite","floor":21,"turns":7},{"damage":60,"enemies":"Gremlin Leader","floor":24,"turns":4}],"seed_played":"8269270407177551646","potions_obtained":[{"floor":5.0,"key":"Dexterity Potion"},{"floor":10.0,"key":"BlessingOfTheForge"},{"floor":16.0,"key":"FearPotion"},{"floor":21,"key":"SteroidPotion"}],"is_trial":false,"path_per_floor":["M","?","M","$","M","R","?","R","T","E","$","?","R","M","R","B",null,"M","?","?","M","$","R","E"],"character_chosen":"THE_SILENT","items_purchased":["Noxious Fumes","Outmaneuver","Vajra"],"campfire_rested":2,"item_purchase_floors":[4,11,22],"current_hp_per_floor":[62,62,62,62,62,62,62,62,62,45,45,45,45,34,55,46,64,45,45,29,26,26,47,0,0],"gold":35,"neow_bonus":"ONE_RANDOM_RARE_CARD","is_daily":false,"chose_seed":false,"campfire_upgraded":2,"win_rate":0.0,"timestamp":1611060652,"path_taken":["M","?","M","?","?","R","?","R","T","E","$","?","R","M","R","BOSS","M","?","?","M","$","R","E"],"items_purchased_type":["Card","Card","Relic"],"build_version":"2020-12-22","purchased_purges":0,"victory":false,"max_hp_per_floor":[70,70,70,70,70,70,70,70,70,70,70,70,70,70,70,70,70,70,70,70,70,70,70,70,70],"card_choices":[{"not_picked":["Bane","Quick Slash"],"picked":"Dodge and Roll","floor":1.0},{"not_picked":["Expertise","Riddle With Holes"],"picked":"Poisoned Stab","floor":3.0},{"not_picked":["Dagger Spray","Sucker Punch"],"picked":"Backstab","floor":5.0},{"not_picked":["Flying Knee","Slice"],"picked":"Leg Sweep","floor":10.0},{"not_picked":["hubris:SlightOfHand","Die Die Die"],"picked":"Catalyst","floor":14.0},{"not_picked":["Glass Knife","Night Terror"],"picked":"After Image","floor":16.0},{"not_picked":["Skewer","Sucker Punch"],"picked":"Poisoned Stab+1","floor":18},{"not_picked":["hubris:Counter","Blade Dance"],"picked":"Slice","floor":21}],"player_experience":303090,"relics_obtained":[{"floor":9.0,"key":"Letter Opener"},{"floor":10.0,"key":"Juzu Bracelet"},{"floor":20,"key":"Nilry\u0027s Codex"}],"event_choices":[{"cards_removed":["Doppelganger"],"damage_healed":0.0,"max_hp_gain":0.0,"max_hp_loss":0.0,"gold_gain":0.0,"event_name":"WeMeetAgain","player_choice":"Gave Card","floor":2.0,"gold_loss":0.0,"damage_taken":0.0,"relics_obtained":["Akabeko"]},{"damage_healed":0.0,"max_hp_gain":0.0,"max_hp_loss":0.0,"gold_gain":0.0,"event_name":"Accursed Blacksmith","player_choice":"Forge","floor":12.0,"gold_loss":0.0,"damage_taken":0.0,"cards_upgraded":["Noxious Fumes"]},{"damage_healed":0,"gold_gain":0,"player_choice":"Obtained Book","damage_taken":16,"max_hp_gain":0,"max_hp_loss":0,"event_name":"Cursed Tome","floor":20,"gold_loss":0}],"is_beta":false,"boss_relics":[{"not_picked":["Velvet Choker","hubris:VirtuousBlindfold"],"picked":"hubris:ScarierMask"}],"items_purged_floors":[],"is_endless":false,"potions_floor_spawned":[5,10,16,21],"killed_by":"Gremlin Leader","ascension_level":7}}