{"host":"jfbo3eu2ui08ej1u","time":1611025816,"event":{"mods":["2.2 Compatiblity","AchievementEnabler","Act Like it!","Aspiration","BaseMod","Better Altar","Better Match","Better Note","Better Sensory Stone","Better Skull","Better Third Choice","Block Reminder","Colored Map","Colored Powertips","Conspire","DeckTracker","Displayed Cursed Tome","Energized Spire","Fox Events","GifTheSpireLib","Hubris","Infinite Spire","Marked Mod","Minty Spire (QoL Compilation)","Pale of the Ancients","Poor People Problems","Quick Restart","Relic Filter","Reorder Act Four","Replay The Spire","Shop Mod","Spicy Shops","Spire Arcade","StSLib","Stuff the Spire","The Blue Laboratory","The Disciple","The Forsaken","The Hierophant","The Marked","Uncapped","Unceasing Turn Reminder","Wandering Minibosses"],"gold_per_floor":[113,127,139,151,23,23,40,40,40,40,40,69,82,99,99,99,99],"floor_reached":16,"language":"ENG","playtime":676,"items_purged":["Strike_B"],"score":198,"play_id":"90003428-17ef-4300-b7d7-2565a485e9be","local_time":"20210118221016","is_ascension_mode":true,"campfire_choices":[{"data":"Loop","floor":6.0,"key":"SMITH"},{"floor":8.0,"key":"REST"},{"data":"Zap","floor":11.0,"key":"SMITH"},{"data":"Dualcast","floor":15.0,"key":"SMITH"}],"circlet_count":0,"master_deck":["AscendersBane","Strike_B","Strike_B","Strike_B","Defend_B","Defend_B+1","Defend_B","Defend_B","Zap+1","Dualcast+1","Cold Snap","Loop+1","Streamline","Sunder","Conserve Battery","Echo Form","Panic Button","Ball Lightning"],"relics":["Cracked Core","Geode","foxEvents:EldersFace","Blood Vial"],"acts_visited":["Exordium"],"potions_floor_usage":[],"damage_taken":[{"damage":7.0,"enemies":"Jaw Worm","floor":1.0,"turns":3.0},{"damage":17.0,"enemies":"infinitespire:Voidling","floor":2.0,"turns":3.0},{"damage":5.0,"enemies":"Small Slimes","floor":3.0,"turns":4.0},{"damage":11.0,"enemies":"Red Slaver","floor":4.0,"turns":3.0},{"damage":15.0,"enemies":"Exordium Thugs","floor":7.0,"turns":7.0},{"damage":10.0,"enemies":"3 Sentries","floor":12.0,"turns":7.0},{"damage":6.0,"enemies":"Looter","floor":13.0,"turns":2.0},{"damage":1.0,"enemies":"conspire:2 RoseBushes","floor":14.0,"turns":5.0},{"damage":43,"enemies":"Fading Forest","floor":16,"turns":10}],"seed_played":"7512956497122054238","potions_obtained":[{"floor":1.0,"key":"CultistPotion"},{"floor":4.0,"key":"blueLaboratory:HeartbeatPotion"},{"floor":12.0,"key":"blueLaboratory:BubblePotion"}],"is_trial":false,"path_per_floor":["M","M","M","M","$","R","M","R","T","?","R","E","M","M","R","B"],"character_chosen":"DEFECT","items_purchased":["Conserve Battery"],"campfire_rested":1,"item_purchase_floors":[5],"current_hp_per_floor":[64,52,47,36,36,36,21,44,44,44,44,34,30,31,31,0,0],"gold":99,"neow_bonus":"TEN_PERCENT_HP_BONUS","is_daily":false,"chose_seed":false,"campfire_upgraded":3,"win_rate":0.0,"timestamp":1611025816,"path_taken":["M","M","M","M","$","R","M","R","T","?","R","E","M","M","R","BOSS"],"items_purchased_type":["Card"],"build_version":"2020-12-22","purchased_purges":1,"victory":false,"max_hp_per_floor":[78,78,78,78,78,78,78,78,78,78,78,78,78,78,78,78,78],"card_choices":[{"not_picked":["Hologram","Compile Driver"],"picked":"Cold Snap","floor":1.0},{"not_picked":["BootSequence","StuffTheSpire:Plugnplay"],"picked":"Loop","floor":2.0},{"not_picked":["Sweeping Beam","Beam Cell"],"picked":"Streamline","floor":3.0},{"not_picked":["StuffTheSpire:Rend","Barrage"],"picked":"Sunder","floor":4.0},{"not_picked":["FTL","StuffTheSpire:LoadUp"],"picked":"Echo Form","floor":7.0},{"not_picked":["Crystallizer","Go for the Eyes"],"picked":"Panic Button","floor":12.0},{"not_picked":["StuffTheSpire:Plugnplay","Conserve Battery"],"picked":"Ball Lightning","floor":13.0},{"not_picked":["Streamline","Go for the Eyes","Steam Power"],"picked":"SKIP","floor":14.0}],"player_experience":1205635,"relics_obtained":[{"floor":9.0,"key":"Geode"},{"floor":12.0,"key":"Blood Vial"}],"event_choices":[{"damage_healed":0.0,"max_hp_gain":0.0,"max_hp_loss":0.0,"gold_gain":0.0,"event_name":"FaceTrader","player_choice":"Trade","floor":10.0,"gold_loss":0.0,"damage_taken":0.0,"relics_obtained":["foxEvents:EldersFace"]}],"is_beta":false,"boss_relics":[],"items_purged_floors":[5],"is_endless":false,"potions_floor_spawned":[1,4,12,13],"killed_by":"Fading Forest","ascension_level":18}}