{"host":"sdjng9zhqonqi3uc","time":1611062549,"event":{"mods":["2.2 Compatiblity","AchievementEnabler","BaseMod","Better Third Choice","BetterRewards","Colored Powertips","Hero for Fun","Minty Spire (QoL Compilation)","Quick Restart","Shop Mod","Spicy Shops","StSLib","Td1madao Mod","The Animator","The Cursed","The Servant 0.9.4"],"gold_per_floor":[109,128,303,333,358,383,393,393,445,482,513,525,564,95,95,214,239,253,278,400,400,425,485,510,577,627,673,673,725,780,809,834,838,838],"floor_reached":33,"language":"ENG","playtime":2905,"items_purged":["Normality"],"score":506,"play_id":"6fbf17f7-953d-4600-98bf-bee67a7b7e83","local_time":"20210119142229","is_ascension_mode":true,"campfire_choices":[{"floor":6,"key":"DIG"},{"floor":10,"key":"DIG"},{"floor":15,"key":"REST"},{"floor":28,"key":"REST"},{"floor":32,"key":"DIG"}],"circlet_count":0,"master_deck":["animator:TukaLunaMarceau","animator:Kuribayashi","animator:HighElfArcher","animator:Gilgamesh+17","animator:Tyuule","animator:Bozes","animator:Chris","animator:RoryMercury","animator:ItamiYouji","animator:SwordMaiden+1","animator:Viivi","animator:LizardPriest+1","animator:Saber","animator:TukaLunaMarceau","animator:CowGirl","animator:Lu","animator:GuildGirl+1","Shame","animator:Archer","animator:GoblinSlayer+1","animator:YaoHaDucy+1","animator:RoryMercury+1","animator:Bozes+1"],"relics":["animator:LivingPicture","animator:TheMissingPiece","animator:PurgingStone","Darkstone Periapt","Tiny Chest","StoneCalendar","Pear","Shovel","NlothsMask","Happy Flower","Matryoshka","Membership Card","MerchantsRug","Blue Candle","Sling","Bronze Scales","Pandora\u0027s Box","Juzu Bracelet","Anchor","Molten Egg 2","Oddly Smooth Stone","TungstenRod","MutagenicStrength","Art of War","War Paint","Toxic Egg 2","Akabeko","Smiling Mask"],"acts_visited":["Exordium","TheCity"],"potions_floor_usage":[11,13,16,16,23,25,30,30],"damage_taken":[{"damage":4,"enemies":"2 Louse","floor":1,"turns":5},{"damage":2,"enemies":"Cultist","floor":2,"turns":4},{"damage":12,"enemies":"Jaw Worm","floor":4,"turns":4},{"damage":10,"enemies":"Looter","floor":7,"turns":4},{"damage":9,"enemies":"Exordium Thugs","floor":11,"turns":4},{"damage":0,"enemies":"2 Fungi Beasts","floor":13,"turns":2},{"damage":15,"enemies":"The Guardian","floor":16,"turns":7},{"damage":16,"enemies":"Shell Parasite","floor":18,"turns":3},{"damage":24,"enemies":"Gremlin Leader","floor":23,"turns":4},{"damage":37,"enemies":"Book of Stabbing","floor":25,"turns":4},{"damage":0,"enemies":"3 Byrds","floor":27,"turns":3},{"damage":2,"enemies":"Gremlin Leader","floor":30,"turns":3},{"damage":0,"enemies":"Cultist and Chosen","floor":31,"turns":3},{"damage":28,"enemies":"Collector","floor":33,"turns":6}],"seed_played":"498125060922869501","potions_obtained":[{"floor":1,"key":"Strength Potion"},{"floor":4,"key":"Strength Potion"},{"floor":11,"key":"Ancient Potion"},{"floor":23,"key":"Dexterity Potion"},{"floor":25,"key":"FearPotion"},{"floor":27,"key":"GamblersBrew"}],"is_trial":false,"path_per_floor":["M","M","?","M","?","R","M","T","T","R","M","?","M","$","R","B",null,"M","?","T","?","?","E","?","E","T","M","R","T","E","M","R","B"],"character_chosen":"THE_ANIMATOR","items_purchased":["Darkstone Periapt","Tiny Chest","StoneCalendar","Pear","Membership Card","MerchantsRug","Blue Candle","Sling","Bronze Scales","ColorlessPotion","PowerPotion"],"campfire_rested":2,"item_purchase_floors":[0,0,0,0,14,14,14,14,14,14,14],"current_hp_per_floor":[40,38,44,32,32,32,23,23,23,23,14,7,7,7,33,19,72,56,56,56,56,62,38,38,1,1,1,29,29,27,27,27,0,0],"gold":838,"neow_bonus":"","is_daily":false,"chose_seed":false,"campfire_upgraded":0,"win_rate":0.0,"timestamp":1611062549,"path_taken":["M","M","?","M","?","R","?","?","T","R","?","?","M","$","R","BOSS","M","?","?","?","?","E","?","E","T","M","R","?","E","M","R","BOSS"],"items_purchased_type":["Relic","Relic","Relic","Relic","Relic","Relic","Relic","Relic","Relic","Potion","Potion"],"build_version":"2020-12-22","purchased_purges":1,"victory":false,"max_hp_per_floor":[82,82,88,88,88,88,89,89,89,89,89,89,89,89,89,90,90,90,90,90,90,96,96,96,96,96,96,96,96,96,96,96,96,96],"card_choices":[{"not_picked":["animator:Ciel","animator:AcuraAkari"],"picked":"animator:HighElfArcher","floor":1},{"not_picked":["animator:ChaikaBohdan","animator:Yoichi"],"picked":"animator:Gilgamesh","floor":2},{"not_picked":["animator:Lu","animator:Ciel"],"picked":"animator:Tyuule","floor":4},{"not_picked":["animator:RoryMercury","animator:Kuribayashi"],"picked":"animator:Bozes","floor":7},{"not_picked":["animator:PandorasActor","animator:TukaLunaMarceau"],"picked":"animator:Chris","floor":11},{"not_picked":["animator:CrowleyEusford","animator:YaoHaDucy"],"picked":"animator:RoryMercury","floor":13},{"not_picked":["animator:Eve","animator:SwordMaiden"],"picked":"animator:ItamiYouji","floor":16},{"not_picked":["animator:NarberalGamma","animator:Kuribayashi+1"],"picked":"animator:GuildGirl","floor":18},{"not_picked":["animator:RinTohsaka","animator:Rider"],"picked":"animator:Archer","floor":23},{"not_picked":["animator:ChaikaTrabant+1","animator:Yuuichirou+1"],"picked":"animator:GoblinSlayer+1","floor":25},{"not_picked":["animator:Viivi+1","animator:CowGirl+1"],"picked":"animator:YaoHaDucy+1","floor":27},{"not_picked":["animator:YaoHaDucy+1","animator:HiiragiShinya+1"],"picked":"animator:RoryMercury+1","floor":30},{"not_picked":["animator:TukaLunaMarceau+1","animator:YaoHaDucy+1"],"picked":"animator:Bozes+1","floor":31}],"player_experience":327769,"relics_obtained":[{"floor":6,"key":"Happy Flower"},{"floor":9,"key":"MawBank"},{"floor":10,"key":"Matryoshka"},{"floor":20,"key":"Anchor"},{"floor":20,"key":"Molten Egg 2"},{"floor":23,"key":"TungstenRod"},{"floor":25,"key":"Art of War"},{"floor":26,"key":"War Paint"},{"floor":26,"key":"Toxic Egg 2"},{"floor":30,"key":"Akabeko"},{"floor":32,"key":"Smiling Mask"}],"event_choices":[{"damage_healed":0,"gold_gain":175,"player_choice":"AGREE","damage_taken":128,"max_hp_gain":0,"max_hp_loss":0,"event_name":"betterThird:BetterSerpent","floor":3,"gold_loss":0},{"damage_healed":0,"gold_gain":0,"player_choice":"Trade","damage_taken":0,"relics_obtained":["NlothsMask"],"max_hp_gain":0,"max_hp_loss":0,"event_name":"FaceTrader","floor":5,"gold_loss":0},{"cards_removed":["Doubt"],"damage_healed":0,"gold_gain":0,"player_choice":"Card Removal","damage_taken":7,"max_hp_gain":0,"max_hp_loss":0,"event_name":"Golden Wing","floor":12,"gold_loss":0},{"damage_healed":0,"gold_gain":0,"player_choice":"Gave Potion","damage_taken":0,"relics_obtained":["Juzu Bracelet"],"max_hp_gain":0,"max_hp_loss":0,"event_name":"WeMeetAgain","floor":19,"gold_loss":0},{"damage_healed":0,"gold_gain":0,"player_choice":"Upgraded","damage_taken":0,"max_hp_gain":0,"max_hp_loss":0,"event_name":"Upgrade Shrine","floor":21,"gold_loss":0,"cards_upgraded":["animator:GuildGirl"]},{"damage_healed":0,"gold_gain":0,"player_choice":"Stole Relic","damage_taken":0,"relics_obtained":["Oddly Smooth Stone"],"max_hp_gain":0,"max_hp_loss":0,"event_name":"Addict","floor":22,"gold_loss":0,"cards_obtained":["Shame"]},{"damage_healed":0,"gold_gain":0,"player_choice":"Inject Mutagens","damage_taken":0,"relics_obtained":["MutagenicStrength"],"max_hp_gain":0,"max_hp_loss":0,"event_name":"Drug Dealer","floor":24,"gold_loss":0}],"is_beta":false,"boss_relics":[{"not_picked":["Mark of Pain","SacredBark"],"picked":"Pandora\u0027s Box"}],"items_purged_floors":[0],"is_endless":false,"potions_floor_spawned":[1,4,11,16,23,25,27],"killed_by":"Collector","ascension_level":6}}