{"host":"9j3ghh26vbket12t","time":1611023068,"event":{"mods":["AchievementEnabler","BaseMod","Colored Powertips","Hermit","Marisa????????","Minty Spire (QoL Compilation)","StSLib","The Servant 0.9.4"],"gold_per_floor":[112,112,127,127,52,82,82,82,82,82,95,114,127,153,153,254,254,270,270,270,285,40,71,89,89,89,124,124,224,224,240,240,345,345,364,364,364,364,239,239,270,270,270,295,349,349,259,275,275,275,275,275,95,130,130],"floor_reached":56,"language":"ENG","playtime":4040,"items_purged":["Strike_R","Strike_R","Defend_R"],"score":1463,"play_id":"a3b8c50b-76ed-4a1c-883d-bd5ca77fe4f4","local_time":"20210118212428","is_ascension_mode":true,"campfire_choices":[{"data":"Bash","floor":7,"key":"SMITH"},{"floor":10,"key":"REST"},{"floor":15,"key":"RECALL"},{"floor":25,"key":"REST"},{"floor":30,"key":"REST"},{"floor":32,"key":"REST"},{"floor":40,"key":"REST"},{"data":"1","floor":42,"key":"LIFT"},{"data":"2","floor":46,"key":"LIFT"},{"floor":49,"key":"REST"},{"data":"3","floor":52,"key":"LIFT"}],"circlet_count":0,"master_deck":["Strike_R+1","Strike_R+1","Defend_R+1","Defend_R","Bash+1","CurseOfTheBell","Headbutt+1","Wild Strike+1","Fiend Fire+1","Burning Pact","Clothesline+1","Feed+1","Sever Soul+1","True Grit+1","Rampage+1","Fire Breathing","Immolate+1","Metallicize+1","Power Through+1","Battle Trance+1","Dark Embrace+1","Shockwave"],"relics":["Calling Bell","Lantern","Molten Egg 2","Mango","Bronze Scales","Question Card","Pantograph","Fusion Hammer","Anchor","Strange Spoon","Ginger","MealTicket","Gremlin Horn","Meat on the Bone","Bird Faced Urn","Runic Pyramid","Girya","Pocketwatch","Strawberry","StoneCalendar","OrangePellets","Kunai"],"acts_visited":["Exordium","TheCity","TheBeyond","TheEnding"],"potions_floor_usage":[12,21,23,27,35,37,41,55,55],"damage_taken":[{"damage":2,"enemies":"Jaw Worm","floor":1,"turns":3},{"damage":1,"enemies":"2 Louse","floor":3,"turns":2},{"damage":40,"enemies":"3 Sentries","floor":6,"turns":10},{"damage":0,"enemies":"Small Slimes","floor":11,"turns":2},{"damage":4,"enemies":"Red Slaver","floor":12,"turns":2},{"damage":3,"enemies":"Blue Slaver","floor":13,"turns":2},{"damage":16,"enemies":"Gremlin Nob","floor":14,"turns":3},{"damage":49,"enemies":"The Guardian","floor":16,"turns":8},{"damage":29,"enemies":"Shell Parasite","floor":18,"turns":4},{"damage":3,"enemies":"3 Byrds","floor":21,"turns":2},{"damage":50,"enemies":"Slavers","floor":23,"turns":5},{"damage":8,"enemies":"Snecko","floor":24,"turns":3},{"damage":15,"enemies":"Gremlin Leader","floor":27,"turns":8},{"damage":8,"enemies":"Colosseum Slavers","floor":29,"turns":3},{"damage":29,"enemies":"Colosseum Nobs","floor":29,"turns":4},{"damage":9,"enemies":"Snake Plant","floor":31,"turns":2},{"damage":91,"enemies":"Automaton","floor":33,"turns":8},{"damage":31,"enemies":"3 Shapes","floor":35,"turns":2},{"damage":0,"enemies":"3 Darklings","floor":37,"turns":1},{"damage":26,"enemies":"Reptomancer","floor":41,"turns":5},{"damage":6,"enemies":"Nemesis","floor":44,"turns":5},{"damage":34,"enemies":"2 Orb Walkers","floor":45,"turns":3},{"damage":24,"enemies":"Spire Growth","floor":48,"turns":4},{"damage":93,"enemies":"Awakened One","floor":50,"turns":13},{"damage":51,"enemies":"Shield and Spear","floor":54,"turns":6},{"damage":105,"enemies":"The Heart","floor":55,"turns":9}],"seed_played":"7923330959609857433","potions_obtained":[{"floor":6,"key":"Regen Potion"},{"floor":11,"key":"Weak Potion"},{"floor":13,"key":"ElixirPotion"},{"floor":18,"key":"ColorlessPotion"},{"floor":23,"key":"SpeedPotion"},{"floor":31,"key":"EssenceOfSteel"},{"floor":33,"key":"SmokeBomb"},{"floor":35,"key":"SpeedPotion"},{"floor":45,"key":"Ancient Potion"},{"floor":54,"key":"LiquidBronze"}],"is_trial":false,"path_per_floor":["M","?","M","?","$","E","R","?","T","R","M","M","M","E","R","B",null,"M","T","?","M","$","E","M","R","T","E","$","?","R","M","R","B",null,"M","?","M","T","$","R","E","R","T","E","?","R","?","M","R","B",null,"R","$","E","B",null],"character_chosen":"IRONCLAD","items_purchased":["Strange Spoon","OrangePellets","Shockwave"],"campfire_rested":6,"item_purchase_floors":[22,53,53],"current_hp_per_floor":[92,92,91,72,72,32,32,32,32,60,60,61,58,42,42,18,94,69,69,69,70,70,24,20,53,53,42,57,24,59,62,97,43,122,97,97,97,97,112,126,104,104,104,109,81,81,81,75,118,72,149,149,149,100,42],"gold":130,"neow_bonus":"BOSS_RELIC","is_daily":false,"chose_seed":false,"campfire_upgraded":1,"win_rate":0.0,"timestamp":1611023068,"path_taken":["M","?","M","?","$","E","R","?","T","R","?","M","M","E","R","BOSS","M","?","?","M","$","E","M","R","T","E","$","?","R","M","R","BOSS","M","?","M","?","$","R","E","R","T","E","?","R","?","?","R","BOSS","R","$","E","BOSS"],"items_purchased_type":["Relic","Relic","Card"],"build_version":"2020-12-22","purchased_purges":3,"victory":true,"max_hp_per_floor":[94,94,94,94,94,94,94,94,94,94,94,94,94,94,94,94,94,98,98,98,102,102,106,110,110,110,114,114,118,118,118,118,122,122,126,126,126,126,126,126,130,130,130,137,141,141,141,145,145,149,149,149,149,149,153],"card_choices":[{"not_picked":["Cleave+1","Clash+1"],"picked":"Headbutt+1","floor":1},{"not_picked":["Thunderclap+1","Twin Strike+1"],"picked":"Wild Strike+1","floor":3},{"not_picked":["Sword Boomerang+1","Demon Form","Anger+1"],"picked":"SKIP","floor":6},{"not_picked":["Carnage+1","Cleave+1","Reckless Charge+1","Clash+1"],"picked":"SKIP","floor":11},{"not_picked":["Warcry","Pummel+1","Heavy Blade+1"],"picked":"Fiend Fire+1","floor":12},{"not_picked":["Havoc","Thunderclap+1","Searing Blow+1"],"picked":"Burning Pact","floor":13},{"not_picked":["Headbutt+1","Sword Boomerang+1","Warcry"],"picked":"Clothesline+1","floor":14},{"not_picked":["Reaper+1","Offering","Limit Break"],"picked":"Feed+1","floor":16},{"not_picked":["Perfected Strike+1","Headbutt+1","Bloodletting","Wild Strike+1"],"picked":"SKIP","floor":18},{"not_picked":["Pommel Strike+1","Havoc+1","Anger+1"],"picked":"Sever Soul+1","floor":21},{"not_picked":["Perfected Strike+1","Pommel Strike+1","Warcry"],"picked":"Battle Trance","floor":23},{"not_picked":["Dropkick+1","Rage","Body Slam+1"],"picked":"True Grit+1","floor":24},{"not_picked":["Wild Strike+1","Pommel Strike+1","Berserk"],"picked":"Rampage+1","floor":27},{"not_picked":["Pommel Strike+1","Clothesline+1","Reckless Charge+1"],"picked":"Fire Breathing","floor":29},{"not_picked":["Clash+1","Blood for Blood+1","Disarm","Twin Strike+1"],"picked":"SKIP","floor":31},{"not_picked":["Bludgeon+1","Offering","Juggernaut"],"picked":"Immolate+1","floor":33},{"not_picked":["Armaments","Heavy Blade+1","Cleave+1"],"picked":"Metallicize+1","floor":35},{"not_picked":["True Grit+1","Shrug It Off","Thunderclap+1"],"picked":"Power Through+1","floor":41},{"not_picked":["Thunderclap+1","Headbutt+1","Armaments+1","Perfected Strike+1"],"picked":"SKIP","floor":44},{"not_picked":["Armaments","Headbutt+1","Rampage+1"],"picked":"Battle Trance+1","floor":45},{"not_picked":["Iron Wave+1","Havoc","Uppercut+1"],"picked":"Dark Embrace+1","floor":48},{"not_picked":["Second Wind+1","Double Tap","Clash+1","Wild Strike+1"],"picked":"SKIP","floor":54}],"player_experience":95790,"relics_obtained":[{"floor":0,"key":"Lantern"},{"floor":0,"key":"Molten Egg 2"},{"floor":0,"key":"Mango"},{"floor":6,"key":"Bronze Scales"},{"floor":9,"key":"Question Card"},{"floor":14,"key":"Pantograph"},{"floor":19,"key":"Anchor"},{"floor":23,"key":"Ginger"},{"floor":26,"key":"MealTicket"},{"floor":27,"key":"Gremlin Horn"},{"floor":29,"key":"Meat on the Bone"},{"floor":29,"key":"Bird Faced Urn"},{"floor":41,"key":"Girya"},{"floor":43,"key":"Pocketwatch"},{"floor":44,"key":"Strawberry"},{"floor":45,"key":"StoneCalendar"},{"floor":54,"key":"Kunai"}],"event_choices":[{"cards_removed":["Strike_R"],"damage_healed":0,"gold_gain":0,"player_choice":"Forget","damage_taken":0,"max_hp_gain":0,"max_hp_loss":0,"event_name":"Living Wall","floor":2,"gold_loss":0},{"damage_healed":0,"gold_gain":0,"player_choice":"Entered Light","damage_taken":19,"max_hp_gain":0,"max_hp_loss":0,"event_name":"Shining Light","floor":4,"gold_loss":0,"cards_upgraded":["Strike_R","Strike_R"]},{"damage_healed":0,"gold_gain":0,"player_choice":"Bought 0 Potions","damage_taken":0,"max_hp_gain":0,"max_hp_loss":0,"event_name":"The Woman in Blue","floor":8,"gold_loss":0},{"damage_healed":0,"gold_gain":0,"player_choice":"Ignored","damage_taken":0,"max_hp_gain":0,"max_hp_loss":0,"event_name":"Vampires","floor":20,"gold_loss":0},{"damage_healed":0,"gold_gain":0,"player_choice":"Fight","damage_taken":0,"max_hp_gain":0,"max_hp_loss":0,"event_name":"Colosseum","floor":29,"gold_loss":0},{"damage_healed":0,"gold_gain":0,"player_choice":"Fought Nobs","damage_taken":0,"max_hp_gain":0,"max_hp_loss":0,"event_name":"Colosseum","floor":29,"gold_loss":0},{"cards_removed":["Battle Trance"],"damage_healed":0,"gold_gain":0,"player_choice":"Removed Skill","damage_taken":0,"max_hp_gain":0,"max_hp_loss":0,"event_name":"Falling","floor":36,"gold_loss":0},{"damage_healed":0,"gold_gain":0,"player_choice":"Fight","damage_taken":0,"max_hp_gain":0,"max_hp_loss":0,"event_name":"Mysterious Sphere","floor":45,"gold_loss":0},{"cards_removed":["Defend_R"],"damage_healed":0,"gold_gain":0,"player_choice":"Upgrade and Remove","damage_taken":0,"max_hp_gain":0,"max_hp_loss":0,"event_name":"Designer","floor":47,"gold_loss":90,"cards_upgraded":["Defend_R"]}],"is_beta":false,"boss_relics":[{"not_picked":["Snecko Eye","Velvet Choker"],"picked":"Fusion Hammer"},{"not_picked":["SacredBark","Astrolabe"],"picked":"Runic Pyramid"}],"items_purged_floors":[5,22,39],"is_endless":false,"potions_floor_spawned":[6,11,13,18,23,29,31,33,35,45,54],"ascension_level":3}}