{"host":"d61fcf2p3sjwe6yo","time":1611054921,"event":{"mods":["AchievementEnabler","BaseMod","Colored Map","Downfall","Minty Spire (QoL Compilation)","StSLib","SuperFastMode"],"gold_per_floor":[99,118,118,138,155,175,200,233,243,259,298,311,311,336,349,349,349],"floor_reached":16,"language":"ENG","playtime":704,"items_purged":[],"score":176,"play_id":"4fcccb99-975d-49fe-9353-2e8f3d0dd8a2","local_time":"20210119141521","is_ascension_mode":true,"campfire_choices":[{"data":"bronze:Replicate","floor":1,"key":"SMITH"},{"data":"bronze:Repair","floor":13,"key":"SMITH"}],"circlet_count":0,"master_deck":["bronze:Strike","bronze:Strike","bronze:Strike","bronze:Defend","bronze:Defend","bronze:Defend","bronze:Defend","bronze:Replicate+1","bronze:Goto","bronze:DelayedSlice","bronze:Separator","bronze:Repair+1","bronze:ChosenStrike"],"relics":["bronze:BronzeCore","Tiny Chest","CeramicFish","Orichalcum","Pantograph"],"acts_visited":["Exordium"],"potions_floor_usage":[6,8,9,15,16],"damage_taken":[{"damage":0,"enemies":"Small Slimes","floor":2,"turns":3},{"damage":0,"enemies":"Cultist","floor":4,"turns":2},{"damage":3,"enemies":"2 Louse","floor":5,"turns":2},{"damage":8,"enemies":"Large Slime","floor":6,"turns":4},{"damage":24,"enemies":"Lagavulin","floor":8,"turns":9},{"damage":0,"enemies":"Blue Slaver","floor":9,"turns":3},{"damage":5,"enemies":"Exordium Wildlife","floor":10,"turns":5},{"damage":13,"enemies":"3 Sentries","floor":11,"turns":6},{"damage":1,"enemies":"2 Fungi Beasts","floor":12,"turns":2},{"damage":20,"enemies":"Gremlin Nob","floor":14,"turns":5},{"damage":0,"enemies":"Lots of Slimes","floor":15,"turns":2},{"damage":41,"enemies":"SI_SHIV_ARCHETYPE","floor":16,"turns":8}],"seed_played":"-3954851210130012335","potions_obtained":[{"floor":4,"key":"GamblersBrew"},{"floor":5,"key":"Dexterity Potion"},{"floor":9,"key":"Fruit Juice"},{"floor":12,"key":"Energy Potion"},{"floor":14,"key":"DistilledChaos"},{"floor":15,"key":"SkillPotion"}],"is_trial":false,"path_per_floor":["R","M","?","M","M","M","T","E","M","M","E","M","R","E","M","B"],"character_chosen":"THE_AUTOMATON","items_purchased":[],"campfire_rested":0,"item_purchase_floors":[],"current_hp_per_floor":[70,70,70,70,67,59,59,42,54,56,50,56,56,46,56,41,41],"gold":349,"neow_bonus":"TEN_PERCENT_HP_BONUS","is_daily":false,"chose_seed":false,"campfire_upgraded":2,"win_rate":0.0,"timestamp":1611054921,"path_taken":["R","M","?","M","M","?","T","E","M","M","E","M","R","E","M","BOSS"],"items_purchased_type":[],"build_version":"2020-12-22","purchased_purges":0,"victory":false,"max_hp_per_floor":[77,77,77,77,77,77,77,77,82,82,82,82,82,82,82,82,82],"card_choices":[{"not_picked":["bronze:DelayedGuard","bronze:Frontload","bronze:NullPointer"],"picked":"SKIP","floor":2},{"not_picked":["bronze:Overload","bronze:Iterate"],"picked":"bronze:DelayedSlice","floor":4},{"not_picked":["bronze:Iterate","bronze:ItsAFeature"],"picked":"bronze:Separator","floor":5},{"not_picked":["bronze:FineTuning","bronze:Branch"],"picked":"bronze:Repair","floor":6},{"not_picked":["bronze:Turbo","bronze:CutThrough","bronze:DelayedSlice"],"picked":"SKIP","floor":8},{"not_picked":["bronze:Hardcode","bronze:DelayedSlice","bronze:Separator"],"picked":"SKIP","floor":9},{"not_picked":["bronze:Shield","bronze:BugBarrage","bronze:NullPointer"],"picked":"SKIP","floor":10},{"not_picked":["bronze:DigitalCarnage","bronze:ChildClass"],"picked":"bronze:ChosenStrike","floor":11},{"not_picked":["bronze:Deprecate","bronze:Frontload","bronze:Iterate"],"picked":"SKIP","floor":12},{"not_picked":["bronze:HyperBeam","bronze:Invalidate","bronze:BugBarrage"],"picked":"SKIP","floor":14},{"not_picked":["bronze:OilSpill","bronze:WildBeam","bronze:BitShift"],"picked":"SKIP","floor":15}],"player_experience":599881,"relics_obtained":[{"floor":7,"key":"Tiny Chest"},{"floor":8,"key":"CeramicFish"},{"floor":11,"key":"Orichalcum"},{"floor":14,"key":"Pantograph"}],"event_choices":[{"cards_removed":["bronze:Strike"],"damage_healed":0,"gold_gain":0,"player_choice":"Offered Basic","damage_taken":0,"max_hp_gain":0,"max_hp_loss":0,"event_name":"Bonfire Elementals","floor":3,"gold_loss":0}],"is_beta":false,"boss_relics":[],"items_purged_floors":[],"is_endless":false,"potions_floor_spawned":[4,5,9,12,14,15],"killed_by":"SI_SHIV_ARCHETYPE","ascension_level":8}}