{"host":"ojme7g6xlqwffsso","time":1611071139,"event":{"mods":["BaseMod","Better Third Choice","Infinite Spire","Lobotomy","Minty Spire (QoL Compilation)","Quick Restart","Replay The Spire","Shop Mod","StSLib"],"gold_per_floor":[109,109,122,137,161,188,188,213,213,226,241,87,101,127,127,232,232,249,264,280,296,236,261,261,296,320,353,353,372,397,407,407,504,504,519,303,303,327,349,375,142,189,189,189,217,217,231,243,243,243,243],"floor_reached":50,"language":"ENG","playtime":3003,"items_purged":[],"score":844,"play_id":"84edbccb-795f-48e1-b78c-9af1d8ecaf5f","local_time":"20210120004539","is_ascension_mode":false,"campfire_choices":[{"data":"Hidden Blade","floor":7,"key":"SMITH"},{"data":"Adrenaline","floor":15,"key":"SMITH"},{"data":"Tools of the Trade","floor":32,"key":"SMITH"},{"floor":44,"key":"RECALL"},{"data":"Storm of Steel","floor":46,"key":"SMITH"}],"circlet_count":0,"master_deck":["Strike_G+1","Strike_G+1","Strike_G+1","Strike_G+1","Strike_G+1","Defend_G+1","Defend_G+1","Defend_G+1","Defend_G+1","Survivor","Neutralize+1","Infinite Blades","Flying Knee","Quick Slash","Hidden Blade+1","Adrenaline+1","Dagger Throw","Acrobatics","Poisoned Stab","Dagger Throw","Storm of Steel+1","AbeCurse","Quick Slash","Backstab","Choke+1","Eviscerate+1","Masterful Stab","Expertise","Acrobatics","Escape Plan","Tools of the Trade+1","Masterful Stab","Tools of the Trade","Prepared+1","ReplayTheSpireMod:Scrap Shanks+1","Acrobatics+1","Backflip","Underhanded Strike+1"],"relics":["Ring of the Snake","Tingsha","Lantern","ReplayTheSpireMod:Ninjato","MerchantsRug","StoneCalendar","Abe\u0027s Treasure","ReplayTheSpireMod:Shallot","InkBottle","Potion Belt","Snake Skull","Ninja Scroll","Happy Flower","ReplayTheSpireMod:DimensionalGlitch","Pen Nib","Medical Kit","Replay:Rubber Ducky","Torii","Bronze Scales"],"acts_visited":["Exordium","TheCity","TheBeyond"],"potions_floor_usage":[6,14,19,50,50,50,50,50],"damage_taken":[{"damage":0,"enemies":"Small Slimes","floor":1,"turns":4},{"damage":0,"enemies":"Cultist","floor":3,"turns":4},{"damage":1,"enemies":"Jaw Worm","floor":4,"turns":4},{"damage":14,"enemies":"Gremlin Nob","floor":6,"turns":4},{"damage":0,"enemies":"Exordium Thugs","floor":10,"turns":4},{"damage":1,"enemies":"Blue Slaver","floor":11,"turns":3},{"damage":0,"enemies":"Looter","floor":13,"turns":2},{"damage":5,"enemies":"Replay:BlueRogue","floor":14,"turns":5},{"damage":31,"enemies":"Fading Forest","floor":16,"turns":11},{"damage":0,"enemies":"Shell Parasite","floor":18,"turns":3},{"damage":0,"enemies":"Chosen","floor":19,"turns":3},{"damage":0,"enemies":"Snecko","floor":20,"turns":2},{"damage":0,"enemies":"Snake Plant","floor":21,"turns":2},{"damage":11,"enemies":"Slavers","floor":23,"turns":3},{"damage":0,"enemies":"Gremlin Leader","floor":25,"turns":2},{"damage":0,"enemies":"Book of Stabbing","floor":27,"turns":2},{"damage":0,"enemies":"Chosen and Byrds","floor":29,"turns":3},{"damage":0,"enemies":"Gremlin Leader","floor":30,"turns":2},{"damage":0,"enemies":"Sentry and Sphere","floor":31,"turns":2},{"damage":0,"enemies":"Champ","floor":33,"turns":3},{"damage":0,"enemies":"3 Darklings","floor":35,"turns":1},{"damage":0,"enemies":"3 Shapes","floor":38,"turns":1},{"damage":0,"enemies":"Writhing Mass","floor":39,"turns":3},{"damage":0,"enemies":"Reptomancer","floor":40,"turns":3},{"damage":0,"enemies":"2 Orb Walkers","floor":42,"turns":1},{"damage":0,"enemies":"Nightmare","floor":45,"turns":5},{"damage":0,"enemies":"Sphere and 2 Shapes","floor":47,"turns":2},{"damage":0,"enemies":"Spire Growth","floor":48,"turns":2},{"damage":82,"enemies":"infinitespire:MassOfShapes","floor":50,"turns":10}],"seed_played":"6171228473302247512","potions_obtained":[{"floor":1,"key":"SteroidPotion"},{"floor":10,"key":"Toxic Potion"},{"floor":11,"key":"ColorlessPotion"},{"floor":13,"key":"DuplicationPotion"},{"floor":18,"key":"Doom Potion"},{"floor":19,"key":"Fruit Juice"},{"floor":20,"key":"GamblersBrew"},{"floor":25,"key":"Fire Potion"},{"floor":31,"key":"Elixir"},{"floor":42,"key":"Energy Potion"},{"floor":45,"key":"Fire Potion"},{"floor":47,"key":"Fire Potion"},{"floor":49,"key":"Adrenaline Potion"}],"is_trial":false,"path_per_floor":["M","?","M","M","?","E","R","T","T","M","M","$","M","E","R","B",null,"M","M","M","M","?","E","?","E","T","E","?","M","E","M","R","B",null,"M","$","?","M","M","E","$","?","T","R","NM","R","M","M","R","B"],"character_chosen":"THE_SILENT","items_purchased":["Dagger Throw","Acrobatics","MerchantsRug","Pen Nib","CeramicFish","Medical Kit","Replay:Rubber Ducky"],"campfire_rested":0,"item_purchase_floors":[12,12,12,36,36,41,41],"current_hp_per_floor":[70,70,70,69,69,55,55,55,55,55,54,54,54,49,49,28,70,70,75,75,75,75,64,64,64,64,64,64,64,64,64,64,64,75,75,75,75,75,75,75,75,75,75,75,75,75,75,75,75,0,0],"gold":243,"neow_bonus":"","is_daily":false,"chose_seed":false,"campfire_upgraded":4,"win_rate":0.0,"timestamp":1611071139,"path_taken":["M","?","M","M","?","E","R","?","T","M","M","$","?","E","R","BOSS","M","M","M","M","?","E","?","E","T","E","?","M","E","M","R","BOSS","M","$","?","?","M","E","?","?","T","R","NM","R","M","M","R","BOSS"],"items_purchased_type":["Card","Card","Relic","Relic","Relic","Relic","Relic"],"build_version":"2020-12-22","purchased_purges":0,"victory":false,"max_hp_per_floor":[70,70,70,70,70,70,70,70,70,70,70,70,70,70,70,70,70,70,75,75,75,75,75,75,75,75,75,75,75,75,75,75,75,75,75,75,75,75,75,75,75,75,75,75,75,75,75,75,75,75,75],"card_choices":[{"not_picked":["Prepared","Heel Hook"],"picked":"Infinite Blades","floor":1},{"not_picked":["Heel Hook","Endless Agony"],"picked":"Flying Knee","floor":3},{"not_picked":["Prepared","Hidden Blade"],"picked":"Quick Slash","floor":4},{"not_picked":["Dash","Cloak And Dagger"],"picked":"Hidden Blade","floor":5},{"not_picked":["Bullet Time","Backflip"],"picked":"Adrenaline","floor":6},{"not_picked":["Sucker Punch","Dagger Spray","ReplayTheSpireMod:Tripwire"],"picked":"SKIP","floor":10},{"not_picked":["Outmaneuver","Blur","Riddle With Holes"],"picked":"SKIP","floor":11},{"not_picked":["Dagger Spray","Sucker Punch"],"picked":"Poisoned Stab","floor":13},{"not_picked":["PiercingWail","Deflect"],"picked":"Dagger Throw","floor":14},{"not_picked":["Doppelganger","Adrenaline"],"picked":"Storm of Steel","floor":16},{"not_picked":["Slice","Deflect"],"picked":"Quick Slash","floor":18},{"not_picked":["Cloak And Dagger","Hidden Blade"],"picked":"Backstab","floor":19},{"not_picked":["Underhanded Strike+1","Flying Knee"],"picked":"Choke+1","floor":20},{"not_picked":["Slice","Sucker Punch+1"],"picked":"Eviscerate+1","floor":21},{"not_picked":["ReplayTheSpireMod:The Works","Dagger Throw"],"picked":"Masterful Stab","floor":23},{"not_picked":["Deflect","Replay:Poison Smokescreen+1"],"picked":"Expertise","floor":25},{"not_picked":["Burst","Catalyst+1"],"picked":"Acrobatics","floor":27},{"not_picked":["Sucker Punch","Outmaneuver+1"],"picked":"Escape Plan","floor":29},{"not_picked":["Night Terror","Dagger Throw"],"picked":"Tools of the Trade","floor":30},{"not_picked":["Fluid Movement","ReplayTheSpireMod:Speed Training+1"],"picked":"Masterful Stab","floor":31},{"not_picked":["Night Terror","Corpse Explosion"],"picked":"Tools of the Trade","floor":33},{"not_picked":["Dagger Spray","Deadly Poison+1"],"picked":"Prepared+1","floor":35},{"not_picked":["Caltrops","Replay:Poison Smokescreen+1"],"picked":"ReplayTheSpireMod:Scrap Shanks+1","floor":38},{"not_picked":["Quick Slash","Noxious Fumes"],"picked":"Acrobatics+1","floor":39},{"not_picked":["Flying Knee+1","ReplayTheSpireMod:Speed Training","Dagger Throw"],"picked":"SKIP","floor":40},{"not_picked":["Cloak And Dagger","Dagger Throw"],"picked":"Backflip","floor":42},{"not_picked":["Wraith Form v2","ReplayTheSpireMod:Exploit Weakness","PiercingWail+1"],"picked":"SKIP","floor":45},{"not_picked":["Acrobatics","All Out Attack","Poisoned Stab+1"],"picked":"SKIP","floor":47},{"not_picked":["Skewer+1","Deadly Poison"],"picked":"Underhanded Strike+1","floor":48}],"player_experience":773317,"relics_obtained":[{"floor":5,"key":"Tingsha"},{"floor":6,"key":"Simple Rune"},{"floor":8,"key":"Lantern"},{"floor":9,"key":"ReplayTheSpireMod:Ninjato"},{"floor":14,"key":"StoneCalendar"},{"floor":23,"key":"ReplayTheSpireMod:Shallot"},{"floor":25,"key":"Potion Belt"},{"floor":26,"key":"Snake Skull"},{"floor":27,"key":"Ninja Scroll"},{"floor":30,"key":"Happy Flower"},{"floor":40,"key":"Dream Catcher"},{"floor":42,"key":"Torii"},{"floor":45,"key":"Bronze Scales"}],"event_choices":[{"damage_healed":0,"gold_gain":0,"player_choice":"Simplicity","damage_taken":0,"max_hp_gain":0,"max_hp_loss":8,"event_name":"betterThird:BetterWriting","floor":28,"gold_loss":0},{"cards_removed":["Defend_G"],"damage_healed":0,"gold_gain":0,"player_choice":"Purged","damage_taken":0,"max_hp_gain":0,"max_hp_loss":0,"event_name":"Purifier","floor":37,"gold_loss":0},{"damage_healed":0,"gold_gain":0,"player_choice":"Fight","damage_taken":0,"max_hp_gain":0,"max_hp_loss":0,"event_name":"Mysterious Sphere","floor":42,"gold_loss":0}],"is_beta":false,"boss_relics":[{"not_picked":["Honey Jar","Velvet Choker"],"picked":"Abe\u0027s Treasure"},{"not_picked":["Runic Pyramid","Snecko Heart"],"picked":"ReplayTheSpireMod:DimensionalGlitch"}],"items_purged_floors":[],"is_endless":false,"potions_floor_spawned":[1,10,11,13,18,19,20,25,31,35,42,45,47],"killed_by":"infinitespire:MassOfShapes","ascension_level":0}}