{"host":"2pmmafybkq7zb6na","time":1611067789,"event":{"mods":["AchievementEnabler","BaseMod","Colored Map","Highlight Path","Keyboard Shortcuts","Minty Spire (QoL Compilation)","Quick Restart","StSLib","SuperFastMode"],"gold_per_floor":[115,133,144,94,94,94,119,119,146,146,146,171,171,204,204,304,304,319,329,178,178,194,194,228,228,310,327,327,346,87,98,98,197,197,212,266,24,41,41,41,59,79,79,79,89,89,89,15,15,15],"floor_reached":51,"language":"KOR","playtime":2162,"items_purged":["Hyperbeam","Recycle+1"],"score":729,"play_id":"e0da8794-a076-4ab7-8a2f-45072f1eb93e","local_time":"20210119234949","is_ascension_mode":true,"campfire_choices":[{"data":"Gash","floor":6.0,"key":"SMITH"},{"data":"Turbo","floor":8.0,"key":"SMITH"},{"data":"Chill","floor":10.0,"key":"SMITH"},{"floor":13.0,"key":"REST"},{"floor":15.0,"key":"REST"},{"data":"Heatsinks","floor":23.0,"key":"SMITH"},{"data":"Self Repair","floor":28.0,"key":"SMITH"},{"data":"Storm","floor":32.0,"key":"SMITH"},{"floor":40.0,"key":"RECALL"},{"floor":44.0,"key":"REST"},{"data":"Machine Learning","floor":46,"key":"SMITH"},{"data":"Capacitor","floor":49,"key":"SMITH"}],"circlet_count":0,"master_deck":["Zap","Dualcast","Gash+1","Chill+1","Turbo+1","Sweeping Beam","Hologram","Buffer","Electrodynamics","Cold Snap","Rebound","Buffer","Turbo","Force Field","Hologram","Static Discharge","Heatsinks+1","Chaos+1","Self Repair+1","Genetic Algorithm","Panache","Storm+1","Beam Cell+1","Machine Learning+1","CurseOfTheBell","Go for the Eyes+1","Static Discharge","Double Energy","Coolheaded+1","Apotheosis","Loop+1","Leap+1","Capacitor+1"],"relics":["Cracked Core","Odd Mushroom","Strawberry","Mummified Hand","Pear","Question Card","Pandora\u0027s Box","Bronze Scales","Enchiridion","Calling Bell","Symbiotic Virus","Omamori","Girya","Bird Faced Urn","Bottled Lightning"],"acts_visited":["Exordium","TheCity","TheBeyond"],"potions_floor_usage":[45,50,50],"damage_taken":[{"damage":6.0,"enemies":"Cultist","floor":1.0,"turns":3.0},{"damage":10.0,"enemies":"2 Louse","floor":2.0,"turns":3.0},{"damage":4.0,"enemies":"Jaw Worm","floor":3.0,"turns":5.0},{"damage":10.0,"enemies":"The Mushroom Lair","floor":7.0,"turns":5.0},{"damage":39.0,"enemies":"Lagavulin","floor":12.0,"turns":8.0},{"damage":13.0,"enemies":"3 Sentries","floor":14.0,"turns":8.0},{"damage":57.0,"enemies":"Slime Boss","floor":16.0,"turns":11.0},{"damage":0.0,"enemies":"3 Byrds","floor":18.0,"turns":2.0},{"damage":11.0,"enemies":"Shell Parasite","floor":19.0,"turns":5.0},{"damage":3.0,"enemies":"Cultist and Chosen","floor":22.0,"turns":4.0},{"damage":14.0,"enemies":"Book of Stabbing","floor":24.0,"turns":6.0},{"damage":0.0,"enemies":"3 Cultists","floor":27.0,"turns":3.0},{"damage":0.0,"enemies":"Centurion and Healer","floor":29.0,"turns":8.0},{"damage":0.0,"enemies":"Cultist and Chosen","floor":31.0,"turns":4.0},{"damage":14.0,"enemies":"Automaton","floor":33.0,"turns":10.0},{"damage":3.0,"enemies":"3 Shapes","floor":35.0,"turns":2.0},{"damage":33.0,"enemies":"2 Orb Walkers","floor":36.0,"turns":3.0},{"damage":15.0,"enemies":"3 Darklings","floor":38.0,"turns":3.0},{"damage":30.0,"enemies":"Writhing Mass","floor":41.0,"turns":4.0},{"damage":0.0,"enemies":"Jaw Worm Horde","floor":42.0,"turns":1.0},{"damage":12,"enemies":"Spire Growth","floor":45,"turns":3},{"damage":4,"enemies":"Awakened One","floor":50,"turns":10}],"seed_played":"6438153122325652261","potions_obtained":[{"floor":2.0,"key":"Strength Potion"},{"floor":14.0,"key":"Strength Potion"},{"floor":16.0,"key":"Block Potion"},{"floor":24.0,"key":"Block Potion"},{"floor":27.0,"key":"GamblersBrew"},{"floor":33.0,"key":"LiquidMemories"},{"floor":36.0,"key":"Swift Potion"},{"floor":41.0,"key":"Ancient Potion"},{"floor":45,"key":"ColorlessPotion"}],"is_trial":false,"path_per_floor":["M","M","M","?","?","R","?","R","T","R","T","E","R","E","R","B",null,"M","M","$","?","M","R","E","?","T","M","R","M","$","M","R","B",null,"M","?","$","M","?","R","M","M","T","R","M","R","?","$","R","B",null],"character_chosen":"DEFECT","items_purchased":["Static Discharge","Panache","Storm","Fruit Juice","Double Energy","Capacitor"],"campfire_rested":3,"item_purchase_floors":[20,30,30,37,37,48],"current_hp_per_floor":[76,66,62,62,55,55,45,45,52,52,52,23,52,39,68,11,99,99,88,88,88,85,85,71,55,55,62,62,72,72,72,72,68,99,99,66,71,70,70,70,70,76,76,104,104,104,104,104,104,104],"gold":15,"neow_bonus":"TEN_PERCENT_HP_BONUS","is_daily":false,"chose_seed":false,"campfire_upgraded":8,"win_rate":0.0,"timestamp":1611067789,"path_taken":["M","M","M","?","?","R","?","R","T","R","?","E","R","E","R","BOSS","M","M","$","?","M","R","E","?","T","M","R","M","$","M","R","BOSS","M","?","$","M","?","R","M","M","T","R","M","R","?","$","R","BOSS"],"items_purchased_type":["Card","Card","Card","Potion","Card","Card"],"build_version":"2020-12-22","purchased_purges":2,"victory":true,"max_hp_per_floor":[82,82,82,82,82,82,82,82,89,89,89,99,99,99,99,99,99,99,99,99,99,99,99,99,99,99,99,99,99,99,99,99,99,99,99,99,104,104,104,104,104,104,104,104,104,104,104,104,104,104],"card_choices":[{"not_picked":["Go for the Eyes","Coolheaded"],"picked":"Gash","floor":1.0},{"not_picked":["Steam","Redo"],"picked":"Chill","floor":2.0},{"not_picked":["Barrage","Streamline","Compile Driver"],"picked":"SKIP","floor":3.0},{"not_picked":["Coolheaded","Beam Cell"],"picked":"Turbo","floor":7.0},{"not_picked":["Multi-Cast","Go for the Eyes"],"picked":"Sweeping Beam","floor":12.0},{"not_picked":["Stack","Steam"],"picked":"Hologram","floor":14.0},{"not_picked":["Thunder Strike","Amplify","Core Surge"],"picked":"Buffer","floor":16.0},{"not_picked":["Turbo","Compile Driver","Gash+1"],"picked":"Force Field","floor":18.0},{"not_picked":["Sweeping Beam","Auto Shields","Rebound"],"picked":"Hologram","floor":19.0},{"not_picked":["Cold Snap","Sweeping Beam+1","Compile Driver"],"picked":"Chaos+1","floor":22.0},{"not_picked":["Sunder","Meteor Strike","Gash"],"picked":"Self Repair","floor":24.0},{"not_picked":["Undo","Consume","Steam"],"picked":"Genetic Algorithm","floor":27.0},{"not_picked":["Consume","Reinforced Body","Chill"],"picked":"Recycle+1","floor":29.0},{"not_picked":["Genetic Algorithm","Sweeping Beam","Turbo"],"picked":"Beam Cell+1","floor":31.0},{"not_picked":["Meteor Strike","Buffer","Biased Cognition"],"picked":"Machine Learning","floor":33.0},{"not_picked":["Steam Power+1","Recycle+1","Compile Driver+1"],"picked":"Go for the Eyes+1","floor":35.0},{"not_picked":["Beam Cell","Compile Driver","Go for the Eyes+1"],"picked":"Static Discharge","floor":36.0},{"not_picked":["Scrape","All For One","Conserve Battery"],"picked":"Coolheaded+1","floor":38.0},{"not_picked":["Violence","Enlightenment","Dramatic Entrance"],"picked":"Apotheosis","floor":39.0},{"not_picked":["Turbo","Gash","Chill","Double Energy"],"picked":"SKIP","floor":41.0},{"not_picked":["Redo","Compile Driver+1","Go for the Eyes"],"picked":"Loop+1","floor":42.0},{"not_picked":["Barrage","Doom and Gloom+1","Streamline"],"picked":"Leap+1","floor":45}],"player_experience":98932,"relics_obtained":[{"floor":7.0,"key":"Odd Mushroom"},{"floor":9.0,"key":"Strawberry"},{"floor":11.0,"key":"Mummified Hand"},{"floor":12.0,"key":"Pear"},{"floor":14.0,"key":"Question Card"},{"floor":24.0,"key":"Bronze Scales"},{"floor":25.0,"key":"Enchiridion"},{"floor":34.0,"key":"Symbiotic Virus"},{"floor":34.0,"key":"Omamori"},{"floor":34.0,"key":"Girya"},{"floor":36.0,"key":"Bird Faced Urn"},{"floor":43.0,"key":"Bottled Lightning"}],"event_choices":[{"cards_removed":["Strike_B"],"damage_healed":0.0,"max_hp_gain":0.0,"max_hp_loss":0.0,"gold_gain":0.0,"event_name":"The Cleric","player_choice":"Card Removal","floor":4.0,"gold_loss":50.0,"damage_taken":0.0},{"cards_removed":["Strike_B"],"damage_healed":0.0,"max_hp_gain":0.0,"max_hp_loss":0.0,"gold_gain":0.0,"event_name":"Golden Wing","player_choice":"Card Removal","floor":5.0,"gold_loss":0.0,"damage_taken":7.0},{"damage_healed":0.0,"max_hp_gain":0.0,"max_hp_loss":0.0,"gold_gain":0.0,"event_name":"Mushrooms","player_choice":"Fought Mushrooms","floor":7.0,"gold_loss":0.0,"damage_taken":0.0},{"damage_healed":0.0,"max_hp_gain":0.0,"max_hp_loss":0.0,"gold_gain":0.0,"event_name":"The Library","player_choice":"Read","floor":21.0,"gold_loss":0.0,"damage_taken":0.0,"cards_obtained":["Heatsinks"]},{"damage_healed":0.0,"max_hp_gain":0.0,"max_hp_loss":0.0,"gold_gain":0.0,"event_name":"Cursed Tome","player_choice":"Obtained Book","floor":25.0,"gold_loss":0.0,"damage_taken":16.0},{"damage_healed":0.0,"max_hp_gain":0.0,"max_hp_loss":0.0,"gold_gain":0.0,"event_name":"Mysterious Sphere","player_choice":"Fight","floor":36.0,"gold_loss":0.0,"damage_taken":0.0},{"damage_healed":0.0,"max_hp_gain":0.0,"max_hp_loss":0.0,"gold_gain":0.0,"event_name":"SensoryStone","player_choice":"Memory 1","floor":39.0,"gold_loss":0.0,"damage_taken":0.0},{"damage_healed":0,"gold_gain":0,"player_choice":"Ignored","damage_taken":0,"max_hp_gain":0,"max_hp_loss":0,"event_name":"Tomb of Lord Red Mask","floor":47,"gold_loss":0}],"is_beta":false,"boss_relics":[{"not_picked":["Snecko Eye","Sozu"],"picked":"Pandora\u0027s Box"},{"not_picked":["Runic Dome","SacredBark"],"picked":"Calling Bell"}],"items_purged_floors":[20,37],"is_endless":false,"potions_floor_spawned":[2,14,16,24,27,33,36,41,42,45],"ascension_level":1}}