{"host":"981nlwu0905dw1bz","time":1611070470,"event":{"mods":["AchievementEnabler","BaseMod","DeckTracker","Minty Spire (QoL Compilation)","Rare Cards Sparkle","SuperFastMode"],"gold_per_floor":[119,119,131,56,67,101,101,101,128,128,147,159,175,202,202,202,202],"floor_reached":16,"language":"KOR","playtime":385,"items_purged":["Regret"],"score":183,"play_id":"b416fd51-116e-45f2-a504-b926885d1fae","local_time":"20210120003430","is_ascension_mode":true,"campfire_choices":[{"floor":7.0,"key":"REST"},{"floor":10.0,"key":"REST"},{"floor":15,"key":"REST"}],"circlet_count":0,"master_deck":["AscendersBane","Strike_G","Strike_G","Strike_G","Strike_G","Strike_G","Defend_G","Defend_G","Defend_G","Defend_G","Defend_G","Survivor","Neutralize","Acrobatics","All Out Attack","Backstab","Accuracy","Footwork","Adrenaline","Backflip"],"relics":["Ring of the Snake","NeowsBlessing","Toy Ornithopter","PreservedInsect","Pear","Smiling Mask","Regal Pillow"],"acts_visited":["Exordium"],"potions_floor_usage":[],"damage_taken":[{"damage":0.0,"enemies":"Small Slimes","floor":1.0,"turns":1.0},{"damage":0.0,"enemies":"Jaw Worm","floor":3.0,"turns":1.0},{"damage":0.0,"enemies":"Cultist","floor":5.0,"turns":1.0},{"damage":61.0,"enemies":"Lagavulin","floor":6.0,"turns":9.0},{"damage":11.0,"enemies":"Looter","floor":11.0,"turns":4.0},{"damage":1.0,"enemies":"2 Fungi Beasts","floor":12.0,"turns":5.0},{"damage":23,"enemies":"Large Slime","floor":13,"turns":7},{"damage":45,"enemies":"Slime Boss","floor":16,"turns":11}],"seed_played":"878486602076143107","potions_obtained":[{"floor":5.0,"key":"Weak Potion"},{"floor":11.0,"key":"FairyPotion"},{"floor":12.0,"key":"Fruit Juice"}],"is_trial":false,"path_per_floor":["M","?","M","$","M","E","R","?","T","R","M","M","M","T","R","B"],"character_chosen":"THE_SILENT","items_purchased":[],"campfire_rested":3,"item_purchase_floors":[],"current_hp_per_floor":[63,63,63,63,63,7,28,26,26,50,39,48,25,25,65,20,20],"gold":202,"neow_bonus":"THREE_ENEMY_KILL","is_daily":false,"chose_seed":false,"campfire_upgraded":0,"win_rate":0.0,"timestamp":1611070470,"path_taken":["M","?","M","$","M","E","R","?","T","R","M","M","?","?","R","BOSS"],"items_purchased_type":[],"build_version":"2020-12-22","purchased_purges":1,"victory":false,"max_hp_per_floor":[70,70,70,70,70,70,70,80,80,80,80,85,85,85,85,85,85],"card_choices":[{"not_picked":["Slice","Underhanded Strike"],"picked":"Acrobatics","floor":1.0},{"not_picked":["Leg Sweep","Acrobatics"],"picked":"All Out Attack","floor":3.0},{"not_picked":["Infinite Blades","Dagger Throw"],"picked":"Backstab","floor":5.0},{"not_picked":["Dagger Throw","Backflip"],"picked":"Accuracy","floor":6.0},{"not_picked":["Poisoned Stab","Calculated Gamble"],"picked":"Footwork","floor":11.0},{"not_picked":["Skewer","All Out Attack"],"picked":"Adrenaline","floor":12.0},{"not_picked":["Dodge and Roll","Underhanded Strike"],"picked":"Backflip","floor":13}],"player_experience":550224,"relics_obtained":[{"floor":6.0,"key":"PreservedInsect"},{"floor":9.0,"key":"Smiling Mask"},{"floor":14,"key":"Regal Pillow"}],"event_choices":[{"damage_healed":0.0,"max_hp_gain":0.0,"max_hp_loss":0.0,"gold_gain":0.0,"event_name":"Big Fish","player_choice":"Box","floor":2.0,"gold_loss":0.0,"damage_taken":0.0,"relics_obtained":["Toy Ornithopter"],"cards_obtained":["Regret"]},{"damage_healed":0.0,"max_hp_gain":0.0,"max_hp_loss":0.0,"gold_gain":0.0,"event_name":"Scrap Ooze","player_choice":"Success","floor":8.0,"gold_loss":0.0,"damage_taken":12.0,"relics_obtained":["Pear"]}],"is_beta":false,"boss_relics":[],"items_purged_floors":[4],"is_endless":false,"potions_floor_spawned":[5,11,12],"killed_by":"Slime Boss","ascension_level":11}}