{"host":"g8zw5beq5mqt80bj","time":1611053481,"event":{"mods":["2.2 Compatiblity","AchievementEnabler","BaseMod","Colored Map","Colored Powertips","DeckTracker","Highlight Path","Minty Spire (QoL Compilation)","Quick Restart","Random Character Button","Rare Cards Sparkle"],"gold_per_floor":[114,114,39,39,51,83,83,99,99,131,141,156,256,291,291,392,392,409,428,440,458,6,6,41,56,82,181,191,191,209,209,209,309,309,319,330,13,13,29,29,40,40,66,29,29,45,60,74,74,74],"floor_reached":51,"language":"POL","playtime":5021,"items_purged":[],"score":693,"play_id":"e6781a9d-cad4-4095-bf4a-82afc5c2fb2c","local_time":"20210119115121","is_ascension_mode":false,"campfire_choices":[{"data":"Redo","floor":7.0,"key":"SMITH"},{"floor":15.0,"key":"REST"},{"data":"White Noise","floor":23.0,"key":"SMITH"},{"floor":29.0,"key":"REST"},{"floor":32.0,"key":"REST"},{"data":"Chaos","floor":40.0,"key":"SMITH"},{"data":"Creative AI","floor":42.0,"key":"SMITH"},{"floor":49.0,"key":"REST"}],"circlet_count":0,"master_deck":["Strike_B+1","Strike_B","Strike_B","Strike_B","Defend_B","Defend_B","Defend_B","Defend_B","Zap","Dualcast","Beam Cell","Sweeping Beam+1","White Noise+1","Redo+1","Double Energy","Creative AI+1","Lockon","Loop","Coolheaded","Core Surge","Conserve Battery","Steam+1","Capacitor+1","Chaos+1","Coolheaded","Bandage Up","Barrage","Stack","Glacier","BootSequence+1","Darkness","Machine Learning","CurseOfTheBell","Force Field","Self Repair+1","Go for the Eyes","Ball Lightning+1","Cold Snap","Blizzard","Madness","Madness","Conserve Battery","Cold Snap+1"],"relics":["Cracked Core","NeowsBlessing","Shuriken","CaptainsWheel","Smiling Mask","Letter Opener","Thread and Needle","Philosopher\u0027s Stone","Whetstone","Boot","White Beast Statue","Centennial Puzzle","Anchor","Calling Bell","Pen Nib","Singing Bowl","Lizard Tail","TungstenRod","Vajra"],"acts_visited":["Exordium","TheCity","TheBeyond"],"potions_floor_usage":[50,50,50],"damage_taken":[{"damage":0.0,"enemies":"Jaw Worm","floor":1.0,"turns":1.0},{"damage":0.0,"enemies":"Small Slimes","floor":5.0,"turns":1.0},{"damage":0.0,"enemies":"3 Sentries","floor":6.0,"turns":1.0},{"damage":1.0,"enemies":"Cultist","floor":8.0,"turns":3.0},{"damage":16.0,"enemies":"Gremlin Nob","floor":10.0,"turns":4.0},{"damage":0.0,"enemies":"Large Slime","floor":11.0,"turns":6.0},{"damage":0.0,"enemies":"Looter","floor":12.0,"turns":2.0},{"damage":27.0,"enemies":"3 Sentries","floor":14.0,"turns":5.0},{"damage":20.0,"enemies":"Hexaghost","floor":16.0,"turns":9.0},{"damage":9.0,"enemies":"Chosen","floor":18.0,"turns":6.0},{"damage":9.0,"enemies":"Shell Parasite","floor":19.0,"turns":6.0},{"damage":6.0,"enemies":"Snecko","floor":20.0,"turns":6.0},{"damage":3.0,"enemies":"Cultist and Chosen","floor":21.0,"turns":6.0},{"damage":23.0,"enemies":"Book of Stabbing","floor":24.0,"turns":6.0},{"damage":9.0,"enemies":"Sentry and Sphere","floor":25.0,"turns":6.0},{"damage":6.0,"enemies":"Centurion and Healer","floor":28.0,"turns":8.0},{"damage":8.0,"enemies":"Shelled Parasite and Fungi","floor":30.0,"turns":7.0},{"damage":45.0,"enemies":"Automaton","floor":33.0,"turns":12.0},{"damage":41.0,"enemies":"3 Darklings","floor":35.0,"turns":6.0},{"damage":5.0,"enemies":"Orb Walker","floor":36.0,"turns":6.0},{"damage":24.0,"enemies":"Spire Growth","floor":39.0,"turns":6.0},{"damage":17.0,"enemies":"3 Darklings","floor":41.0,"turns":5.0},{"damage":5.0,"enemies":"4 Shapes","floor":46.0,"turns":6.0},{"damage":2.0,"enemies":"Sphere and 2 Shapes","floor":47.0,"turns":6.0},{"damage":30.0,"enemies":"Maw","floor":48.0,"turns":9.0},{"damage":45,"enemies":"Time Eater","floor":50,"turns":15}],"seed_played":"-8270493060022575481","potions_obtained":[{"floor":1.0,"key":"BlessingOfTheForge"},{"floor":11.0,"key":"SpeedPotion"},{"floor":12.0,"key":"SpeedPotion"},{"floor":14.0,"key":"Dexterity Potion"},{"floor":18.0,"key":"PotionOfCapacity"},{"floor":19.0,"key":"FocusPotion"},{"floor":24.0,"key":"PowerPotion"},{"floor":25.0,"key":"Strength Potion"},{"floor":33.0,"key":"Fruit Juice"},{"floor":35.0,"key":"Energy Potion"},{"floor":36.0,"key":"ColorlessPotion"},{"floor":39.0,"key":"Weak Potion"},{"floor":41.0,"key":"Weak Potion"},{"floor":47.0,"key":"Regen Potion"},{"floor":48.0,"key":"DuplicationPotion"}],"is_trial":false,"path_per_floor":["M","?","$","?","M","E","R","M","T","E","M","M","?","E","R","B",null,"M","M","M","M","$","R","E","M","T","?","M","R","M","?","R","B",null,"M","M","$","?","M","R","M","R","T","$","?","M","M","M","R","B",null],"character_chosen":"DEFECT","items_purchased":["Beam Cell","Sweeping Beam","Whetstone","Boot","Coolheaded","Bandage Up","Barrage","TungstenRod","Go for the Eyes","Blizzard"],"campfire_rested":4,"item_purchase_floors":[3,3,22,22,22,22,22,37,37,44],"current_hp_per_floor":[75,80,80,77,77,77,77,76,76,60,60,60,60,33,57,37,80,71,62,56,53,53,53,34,29,29,29,27,51,47,47,71,35,85,48,47,47,85,85,85,78,78,78,78,68,77,87,71,87,54],"gold":74,"neow_bonus":"THREE_ENEMY_KILL","is_daily":false,"chose_seed":false,"campfire_upgraded":4,"win_rate":0.0,"timestamp":1611053481,"path_taken":["M","?","$","?","M","E","R","M","T","E","M","M","?","E","R","BOSS","M","M","?","M","$","R","E","M","T","?","M","R","M","?","R","BOSS","M","?","$","?","M","R","?","R","T","$","?","M","M","M","R","BOSS"],"items_purchased_type":["Card","Card","Relic","Relic","Card","Card","Card","Relic","Card","Card"],"build_version":"2020-12-22","purchased_purges":0,"victory":true,"max_hp_per_floor":[75,80,80,80,80,80,80,80,80,80,80,80,80,80,80,80,80,80,80,80,80,80,80,80,80,80,80,80,80,80,80,80,85,85,85,85,85,85,85,85,85,85,85,85,85,85,87,87,87,87],"card_choices":[{"not_picked":["Compile Driver","Storm"],"picked":"Auto Shields","floor":1.0},{"not_picked":["Barrage","Beam Cell"],"picked":"White Noise","floor":5.0},{"not_picked":["Reinforced Body","Stack"],"picked":"Redo","floor":6.0},{"not_picked":["Turbo","Consume"],"picked":"Double Energy","floor":8.0},{"not_picked":["Rebound","Barrage"],"picked":"Creative AI","floor":10.0},{"not_picked":["Capacitor","Sweeping Beam"],"picked":"Lockon","floor":11.0},{"not_picked":["Barrage","Beam Cell"],"picked":"Loop","floor":12.0},{"not_picked":["Double Energy","Doom and Gloom"],"picked":"Coolheaded","floor":14.0},{"not_picked":["All For One","Amplify"],"picked":"Core Surge","floor":16.0},{"not_picked":["Rebound","Beam Cell"],"picked":"Conserve Battery","floor":18.0},{"not_picked":["Turbo","Machine Learning"],"picked":"Steam+1","floor":19.0},{"not_picked":["Rip and Tear","Steam"],"picked":"Capacitor+1","floor":20.0},{"not_picked":["FTL","Sweeping Beam"],"picked":"Chaos","floor":21.0},{"not_picked":["Consume","Redo"],"picked":"Stack","floor":24.0},{"not_picked":["Auto Shields+1","Hologram"],"picked":"Glacier","floor":25.0},{"not_picked":["Defragment","Multi-Cast"],"picked":"BootSequence+1","floor":28.0},{"not_picked":["Streamline","Compile Driver"],"picked":"Darkness","floor":30.0},{"not_picked":["Creative AI","Echo Form"],"picked":"Machine Learning","floor":33.0},{"not_picked":["Consume+1","Heatsinks"],"picked":"Force Field","floor":35.0},{"not_picked":["Conserve Battery+1","Gash+1"],"picked":"Self Repair+1","floor":36.0},{"not_picked":["Leap","Rebound+1"],"picked":"Ball Lightning+1","floor":39.0},{"not_picked":["Auto Shields","Amplify"],"picked":"Cold Snap","floor":41.0},{"not_picked":["Barrage","Coolheaded"],"picked":"Conserve Battery","floor":46.0},{"not_picked":["Aggregate","Stack","Genetic Algorithm+1"],"picked":"Singing Bowl","floor":47.0},{"not_picked":["Recycle","Reinforced Body+1"],"picked":"Cold Snap+1","floor":48.0}],"player_experience":104046,"relics_obtained":[{"floor":6.0,"key":"CaptainsWheel"},{"floor":9.0,"key":"Smiling Mask"},{"floor":10.0,"key":"Letter Opener"},{"floor":14.0,"key":"Thread and Needle"},{"floor":24.0,"key":"White Beast Statue"},{"floor":26.0,"key":"Centennial Puzzle"},{"floor":34.0,"key":"Pen Nib"},{"floor":34.0,"key":"Singing Bowl"},{"floor":34.0,"key":"Lizard Tail"},{"floor":43.0,"key":"Vajra"}],"event_choices":[{"damage_healed":0.0,"max_hp_gain":5.0,"max_hp_loss":0.0,"gold_gain":0.0,"event_name":"Big Fish","player_choice":"Donut","floor":2.0,"gold_loss":0.0,"damage_taken":0.0},{"damage_healed":0.0,"max_hp_gain":0.0,"max_hp_loss":0.0,"gold_gain":0.0,"event_name":"Scrap Ooze","player_choice":"Success","floor":4.0,"gold_loss":0.0,"damage_taken":3.0,"relics_obtained":["Shuriken"]},{"damage_healed":0.0,"max_hp_gain":0.0,"max_hp_loss":0.0,"gold_gain":100.0,"event_name":"Golden Shrine","player_choice":"Pray","floor":13.0,"gold_loss":0.0,"damage_taken":0.0},{"damage_healed":0.0,"max_hp_gain":0.0,"max_hp_loss":0.0,"gold_gain":99.0,"event_name":"Nest","player_choice":"Stole From Cult","floor":27.0,"gold_loss":0.0,"damage_taken":0.0},{"damage_healed":0.0,"max_hp_gain":0.0,"max_hp_loss":0.0,"gold_gain":0.0,"event_name":"WeMeetAgain","player_choice":"Gave Potion","floor":31.0,"gold_loss":0.0,"damage_taken":0.0,"relics_obtained":["Anchor"]},{"cards_removed":["Auto Shields"],"damage_healed":38.0,"max_hp_gain":0.0,"max_hp_loss":0.0,"gold_gain":0.0,"event_name":"Bonfire Elementals","player_choice":"Offered Uncommon","floor":38.0,"gold_loss":0.0,"damage_taken":0.0},{"damage_healed":0.0,"max_hp_gain":0.0,"max_hp_loss":0.0,"gold_gain":0.0,"event_name":"Winding Halls","player_choice":"Embrace Madness","floor":45.0,"gold_loss":0.0,"damage_taken":11.0,"cards_obtained":["Madness","Madness"]}],"is_beta":false,"boss_relics":[{"not_picked":["Busted Crown","Tiny House"],"picked":"Philosopher\u0027s Stone"},{"not_picked":["Velvet Choker","Snecko Eye"],"picked":"Calling Bell"}],"items_purged_floors":[],"is_endless":false,"potions_floor_spawned":[1,11,12,14,18,19,24,25,28,30,33,35,36,39,41,46,47,48],"ascension_level":0}}