{"host":"xxyfyv4t3rs3ce5d","time":1611087634,"event":{"mods":["BaseMod","Hubris","Infinite Spire","Minty Spire (QoL Compilation)","Replay The Spire","Shop Mod","StSLib","The Jungle"],"gold_per_floor":[115,127,191,191,211,211,244,244,244,21,21,121,147,161,161,262,262,273,288,288,288,288],"floor_reached":21,"language":"ENG","playtime":1103,"items_purged":["Strike_B"],"score":196,"play_id":"b0afc8df-0b8a-421f-b1eb-8a4ae78e252a","local_time":"20210119152034","is_ascension_mode":true,"campfire_choices":[{"data":"Streamline","floor":6,"key":"SMITH"},{"data":"Gash","floor":8,"key":"SMITH"},{"data":"Dualcast","floor":15,"key":"SMITH"}],"circlet_count":0,"master_deck":["Strike_B","Strike_B+1","Strike_B+1","Defend_B","Defend_B","Defend_B","Defend_B","Zap+1","Dualcast+1","Streamline+1","Gash+1","Machine Learning+1"],"relics":["Cracked Core","infinitespire:EmpoweringShard","Whetstone","hubris:OldNail","TungstenRod","hubris:TenFootPole","Replay:Fungal Core"],"acts_visited":["Exordium","TheCity"],"potions_floor_usage":[7,13,18,19,21],"damage_taken":[{"damage":0,"enemies":"Cultist","floor":1,"turns":3},{"damage":0,"enemies":"Jaw Worm","floor":2,"turns":3},{"damage":0,"enemies":"2 Louse","floor":5,"turns":1},{"damage":8,"enemies":"Gremlin Nob","floor":7,"turns":3},{"damage":11,"enemies":"3 Sentries","floor":13,"turns":6},{"damage":3,"enemies":"Exordium Thugs","floor":14,"turns":4},{"damage":21,"enemies":"The Guardian","floor":16,"turns":8},{"damage":0,"enemies":"3 Byrds","floor":18,"turns":5},{"damage":0,"enemies":"Chosen","floor":19,"turns":4},{"damage":0,"enemies":"3 Cultists","floor":21,"turns":2}],"seed_played":"-7966949497801568853","potions_obtained":[{"floor":1,"key":"SpeedPotion"},{"floor":5,"key":"GamblersBrew"},{"floor":16,"key":"EssenceOfSteel"},{"floor":18,"key":"EssenceOfSteel"},{"floor":19,"key":"Flashbang"}],"is_trial":false,"path_per_floor":["M","M","?","?","M","R","E","R","T","$","?","?","E","M","R","B",null,"M","M","?","M"],"character_chosen":"DEFECT","items_purchased":["hubris:OldNail"],"campfire_rested":0,"item_purchase_floors":[10],"current_hp_per_floor":[75,75,75,75,75,75,67,67,67,67,67,67,56,53,53,32,75,75,75,75,75,75],"gold":288,"neow_bonus":"UPGRADE_CARD","is_daily":false,"chose_seed":false,"campfire_upgraded":3,"win_rate":0.0,"timestamp":1611087634,"path_taken":["M","M","?","?","?","R","E","R","T","$","?","?","E","M","R","BOSS","M","M","?","M"],"items_purchased_type":["Relic"],"build_version":"2020-12-22","purchased_purges":1,"victory":false,"max_hp_per_floor":[75,75,75,75,75,75,75,75,75,75,75,75,75,75,75,75,75,75,75,75,75,75],"card_choices":[{"not_picked":["Cold Snap","Go for the Eyes"],"picked":"Streamline","floor":1},{"not_picked":["Streamline","Cold Snap","Panic Button"],"picked":"SKIP","floor":2},{"not_picked":["Panic Button","Compile Driver"],"picked":"Gash","floor":5},{"not_picked":["Sweeping Beam","Consume"],"picked":"Machine Learning","floor":7},{"not_picked":["Undo","Coolheaded","Redo"],"picked":"SKIP","floor":13},{"not_picked":["Panic Button","Streamline","Conserve Battery"],"picked":"SKIP","floor":14},{"not_picked":["Compile Driver+1","Sweeping Beam","Hologram"],"picked":"SKIP","floor":18},{"not_picked":["Go for the Eyes","Undo","Time Bomb"],"picked":"SKIP","floor":19}],"player_experience":199248,"relics_obtained":[{"floor":7,"key":"infinitespire:EmpoweringShard"},{"floor":9,"key":"Whetstone"},{"floor":11,"key":"TungstenRod"},{"floor":13,"key":"hubris:TenFootPole"}],"event_choices":[{"damage_healed":0,"gold_gain":64,"player_choice":"Gained Gold","damage_taken":0,"max_hp_gain":0,"max_hp_loss":0,"event_name":"Golden Wing","floor":3,"gold_loss":0},{"damage_healed":0,"gold_gain":0,"player_choice":"Bought 0 Potions","damage_taken":0,"max_hp_gain":0,"max_hp_loss":0,"event_name":"The Woman in Blue","floor":4,"gold_loss":0},{"damage_healed":0,"gold_gain":100,"player_choice":"Pray","damage_taken":0,"max_hp_gain":0,"max_hp_loss":0,"event_name":"Golden Shrine","floor":12,"gold_loss":0},{"damage_healed":0,"gold_gain":0,"player_choice":"Upgraded","damage_taken":0,"max_hp_gain":0,"max_hp_loss":0,"event_name":"Upgrade Shrine","floor":20,"gold_loss":0,"cards_upgraded":["Machine Learning"]}],"is_beta":false,"boss_relics":[{"not_picked":["Honey Jar","hubris:VirtuousBlindfold"],"picked":"Replay:Fungal Core"}],"items_purged_floors":[10],"is_endless":false,"potions_floor_spawned":[1,5,16,18,19],"killed_by":"3 Cultists","ascension_level":1}}