{"host":"cv77zuuuekizn3ic","time":1611032460,"event":{"mods":["AchievementEnabler","BaseMod","Downfall","Marisa£®ÏF”Í°°ƒß¿Ì…≥£©","Minty Spire (QoL Compilation)","StSLib"],"gold_per_floor":[99,99,62,118,28,56,56,56,5,38,38,38,138,138,154,252,252,252,268,284,295,376,402,402,415,315,331,331,331,12,29,49,151,151,151,165,182,182,196,96,170,180,213,226,252,152,165,179,195,195,195,226,10,10,10,10],"floor_reached":57,"language":"ZHS","playtime":5098,"items_purged":["bronze:Strike","bronze:BurnOut"],"score":1067,"play_id":"94f74d15-9620-43e3-89a8-76760c79d397","local_time":"20210119130100","is_ascension_mode":false,"campfire_choices":[{"data":"bronze:Goto","floor":1.0,"key":"SMITH"},{"data":"bronze:Fortify","floor":12.0,"key":"SMITH"},{"data":"bronze:FineTuning","floor":18.0,"key":"SMITH"},{"floor":26.0,"key":"REST"},{"floor":28.0,"key":"DIG"},{"floor":35.0,"key":"RECALL"},{"floor":40.0,"key":"DIG"},{"floor":46.0,"key":"DIG"},{"data":"bronze:Assembly","floor":54.0,"key":"SMITH"}],"circlet_count":0,"master_deck":["bronze:Goto+1","bronze:Turbo+1","bronze:Boost+1","bronze:InfiniteBeams+1","bronze:Library+1","bronze:Repair","bronze:FineTuning+1","bronze:ChosenStrike","bronze:Fortify+1","bronze:FineTuning","bronze:FineTuning","bronze:InfiniteLoop","bronze:Overload","bronze:CloningBeam","bronze:HardenedForm","bronze:Assembly+1","bronze:Shell+1","bronze:MaxOutput","bronze:ForceShield","bronze:FollowUp+1","bronze:Library","bronze:FineTuning+1","bronze:ClassDefault+1","bronze:Repulsor"],"relics":["bronze:BronzeCore","downfall:HeartsMalice","Anchor","War Paint","White Beast Statue","Mercury Hourglass","Pandora\u0027s Box","bronze:CableSpool","Shovel","Smiling Mask","downfall:HeartBlessingGreen","MealTicket","Mummified Hand","bronze:MakeshiftBattery","downfall:HeartBlessingRed","Strawberry","The Courier","Lantern","downfall:HeartBlessingBlue","Letter Opener","Pantograph","Membership Card","InkBottle"],"acts_visited":["Exordium","TheCity","TheBeyond","TheEnding"],"potions_floor_usage":[],"damage_taken":[{"damage":0.0,"enemies":"Cultist","floor":2.0,"turns":1.0},{"damage":0.0,"enemies":"downfall:FleeingMerchant","floor":3.0,"turns":1.0},{"damage":0.0,"enemies":"Gremlin Nob","floor":4.0,"turns":1.0},{"damage":0.0,"enemies":"downfall:FleeingMerchant","floor":5.0,"turns":4.0},{"damage":14.0,"enemies":"Gremlin Nob","floor":6.0,"turns":3.0},{"damage":0.0,"enemies":"downfall:FleeingMerchant","floor":9.0,"turns":4.0},{"damage":10.0,"enemies":"3 Sentries","floor":10.0,"turns":4.0},{"damage":15.0,"enemies":"downfall:Heads","floor":13.0,"turns":5.0},{"damage":0.0,"enemies":"2 Louse","floor":15.0,"turns":2.0},{"damage":38.0,"enemies":"SI_SHIV_ARCHETYPE","floor":16.0,"turns":6.0},{"damage":28.0,"enemies":"Shell Parasite","floor":19.0,"turns":5.0},{"damage":13.0,"enemies":"3 Byrds","floor":20.0,"turns":4.0},{"damage":0.0,"enemies":"Cultist and Chosen","floor":21.0,"turns":5.0},{"damage":40.0,"enemies":"Slavers","floor":23.0,"turns":6.0},{"damage":15.0,"enemies":"Snake Plant","floor":25.0,"turns":3.0},{"damage":0.0,"enemies":"Snecko","floor":27.0,"turns":4.0},{"damage":8.0,"enemies":"downfall:FleeingMerchant","floor":30.0,"turns":4.0},{"damage":18.0,"enemies":"Shelled Parasite and Fungi","floor":31.0,"turns":3.0},{"damage":0.0,"enemies":"Centurion and Healer","floor":32.0,"turns":5.0},{"damage":0.0,"enemies":"WA_ARCHETYPE_CALM","floor":33.0,"turns":5.0},{"damage":0.0,"enemies":"3 Darklings","floor":36.0,"turns":5.0},{"damage":0.0,"enemies":"Orb Walker","floor":37.0,"turns":2.0},{"damage":6.0,"enemies":"Spire Growth","floor":39.0,"turns":4.0},{"damage":0.0,"enemies":"Transient","floor":42.0,"turns":5.0},{"damage":27.0,"enemies":"Reptomancer","floor":43.0,"turns":3.0},{"damage":0.0,"enemies":"Sphere and 2 Shapes","floor":44.0,"turns":3.0},{"damage":29.0,"enemies":"Nemesis","floor":45.0,"turns":5.0},{"damage":0.0,"enemies":"3 Darklings","floor":47.0,"turns":3.0},{"damage":0.0,"enemies":"4 Shapes","floor":48.0,"turns":2.0},{"damage":0.0,"enemies":"Sphere and 2 Shapes","floor":49.0,"turns":5.0},{"damage":10.0,"enemies":"DF_ARCHETYPE_ORBS","floor":50.0,"turns":8.0},{"damage":3.0,"enemies":"downfall:CharBossMerchant","floor":52.0,"turns":4.0},{"damage":31.0,"enemies":"downfall:NeowBoss","floor":55.0,"turns":8.0},{"damage":63,"enemies":"downfall:NeowBoss","floor":56,"turns":11}],"seed_played":"1347851505725045389","potions_obtained":[{"floor":4.0,"key":"SmokeBomb"},{"floor":6.0,"key":"Guardian:BlockOnCardUsePotion"},{"floor":9.0,"key":"EssenceOfSteel"},{"floor":10.0,"key":"Strength Potion"},{"floor":13.0,"key":"SneckoOil"},{"floor":14.0,"key":"Slimebound:ThreeZeroPotion"},{"floor":14.0,"key":"DuplicationPotion"},{"floor":16.0,"key":"Fire Potion"},{"floor":19.0,"key":"GamblersBrew"},{"floor":20.0,"key":"Strength Potion"},{"floor":25.0,"key":"Block Potion"},{"floor":30.0,"key":"Ancient Potion"},{"floor":33.0,"key":"Slimebound:ThreeZeroPotion"},{"floor":43.0,"key":"Regen Potion"},{"floor":52.0,"key":"PowerPotion"}],"is_trial":false,"path_per_floor":["R","M","$","?","$","E","T","?","$","E","?","R","?","?","M","B",null,"R","M","M","M","T","E","T","M","R","M","R","?","$","M","M","B",null,"R","M","M","?","M","R","T","M","E","M","E","R","M","M","M","B",null,"E","$","R","B","B",null],"character_chosen":"THE_AUTOMATON","items_purchased":["bronze:InfiniteBeams","bronze:ChosenStrike","Mummified Hand","Membership Card","InkBottle"],"campfire_rested":1,"item_purchase_floors":[3,9,30,53,53],"current_hp_per_floor":[70,70,70,70,70,56,56,56,63,60,60,60,45,45,45,14,70,70,42,37,44,44,11,11,4,25,32,32,80,79,61,69,69,80,80,80,80,72,73,80,80,87,60,60,38,48,62,69,85,96,97,97,97,97,66,34],"gold":10,"neow_bonus":"THREE_ENEMY_KILL","is_daily":false,"chose_seed":false,"campfire_upgraded":4,"win_rate":0.0,"timestamp":1611032460,"path_taken":["R","M","$","?","$","E","T","?","?","E","?","R","?","?","M","BOSS","R","M","M","M","?","E","T","M","R","M","R","?","$","M","M","BOSS","R","M","M","?","M","R","T","M","E","?","E","R","M","M","M","BOSS","E","$","R","BOSS","BOSS"],"items_purchased_type":["Card","Card","Relic","Relic","Relic"],"build_version":"2020-12-22","purchased_purges":2,"victory":true,"max_hp_per_floor":[70,70,70,70,70,70,70,70,70,70,70,70,70,70,70,70,70,70,70,70,70,70,70,70,70,70,70,70,80,80,80,80,80,80,80,80,80,80,80,87,87,87,87,87,87,97,97,97,97,97,97,97,97,97,97,97],"card_choices":[{"not_picked":["bronze:Backtrace","bronze:BugBarrage"],"picked":"bronze:Turbo","floor":2.0},{"not_picked":["bronze:Constructor","bronze:CutThrough"],"picked":"bronze:Boost","floor":3.0},{"not_picked":["bronze:NullPointer","bronze:Shield"],"picked":"bronze:Library","floor":5.0},{"not_picked":["bronze:Iterate","bronze:Frontload"],"picked":"bronze:Repair","floor":6.0},{"not_picked":["bronze:Optimize","bronze:DarkDash"],"picked":"bronze:FineTuning","floor":9.0},{"not_picked":["bronze:BronzeOrb","bronze:WildBeam"],"picked":"bronze:Fortify","floor":10.0},{"not_picked":["bronze:CutThrough","bronze:BuggyMess"],"picked":"bronze:FineTuning","floor":13.0},{"not_picked":["bronze:BuggyMess","bronze:Overheat"],"picked":"bronze:FineTuning","floor":15.0},{"not_picked":["bronze:FindAndReplace","bronze:BurnOut"],"picked":"bronze:InfiniteLoop","floor":16.0},{"not_picked":["bronze:Optimize+1","bronze:Overload","bronze:InfiniteBeams+1"],"picked":"SKIP","floor":19.0},{"not_picked":["bronze:ChosenStrike","bronze:OilSpill+1","bronze:ItsAFeature"],"picked":"SKIP","floor":20.0},{"not_picked":["bronze:ChildClass","bronze:OilSpill","bronze:WildBeam"],"picked":"SKIP","floor":21.0},{"not_picked":["bronze:WildBeam+1","bronze:Invalidate","bronze:Deprecate"],"picked":"SKIP","floor":23.0},{"not_picked":["bronze:WildBeam","bronze:DigitalCarnage+1"],"picked":"bronze:MaxOutput","floor":25.0},{"not_picked":["bronze:Invalidate","bronze:Constructor+1"],"picked":"bronze:ForceShield","floor":27.0},{"not_picked":["bronze:CloningBeam","bronze:DarkDash+1"],"picked":"bronze:FollowUp+1","floor":30.0},{"not_picked":["bronze:WildBeam","bronze:Invalidate","bronze:BitShift"],"picked":"SKIP","floor":31.0},{"not_picked":["bronze:SpaghettiCode","bronze:ForceShield","bronze:Overload"],"picked":"SKIP","floor":32.0},{"not_picked":["bronze:Break","bronze:HyperBeam"],"picked":"bronze:Library","floor":33.0},{"not_picked":["bronze:Shield+1","bronze:Overload+1","bronze:Separator"],"picked":"SKIP","floor":36.0},{"not_picked":["bronze:Frontload+1","bronze:Shield","bronze:WildBeam"],"picked":"SKIP","floor":37.0},{"not_picked":["bronze:NullPointer","bronze:ChosenStrike","bronze:DelayedSlice"],"picked":"SKIP","floor":39.0},{"not_picked":["bronze:Overload+1","bronze:Constructor"],"picked":"bronze:FineTuning+1","floor":42.0},{"not_picked":["bronze:WhirlingStrike+1","bronze:DigitalCarnage","bronze:Overheat"],"picked":"SKIP","floor":43.0},{"not_picked":["bronze:Frontload+1","bronze:WildBeam"],"picked":"bronze:ClassDefault+1","floor":44.0},{"not_picked":["bronze:CloningBeam","bronze:Break"],"picked":"bronze:Repulsor","floor":45.0},{"not_picked":["bronze:DarkDash","bronze:DelayedSlice+1","bronze:Safeguard"],"picked":"SKIP","floor":47.0},{"not_picked":["bronze:InfiniteBeams+1","bronze:Backtrace+1","bronze:Frontload+1"],"picked":"SKIP","floor":48.0},{"not_picked":["bronze:Refactor","bronze:BugBarrage","bronze:DelayedSlice"],"picked":"SKIP","floor":49.0},{"not_picked":["bronze:Branch+1","bronze:BugBarrage","bronze:Iterate"],"picked":"SKIP","floor":52.0}],"player_experience":996927,"relics_obtained":[{"floor":6.0,"key":"War Paint"},{"floor":7.0,"key":"White Beast Statue"},{"floor":10.0,"key":"Mercury Hourglass"},{"floor":22.0,"key":"bronze:CableSpool"},{"floor":23.0,"key":"Shovel"},{"floor":24.0,"key":"Smiling Mask"},{"floor":28.0,"key":"MealTicket"},{"floor":40.0,"key":"Strawberry"},{"floor":43.0,"key":"The Courier"},{"floor":45.0,"key":"Lantern"},{"floor":46.0,"key":"Letter Opener"},{"floor":52.0,"key":"Pantograph"}],"event_choices":[{"damage_healed":0.0,"max_hp_gain":0.0,"max_hp_loss":0.0,"gold_gain":0.0,"event_name":"Lab","player_choice":"Got Potions","floor":14.0,"gold_loss":0.0,"damage_taken":0.0}],"is_beta":false,"boss_relics":[{"not_picked":["Cursed Key","Fusion Hammer"],"picked":"Pandora\u0027s Box"},{"not_picked":["SacredBark","Runic Pyramid"],"picked":"bronze:MakeshiftBattery"}],"items_purged_floors":[5,30],"is_endless":false,"potions_floor_spawned":[4,6,9,10,13,15,16,19,20,21,23,25,27,30,31,32,33,36,37,39,42,43,44,45,47,48,49,52],"ascension_level":0}}