{"host":"tqrb8wakxbnpyjmr","time":1611048446,"event":{"mods":["Act Like it!","BaseMod","Bestiary","Better Altar","Better Skull","Better Third Choice","BetterRewards","CapriCore","Fox Events","Gensokyo","Marisa????????","Minty Spire (QoL Compilation)","Reimu??????","Replay The Spire","Shop Mod","StSLib","The Blue Laboratory","The Immortal","The Servant 0.9.4"],"gold_per_floor":[112,122,52,52,52,85,85,103,126,158,170,50,68,78,78,378,378,378],"floor_reached":17,"language":"ENG","playtime":1916,"items_purged":[],"score":192,"play_id":"3d7f3b76-5120-49a6-9322-128b5a218537","local_time":"25640119162726","is_ascension_mode":false,"campfire_choices":[{"floor":7,"key":"REST"},{"floor":15,"key":"REST"}],"circlet_count":0,"master_deck":["Strike_Lin:ReiMu","Strike_Lin:ReiMu","Strike_Lin:ReiMu","Strike_Lin:ReiMu","Defend_Lin:ReiMu","Defend_Lin:ReiMu","Defend_Lin:ReiMu","Defend_Lin:ReiMu","NB:ReiMu","Stagnation:ReiMu","FoulBorder2:ReiMu","YinYangSign:ReiMu","Conquer:ReiMu","LearningPray:ReiMu","ShadowOfCrow2:ReiMu","ShadowOfCrow2:ReiMu","SafetyPray:ReiMu","SubAcupoint:ReiMu","YinYang:ReiMu"],"relics":["FlyPower:ReiMu","NeowsBlessing","Strawberry","RuthlessExorcism:ReiMu","PreservedInsect","MealTicket","Nunchaku","Simple Rune","FadedRune:ReiMu","Philosopher\u0027s Stone"],"acts_visited":["Gensokyo:Gensokyo","Gensokyo:Gensokyoer"],"potions_floor_usage":[16,16],"damage_taken":[{"damage":0,"enemies":"Gensokyo:2_Kodama","floor":1,"turns":1},{"damage":0,"enemies":"Gensokyo:Gryphon","floor":2,"turns":1},{"damage":0,"enemies":"Gensokyo:Aya","floor":6,"turns":1},{"damage":0,"enemies":"Gensokyo:3_Fairies","floor":8,"turns":4},{"damage":25,"enemies":"Gensokyo:Cirno","floor":10,"turns":6},{"damage":1,"enemies":"Gensokyo:2_Rabbits","floor":11,"turns":4},{"damage":21,"enemies":"Gensokyo:Kitsune","floor":13,"turns":5},{"damage":2,"enemies":"Gensokyo:VengefulSpirit","floor":14,"turns":6},{"damage":27,"enemies":"Gensokyo:Yukari","floor":16,"turns":12}],"seed_played":"810701712376933210","potions_obtained":[{"floor":6,"key":"blueLaboratory:HorrorPotion"},{"floor":10,"key":"Energy Potion"},{"floor":13,"key":"Energy Potion"},{"floor":16,"key":"LiquidMemories"}],"is_trial":false,"path_per_floor":["M","M","?","?","?","E","R","M","T","E","M","COS","M","M","R","B",null],"character_chosen":"REIMU","items_purchased":[],"campfire_rested":2,"item_purchase_floors":[],"current_hp_per_floor":[65,65,65,65,39,39,60,60,60,35,34,34,13,11,32,5,72,72],"gold":378,"neow_bonus":"THREE_ENEMY_KILL","is_daily":false,"chose_seed":false,"campfire_upgraded":0,"win_rate":0.0,"timestamp":1611048446,"path_taken":["M","M","?","?","?","E","R","M","T","E","M","COS","?","?","R","BOSS"],"items_purchased_type":[],"build_version":"2020-12-22","purchased_purges":0,"victory":false,"max_hp_per_floor":[65,65,65,65,72,72,72,72,72,72,72,72,72,72,72,72,72,72],"card_choices":[{"not_picked":["SubcavityInstant:ReiMu","SpreadBorder2:ReiMu"],"picked":"FoulBorder2:ReiMu","floor":1},{"not_picked":["UniversalSpiritual:ReiMu","Intuition:ReiMu"],"picked":"YinYangSign:ReiMu","floor":2},{"not_picked":["CollectionFlower2:ReiMu","SubcavityInstant:ReiMu"],"picked":"Conquer:ReiMu","floor":6},{"not_picked":["SpiritualOutbreak2:ReiMu","Conquer:ReiMu"],"picked":"LearningPray:ReiMu","floor":8},{"not_picked":["Intuition:ReiMu","SafetyPray:ReiMu"],"picked":"ShadowOfCrow2:ReiMu","floor":10},{"not_picked":["AirStrike:ReiMu","EmergencyTakeOff:ReiMu"],"picked":"ShadowOfCrow2:ReiMu","floor":11},{"not_picked":["RainPray2:ReiMu","ShadowOfCrow2:ReiMu"],"picked":"SafetyPray:ReiMu","floor":13},{"not_picked":["FineLineFantasy:ReiMu","AirStrike:ReiMu"],"picked":"SubAcupoint:ReiMu","floor":14},{"not_picked":["PrayRite:ReiMu","HakureiPhantom:ReiMu"],"picked":"YinYang:ReiMu","floor":16}],"player_experience":287730,"relics_obtained":[{"floor":6,"key":"PreservedInsect"},{"floor":9,"key":"MealTicket"},{"floor":10,"key":"Nunchaku"}],"event_choices":[{"damage_healed":0,"gold_gain":0,"player_choice":"RE RE ","damage_taken":37,"relics_obtained":["Strawberry","RuthlessExorcism:ReiMu"],"max_hp_gain":0,"max_hp_loss":0,"event_name":"betterSkull:BetterSkull","floor":5,"gold_loss":0,"cards_upgraded":[]}],"is_beta":false,"boss_relics":[{"not_picked":["Tiny House","Astrolabe"],"picked":"Philosopher\u0027s Stone"}],"items_purged_floors":[],"is_endless":false,"potions_floor_spawned":[6,10,13,16],"ascension_level":0}}