{"host":"amh04kn3ezj0mn53","time":1611028391,"event":{"mods":["BaseMod","Better Match","BetterRewards","Dota2Spire","Downfall","Googly Eyes","Minty Spire (QoL Compilation)","Shop Mod","StSLib"],"gold_per_floor":[154,154,212,250,250,250,290,323,323,374,412,552,630,630,630,775,775,863,465,380,380,390,443,443,471,471,500,518,551,273,285,285,387,387,397,414,414,82,124,155,155,165,190,190,204,204,204,232,232,232,232,232,64,89,89],"floor_reached":56,"language":"ENG","playtime":3714,"items_purged":["Strike_R","Defend_R","Defend_R"],"score":1564,"play_id":"79f992bb-f9ed-4fe5-acd9-508278d58aa7","local_time":"20210118225311","is_ascension_mode":true,"campfire_choices":[{"data":"HandOfGreed","floor":6.0,"key":"SMITH"},{"data":"Uppercut","floor":15.0,"key":"SMITH"},{"data":"Slimebound:CheckThePlaybook","floor":24.0,"key":"SMITH"},{"floor":32.0,"key":"REST"},{"floor":41.0,"key":"RECALL"},{"data":"Flex","floor":46.0,"key":"SMITH"},{"data":"Spot Weakness","floor":49.0,"key":"SMITH"},{"data":"Uppercut","floor":52.0,"key":"SMITH"}],"circlet_count":0,"master_deck":["Strike_R+1","Bash","HandOfGreed+1","Pommel Strike","Thunderclap","Disarm","Thunderclap","Havoc+1","Pummel","Dropkick","Corruption+1","Uppercut+1","Demon Form+1","Sword Boomerang+1","Ghostly Armor+1","Shockwave+1","Whirlwind","Slimebound:CheckThePlaybook+1","Iron Wave+1","Havoc","Sword Boomerang+1","Flex+1","Uppercut+1","Iron Wave+1","Headbutt","Feel No Pain+1","Anger+1","Spot Weakness+1","Iron Wave+1","Pommel Strike+1","Shockwave+1","Panache+1","Berserk+1"],"relics":["Burning Blood","CaptainsWheel","InkBottle","Dota2Spire:CrimsonGuard","Frozen Egg 2","Pen Nib","Astrolabe","Dota2Spire:ShadowBlade","Frozen Eye","Centennial Puzzle","Dota2Spire:MaskOfMadness","Guardian:PocketSentry","Magic Flower","Dota2Spire:MonkeyKingBar","Tiny Chest","Dota2Spire:PowerTreads","bronze:MakeshiftBattery","Dota2Spire:UrnOfShadows","ClockworkSouvenir","Dota2Spire:ArmletOfMordiggian","Art of War","White Beast Statue","Dota2Spire:LotusOrb"],"acts_visited":["Exordium","TheCity","TheBeyond","TheEnding"],"potions_floor_usage":[55,55],"damage_taken":[{"damage":8.0,"enemies":"2 Louse","floor":1.0,"turns":4.0},{"damage":7.0,"enemies":"Small Slimes","floor":3.0,"turns":4.0},{"damage":6.0,"enemies":"Cultist","floor":4.0,"turns":4.0},{"damage":13.0,"enemies":"Looter","floor":7.0,"turns":4.0},{"damage":13.0,"enemies":"3 Sentries","floor":8.0,"turns":4.0},{"damage":6.0,"enemies":"Lagavulin","floor":10.0,"turns":5.0},{"damage":2.0,"enemies":"Large Slime","floor":11.0,"turns":5.0},{"damage":11.0,"enemies":"3 Sentries","floor":12.0,"turns":9.0},{"damage":19.0,"enemies":"3 Sentries","floor":13.0,"turns":8.0},{"damage":31.0,"enemies":"Slime Boss","floor":16.0,"turns":11.0},{"damage":11.0,"enemies":"3 Byrds","floor":18.0,"turns":7.0},{"damage":1.0,"enemies":"Chosen","floor":22.0,"turns":3.0},{"damage":2.0,"enemies":"Gremlin Leader","floor":23.0,"turns":5.0},{"damage":33.0,"enemies":"Slavers","floor":25.0,"turns":4.0},{"damage":15.0,"enemies":"Book of Stabbing","floor":27.0,"turns":3.0},{"damage":9.0,"enemies":"Centurion and Healer","floor":28.0,"turns":3.0},{"damage":4.0,"enemies":"Gremlin Leader","floor":29.0,"turns":3.0},{"damage":20.0,"enemies":"Shelled Parasite and Fungi","floor":31.0,"turns":2.0},{"damage":51.0,"enemies":"Automaton","floor":33.0,"turns":7.0},{"damage":10.0,"enemies":"3 Darklings","floor":35.0,"turns":3.0},{"damage":3.0,"enemies":"3 Shapes","floor":36.0,"turns":2.0},{"damage":5.0,"enemies":"3 Darklings","floor":39.0,"turns":3.0},{"damage":17.0,"enemies":"Nemesis","floor":40.0,"turns":3.0},{"damage":2.0,"enemies":"Spire Growth","floor":42.0,"turns":3.0},{"damage":16.0,"enemies":"4 Shapes","floor":45.0,"turns":2.0},{"damage":6.0,"enemies":"Reptomancer","floor":48.0,"turns":3.0},{"damage":9.0,"enemies":"Time Eater","floor":50.0,"turns":4.0},{"damage":32.0,"enemies":"Shield and Spear","floor":54.0,"turns":3.0},{"damage":28,"enemies":"The Heart","floor":55,"turns":6}],"seed_played":"-4619082481038220035","potions_obtained":[{"floor":3.0,"key":"SteroidPotion"},{"floor":4.0,"key":"DuplicationPotion"},{"floor":5.0,"key":"Fruit Juice"},{"floor":5.0,"key":"Dota2Spire:HealingSalve"},{"floor":5.0,"key":"Strength Potion"},{"floor":8.0,"key":"SteroidPotion"},{"floor":16.0,"key":"ElixirPotion"},{"floor":18.0,"key":"EssenceOfSteel"},{"floor":22.0,"key":"ColorlessPotion"},{"floor":25.0,"key":"Ancient Potion"},{"floor":28.0,"key":"DistilledChaos"},{"floor":31.0,"key":"HeartOfIron"},{"floor":40.0,"key":"GamblersBrew"}],"is_trial":false,"path_per_floor":["M","?","M","M","?","R","M","E","T","E","M","?","E","?","R","B",null,"M","$","?","?","M","E","R","E","T","E","M","E","$","M","R","B",null,"M","M","?","$","M","E","R","M","T","?","M","R","T","E","R","B",null,"R","$","E","B",null],"character_chosen":"IRONCLAD","items_purchased":["HandOfGreed","Pommel Strike","Dota2Spire:ShadowBlade","Frozen Eye","Dota2Spire:PowerTreads","Dota2Spire:UrnOfShadows","ClockworkSouvenir","Feel No Pain+1","Panache+1"],"campfire_rested":1,"item_purchase_floors":[0,0,19,19,30,38,38,38,53],"current_hp_per_floor":[67,72,71,71,76,76,69,71,71,71,75,70,57,39,39,14,90,85,85,85,54,59,63,63,36,36,30,30,49,49,38,65,23,90,90,90,90,90,90,82,82,89,89,89,82,82,82,85,85,85,90,90,90,67,48],"gold":89,"neow_bonus":"","is_daily":false,"chose_seed":false,"campfire_upgraded":6,"win_rate":0.0,"timestamp":1611028391,"path_taken":["M","?","M","M","?","R","?","E","T","E","M","?","E","?","R","BOSS","M","$","?","?","M","E","R","E","T","E","M","E","?","M","R","BOSS","M","M","?","$","M","E","R","M","T","?","M","R","?","E","R","BOSS","R","$","E","BOSS"],"items_purchased_type":["Card","Card","Relic","Relic","Relic","Relic","Relic","Card","Card"],"build_version":"2020-12-22","purchased_purges":3,"victory":true,"max_hp_per_floor":[80,85,85,85,90,90,90,90,90,90,90,90,90,90,90,90,90,90,90,90,90,90,90,90,90,90,90,90,90,90,90,90,90,90,90,90,90,90,90,90,90,90,90,90,90,90,90,90,90,90,90,90,90,90,90],"card_choices":[{"not_picked":["Reckless Charge","Hemokinesis"],"picked":"Thunderclap","floor":1.0},{"not_picked":["Intimidate","Searing Blow"],"picked":"Disarm","floor":3.0},{"not_picked":["Warcry","Burning Pact"],"picked":"Thunderclap","floor":4.0},{"not_picked":["Clash","Anger"],"picked":"Havoc","floor":7.0},{"not_picked":["Cleave","Blood for Blood"],"picked":"Pummel","floor":8.0},{"not_picked":["Sentinel","Dark Embrace","Heavy Blade"],"picked":"SKIP","floor":10.0},{"not_picked":["Body Slam","Whirlwind"],"picked":"Dropkick","floor":11.0},{"not_picked":["Perfected Strike","Disarm"],"picked":"Corruption+1","floor":12.0},{"not_picked":["Armaments","Twin Strike"],"picked":"Uppercut","floor":13.0},{"not_picked":["Impervious","Bludgeon"],"picked":"Demon Form+1","floor":16.0},{"not_picked":["Clothesline","True Grit+1"],"picked":"Whirlwind","floor":18.0},{"not_picked":["Combust+1","Infernal Blade","Heavy Blade+1"],"picked":"SKIP","floor":22.0},{"not_picked":["Fiend Fire","Second Wind"],"picked":"Iron Wave+1","floor":23.0},{"not_picked":["Evolve+1","Intimidate+1"],"picked":"Havoc","floor":25.0},{"not_picked":["Cleave","Bloodletting"],"picked":"Sword Boomerang+1","floor":27.0},{"not_picked":["Rupture+1","Heavy Blade+1"],"picked":"Flex","floor":28.0},{"not_picked":["Seeing Red","Rampage"],"picked":"Uppercut","floor":29.0},{"not_picked":["Sword Boomerang","Power Through"],"picked":"Iron Wave+1","floor":31.0},{"not_picked":["Wild Strike+1","Clash+1"],"picked":"Headbutt","floor":35.0},{"not_picked":["Perfected Strike","Wild Strike","Heavy Blade"],"picked":"SKIP","floor":36.0},{"not_picked":["Hemokinesis","Sword Boomerang"],"picked":"Anger+1","floor":39.0},{"not_picked":["Infernal Blade+1","Feel No Pain+1"],"picked":"Spot Weakness","floor":40.0},{"not_picked":["Clash+1","Cleave+1"],"picked":"Iron Wave+1","floor":42.0},{"not_picked":["Blood for Blood","Metallicize+1"],"picked":"Pommel Strike+1","floor":45.0},{"not_picked":["Flame Barrier","Intimidate"],"picked":"Shockwave+1","floor":48.0},{"not_picked":["Carnage+1","Heavy Blade+1"],"picked":"Berserk+1","floor":54.0}],"player_experience":1204111,"relics_obtained":[{"floor":8.0,"key":"CaptainsWheel"},{"floor":9.0,"key":"InkBottle"},{"floor":10.0,"key":"Dota2Spire:CrimsonGuard"},{"floor":13.0,"key":"Pen Nib"},{"floor":23.0,"key":"Dota2Spire:MaskOfMadness"},{"floor":25.0,"key":"Guardian:PocketSentry"},{"floor":26.0,"key":"Magic Flower"},{"floor":27.0,"key":"Dota2Spire:MonkeyKingBar"},{"floor":29.0,"key":"Tiny Chest"},{"floor":40.0,"key":"Dota2Spire:ArmletOfMordiggian"},{"floor":47.0,"key":"Art of War"},{"floor":48.0,"key":"White Beast Statue"},{"floor":54.0,"key":"Dota2Spire:LotusOrb"}],"event_choices":[{"damage_healed":0.0,"max_hp_gain":5.0,"max_hp_loss":0.0,"gold_gain":0.0,"event_name":"Big Fish","player_choice":"Donut","floor":2.0,"gold_loss":0.0,"damage_taken":0.0},{"damage_healed":0.0,"max_hp_gain":0.0,"max_hp_loss":0.0,"gold_gain":0.0,"event_name":"Lab","player_choice":"Got Potions","floor":5.0,"gold_loss":0.0,"damage_taken":0.0},{"damage_healed":0.0,"max_hp_gain":0.0,"max_hp_loss":0.0,"gold_gain":0.0,"event_name":"Dead Adventurer","player_choice":"Searched \u00273\u0027 times","floor":12.0,"gold_loss":0.0,"damage_taken":0.0,"relics_obtained":["Frozen Egg 2"]},{"damage_healed":0.0,"max_hp_gain":0.0,"max_hp_loss":0.0,"gold_gain":0.0,"event_name":"Shining Light","player_choice":"Entered Light","floor":14.0,"gold_loss":0.0,"damage_taken":18.0,"cards_upgraded":["Havoc","Strike_R"]},{"damage_healed":0.0,"max_hp_gain":0.0,"max_hp_loss":0.0,"gold_gain":0.0,"event_name":"Addict","player_choice":"Obtained Relic","floor":20.0,"gold_loss":85.0,"damage_taken":0.0,"relics_obtained":["Centennial Puzzle"]},{"cards_removed":["Defend_R"],"damage_healed":0.0,"max_hp_gain":0.0,"max_hp_loss":0.0,"gold_gain":0.0,"event_name":"Falling","player_choice":"Removed Skill","floor":37.0,"gold_loss":0.0,"damage_taken":0.0},{"cards_removed":["Defend_R"],"damage_healed":0.0,"max_hp_gain":0.0,"max_hp_loss":0.0,"gold_gain":0.0,"event_name":"Purifier","player_choice":"Purged","floor":44.0,"gold_loss":0.0,"damage_taken":0.0}],"is_beta":false,"boss_relics":[{"not_picked":["Ectoplasm","SacredBark"],"picked":"Astrolabe"},{"not_picked":["Calling Bell","Empty Cage"],"picked":"bronze:MakeshiftBattery"}],"items_purged_floors":[0,19,30],"is_endless":false,"potions_floor_spawned":[3,4,7,8,16,18,22,25,28,31,40,42,45,54],"ascension_level":1}}