{"host":"74uvi6kym3vf3uk6","time":1611043211,"event":{"mods":["AchievementEnabler","BaseMod","Better Altar","Better Match","Better Note","Better Sensory Stone","Better Skull","Better Third Choice","CatGirl Mod","Colored Map","Colored Powertips","Custom Start","Dark Map","Highlight Path","Minty Spire (QoL Compilation)","Permanent Neow","Rare Cards Sparkle","Shop Mod","StSLib","The Elementalist","The Exalted","The Runesmith","The Servant 0.9.4"],"gold_per_floor":[113,131,147,162,182,182,182,6,6,6,6,34,34,48,48,145,145,163,179,76,86,104,104,117,117,117,117,117,40,357,357,357,453,453,465,5,0,19,64,64,76,76,145,145,145,145,165,179,179,284,334,350,20,40,52,71,89,100,100,127,127,11,11,29,43,55,173,230,261,198,114,128,147,147,184,184,221,252,269,269,280,299,299,404,404,414,89,58,68,11,11,11,11,43,62,81,90,99,114,114,223,223,223],"floor_reached":102,"language":"ENG","playtime":10519,"items_purged":["theCatGirl:AngryForm"],"score":2032,"play_id":"ab9de032-0815-4749-91c2-c7a0130a270f","local_time":"20210119020011","daily_mods":["Vintage","Heirloom","Flight","DeadlyEvents"],"is_ascension_mode":false,"campfire_choices":[{"data":"theCatGirl:Evasion","floor":6,"key":"SMITH"},{"data":"theCatGirl:ClawStrike","floor":7,"key":"SMITH"},{"data":"theCatGirl:TwoStep","floor":10,"key":"SMITH"},{"floor":11,"key":"REST"},{"data":"theCatGirl:Parry","floor":13,"key":"SMITH"},{"floor":15,"key":"REST"},{"data":"theCatGirl:PoisedStrike","floor":23,"key":"SMITH"},{"data":"theCatGirl:Prepared","floor":25,"key":"SMITH"},{"data":"theCatGirl:AngryForm","floor":27,"key":"SMITH"},{"data":"Writhe","floor":32,"key":"PURGE"},{"data":"theCatGirl:PoiseStance","floor":40,"key":"SMITH"},{"data":"theCatGirl:PlayAround","floor":42,"key":"SMITH"},{"data":"theCatGirl:Strike","floor":44,"key":"PURGE"},{"data":"theCatGirl:Strike","floor":45,"key":"PURGE"},{"data":"theCatGirl:Strike","floor":46,"key":"PURGE"},{"data":"theCatGirl:Defend","floor":49,"key":"SMITH"},{"data":"theCatGirl:BleedingWounds","floor":59,"key":"SMITH"},{"data":"theCatGirl:Prepared","floor":63,"key":"SMITH"},{"data":"theCatGirl:Defend","floor":66,"key":"SMITH"},{"data":"theCatGirl:SevenLives","floor":74,"key":"SMITH"},{"data":"theCatGirl:BloodScent","floor":76,"key":"PURGE"},{"data":"theCatGirl:LostTrinket","floor":80,"key":"PURGE"},{"data":"theCatGirl:TrainWreck","floor":83,"key":"SMITH"},{"data":"theCatGirl:AdventurersInsight","floor":91,"key":"SMITH"},{"data":"theCatGirl:Claws","floor":92,"key":"SMITH"},{"data":"theCatGirl:QuickStrike","floor":93,"key":"SMITH"},{"floor":98,"key":"REST"},{"data":"theCatGirl:Stalk","floor":100,"key":"SMITH"}],"circlet_count":0,"master_deck":["theCatGirl:ClawStrike+1","theCatGirl:Evasion+1","theCatGirl:TwoStep+1","theCatGirl:Parry+1","theCatGirl:AngryForm+1","CurseOfTheBell","theCatGirl:Prepared+1","theCatGirl:PoisedStrike+1","theCatGirl:Parry+1","theCatGirl:PlayAround+1","theCatGirl:PoiseStance+1","theCatGirl:BleedingWounds+1","theCatGirl:SpinningStrike+1","theCatGirl:Prepared+1","theCatGirl:SevenLives+1","theCatGirl:ExtremeSpeed+1","theCatGirl:TrainWreck+1","theCatGirl:QuickStrike+1","theCatGirl:AllIn+1","theCatGirl:AdventurersInsight+1","theCatGirl:Claws+1","theCatGirl:SevenLives+1","theCatGirl:Stalk+1","theCatGirl:HungerClaw"],"relics":["theCatGirl:TrainedRelic","TungstenRod","Bromod:ArcaneNullifier","StrikeDummy","Ornamental Fan","Vajra","MerchantsRug","Bag of Preparation","Eternal Feather","Happy Flower","Gremlin Horn","Peace Pipe","Pantograph","Mercury Hourglass","Regal Pillow","White Beast Statue","Mummified Hand","Tiny Chest","HornCleat","Bromod:ArcaneBarrier","Runesmith:Nanobots","Red Mask","Dream Catcher","Smiling Mask","Boot","CaptainsWheel","CeramicFish","Bromod:ArcaneAwakening","Runesmith:AutoHammer","Bronze Scales","Blood Vial","Shuriken","Bottled Flame","Bromod:ArcaneTempo","MealTicket","Ancient Tea Set","Bag of Marbles","Anchor","Letter Opener","Bromod:ArcaneAegis","Bromod:ArcaneTrickery","PreservedInsect","Bromod:ArcaneMomentum","SlaversCollar","The Courier","theCatGirl:Ambush","Ice Cream","Lizard Tail","Potion Belt","Centennial Puzzle","InkBottle","Omamori"],"acts_visited":["Exordium","TheCity","TheBeyond","Exordium","TheCity","TheBeyond","Exordium"],"potions_floor_usage":[3,4,12,33,50,50,53,84],"damage_taken":[{"damage":0,"enemies":"Cultist","floor":1,"turns":5},{"damage":0,"enemies":"Jaw Worm","floor":2,"turns":5},{"damage":0,"enemies":"2 Louse","floor":3,"turns":2},{"damage":6,"enemies":"Exordium Wildlife","floor":4,"turns":5},{"damage":3,"enemies":"Large Slime","floor":5,"turns":6},{"damage":12,"enemies":"3 Sentries","floor":12,"turns":9},{"damage":0,"enemies":"Blue Slaver","floor":14,"turns":3},{"damage":0,"enemies":"The Guardian","floor":16,"turns":14},{"damage":2,"enemies":"Chosen","floor":18,"turns":3},{"damage":3,"enemies":"Spheric Guardian","floor":19,"turns":4},{"damage":5,"enemies":"Shelled Parasite and Fungi","floor":21,"turns":7},{"damage":6,"enemies":"Snecko","floor":22,"turns":3},{"damage":0,"enemies":"Cultist and Chosen","floor":24,"turns":4},{"damage":4,"enemies":"Centurion and Healer","floor":30,"turns":4},{"damage":38,"enemies":"Champ","floor":33,"turns":10},{"damage":1,"enemies":"Orb Walker","floor":35,"turns":3},{"damage":0,"enemies":"3 Shapes","floor":38,"turns":3},{"damage":17,"enemies":"Spire Growth","floor":41,"turns":4},{"damage":0,"enemies":"Jaw Worm Horde","floor":47,"turns":4},{"damage":9,"enemies":"Sphere and 2 Shapes","floor":48,"turns":5},{"damage":56,"enemies":"Awakened One","floor":50,"turns":14},{"damage":0,"enemies":"Cultist","floor":52,"turns":2},{"damage":0,"enemies":"2 Louse","floor":54,"turns":1},{"damage":0,"enemies":"Jaw Worm","floor":55,"turns":2},{"damage":0,"enemies":"Blue Slaver","floor":56,"turns":2},{"damage":0,"enemies":"Exordium Thugs","floor":57,"turns":3},{"damage":1,"enemies":"Large Slime","floor":58,"turns":3},{"damage":0,"enemies":"3 Louse","floor":64,"turns":1},{"damage":0,"enemies":"Looter","floor":65,"turns":2},{"damage":4,"enemies":"Hexaghost","floor":67,"turns":5},{"damage":0,"enemies":"Shell Parasite","floor":69,"turns":2},{"damage":0,"enemies":"Chosen","floor":72,"turns":4},{"damage":0,"enemies":"Shelled Parasite and Fungi","floor":73,"turns":4},{"damage":0,"enemies":"Slavers","floor":75,"turns":3},{"damage":2,"enemies":"Gremlin Leader","floor":77,"turns":3},{"damage":12,"enemies":"Book of Stabbing","floor":78,"turns":3},{"damage":0,"enemies":"Centurion and Healer","floor":79,"turns":4},{"damage":0,"enemies":"Snecko","floor":81,"turns":4},{"damage":0,"enemies":"Cultist and Chosen","floor":82,"turns":2},{"damage":0,"enemies":"Collector","floor":84,"turns":4},{"damage":0,"enemies":"3 Shapes","floor":86,"turns":3},{"damage":0,"enemies":"Orb Walker","floor":89,"turns":2},{"damage":0,"enemies":"Giant Head","floor":94,"turns":6},{"damage":24,"enemies":"Maw","floor":95,"turns":6},{"damage":49,"enemies":"Writhing Mass","floor":96,"turns":4},{"damage":0,"enemies":"Sphere and 2 Shapes","floor":99,"turns":2},{"damage":58,"enemies":"Time Eater","floor":101,"turns":8}],"seed_played":"2724504832935945712","potions_obtained":[{"floor":1,"key":"Swift Potion"},{"floor":3,"key":"Strength Potion"},{"floor":5,"key":"Fire Potion"},{"floor":12,"key":"EntropicBrew"},{"floor":19,"key":"Regen Potion"},{"floor":30,"key":"PowerPotion"},{"floor":33,"key":"FairyPotion"},{"floor":35,"key":"BlessingOfTheForge"},{"floor":38,"key":"Dexterity Potion"},{"floor":41,"key":"AttackPotion"},{"floor":47,"key":"Regen Potion"},{"floor":48,"key":"DistilledChaos"},{"floor":50,"key":"EntropicBrew"},{"floor":51,"key":"SkillPotion"},{"floor":55,"key":"Block Potion"},{"floor":56,"key":"FearPotion"},{"floor":57,"key":"PowerPotion"},{"floor":64,"key":"SteroidPotion"},{"floor":65,"key":"Weak Potion"},{"floor":67,"key":"BlessingOfTheForge"},{"floor":72,"key":"GamblersBrew"},{"floor":73,"key":"FairyPotion"},{"floor":81,"key":"DistilledChaos"},{"floor":84,"key":"SkillPotion"},{"floor":89,"key":"GamblersBrew"},{"floor":94,"key":"SmokeBomb"},{"floor":95,"key":"DistilledChaos"},{"floor":96,"key":"GamblersBrew"}],"is_trial":true,"path_per_floor":["M","M","M","M","M","R","R","$","T","R","R","E","R","M","R","B",null,"M","M","$","M","M","R","M","R","T","R","?","$","M","?","R","B",null,"M","$","?","M","T","R","M","R","T","R","R","R","M","M","R","B",null,"M","$","M","M","M","M","M","R","T","?","$","R","M","M","R","B",null,"M","?","$","M","M","R","E","R","E","E","M","R","M","M","R","B",null,"M","$","$","M","$","R","R","R","E","M","M","?","R","M","R","B",null],"character_chosen":"THE_CATGIRL","items_purchased":["MerchantsRug","theCatGirl:TwoStep","theCatGirl:Prepared","theCatGirl:PoisedStrike","Regal Pillow","Tiny Chest","theCatGirl:PlayAround","Pear","Matryoshka","Shuriken","Lee\u0027s Waffle","theCatGirl:SpinningStrike","theCatGirl:Prepared","Anchor","Bromod:ArcaneTrickery","theCatGirl:Ambush","Ice Cream","theCatGirl:Claws","Potion Belt"],"campfire_rested":3,"item_purchase_floors":[8,8,20,20,20,29,29,36,36,53,53,53,53,62,71,87,87,88,90],"current_hp_per_floor":[70,70,70,64,61,61,61,61,61,61,70,58,58,58,70,70,70,68,65,65,60,54,63,63,70,70,70,70,70,66,66,70,32,70,69,79,79,79,79,80,63,72,72,80,80,80,80,71,80,24,85,85,92,92,92,92,92,91,92,92,92,92,92,92,92,92,88,92,92,92,92,92,92,92,92,92,90,80,82,92,92,92,92,92,92,92,92,92,92,92,92,92,92,92,68,21,21,75,77,89,34,92,92],"gold":223,"neow_bonus":"","is_daily":false,"chose_seed":false,"campfire_upgraded":19,"win_rate":0.0,"timestamp":1611043211,"path_taken":["M","M","M","?","M","R","R","$","T","R","R","E","R","M","R","BOSS","M","M","$","M","M","R","M","R","T","R","?","$","?","?","R","BOSS","M","$","?","M","?","R","M","R","T","R","R","R","M","M","R","BOSS","M","$","M","M","M","M","M","R","T","?","$","R","M","M","R","BOSS","M","?","$","M","M","R","?","R","E","?","M","R","M","M","R","BOSS","M","$","$","M","$","R","R","R","E","M","M","?","R","M","R","BOSS"],"items_purchased_type":["Relic","Card","Card","Card","Relic","Relic","Card","Relic","Relic","Relic","Relic","Card","Card","Relic","Relic","Relic","Relic","Card","Relic"],"build_version":"2020-12-22","purchased_purges":1,"victory":false,"max_hp_per_floor":[70,70,70,70,70,70,70,70,70,70,70,70,70,70,70,70,70,70,70,70,70,70,70,70,70,70,70,70,70,70,70,70,70,70,70,80,80,80,80,80,80,80,80,80,80,80,80,80,80,80,85,85,92,92,92,92,92,92,92,92,92,92,92,92,92,92,92,92,92,92,92,92,92,92,92,92,92,92,92,92,92,92,92,92,92,92,92,92,92,92,92,92,92,92,92,92,92,92,92,92,92,92,92],"card_choices":[{"not_picked":["theCatGirl:EmergencyParry","theCatGirl:RecoveryBlow"],"picked":"theCatGirl:Parry","floor":12},{"not_picked":["theCatGirl:AdventurersInsight","theCatGirl:Beastification"],"picked":"theCatGirl:AngryForm","floor":16},{"not_picked":["theCatGirl:Beastification","theCatGirl:Insane"],"picked":"theCatGirl:PoiseStance","floor":33},{"not_picked":["theCatGirl:AccidentalHeadbutt","theCatGirl:HungerClaw"],"picked":"theCatGirl:BleedingWounds","floor":50},{"not_picked":["theCatGirl:Howl","theCatGirl:PerfectBlock"],"picked":"theCatGirl:SevenLives","floor":67},{"not_picked":["theCatGirl:LostTrinket","theCatGirl:TwoStep+1"],"picked":"theCatGirl:QuickStrike","floor":75},{"not_picked":["theCatGirl:ClenchYourTeeth","theCatGirl:RecoveryBlow"],"picked":"theCatGirl:AllIn+1","floor":77},{"not_picked":["theCatGirl:RecoveryBlow","theCatGirl:AngryForm","theCatGirl:RunningWithDaggers+1"],"picked":"SKIP","floor":78},{"not_picked":["theCatGirl:Beastification","theCatGirl:Howl"],"picked":"theCatGirl:AdventurersInsight","floor":84},{"not_picked":["theCatGirl:SearchBackpack","theCatGirl:TryingMyBest","theCatGirl:AllIn+1"],"picked":"SKIP","floor":94},{"not_picked":["theCatGirl:ChangeOfPlans+1","theCatGirl:Misfire"],"picked":"theCatGirl:Stalk","floor":98},{"not_picked":["theCatGirl:AccidentalHeadbutt","theCatGirl:SevenLives"],"picked":"theCatGirl:HungerClaw","floor":101}],"player_experience":157376,"relics_obtained":[{"floor":1,"key":"Bromod:ArcaneNullifier"},{"floor":2,"key":"StrikeDummy"},{"floor":3,"key":"Ornamental Fan"},{"floor":4,"key":"Prayer Wheel"},{"floor":5,"key":"Vajra"},{"floor":9,"key":"War Paint"},{"floor":12,"key":"Bag of Preparation"},{"floor":14,"key":"Eternal Feather"},{"floor":17,"key":"Happy Flower"},{"floor":17,"key":"Gremlin Horn"},{"floor":17,"key":"Peace Pipe"},{"floor":18,"key":"Pantograph"},{"floor":19,"key":"Mercury Hourglass"},{"floor":21,"key":"Bottled Tornado"},{"floor":22,"key":"Meat on the Bone"},{"floor":24,"key":"White Beast Statue"},{"floor":26,"key":"Mummified Hand"},{"floor":30,"key":"Old Coin"},{"floor":35,"key":"Runesmith:Nanobots"},{"floor":38,"key":"Dream Catcher"},{"floor":39,"key":"Smiling Mask"},{"floor":39,"key":"Boot"},{"floor":41,"key":"CaptainsWheel"},{"floor":43,"key":"CeramicFish"},{"floor":43,"key":"Bromod:ArcaneAwakening"},{"floor":47,"key":"Runesmith:AutoHammer"},{"floor":48,"key":"Bronze Scales"},{"floor":52,"key":"Blood Vial"},{"floor":54,"key":"Bottled Flame"},{"floor":55,"key":"Bromod:ArcaneTempo"},{"floor":56,"key":"Toy Ornithopter"},{"floor":57,"key":"MealTicket"},{"floor":58,"key":"Ancient Tea Set"},{"floor":60,"key":"Bag of Marbles"},{"floor":64,"key":"Letter Opener"},{"floor":65,"key":"MawBank"},{"floor":69,"key":"Bromod:ArcaneAegis"},{"floor":72,"key":"Whetstone"},{"floor":73,"key":"PreservedInsect"},{"floor":79,"key":"Bromod:ArcaneMomentum"},{"floor":81,"key":"Meat on the Bone"},{"floor":82,"key":"Nunchaku"},{"floor":86,"key":"The Courier"},{"floor":89,"key":"Lizard Tail"},{"floor":95,"key":"Centennial Puzzle"},{"floor":96,"key":"InkBottle"},{"floor":99,"key":"Omamori"}],"event_choices":[{"cards_removed":["theCatGirl:PoisedStrike"],"damage_healed":0,"gold_gain":0,"player_choice":"Take \u0026 Give","damage_taken":0,"max_hp_gain":0,"max_hp_loss":0,"event_name":"betterNote:BetterNote","floor":28,"gold_loss":0,"cards_obtained":["theCatGirl:Parry"]},{"damage_healed":0,"gold_gain":0,"player_choice":"Opened","damage_taken":0,"relics_obtained":["HornCleat"],"max_hp_gain":0,"max_hp_loss":0,"event_name":"The Mausoleum","floor":31,"gold_loss":0,"cards_obtained":["Writhe"]},{"damage_healed":0,"gold_gain":0,"player_choice":"Paid","damage_taken":0,"relics_obtained":["Red Mask"],"max_hp_gain":0,"max_hp_loss":0,"event_name":"Tomb of Lord Red Mask","floor":37,"gold_loss":5},{"damage_healed":0,"gold_gain":0,"player_choice":"Grow","damage_taken":0,"max_hp_gain":0,"max_hp_loss":0,"event_name":"Living Wall","floor":61,"gold_loss":0,"cards_upgraded":["theCatGirl:SpinningStrike"]},{"damage_healed":0,"gold_gain":0,"player_choice":"3","damage_taken":0,"max_hp_gain":0,"max_hp_loss":0,"event_name":"betterMatch:BetterMatch","floor":70,"gold_loss":0,"cards_obtained":[]},{"damage_healed":0,"gold_gain":0,"player_choice":"Copied","damage_taken":0,"max_hp_gain":0,"max_hp_loss":0,"event_name":"Duplicator","floor":97,"gold_loss":0,"cards_obtained":["theCatGirl:SevenLives"]}],"is_beta":false,"boss_relics":[{"not_picked":["SacredBark","Runesmith:UraniumAnvil"],"picked":"Calling Bell"},{"not_picked":["Bromod:ArcaneGrace","Astrolabe"],"picked":"Bromod:ArcaneBarrier"},{"not_picked":["Empty Cage","Cursed Key"],"picked":"Tiny House"},{"not_picked":["Runesmith:UraniumAnvil","Philosopher\u0027s Stone"],"picked":"Pandora\u0027s Box"},{"not_picked":["Snecko Eye","SacredBark"],"picked":"SlaversCollar"},{"not_picked":["Cursed Key","Coffee Dripper","Black Star"]}],"items_purged_floors":[71],"is_endless":true,"potions_floor_spawned":[1,3,5,12,19,30,33,35,38,41,47,48,50,52,54,55,56,57,58,64,65,67,69,72,73,75,77,78,79,81,82,84,86,89,94,95,96,99,101],"ascension_level":0}}