{"host":"r5cycnjhcbwgkpkf","time":1611016236,"event":{"mods":["2.2 Compatiblity","AchievementEnabler","BaseMod","Bestiary","Better Match","Better Note","Better Skull","Better Third Choice","BetterRewards","Colored Map","Colored Powertips","Downfall","Infinite Spire","Minty Spire (QoL Compilation)","Spicy Shops","StSLib"],"gold_per_floor":[99,115,115,132,132,163,188,202,234,234,1,19,19,19,33,133,133,33,48,148,148,148,148,173,192,211,211,231,250,277,289,307,402,402,402,416,433,433,533,200,200,217,217,44,44,44,44,58,70,70],"floor_reached":51,"language":"ENG","playtime":3102,"items_purged":[],"score":709,"play_id":"9070892b-00f2-41a7-9b03-77ae52d9decf","local_time":"20210118163036","is_ascension_mode":false,"campfire_choices":[{"data":"bronze:HardenedForm","floor":1.0,"key":"SMITH"},{"floor":10.0,"key":"REST"},{"data":"bronze:Flail","floor":13.0,"key":"SMITH"},{"data":"bronze:FineTuning","floor":18.0,"key":"SMITH"},{"data":"bronze:Invalidate","floor":23.0,"key":"SMITH"},{"data":"bronze:GetLatest","floor":35.0,"key":"SMITH"},{"data":"bronze:WhirlingStrike","floor":43.0,"key":"SMITH"},{"floor":47,"key":"REST"}],"circlet_count":0,"master_deck":["bronze:Strike","bronze:Strike","bronze:Strike","bronze:Strike","bronze:Defend","bronze:Defend+1","bronze:Defend+1","bronze:Defend+1","bronze:Replicate+1","bronze:Goto+1","bronze:HardenedForm+1","bronze:WhirlingStrike+1","bronze:Branch+1","bronze:Invalidate+1","bronze:FineTuning+1","bronze:ItsAFeature","bronze:BronzeOrb","bronze:Flail+1","bronze:BronzeOrb","bronze:Format+1","bronze:CutThrough","bronze:Constructor+1","bronze:DelayedSlice","bronze:GetLatest+1","Mayhem","bronze:Optimize"],"relics":["bronze:BronzeCore","Centennial Puzzle","Orichalcum","War Paint","Juzu Bracelet","Lizard Tail","Philosopher\u0027s Stone","downfall:HeartBlessingGreen","Ginger","Boot","Pen Nib","SlaversCollar","infinitespire:Lucky Rock","Pantograph"],"acts_visited":["Exordium","TheCity","TheBeyond"],"potions_floor_usage":[44,50],"damage_taken":[{"damage":0.0,"enemies":"Small Slimes","floor":2.0,"turns":4.0},{"damage":5.0,"enemies":"2 Louse","floor":4.0,"turns":3.0},{"damage":0.0,"enemies":"Lagavulin","floor":6.0,"turns":6.0},{"damage":0.0,"enemies":"Cultist","floor":8.0,"turns":2.0},{"damage":26.0,"enemies":"3 Sentries","floor":9.0,"turns":7.0},{"damage":0.0,"enemies":"downfall:FleeingMerchant","floor":11.0,"turns":4.0},{"damage":7.0,"enemies":"Red Slaver","floor":12.0,"turns":2.0},{"damage":2.0,"enemies":"Exordium Thugs","floor":15.0,"turns":2.0},{"damage":13.0,"enemies":"SI_SHIV_ARCHETYPE","floor":16.0,"turns":9.0},{"damage":0.0,"enemies":"Shell Parasite","floor":19.0,"turns":3.0},{"damage":23.0,"enemies":"3 Byrds","floor":25.0,"turns":4.0},{"damage":0.0,"enemies":"Snake Plant","floor":26.0,"turns":2.0},{"damage":5.0,"enemies":"Cultist and Chosen","floor":28.0,"turns":4.0},{"damage":0.0,"enemies":"Centurion and Healer","floor":29.0,"turns":6.0},{"damage":5.0,"enemies":"Sentry and Sphere","floor":31.0,"turns":4.0},{"damage":11.0,"enemies":"Snake Plant","floor":32.0,"turns":3.0},{"damage":11.0,"enemies":"IC_MUSHROOM_ARCHETYPE","floor":33.0,"turns":7.0},{"damage":18.0,"enemies":"3 Darklings","floor":36.0,"turns":3.0},{"damage":0.0,"enemies":"3 Shapes","floor":37.0,"turns":2.0},{"damage":16.0,"enemies":"Jaw Worm Horde","floor":42.0,"turns":3.0},{"damage":8,"enemies":"downfall:FleeingMerchant","floor":44,"turns":4},{"damage":6,"enemies":"Maw","floor":48,"turns":8},{"damage":24,"enemies":"Spire Growth","floor":49,"turns":5},{"damage":26,"enemies":"DF_ARCHETYPE_ORBS","floor":50,"turns":8}],"seed_played":"12480028981708466","potions_obtained":[{"floor":2.0,"key":"hexamod:SoulburnPotion"},{"floor":4.0,"key":"SteroidPotion"},{"floor":8.0,"key":"SteroidPotion"},{"floor":15.0,"key":"bronze:FreeFunctionsPotion"},{"floor":26.0,"key":"Energy Potion"},{"floor":33.0,"key":"sneckomod:MuddlingPotion"},{"floor":42.0,"key":"ColorlessPotion"}],"is_trial":false,"path_per_floor":["R","M","?","M","?","E","T","M","E","R","$","M","R","T","M","B",null,"R","M","?","T","?","R","T","M","M","?","M","M","T","M","M","B",null,"R","M","M","?","?","?","T","M","R","?","?","?","R","M","M","B",null],"character_chosen":"THE_AUTOMATON","items_purchased":["bronze:BronzeOrb","Juzu Bracelet","Pantograph","SteroidPotion","Mayhem"],"campfire_rested":2,"item_purchase_floors":[11,11,44,44,44],"current_hp_per_floor":[70,70,70,65,65,65,65,65,39,60,60,53,53,53,51,38,70,70,70,70,70,70,70,70,47,47,39,34,34,34,29,18,7,70,70,52,52,52,52,79,79,63,63,55,55,55,78,72,48,47],"gold":70,"neow_bonus":"ONE_RANDOM_RARE_CARD","is_daily":false,"chose_seed":false,"campfire_upgraded":6,"win_rate":0.0,"timestamp":1611016236,"path_taken":["R","M","?","M","?","E","T","?","E","R","?","M","R","?","M","BOSS","R","M","?","?","?","R","T","M","M","?","M","M","?","M","M","BOSS","R","M","M","?","?","?","T","M","R","?","?","?","R","M","M","BOSS"],"items_purchased_type":["Card","Relic","Relic","Potion","Card"],"build_version":"2020-12-22","purchased_purges":0,"victory":true,"max_hp_per_floor":[70,70,70,70,70,70,70,70,70,70,70,70,70,70,70,70,70,70,70,70,70,70,70,70,70,70,70,70,70,70,70,70,70,70,70,70,70,70,70,79,79,79,79,79,79,79,79,79,79,79],"card_choices":[{"not_picked":["bronze:Turbo","bronze:BugBarrage","bronze:Allocate"],"picked":"SKIP","floor":2.0},{"not_picked":["bronze:Shield","bronze:BugBarrage"],"picked":"bronze:WhirlingStrike","floor":4.0},{"not_picked":["bronze:NullPointer","bronze:CloningBeam"],"picked":"bronze:Branch","floor":6.0},{"not_picked":["bronze:Iterate","bronze:BugBarrage"],"picked":"bronze:Invalidate","floor":8.0},{"not_picked":["bronze:Allocate","bronze:BitShift"],"picked":"bronze:FineTuning","floor":9.0},{"not_picked":["bronze:DelayedGuard","bronze:Invalidate"],"picked":"bronze:ItsAFeature","floor":11.0},{"not_picked":["bronze:Return","bronze:Frontload"],"picked":"bronze:Flail","floor":12.0},{"not_picked":["bronze:BugBarrage","bronze:Iterate"],"picked":"bronze:BronzeOrb","floor":15.0},{"not_picked":["bronze:Assembly","bronze:HardenedForm"],"picked":"bronze:Format","floor":16.0},{"not_picked":["bronze:BuggyMess","bronze:DigitalCarnage","bronze:DarkDash"],"picked":"SKIP","floor":19.0},{"not_picked":["bronze:Frontload+1","bronze:DarkDash+1","bronze:Safeguard"],"picked":"SKIP","floor":25.0},{"not_picked":["bronze:Frontload","bronze:BuggyMess"],"picked":"bronze:CutThrough","floor":26.0},{"not_picked":["bronze:BuggyMess","bronze:Overheat"],"picked":"bronze:Constructor+1","floor":28.0},{"not_picked":["bronze:Return","bronze:AlphaBuild"],"picked":"bronze:DelayedSlice","floor":29.0},{"not_picked":["bronze:BuggyMess","bronze:ChildClass+1"],"picked":"bronze:GetLatest","floor":31.0},{"not_picked":["bronze:BitShift","bronze:OilSpill","bronze:CutThrough"],"picked":"SKIP","floor":32.0},{"not_picked":["bronze:Invalidate","bronze:GetLatest","bronze:ForceShield+1"],"picked":"SKIP","floor":36.0},{"not_picked":["bronze:Constructor","bronze:Branch+1","bronze:BronzeArmor+1"],"picked":"SKIP","floor":37.0},{"not_picked":["bronze:DelayedSlice+1","bronze:BitShift+1","bronze:Frontload"],"picked":"SKIP","floor":42.0},{"not_picked":["bronze:MaxOutput","bronze:Backtrace+1","bronze:AlphaBuild"],"picked":"SKIP","floor":44},{"not_picked":["bronze:Constructor","bronze:BugBarrage+1","bronze:Return+1"],"picked":"SKIP","floor":48},{"not_picked":["bronze:Iterate","bronze:Constructor"],"picked":"bronze:Optimize","floor":49}],"player_experience":438195,"relics_obtained":[{"floor":6.0,"key":"Centennial Puzzle"},{"floor":7.0,"key":"Orichalcum"},{"floor":9.0,"key":"War Paint"},{"floor":14.0,"key":"Lizard Tail"},{"floor":21.0,"key":"Ginger"},{"floor":24.0,"key":"Boot"},{"floor":30.0,"key":"Pen Nib"},{"floor":41.0,"key":"infinitespire:Lucky Rock"}],"event_choices":[{"damage_healed":0,"gold_gain":0,"player_choice":"Ignored","damage_taken":0,"max_hp_gain":0,"max_hp_loss":0,"event_name":"Mysterious Sphere","floor":46,"gold_loss":0}],"is_beta":false,"boss_relics":[{"not_picked":["Busted Crown","Pandora\u0027s Box"],"picked":"Philosopher\u0027s Stone"},{"not_picked":["Runic Pyramid","infinitespire:Cupcake"],"picked":"SlaversCollar"}],"items_purged_floors":[],"is_endless":false,"potions_floor_spawned":[2,4,8,15,16,25,26,33,36,37,42],"ascension_level":0}}