{"host":"nlowmoq7gy18n72d","time":1611038146,"event":{"mods":["BaseMod","Colored Powertips","Downfall","Hermit","Highlight Path","Jorbs\u0027s Wanderer Trilogy","Minty Spire (QoL Compilation)","StSLib","The Cursed"],"gold_per_floor":[99,115,127,127,140,165,165,3,16,51,51,63,48,48,64,64,64],"floor_reached":16,"language":"ENG","playtime":615,"items_purged":["bronze:Strike"],"score":118,"play_id":"e64fbfff-79a9-47b2-9dc8-428dc52f5861","local_time":"20210119093546","is_ascension_mode":true,"campfire_choices":[{"data":"bronze:Goto","floor":1,"key":"SMITH"},{"data":"1","floor":11,"key":"LIFT"}],"circlet_count":0,"master_deck":["bronze:Strike","bronze:Strike","bronze:Strike","bronze:Defend","bronze:Defend","bronze:Defend","bronze:Defend","bronze:Replicate+1","bronze:Goto+1","bronze:FineTuning","bronze:Fortify","bronze:Branch","bronze:DelayedSlice","bronze:Optimize","bronze:BronzeOrb","bronze:GetLatest","bronze:Safeguard","bronze:DarkDash","bronze:FineTuning","bronze:HyperBeam"],"relics":["bronze:BronzeCore","Incense Burner","Girya","Calipers","downfall:BrokenWingStatue"],"acts_visited":["Exordium"],"potions_floor_usage":[6,8,16],"damage_taken":[{"damage":2,"enemies":"2 Louse","floor":2,"turns":3},{"damage":1,"enemies":"Cultist","floor":3,"turns":4},{"damage":11,"enemies":"Jaw Worm","floor":5,"turns":3},{"damage":4,"enemies":"Lagavulin","floor":6,"turns":8},{"damage":2,"enemies":"downfall:FleeingMerchant","floor":8,"turns":4},{"damage":0,"enemies":"Blue Slaver","floor":9,"turns":3},{"damage":18,"enemies":"Gremlin Nob","floor":10,"turns":5},{"damage":10,"enemies":"Exordium Thugs","floor":12,"turns":4},{"damage":0,"enemies":"downfall:FleeingMerchant","floor":13,"turns":4},{"damage":0,"enemies":"3 Louse","floor":15,"turns":4},{"damage":28,"enemies":"SI_SHIV_ARCHETYPE","floor":16,"turns":7}],"seed_played":"5924193899965829555","potions_obtained":[{"floor":2,"key":"PowerPotion"},{"floor":6,"key":"AttackPotion"},{"floor":12,"key":"Ancient Potion"},{"floor":15,"key":"Block Potion"}],"is_trial":false,"path_per_floor":["R","M","M","?","M","E","T","$","M","E","R","M","$","?","M","B"],"character_chosen":"THE_AUTOMATON","items_purchased":["bronze:BronzeOrb"],"campfire_rested":0,"item_purchase_floors":[8],"current_hp_per_floor":[70,68,67,67,56,52,52,50,50,32,32,22,22,22,22,0,0],"gold":64,"neow_bonus":"UPGRADE_CARD","is_daily":false,"chose_seed":false,"campfire_upgraded":1,"win_rate":0.0,"timestamp":1611038146,"path_taken":["R","M","M","?","?","E","T","$","M","E","R","M","$","?","M","BOSS"],"items_purchased_type":["Card"],"build_version":"2020-12-22","purchased_purges":1,"victory":false,"max_hp_per_floor":[70,70,70,70,70,70,70,70,70,70,70,70,70,70,70,70,70],"card_choices":[{"not_picked":["bronze:Safeguard","bronze:MaxOutput"],"picked":"bronze:FineTuning","floor":2},{"not_picked":["bronze:Backtrace","bronze:MaxOutput"],"picked":"bronze:Fortify","floor":3},{"not_picked":["bronze:DelayedSlice","bronze:Shell"],"picked":"bronze:Branch","floor":5},{"not_picked":["bronze:Branch","bronze:Deprecate"],"picked":"bronze:DelayedSlice","floor":6},{"not_picked":["bronze:BurnOut","bronze:Branch"],"picked":"bronze:Optimize","floor":8},{"not_picked":["bronze:Return","bronze:Safeguard"],"picked":"bronze:GetLatest","floor":9},{"not_picked":["bronze:Refactor","bronze:Iterate"],"picked":"bronze:Safeguard","floor":10},{"not_picked":["bronze:ForLoop","bronze:BugBarrage"],"picked":"bronze:DarkDash","floor":12},{"not_picked":["bronze:Return","bronze:DelayedSlice"],"picked":"bronze:FineTuning","floor":13},{"not_picked":["bronze:Philosophize","bronze:Shield"],"picked":"bronze:HyperBeam","floor":15}],"player_experience":690178,"relics_obtained":[{"floor":6,"key":"Incense Burner"},{"floor":7,"key":"Girya"},{"floor":10,"key":"Calipers"}],"event_choices":[],"is_beta":false,"boss_relics":[],"items_purged_floors":[8],"is_endless":false,"potions_floor_spawned":[2,6,12,15],"killed_by":"SI_SHIV_ARCHETYPE","ascension_level":1}}