{"host":"zzf13dk0jcen0ncv","time":1611037533,"event":{"mods":["AchievementEnabler","BaseMod","BetterRewards","Colored Map","Keyboard Shortcuts","Minty Spire (QoL Compilation)","Quick Restart","Shop Mod","StSLib","SuperFastMode","Waifu the Spire"],"gold_per_floor":[113,129,52,52,52,77,77,88,88,115,132,132,165,177,177,255,255,230,248,268,145,162,162,190,203,249,263,273,273,15,33,33,109,109,120,204,221,53,72,97,97,9,34,34,48,6,6,6,6,6,6,6,6,6,35,35],"floor_reached":57,"language":"KOR","playtime":2519,"items_purged":[],"score":3348,"play_id":"b531f51e-5c06-4fae-a4fd-e94bca5c6587","local_time":"20210119152533","is_ascension_mode":true,"campfire_choices":[{"data":"Eruption","floor":7,"key":"SMITH"},{"data":"Blind","floor":12,"key":"SMITH"},{"data":"Meditate","floor":15,"key":"SMITH"},{"data":"Ragnarok","floor":23,"key":"SMITH"},{"data":"Apotheosis","floor":32,"key":"SMITH"},{"floor":41,"key":"RECALL"},{"data":"DevaForm","floor":47,"key":"SMITH"},{"data":"LikeWater","floor":49,"key":"SMITH"},{"data":"Omniscience","floor":53,"key":"SMITH"}],"circlet_count":0,"master_deck":["AscendersBane","Eruption+1","Vigilance","Fasting2","EmptyFist","Master of Strategy","Blind+1","BattleHymn","BowlingBash","LikeWater+1","Conclude","Alpha","Meditate+1","Tantrum","DeusExMachina","WheelKick","Ragnarok+1","Adaptation","Collect","TalkToTheHand+1","Vault","Apotheosis+1","Adaptation","DevaForm+1","PathToVictory","Wish","Fasting2","Conclude","ClearTheMind","InnerPeace","Omniscience+1","EmptyMind","MentalFortress+1","Collect","Scrawl","EmptyMind","Devotion+1"],"relics":["PureWater","Ginger","White Beast Statue","Medical Kit","Meat on the Bone","Chemical X","Incense Burner","Toy Ornithopter","HandDrill","Dead Branch","Singing Bowl","Bottled Tornado","FossilizedHelix","Empty Cage","CloakClasp","Nunchaku","Pandora\u0027s Box","GoldenEye","ClockworkSouvenir","CaptainsWheel","Omamori","Frozen Egg 2","TeardropLocket"],"acts_visited":["Exordium","TheCity","TheBeyond","TheEnding"],"potions_floor_usage":[20,22,40,50,51],"damage_taken":[{"damage":12,"enemies":"Jaw Worm","floor":1,"turns":2},{"damage":20,"enemies":"Small Slimes","floor":2,"turns":2},{"damage":25,"enemies":"Gremlin Nob","floor":6,"turns":4},{"damage":0,"enemies":"Cultist","floor":8,"turns":2},{"damage":15,"enemies":"Lagavulin","floor":10,"turns":5},{"damage":4,"enemies":"Red Slaver","floor":11,"turns":3},{"damage":23,"enemies":"Gremlin Nob","floor":13,"turns":4},{"damage":0,"enemies":"2 Fungi Beasts","floor":14,"turns":3},{"damage":32,"enemies":"Hexaghost","floor":16,"turns":7},{"damage":32,"enemies":"2 Thieves","floor":18,"turns":4},{"damage":0,"enemies":"Chosen","floor":19,"turns":4},{"damage":0,"enemies":"Snake Plant","floor":20,"turns":3},{"damage":0,"enemies":"Chosen and Byrds","floor":22,"turns":2},{"damage":0,"enemies":"Gremlin Leader","floor":24,"turns":4},{"damage":0,"enemies":"Cultist and Chosen","floor":25,"turns":3},{"damage":0,"enemies":"Snecko","floor":27,"turns":3},{"damage":0,"enemies":"Shelled Parasite and Fungi","floor":28,"turns":1},{"damage":3,"enemies":"Snake Plant","floor":31,"turns":3},{"damage":53,"enemies":"Automaton","floor":33,"turns":6},{"damage":0,"enemies":"3 Darklings","floor":35,"turns":4},{"damage":21,"enemies":"2 Orb Walkers","floor":36,"turns":4},{"damage":0,"enemies":"3 Shapes","floor":37,"turns":4},{"damage":9,"enemies":"3 Darklings","floor":39,"turns":3},{"damage":13,"enemies":"Reptomancer","floor":40,"turns":6},{"damage":20,"enemies":"Sphere and 2 Shapes","floor":45,"turns":4},{"damage":49,"enemies":"Donu and Deca","floor":50,"turns":6},{"damage":18,"enemies":"Time Eater","floor":51,"turns":9},{"damage":55,"enemies":"Shield and Spear","floor":55,"turns":7},{"damage":23,"enemies":"The Heart","floor":56,"turns":10}],"seed_played":"-8438486545300706779","potions_obtained":[{"floor":1,"key":"SmokeBomb"},{"floor":2,"key":"ColorlessPotion"},{"floor":6,"key":"Dexterity Potion"},{"floor":18,"key":"FearPotion"},{"floor":19,"key":"Energy Potion"},{"floor":20,"key":"DistilledChaos"},{"floor":22,"key":"Regen Potion"},{"floor":28,"key":"Explosive Potion"},{"floor":31,"key":"Weak Potion"},{"floor":35,"key":"DistilledChaos"},{"floor":40,"key":"BlessingOfTheForge"},{"floor":55,"key":"BottledMiracle"}],"is_trial":false,"path_per_floor":["M","M","$","?","?","E","R","M","T","E","M","R","E","M","R","B",null,"M","M","M","$","M","R","E","M","T","M","M","?","$","M","R","B",null,"M","?","M","$","M","E","R","$","T","?","M","$","R","?","R","B","B",null,"R","$","E","B",null],"character_chosen":"WATCHER","items_purchased":["Ginger","White Beast Statue","Medical Kit","Meat on the Bone","Chemical X","Fasting2","EmptyFist","Incense Burner","Master of Strategy","Blind","BattleHymn","CeramicFish","Toy Ornithopter","HandDrill","Conclude","Adaptation","Collect","Apotheosis","Adaptation","ClockworkSouvenir","Scrawl","EmptyMind"],"campfire_rested":0,"item_purchase_floors":[0,0,0,0,0,0,0,0,0,0,0,0,0,0,3,21,21,30,30,38,42,46],"current_hp_per_floor":[49,41,41,41,46,33,33,45,45,42,40,40,29,43,43,23,64,46,46,51,51,56,56,56,58,58,60,62,62,62,61,61,20,70,70,49,49,49,52,44,44,44,44,44,38,38,38,38,38,21,20,72,72,72,29,18],"gold":35,"neow_bonus":"","is_daily":false,"chose_seed":false,"campfire_upgraded":8,"win_rate":0.0,"timestamp":1611037533,"path_taken":["M","M","$","?","?","E","R","M","T","E","?","R","E","M","R","BOSS","M","M","?","?","M","R","E","M","T","M","M","?","$","M","R","BOSS","M","?","M","$","M","E","R","$","T","?","?","?","R","?","R","BOSS","BOSS","R","$","E","BOSS"],"items_purchased_type":["Relic","Relic","Relic","Relic","Relic","Card","Card","Relic","Card","Card","Card","Relic","Relic","Relic","Card","Card","Card","Card","Card","Relic","Card","Card"],"build_version":"2020-12-22","purchased_purges":0,"victory":true,"max_hp_per_floor":[68,68,68,68,73,73,73,73,73,73,75,75,75,77,77,77,77,79,79,79,79,79,79,79,81,81,83,85,85,85,87,87,87,87,87,87,87,87,87,87,87,87,87,87,89,89,89,89,89,89,89,89,89,89,89,89],"card_choices":[{"not_picked":["SignatureMove","ClearTheMind"],"picked":"BowlingBash","floor":1},{"not_picked":["Study","MentalFortress"],"picked":"LikeWater","floor":2},{"not_picked":["Nirvana","JustLucky","EmptyFist"],"picked":"SKIP","floor":6},{"not_picked":["EmptyFist","Halt"],"picked":"Wallop","floor":8},{"not_picked":["Wallop","Fasting2"],"picked":"Meditate","floor":10},{"not_picked":["BattleHymn","Pray","PathToVictory"],"picked":"Singing Bowl","floor":11},{"not_picked":["WindmillStrike","EmptyFist"],"picked":"Tantrum","floor":13},{"not_picked":["EmptyFist","Crescendo","Sanctity"],"picked":"Singing Bowl","floor":14},{"not_picked":["Alpha","SpiritShield"],"picked":"DeusExMachina","floor":16},{"not_picked":["Protect","CrushJoints","FollowUp"],"picked":"Singing Bowl","floor":18},{"not_picked":["Halt","LikeWater"],"picked":"WheelKick","floor":19},{"not_picked":["Crescendo","Indignation"],"picked":"Ragnarok","floor":20},{"not_picked":["CutThroughFate","Protect"],"picked":"TalkToTheHand+1","floor":22},{"not_picked":["Sanctity","CutThroughFate+1"],"picked":"Vault","floor":24},{"not_picked":["ThirdEye+1","SandsOfTime","Worship"],"picked":"Singing Bowl","floor":25},{"not_picked":["Fasting2","EmptyFist","FlurryOfBlows"],"picked":"Singing Bowl","floor":27},{"not_picked":["EmptyFist","JustLucky","BowlingBash"],"picked":"Singing Bowl","floor":28},{"not_picked":["FlurryOfBlows","WindmillStrike","Study"],"picked":"Singing Bowl","floor":31},{"not_picked":["Alpha","Establishment"],"picked":"DevaForm","floor":33},{"not_picked":["CutThroughFate","CrushJoints"],"picked":"InnerPeace","floor":35},{"not_picked":["ClearTheMind+1","Halt"],"picked":"Omniscience","floor":36},{"not_picked":["InnerPeace+1","FollowUp+1"],"picked":"EmptyMind","floor":37},{"not_picked":["Crescendo+1","PathToVictory"],"picked":"MentalFortress+1","floor":39},{"not_picked":["Evaluate","FollowUp"],"picked":"Collect","floor":40},{"not_picked":["WindmillStrike+1","SashWhip","FlurryOfBlows"],"picked":"Singing Bowl","floor":45},{"not_picked":["EmptyBody+1","SashWhip"],"picked":"Devotion+1","floor":55}],"player_experience":922282,"relics_obtained":[{"floor":6,"key":"Dead Branch"},{"floor":9,"key":"Singing Bowl"},{"floor":10,"key":"Bottled Tornado"},{"floor":13,"key":"FossilizedHelix"},{"floor":24,"key":"CloakClasp"},{"floor":26,"key":"Nunchaku"},{"floor":36,"key":"GoldenEye"},{"floor":40,"key":"CaptainsWheel"},{"floor":43,"key":"Omamori"},{"floor":55,"key":"TeardropLocket"}],"event_choices":[{"damage_healed":0,"gold_gain":0,"cards_transformed":["Strike_P"],"player_choice":"Change","damage_taken":0,"max_hp_gain":0,"max_hp_loss":0,"event_name":"Living Wall","floor":4,"gold_loss":0,"cards_obtained":["Alpha"]},{"damage_healed":0,"gold_gain":0,"player_choice":"Donut","damage_taken":0,"max_hp_gain":5,"max_hp_loss":0,"event_name":"Big Fish","floor":5,"gold_loss":0},{"damage_healed":0,"gold_gain":0,"player_choice":"Ignored","damage_taken":0,"max_hp_gain":0,"max_hp_loss":0,"event_name":"The Mausoleum","floor":29,"gold_loss":0},{"damage_healed":0,"gold_gain":0,"player_choice":"Fight","damage_taken":0,"max_hp_gain":0,"max_hp_loss":0,"event_name":"Mysterious Sphere","floor":36,"gold_loss":0},{"cards_removed":["Wallop"],"damage_healed":0,"gold_gain":0,"player_choice":"Gave Card","damage_taken":0,"relics_obtained":["Frozen Egg 2"],"max_hp_gain":0,"max_hp_loss":0,"event_name":"WeMeetAgain","floor":44,"gold_loss":0},{"damage_healed":0,"gold_gain":0,"player_choice":"Ignored","damage_taken":0,"max_hp_gain":0,"max_hp_loss":0,"event_name":"SecretPortal","floor":48,"gold_loss":0}],"is_beta":false,"boss_relics":[{"not_picked":["HolyWater","Ectoplasm"],"picked":"Empty Cage"},{"not_picked":["Tiny House","Calling Bell"],"picked":"Pandora\u0027s Box"}],"items_purged_floors":[],"is_endless":false,"potions_floor_spawned":[1,2,6,8,10,11,13,14,16,18,19,20,22,24,25,27,28,31,33,35,36,37,39,40,45,55],"ascension_level":20}}