{"host":"hszimsrtxxc2k25w","time":1611089630,"event":{"mods":["AchievementEnabler","BaseMod","Colored Map","DeckTracker","Minty Spire (QoL Compilation)","Rare Cards Sparkle","SuperFastMode"],"gold_per_floor":[112,124,12,12,26,26,36,71,107,119,31,31,31,62,62,137,137,137,78,78,78,78],"floor_reached":21,"language":"KOR","playtime":415,"items_purged":["Strike_G","Strike_G"],"score":355,"play_id":"b01fc290-07b8-4346-a862-ae5cba5b5df3","local_time":"20210120055350","is_ascension_mode":true,"campfire_choices":[{"data":"Bouncing Flask","floor":6,"key":"SMITH"},{"floor":10,"key":"REST"},{"floor":13,"key":"REST"},{"floor":15,"key":"REST"}],"circlet_count":0,"master_deck":["AscendersBane","Strike_G","Strike_G","Strike_G","Defend_G","Defend_G","Defend_G","Defend_G","Defend_G","Survivor","Neutralize","Bouncing Flask+1","Catalyst","Noxious Fumes","All Out Attack","Prepared","Calculated Gamble","Burst","Deadly Poison","Well Laid Plans"],"relics":["Ring of the Snake","NeowsBlessing","Tiny Chest","MawBank","Nunchaku","Blue Candle","Ectoplasm"],"acts_visited":["Exordium","TheCity"],"potions_floor_usage":[18,21],"damage_taken":[{"damage":0,"enemies":"Cultist","floor":1,"turns":1},{"damage":0,"enemies":"Jaw Worm","floor":2,"turns":1},{"damage":0,"enemies":"2 Louse","floor":5,"turns":1},{"damage":8,"enemies":"Exordium Thugs","floor":7,"turns":5},{"damage":15,"enemies":"Lagavulin","floor":8,"turns":5},{"damage":47,"enemies":"3 Sentries","floor":14,"turns":6},{"damage":15,"enemies":"Hexaghost","floor":16,"turns":7},{"damage":45,"enemies":"3 Byrds","floor":18,"turns":5},{"damage":0,"enemies":"Spheric Guardian","floor":20,"turns":3},{"damage":0,"enemies":"3 Cultists","floor":21,"turns":3}],"seed_played":"3378427180969158169","potions_obtained":[{"floor":1,"key":"Dexterity Potion"},{"floor":8,"key":"Strength Potion"},{"floor":16,"key":"Block Potion"},{"floor":18,"key":"GhostInAJar"}],"is_trial":false,"path_per_floor":["M","M","$","?","M","R","M","E","T","R","$","$","R","E","R","B",null,"M","$","M","M"],"character_chosen":"THE_SILENT","items_purchased":["Noxious Fumes","Deadly Poison"],"campfire_rested":3,"item_purchase_floors":[3,19],"current_hp_per_floor":[59,59,59,33,33,33,25,10,10,29,29,29,48,1,20,5,51,6,6,6,6,6],"gold":78,"neow_bonus":"THREE_ENEMY_KILL","is_daily":false,"chose_seed":false,"campfire_upgraded":1,"win_rate":0.0,"timestamp":1611089630,"path_taken":["M","?","?","?","M","R","M","E","T","R","?","$","R","E","R","BOSS","M","$","?","M"],"items_purchased_type":["Card","Card"],"build_version":"2020-12-22","purchased_purges":2,"victory":false,"max_hp_per_floor":[66,66,66,66,66,66,66,66,66,66,66,66,66,66,66,66,66,66,66,66,66,66],"card_choices":[{"not_picked":["Sucker Punch","Acrobatics"],"picked":"Bouncing Flask","floor":1},{"not_picked":["PiercingWail","Accuracy"],"picked":"Catalyst","floor":2},{"not_picked":["PiercingWail","Prepared"],"picked":"All Out Attack","floor":5},{"not_picked":["Prepared","Caltrops","Poisoned Stab"],"picked":"SKIP","floor":7},{"not_picked":["Caltrops","Poisoned Stab"],"picked":"Prepared","floor":7},{"not_picked":["Deflect","Envenom"],"picked":"Calculated Gamble","floor":8},{"not_picked":["Outmaneuver","Blade Dance","Catalyst"],"picked":"SKIP","floor":14},{"not_picked":["Doppelganger","Grand Finale"],"picked":"Burst","floor":16},{"not_picked":["Calculated Gamble","Slice","Skewer+1"],"picked":"SKIP","floor":18},{"not_picked":["Acrobatics","Underhanded Strike"],"picked":"Well Laid Plans","floor":20}],"player_experience":626379,"relics_obtained":[{"floor":8,"key":"MawBank"},{"floor":9,"key":"Nunchaku"},{"floor":14,"key":"Blue Candle"}],"event_choices":[{"damage_healed":0,"gold_gain":0,"player_choice":"Success","damage_taken":26,"relics_obtained":["Tiny Chest"],"max_hp_gain":0,"max_hp_loss":0,"event_name":"Scrap Ooze","floor":4,"gold_loss":0}],"is_beta":false,"boss_relics":[{"not_picked":["Black Star","HoveringKite"],"picked":"Ectoplasm"}],"items_purged_floors":[3,11],"is_endless":false,"potions_floor_spawned":[1,8,16,18],"killed_by":"3 Cultists","ascension_level":18}}