{"host":"4lxzgdqpvzyot39g","time":1611093845,"event":{"mods":["100% Spire Juice","Abigail Mod","Act Like it!","Aspiration","BaseMod","Beaked The Cultist","Better Altar","Better Match","Better Note","Better Sensory Stone","Better Skull","Better Third Choice","CCEM","Colored Map","Colored Powertips","Conspire","Dark Map","Displayed Cursed Tome","Dota2Spire","Energized Spire","Fox Events","Friendly Minions","Gensokyo","GifTheSpireLib","Halation","Hallownest","Hermit","Highlight Path","HololiveMod","Hubris","Infinite Spire","Jedi Mod","JesterMod","Mari Mod (Legacy)","Mari\u0027s V1 Patch","MarisaÅiñ∂âJÅ@ñÇóùçπÅj","Minty Spire (QoL Compilation)","Prisma Mod","Quarter Circle Forward PUNCH!","Relic Filter","Replay The Spire","Robot Space Explorer","SCP261 Mod","Small Relic Pack","Spicy Shops","Spikes Relics","Spire Arcade","StS++","StSLib","Stuff the Spire","The Alterego","The Blue Laboratory","The Bug Knight","The Cursed","The Fake Hero","The Marked","The Servant 0.9.4","The Wild Card","Trackpad","Waifu the Spire","WarShipGirlsR/??è≠èóR mod","vexMod","Åy?ï®?îvÅzREMEMod"],"gold_per_floor":[515,531,18,18,35,60,71,106,106,106,6,26,59,72,72,146,146,162,178,53,66,66,97,97,97],"floor_reached":24,"language":"ENG","playtime":1323,"items_purged":["luka_mod:Surrender","luka_mod:Edging","luka_mod:Wait"],"score":427,"play_id":"4faebc42-ddd6-4fb1-ba4e-414c775d67e2","local_time":"20210119170405","is_ascension_mode":true,"campfire_choices":[{"data":"luka_mod:StrikeLukaThree","floor":10,"key":"SMITH"}],"circlet_count":0,"master_deck":["AscendersBane","luka_mod:StrikeLukaOne","luka_mod:StrikeLukaTwo","luka_mod:StrikeLukaThree+1","luka_mod:StrikeLukaFour","luka_mod:StrikeLukaFive","luka_mod:StrikeLukaSix","luka_mod:Salt","luka_mod:FlailWildly","luka_mod:Meditation","RobotSpaceExplorer:Accelerator+1","luka_mod:Undine","luka_mod:Salamander","luka_mod:CriticalHit","luka_mod:CriticalHit","luka_mod:StrikeLuka","luka_mod:Sylph","StuffTheSpire:Vigor","luka_mod:SuperAttack","luka_mod:AlmaElma","luka_mod:NinefoldRakshasa","luka_mod:Tamamo","luka_mod:NoDebuffs","luka_mod:Daystar","luka_mod:SpoilerDance","luka_mod:SuperAttack","luka_mod:AlicesFist","luka_mod:Alice","luka_mod:SealingStrike","luka_mod:Granberia","luka_mod:SpoilerForm","luka_mod:Ora","luka_mod:Sensitive","luka_mod:Ilias","luka_mod:Erubetie","luka_mod:Cutscene"],"relics":["luka_mod:KeepsakeRing","REME_ComplimentaryCards","aspiration:Nostalgia","AbbyMod:Salem_Diary","Orrery","infinitespire:BottledMercury","Dota2Spire:BlackKingBar","infinitespire:ShieldingShard","trackpad:ByrdBGone","StSpp:CrystalBall","Dota2Spire:MagicBottle"],"acts_visited":["Exordium","Hallownest:CityofTears"],"potions_floor_usage":[24],"damage_taken":[{"damage":12,"enemies":"2 Louse","floor":1,"turns":3},{"damage":0,"enemies":"Cultist","floor":2,"turns":4},{"damage":2,"enemies":"Jaw Worm","floor":5,"turns":3},{"damage":6,"enemies":"Gremlin Nob","floor":6,"turns":4},{"damage":1,"enemies":"Looter","floor":7,"turns":2},{"damage":10,"enemies":"3 Sentries","floor":8,"turns":6},{"damage":0,"enemies":"Large Slime","floor":12,"turns":4},{"damage":9,"enemies":"Gremlin Nob","floor":13,"turns":4},{"damage":17,"enemies":"Exordium Wildlife","floor":14,"turns":3},{"damage":42,"enemies":"The Guardian","floor":16,"turns":7},{"damage":0,"enemies":"Hallownest:3_Youths","floor":18,"turns":5},{"damage":16,"enemies":"Hallownest:Guard_and_Sentry","floor":19,"turns":5},{"damage":30,"enemies":"Hallownest:monsterShrumalOgre","floor":21,"turns":5},{"damage":32,"enemies":"Hallownest:eliteSoulWarrior","floor":23,"turns":6},{"damage":34,"enemies":"Hallownest:3_Mistakes","floor":24,"turns":3}],"seed_played":"-7304750158539980970","potions_obtained":[{"floor":1,"key":"Dota2Spire:HealingSalve"},{"floor":7,"key":"StSpp:SecondWindPotion"},{"floor":14,"key":"BlessingOfTheForge"}],"is_trial":false,"path_per_floor":["M","M","$","?","M","E","M","E","T","R","$","M","E","M","R_BF","B",null,"M","M","$","M","?","E","M"],"character_chosen":"LUKA_CLASS","items_purchased":["Orrery","infinitespire:BottledMercury","luka_mod:CriticalHit"],"campfire_rested":0,"item_purchase_floors":[3,3,3],"current_hp_per_floor":[38,38,38,38,36,30,29,38,38,38,38,38,38,21,21,27,35,35,32,32,2,38,25,0,0],"gold":97,"neow_bonus":"NOSTALGIA","is_daily":false,"chose_seed":false,"campfire_upgraded":1,"win_rate":0.0,"timestamp":1611093845,"path_taken":["M","M","$","?","?","E","?","E","T","R","$","M","E","M","R_BF","BOSS","M","M","$","M","?","E","M"],"items_purchased_type":["Relic","Relic","Card"],"build_version":"2020-12-22","purchased_purges":3,"victory":false,"max_hp_per_floor":[38,38,38,38,38,38,38,38,38,38,38,38,38,38,38,38,38,38,38,38,38,38,38,38,38],"card_choices":[{"not_picked":["luka_mod:Calm","luka_mod:WaterSlash"],"picked":"luka_mod:Undine","floor":1},{"not_picked":["luka_mod:WaterSlash","luka_mod:StressRelief"],"picked":"luka_mod:Salamander","floor":2},{"not_picked":["luka_mod:HeroicStrike","luka_mod:BladeOfRagingFire"],"picked":"luka_mod:CriticalHit","floor":3},{"not_picked":["luka_mod:Request","luka_mod:PerfectTiming","luka_mod:FlashKill"],"picked":"SKIP","floor":5},{"not_picked":["luka_mod:FlashKill","luka_mod:GuardedStrike"],"picked":"luka_mod:StrikeLuka","floor":6},{"not_picked":["luka_mod:SealingStrike","luka_mod:GuardedStrike","luka_mod:EarthSlash"],"picked":"SKIP","floor":7},{"not_picked":["luka_mod:DemonSkullBeheading","luka_mod:EarthSlash","luka_mod:DemonDecapitation"],"picked":"SKIP","floor":8},{"not_picked":["luka_mod:NoDebuffs","luka_mod:Intense","luka_mod:IliasesJudgement"],"picked":"SKIP","floor":12},{"not_picked":["luka_mod:Overexert","luka_mod:WindSlash","luka_mod:HeroicStrike"],"picked":"SKIP","floor":13},{"not_picked":["luka_mod:StrikeLuka","luka_mod:Cutscene"],"picked":"luka_mod:Sylph","floor":14},{"not_picked":["StuffTheSpire:Innocence","StuffTheSpire:Brawn"],"picked":"StuffTheSpire:Vigor","floor":15},{"not_picked":["luka_mod:Ora","luka_mod:NinefoldRakshasa"],"picked":"luka_mod:SuperAttack","floor":16},{"not_picked":["luka_mod:VaporizingRebellionSword+1","luka_mod:FireSlash+1"],"picked":"luka_mod:Cutscene","floor":18},{"not_picked":["luka_mod:WaterSlash+1","luka_mod:EarthSlash","luka_mod:StressRelief"],"picked":"SKIP","floor":19},{"not_picked":["luka_mod:FireSlash","luka_mod:StrikeLuka","luka_mod:Overexert+1"],"picked":"SKIP","floor":21},{"not_picked":["luka_mod:ThunderThrust","luka_mod:HeroicStrike+1","luka_mod:BladeOfHowlingWind"],"picked":"SKIP","floor":23}],"player_experience":1099490,"relics_obtained":[{"floor":6,"key":"Dota2Spire:BlackKingBar"},{"floor":8,"key":"aspiration:HiddenCompartment"},{"floor":9,"key":"infinitespire:ShieldingShard"},{"floor":13,"key":"trackpad:ByrdBGone"},{"floor":23,"key":"Dota2Spire:MagicBottle"}],"event_choices":[{"damage_healed":0,"gold_gain":0,"player_choice":"Forge","damage_taken":0,"max_hp_gain":0,"max_hp_loss":0,"event_name":"Accursed Blacksmith","floor":4,"gold_loss":0,"cards_upgraded":["RobotSpaceExplorer:Accelerator"]}],"is_beta":false,"boss_relics":[{"not_picked":["CosmicIsotope","halation:Yufonium"],"picked":"StSpp:CrystalBall"}],"items_purged_floors":[3,11,20],"is_endless":false,"potions_floor_spawned":[1,7,13,14,18,23],"killed_by":"Hallownest:3_Mistakes","ascension_level":15}}