{"host":"k9m1r4kqf7qgss6a","time":1611031577,"event":{"mods":["Abigail Mod","Act Like it!","Aspiration","Bard","BaseMod","Challenge The Spire","Colored Map","Colored Powertips","Conspire","FutureSeer","Highlight Path","Hubris","HumanHunterMod(怪物杀人mod)","Hunter 猎人","Infinite Spire","Marisa（F雨　魔理沙）","Minty Spire (QoL Compilation)","MostiFishMod","Pale of the Ancients","Reimu（博丽灵梦）","Relic Stats","Remilia（蕾米莉亚）","Replay The Spire","RumiaBox-露米娅的神秘盒子","Shop Mod","StSLib","TestMod","The Administrix","The Animator","The Bladedancer","The Bug Knight","The Construct","The Cursed","The Death Knight","The Gatherer","The Poker Player","The Runesmith","The Servant 0.9.4","Waifu the Spire","Youmu（魂魄妖梦）","Yuyuko","[GremlinLeader]The Maniac","vexMod","【功能Mod】混沌之环修复补丁","【功能Mod】聪明的最终Boss"],"gold_per_floor":[118,138,157,174,13,44,76,104,104,130,130,157,157,192,192,264,930,947,947,1000,1000,1000,1028,1028,635,635,663,663,663,695,730,730,805,905,979,1024,1024,1024,1024,1116,1216,1216,1216,1325,1325,21,62,103,153,243,358,358],"floor_reached":51,"language":"ZHS","playtime":3336,"items_purged":["Languid"],"score":3189,"play_id":"7f6841ff-4cf1-4a46-a34e-5e95031ade06","local_time":"20210119124617","daily_mods":["SealedDeck","Heirloom","Flight","DeadlyEvents","Elite Swarm"],"is_ascension_mode":true,"campfire_choices":[{"data":"TransientEternity","floor":11.0,"key":"SMITH"},{"data":"DemonKingCradle","floor":11.0,"key":"SMITH"},{"data":"CurseOfVladTepes","floor":13.0,"key":"SMITH"},{"data":"BloodySeventeenLaser","floor":13.0,"key":"SMITH"},{"data":"ForecastOfChange","floor":15.0,"key":"SMITH"},{"data":"ScarletMeister","floor":15.0,"key":"SMITH"},{"data":"CeilingFear","floor":29.0,"key":"SMITH"},{"data":"infinitespire:TheBestDefense","floor":29.0,"key":"SMITH"},{"data":"TricksterDevil","floor":32.0,"key":"SMITH"},{"data":"BloodySeventeenLaser","floor":32.0,"key":"SMITH"},{"data":"QueenOfMidnight","floor":42.0,"key":"SMITH"},{"data":"EquivalentExchange","floor":42.0,"key":"SMITH"},{"data":"ChaoticDestiny","floor":45.0,"key":"SMITH"},{"data":"BloodyHallows","floor":45.0,"key":"SMITH"},{"data":"HellCatastrophe","floor":49,"key":"SMITH"},{"data":"DemonKingCradle","floor":49,"key":"SMITH"}],"circlet_count":0,"master_deck":["AscendersBane","ReincarnationDial+1","AfternoonTea","VampireClaw","MastersStateliness","RedNightlessCastle","NightDance","UnstableMagic","RedRainbow+1","VampireKiss","BloodHunter","UnderTheZenith","DevilSight+1","ScarletDevilSign","UnstableMagic","ScarletMeister+1","TransientEternity+1","DemonKingCradle+1","CurseOfVladTepes+1","BloodySeventeenLaser+1","ForecastOfChange+1","ScarletCoffin","StarOfDavid","hubris:Fate","CeilingFear+1","hubris:Wrath","DemonKingCradle+1","infinitespire:TheBestDefense+1","TricksterDevil+1","BloodySeventeenLaser+1","EquivalentExchange+1","TwelveNightmare+1","QueenOfMidnight+1","BloodyHallows+1","ChaoticDestiny+1","FitfulNightmare","HellCatastrophe+1","KillingBlow","BatForm"],"relics":["ScarletHat","testmod-TestBox","testmod-AssaultLearning","ChiXiaoBlade","Replay:Arrowhead","vexMod:Spyglass","infinitespire:WardingShard","War Paint","hubris:SlimyHat","hubris:MobiusCoin","HornCleat","RuthlessExorcism:ReiMu","hubris:DeckOfHolding","vexMod:RockOfEvil","The Courier","MutagenicStrength","Ring of Searing","Ring of Fury","testmod-InjuryResistance","testmod-BlackFramedGlasses","MerchantsRug","ScarletDevilRocket","Nunchaku","hubris:CuriousFeather","ImprovedEquipment","Black Star","Ancient Tea Set","Unceasing Top","Mastiff:ReiMu","CrazyTorch:ReiMu","infinitespire:EvilPickle","testmod-Prudence","vexMod:MemoryStick","TimeFreeze","DaveBox","White Beast Statue","aspiration:FetidBarrel","ReplayFunnel","Replay:Towering Pillar of Hats","testmod-DragonStarHat","FairyMaid","testmod-ObsoleteBoomerang","Counterbalance","Replay:WaspNest","testmod-IWantAll","Centennial Puzzle","CeramicFish","conspire:DeflatedDodgeball","conspire:TopHat","Iron Hammer","Akabeko","SynthV:C4","Calipers","Question Card"],"acts_visited":["Exordium","TheCity","TheBeyond"],"potions_floor_usage":[50,50,51],"damage_taken":[{"damage":0.0,"enemies":"Cultist","floor":1.0,"turns":3.0},{"damage":0.0,"enemies":"infinitespire:Voidling","floor":2.0,"turns":2.0},{"damage":0.0,"enemies":"Small Slimes","floor":3.0,"turns":4.0},{"damage":6.0,"enemies":"2 Fungi Beasts","floor":4.0,"turns":2.0},{"damage":0.0,"enemies":"HollowMod:MossKnight","floor":6.0,"turns":6.0},{"damage":44.0,"enemies":"Gremlin Nob","floor":7.0,"turns":5.0},{"damage":1.0,"enemies":"3 Sentries","floor":8.0,"turns":3.0},{"damage":8.0,"enemies":"Replay:BlueRogue","floor":10.0,"turns":4.0},{"damage":18.0,"enemies":"3 Sentries","floor":12.0,"turns":7.0},{"damage":0.0,"enemies":"Gremlin Nob","floor":14.0,"turns":5.0},{"damage":0.0,"enemies":"Hexaghost","floor":16.0,"turns":7.0},{"damage":27.0,"enemies":"conspire:FuzzyDice","floor":18.0,"turns":5.0},{"damage":1.0,"enemies":"conspire:Head Lice","floor":23.0,"turns":2.0},{"damage":12.0,"enemies":"HollowMod:Nosk","floor":27.0,"turns":4.0},{"damage":0.0,"enemies":"Nightmare","floor":30.0,"turns":3.0},{"damage":0.0,"enemies":"conspire:SneckoGhost","floor":31.0,"turns":4.0},{"damage":4.0,"enemies":"Pondfish","floor":33.0,"turns":3.0},{"damage":0.0,"enemies":"Orb Walker","floor":35.0,"turns":1.0},{"damage":8.0,"enemies":"Nemesis","floor":40.0,"turns":5.0},{"damage":15.0,"enemies":"Nightmare","floor":41.0,"turns":4.0},{"damage":0.0,"enemies":"HollowMod:StalkingDevout","floor":44.0,"turns":2.0},{"damage":5,"enemies":"R_Hoarder","floor":47,"turns":2},{"damage":7,"enemies":"Reptomancer","floor":48,"turns":1},{"damage":48,"enemies":"Time Eater","floor":50,"turns":17},{"damage":822,"enemies":"Awakened One","floor":51,"turns":5}],"seed_played":"7742521587280571946","potions_obtained":[{"floor":1.0,"key":"Dexterity Potion"},{"floor":2.0,"key":"FearPotion"},{"floor":8.0,"key":"LiquidBronze"},{"floor":16.0,"key":"Dexterity Potion"},{"floor":30.0,"key":"AttackPotion"},{"floor":50,"key":"PowerPotion"}],"is_trial":true,"path_per_floor":["M","M","M","M","$","E","E","E","T","E","R","E","R","E","R","B",null,"M","?","T","?","?","E","?","$","T","E","AVR","R","NM","E","R","B",null,"M","T","AVR","?","?","E","NM","R","T","E","R","$","E","E","R","B","B"],"character_chosen":"REMILIA","items_purchased":["vexMod:Spyglass","MerchantsRug","ScarletDevilRocket","Nunchaku","Replay:WaspNest","FitfulNightmare","testmod-IWantAll","Centennial Puzzle","CeramicFish","conspire:DeflatedDodgeball","conspire:TopHat","Iron Hammer","Akabeko"],"campfire_rested":0,"item_purchase_floors":[5,25,25,25,46,46,46,46,46,46,46,46,46],"current_hp_per_floor":[63,65,65,61,61,66,29,32,32,25,25,13,13,17,17,30,60,34,34,34,16,16,17,17,17,17,22,22,22,35,39,39,59,67,70,70,70,68,68,70,68,68,68,70,70,70,70,70,70,67,0,0],"gold":358,"neow_bonus":"","is_daily":false,"chose_seed":false,"campfire_upgraded":16,"win_rate":0.0,"timestamp":1611031577,"path_taken":["M","M","M","M","$","E","E","E","T","E","R","E","R","E","R","BOSS","M","?","?","?","?","E","?","$","T","E","AVR","R","NM","E","R","BOSS","M","?","AVR","?","?","E","NM","R","T","E","R","$","E","E","R","BOSS","BOSS"],"items_purchased_type":["Relic","Relic","Relic","Relic","Relic","Card","Relic","Relic","Relic","Relic","Relic","Relic","Relic"],"build_version":"2020-12-22","purchased_purges":1,"victory":false,"max_hp_per_floor":[70,70,70,70,70,70,70,70,70,70,70,70,70,70,70,70,70,70,70,70,70,70,70,70,70,70,70,70,70,70,70,70,70,70,70,70,70,70,70,70,70,70,70,70,70,70,70,70,70,67,67,67],"relic_stats":{"Nunchaku":[20],"Centennial Puzzle":[12],"counters":[25,106],"CeramicFish":27,"Black Star":7,"War Paint":["DevilSight","ReincarnationDial"],"Question Card":3,"obtain_stats":[{"vexMod:MemoryStick":36,"ScarletDevilRocket":25,"Calipers":47,"CeramicFish":46,"testmod-IWantAll":46,"vexMod:RockOfEvil":17,"testmod-BlackFramedGlasses":24,"Ring of Searing":22,"Centennial Puzzle":46,"HornCleat":10,"testmod-Prudence":34,"Mastiff:ReiMu":31,"hubris:DeckOfHolding":14,"testmod-DragonStarHat":41,"Iron Hammer":46,"hubris:MobiusCoin":9,"MerchantsRug":25,"testmod-TestBox":0,"Counterbalance":44,"War Paint":7,"TimeFreeze":37,"Question Card":48,"Akabeko":46,"infinitespire:EvilPickle":34,"MutagenicStrength":19,"ChiXiaoBlade":0,"Black Star":28,"Unceasing Top":30,"ReplayFunnel":40,"DaveBox":0,"FairyMaid":43,"hubris:SlimyHat":8,"vexMod:Spyglass":5,"Ancient Tea Set":28,"ScarletHat":0,"conspire:TopHat":46,"SynthV:C4":47,"Nunchaku":25,"testmod-InjuryResistance":23,"testmod-ObsoleteBoomerang":44,"hubris:CuriousFeather":26,"Replay:Towering Pillar of Hats":41,"aspiration:FetidBarrel":40,"ImprovedEquipment":27,"The Courier":18,"Replay:WaspNest":46,"Replay:Arrowhead":0,"White Beast Statue":40,"infinitespire:WardingShard":6,"testmod-AssaultLearning":0,"CrazyTorch:ReiMu":31,"Ring of Fury":22,"conspire:DeflatedDodgeball":46,"RuthlessExorcism:ReiMu":12},{"vexMod:MemoryStick":18,"ScarletDevilRocket":13,"Calipers":22,"CeramicFish":21,"testmod-IWantAll":21,"vexMod:RockOfEvil":11,"testmod-BlackFramedGlasses":13,"Ring of Searing":12,"Centennial Puzzle":21,"HornCleat":8,"testmod-Prudence":17,"Mastiff:ReiMu":16,"hubris:DeckOfHolding":10,"testmod-DragonStarHat":20,"Iron Hammer":21,"hubris:MobiusCoin":7,"MerchantsRug":13,"testmod-TestBox":0,"Counterbalance":21,"War Paint":6,"TimeFreeze":18,"Question Card":23,"Akabeko":21,"infinitespire:EvilPickle":17,"MutagenicStrength":12,"ChiXiaoBlade":0,"Black Star":14,"Unceasing Top":15,"ReplayFunnel":19,"DaveBox":0,"FairyMaid":20,"hubris:SlimyHat":7,"vexMod:Spyglass":4,"Ancient Tea Set":14,"ScarletHat":0,"conspire:TopHat":21,"SynthV:C4":22,"Nunchaku":13,"testmod-InjuryResistance":13,"testmod-ObsoleteBoomerang":21,"hubris:CuriousFeather":13,"Replay:Towering Pillar of Hats":20,"aspiration:FetidBarrel":19,"ImprovedEquipment":14,"The Courier":12,"Replay:WaspNest":21,"Replay:Arrowhead":0,"White Beast Statue":19,"infinitespire:WardingShard":5,"testmod-AssaultLearning":0,"CrazyTorch:ReiMu":16,"Ring of Fury":12,"conspire:DeflatedDodgeball":21,"RuthlessExorcism:ReiMu":9},{"vexMod:MemoryStick":70,"ScarletDevilRocket":55,"Calipers":83,"CeramicFish":81,"testmod-IWantAll":81,"vexMod:RockOfEvil":48,"testmod-BlackFramedGlasses":55,"Ring of Searing":53,"Centennial Puzzle":81,"HornCleat":29,"testmod-Prudence":69,"Mastiff:ReiMu":66,"hubris:DeckOfHolding":41,"testmod-DragonStarHat":79,"Iron Hammer":81,"hubris:MobiusCoin":25,"MerchantsRug":55,"testmod-TestBox":0,"Counterbalance":81,"War Paint":22,"TimeFreeze":70,"Question Card":84,"Akabeko":81,"infinitespire:EvilPickle":69,"MutagenicStrength":53,"ChiXiaoBlade":0,"Black Star":59,"Unceasing Top":62,"ReplayFunnel":75,"DaveBox":0,"FairyMaid":79,"hubris:SlimyHat":25,"vexMod:Spyglass":11,"Ancient Tea Set":59,"ScarletHat":0,"conspire:TopHat":81,"SynthV:C4":83,"Nunchaku":55,"testmod-InjuryResistance":55,"testmod-ObsoleteBoomerang":81,"hubris:CuriousFeather":55,"Replay:Towering Pillar of Hats":79,"aspiration:FetidBarrel":75,"ImprovedEquipment":59,"The Courier":53,"Replay:WaspNest":81,"Replay:Arrowhead":0,"White Beast Statue":71,"infinitespire:WardingShard":17,"testmod-AssaultLearning":0,"CrazyTorch:ReiMu":66,"Ring of Fury":53,"conspire:DeflatedDodgeball":81,"RuthlessExorcism:ReiMu":36}],"Unceasing Top":[20]},"card_choices":[{"not_picked":["VampireClaw","RedRainbow"],"picked":"UnderTheZenith","floor":1.0},{"not_picked":["ScarletDevil","FavorOfDestiny"],"picked":"DevilSight","floor":2.0},{"not_picked":["BadLadyScramble","BloodAndWine"],"picked":"ScarletDevilSign","floor":3.0},{"not_picked":["StarOfDavid","DevilSight"],"picked":"UnstableMagic","floor":4.0},{"not_picked":["CurseOfVladTepes","BloodyCatastrophe"],"picked":"ScarletMeister","floor":6.0},{"not_picked":["CurseOfVladTepes","EquivalentExchange"],"picked":"TransientEternity","floor":7.0},{"not_picked":["BloodyCatastrophe","ScarletMeister"],"picked":"DemonKingCradle","floor":8.0},{"not_picked":["HellCatastrophe","BloodRain"],"picked":"CurseOfVladTepes","floor":10.0},{"not_picked":["BloodyHallows","DemonKingCradle"],"picked":"BloodySeventeenLaser","floor":12.0},{"not_picked":["CurseOfVladTepes","TransientEternity"],"picked":"ForecastOfChange","floor":14.0},{"not_picked":["KillingBlow","ChaoticDestiny"],"picked":"ScarletCoffin","floor":16.0},{"not_picked":["ReincarnationDial","ScarletDevil"],"picked":"StarOfDavid","floor":18.0},{"not_picked":["infinitespire:FinalStrike","infinitespire:Execution"],"picked":"hubris:Fate","floor":21.0},{"not_picked":["BloodyHallows","ForecastOfChange"],"picked":"CeilingFear","floor":23.0},{"not_picked":["CeilingFear","BloodySeventeenLaser"],"picked":"DemonKingCradle","floor":27.0},{"not_picked":["HeartBreak","ScarletMeister"],"picked":"TricksterDevil","floor":30.0},{"not_picked":["ScarletCoffin","TricksterDevil"],"picked":"BloodySeventeenLaser","floor":31.0},{"not_picked":["BloodRain","HeartBreak"],"picked":"EquivalentExchange","floor":33.0},{"not_picked":["EndlessAdversity","NightDance"],"picked":"TwelveNightmare+1","floor":35.0},{"not_picked":["HeartBreak","CeilingFear"],"picked":"QueenOfMidnight","floor":40.0},{"not_picked":["BloodRain","CeilingFear"],"picked":"BloodyHallows","floor":41.0},{"not_picked":["HeartBreak","ScarletMeister"],"picked":"ChaoticDestiny","floor":44.0},{"not_picked":["DemonKingCradle","ForecastOfChange"],"picked":"HellCatastrophe","floor":47},{"not_picked":["CurseOfVladTepes","ScarletMeister"],"picked":"KillingBlow","floor":48},{"not_picked":["KillingBlow","ChaoticDestiny","DemonKingCradle"],"picked":"BatForm","floor":50}],"player_experience":858710,"relics_obtained":[{"floor":6.0,"key":"infinitespire:WardingShard"},{"floor":7.0,"key":"War Paint"},{"floor":8.0,"key":"hubris:SlimyHat"},{"floor":9.0,"key":"hubris:MobiusCoin"},{"floor":10.0,"key":"HornCleat"},{"floor":12.0,"key":"RuthlessExorcism:ReiMu"},{"floor":14.0,"key":"hubris:DeckOfHolding"},{"floor":18.0,"key":"The Courier"},{"floor":22.0,"key":"Ring of Searing"},{"floor":22.0,"key":"Ring of Fury"},{"floor":23.0,"key":"testmod-InjuryResistance"},{"floor":26.0,"key":"hubris:CuriousFeather"},{"floor":27.0,"key":"ImprovedEquipment"},{"floor":30.0,"key":"Unceasing Top"},{"floor":31.0,"key":"Mastiff:ReiMu"},{"floor":31.0,"key":"CrazyTorch:ReiMu"},{"floor":36.0,"key":"vexMod:MemoryStick"},{"floor":40.0,"key":"aspiration:FetidBarrel"},{"floor":40.0,"key":"ReplayFunnel"},{"floor":41.0,"key":"Replay:Towering Pillar of Hats"},{"floor":41.0,"key":"testmod-DragonStarHat"},{"floor":43.0,"key":"FairyMaid"},{"floor":44.0,"key":"testmod-ObsoleteBoomerang"},{"floor":44.0,"key":"Counterbalance"},{"floor":47,"key":"SynthV:C4"},{"floor":47,"key":"Calipers"},{"floor":48,"key":"Question Card"}],"event_choices":[{"damage_healed":0.0,"max_hp_gain":0.0,"max_hp_loss":0.0,"gold_gain":0.0,"event_name":"Drug Dealer","player_choice":"Inject Mutagens","floor":19.0,"gold_loss":0.0,"damage_taken":0.0,"relics_obtained":["MutagenicStrength"]},{"damage_healed":0.0,"max_hp_gain":0.0,"max_hp_loss":0.0,"gold_gain":0.0,"event_name":"conspire:Investor","player_choice":"Leave","floor":38.0,"gold_loss":0.0,"damage_taken":0.0},{"damage_healed":0.0,"max_hp_gain":0.0,"max_hp_loss":0.0,"gold_gain":0.0,"event_name":"给自己的盒子","player_choice":"Swap Relic","floor":39.0,"relics_lost":["DaveBox"],"gold_loss":0.0,"damage_taken":0.0,"relics_obtained":["DaveBox"]}],"is_beta":false,"boss_relics":[{"not_picked":["vexMod:DeviousBotling","hubris:HollowSoul"],"picked":"vexMod:RockOfEvil"},{"not_picked":["testmod-CardMagician","hubris:RunicObelisk"],"picked":"testmod-Prudence"}],"items_purged_floors":[28],"is_endless":true,"potions_floor_spawned":[1,2,4,8,16,27,30,40,41,44,47,48,50],"killed_by":"Awakened One","ascension_level":20}}