{"host":"g8sjq9ki9zl67elp","time":1611027570,"event":{"mods":["BaseMod","Colored Map","Downfall","Highlight Path","Hubris","Infinite Spire","Mimic Mod","Minty Spire (QoL Compilation)","StSLib","everything is the same but u backflip on backflip"],"gold_per_floor":[99,117,135,235,246,246,246,346,362,382,382,33,65,65,75,176,176,176,194,194,194,210,210,265,298,309,9,9,0,20,5,21,123,123,123,135,171,185,196,196,196,196,196,196],"floor_reached":42,"language":"ENG","playtime":4105,"items_purged":["Slimebound:Defend_Slimebound","Slimebound:Defend_Slimebound"],"score":493,"play_id":"a9d2547f-d1e8-4722-bd85-43aa420f31bc","local_time":"20210118193930","is_ascension_mode":false,"campfire_choices":[{"data":"Slimebound:Split","floor":1.0,"key":"SMITH"},{"data":"Slimebound:CorrosiveSpit","floor":6.0,"key":"SMITH"},{"floor":18.0,"key":"RECALL"},{"floor":27,"key":"REST"},{"data":"Slimebound:MassRepurpose","floor":35,"key":"SMITH"},{"data":"Slimebound:LevelUp","floor":40,"key":"SMITH"}],"circlet_count":0,"master_deck":["Slimebound:Strike_Slimebound","Slimebound:Strike_Slimebound","Slimebound:Tackle","Slimebound:Defend_Slimebound","Slimebound:Defend_Slimebound","Slimebound:Split+1","Slimebound:CorrosiveSpit+1","Slimebound:GoopSpray","Slimebound:SplitMire","Slimebound:SplitLeeching","Slimebound:SplitMire","Slimebound:Repurpose","Slimebound:SelfFormingGoo+1","Slimebound:LevelUp+1","Slimebound:Repurpose","Slimebound:MassRepurpose+1","Slimebound:FormOfPuddle+1","Slimebound:GrowthPunch","Slimebound:RallyTheTroops","Slimebound:SlimeBrawl","Slimebound:OozeBath","Parasite"],"relics":["Slimebound:AbsorbEndCombat","Orichalcum","infinitespire:Bottled Soul","MealTicket","SlaversCollar","Membership Card","Happy Flower","downfall:HeartBlessingBlue","downfall:HeartBlessingRed","downfall:HeartBlessingGreen","Coffee Dripper","Molten Egg 2"],"acts_visited":["Exordium","TheCity","TheBeyond"],"potions_floor_usage":[38],"damage_taken":[{"damage":4.0,"enemies":"Jaw Worm","floor":2.0,"turns":4.0},{"damage":3.0,"enemies":"Cultist","floor":3.0,"turns":3.0},{"damage":9.0,"enemies":"2 Louse","floor":5.0,"turns":2.0},{"damage":11.0,"enemies":"Large Slime","floor":9.0,"turns":5.0},{"damage":3.0,"enemies":"Exordium Wildlife","floor":10.0,"turns":2.0},{"damage":3.0,"enemies":"downfall:FleeingMerchant","floor":12.0,"turns":4.0},{"damage":6.0,"enemies":"Lagavulin","floor":13.0,"turns":5.0},{"damage":7.0,"enemies":"Exordium Thugs","floor":15.0,"turns":4.0},{"damage":22.0,"enemies":"DF_ARCHETYPE_STREAMLINE","floor":16.0,"turns":9.0},{"damage":28.0,"enemies":"3 Byrds","floor":19.0,"turns":6.0},{"damage":0.0,"enemies":"Chosen","floor":21.0,"turns":1.0},{"damage":3.0,"enemies":"Snake Plant","floor":22.0,"turns":5.0},{"damage":20.0,"enemies":"Nightmare","floor":25.0,"turns":9.0},{"damage":34,"enemies":"Centurion and Healer","floor":26,"turns":6},{"damage":4,"enemies":"downfall:FleeingMerchant","floor":29,"turns":4},{"damage":9,"enemies":"Snecko","floor":30,"turns":5},{"damage":0,"enemies":"downfall:FleeingMerchant","floor":31,"turns":4},{"damage":21,"enemies":"Chosen and Byrds","floor":32,"turns":6},{"damage":0,"enemies":"WA_ARCHETYPE_CALM","floor":33,"turns":8},{"damage":4,"enemies":"3 Shapes","floor":36,"turns":5},{"damage":0,"enemies":"3 Darklings","floor":37,"turns":5},{"damage":53,"enemies":"3 Darklings","floor":38,"turns":6},{"damage":28,"enemies":"Writhing Mass","floor":39,"turns":5},{"damage":18,"enemies":"4 Shapes","floor":42,"turns":1}],"seed_played":"8418817818128966341","potions_obtained":[{"floor":3.0,"key":"Guardian:BlockOnCardUsePotion"},{"floor":9.0,"key":"GamblersBrew"},{"floor":13.0,"key":"Weak Potion"},{"floor":16.0,"key":"Fruit Juice"},{"floor":19.0,"key":"bronze:BurnAndBuffPotion"},{"floor":30,"key":"champ:CounterPotion"},{"floor":33,"key":"SpeedPotion"},{"floor":38,"key":"Energy Potion"}],"is_trial":false,"path_per_floor":["R","M","M","?","M","R","T","?","M","M","?","$","E","?","M","B",null,"R","M","?","M","M","AVR","T","NM","M","R","?","$","M","$","M","B",null,"R","M","MIM","M","M","R","T","M"],"character_chosen":"SLIMEBOUND","items_purchased":["infinitespire:Bottled Soul"],"campfire_rested":1,"item_purchase_floors":[12],"current_hp_per_floor":[71,71,70,70,65,65,65,65,56,57,57,60,60,60,59,50,76,76,54,54,54,57,57,57,45,17,52,52,69,64,85,67,75,86,86,84,86,41,17,17,17,0,0,0],"gold":196,"neow_bonus":"TEN_PERCENT_HP_BONUS","is_daily":false,"chose_seed":false,"campfire_upgraded":4,"win_rate":0.0,"timestamp":1611027570,"path_taken":["R","M","M","?","?","R","T","?","M","M","?","$","E","?","M","BOSS","R","M","?","M","M","AVR","T","NM","M","R","?","$","M","?","M","BOSS","R","M","?","M","M","R","T","M"],"items_purchased_type":["Relic"],"build_version":"2020-12-22","purchased_purges":2,"victory":false,"max_hp_per_floor":[71,71,71,71,71,71,71,71,71,71,71,71,71,71,71,76,76,76,76,76,76,76,76,76,76,76,86,86,86,86,86,86,86,86,86,86,86,86,86,86,86,86,86,86],"card_choices":[{"not_picked":["Slimebound:Schlurp","Slimebound:LivingWall"],"picked":"Slimebound:GoopSpray","floor":2.0},{"not_picked":["Slimebound:RollThrough","Slimebound:LeechEnergy"],"picked":"Slimebound:SplitMire","floor":3.0},{"not_picked":["Slimebound:Equalize","Slimebound:Gluttony"],"picked":"Slimebound:SplitLeeching","floor":5.0},{"not_picked":["Slimebound:Schlurp","Slimebound:SamplingLick"],"picked":"Slimebound:SplitMire","floor":9.0},{"not_picked":["Slimebound:LeechingTouch","Slimebound:Schlurp"],"picked":"Slimebound:Repurpose","floor":10.0},{"not_picked":["Slimebound:Chomp","Slimebound:GrowthPunch"],"picked":"Slimebound:SelfFormingGoo","floor":12.0},{"not_picked":["Slimebound:Teamwork","Slimebound:LeechEnergy"],"picked":"Slimebound:LevelUp","floor":13.0},{"not_picked":["Slimebound:FinishingTackle","Slimebound:RejuvenatingLick"],"picked":"Slimebound:Repurpose","floor":15.0},{"not_picked":["Slimebound:OozeBath","Slimebound:SlimeSlap"],"picked":"Slimebound:MassRepurpose","floor":16.0},{"not_picked":["Slimebound:GrowthPunch","Slimebound:SamplingLick"],"picked":"Slimebound:FormOfPuddle+1","floor":19.0},{"not_picked":["Slimebound:GrowthPunch","Slimebound:LeadByExample","Slimebound:SlimeSpikes"],"picked":"SKIP","floor":21.0},{"not_picked":["Slimebound:LeechEnergy+1","Slimebound:Equalize+1"],"picked":"Slimebound:GrowthPunch","floor":22.0},{"not_picked":["Slimebound:Equalize","Slimebound:SplitMire","Slimebound:FlameTackle+1"],"picked":"SKIP","floor":25.0},{"not_picked":["Slimebound:SlimeBrawl","Slimebound:SamplingLick"],"picked":"Slimebound:RallyTheTroops","floor":26},{"not_picked":["Slimebound:FormOfPuddle","Slimebound:SamplingLick+1"],"picked":"Slimebound:SlimeBrawl","floor":29},{"not_picked":["Slimebound:SlimeBarrage","Slimebound:Nibble+1","Slimebound:HauntingLick+1"],"picked":"SKIP","floor":30},{"not_picked":["Slimebound:AcidTongue","Slimebound:Schlurp+1","Slimebound:SamplingLick"],"picked":"SKIP","floor":31},{"not_picked":["Slimebound:Nibble","Slimebound:SamplingLick","Slimebound:SplitLeeching"],"picked":"SKIP","floor":32},{"not_picked":["Slimebound:PrepareCrush","Slimebound:RallyTheTroops"],"picked":"Slimebound:OozeBath","floor":33},{"not_picked":["Slimebound:Chomp+1","Slimebound:LivingWall","Slimebound:LeechEnergy"],"picked":"SKIP","floor":36},{"not_picked":["Slimebound:HauntingLick+1","Slimebound:RollThrough+1","Slimebound:Nibble"],"picked":"SKIP","floor":38},{"not_picked":["Slimebound:TongueLash","Slimebound:GoopTackle+1","Slimebound:SlimeTap+1"],"picked":"SKIP","floor":39}],"player_experience":179712,"relics_obtained":[{"floor":7.0,"key":"Orichalcum"},{"floor":13.0,"key":"MealTicket"},{"floor":25.0,"key":"Happy Flower"},{"floor":41,"key":"Molten Egg 2"}],"event_choices":[],"is_beta":false,"boss_relics":[{"not_picked":["Sozu","Snecko Eye"],"picked":"SlaversCollar"},{"not_picked":["Pandora\u0027s Box","Runic Pyramid"],"picked":"Coffee Dripper"}],"items_purged_floors":[12,23],"is_endless":true,"potions_floor_spawned":[3,9,13,16,19,30,33,38],"killed_by":"4 Shapes","ascension_level":0}}