{"host":"9h1qbmp5h1ch7u4r","time":1611079491,"event":{"mods":["Act Like it!","BaseMod","Hallownest","Minty Spire (QoL Compilation)","StSLib","The Bug Knight"],"gold_per_floor":[18,18,18,32,32,32,52,80,80,80,110,128,128,144,144,144,144],"floor_reached":16,"language":"ENG","playtime":775,"items_purged":[],"score":127,"play_id":"8b7818a7-53f9-4167-994b-c548ebc007e0","local_time":"20210119130451","is_ascension_mode":true,"campfire_choices":[{"data":"HollowMod:theNailsmith","floor":6,"key":"SMITH"},{"data":"HollowMod:GrimmsGift","floor":10,"key":"SMITH"},{"data":"HollowMod:GreatSlash","floor":13,"key":"SMITH"},{"data":"HollowMod:FocusHealStart","floor":15,"key":"SMITH"}],"circlet_count":0,"master_deck":["HollowMod:NailStrikeStart","HollowMod:NailStrikeStart","HollowMod:NailStrikeStart","HollowMod:NailStrikeStart","HollowMod:QuickDashStart","HollowMod:QuickDashStart","HollowMod:QuickDashStart+1","HollowMod:FocusHealStart+1","HollowMod:PogoStrike+1","HollowMod:theNailsmith+1","HollowMod:GrimmsGift+1","HollowMod:PerfectDash","HollowMod:PerfectDash","HollowMod:GreatSlash+1","HollowMod:SharpenedShadows","HollowMod:MonomonsArchive"],"relics":["HollowMod:VesselMask","Dead Branch","Sundial","Happy Flower"],"acts_visited":["Exordium"],"potions_floor_usage":[11,12],"damage_taken":[{"damage":7,"enemies":"Jaw Worm","floor":1,"turns":3},{"damage":0,"enemies":"Small Slimes","floor":4,"turns":6},{"damage":0,"enemies":"Cultist","floor":7,"turns":3},{"damage":38,"enemies":"Lagavulin","floor":8,"turns":9},{"damage":39,"enemies":"HollowMod:MossKnight","floor":11,"turns":10},{"damage":4,"enemies":"Lots of Slimes","floor":12,"turns":3},{"damage":11,"enemies":"Looter","floor":14,"turns":2},{"damage":17,"enemies":"HollowMod:FalseKnight","floor":16,"turns":6}],"seed_played":"1863261160284044137","potions_obtained":[{"floor":1,"key":"FairyPotion"},{"floor":4,"key":"ColorlessPotion"},{"floor":7,"key":"SteroidPotion"}],"is_trial":false,"path_per_floor":["M","$","?","M","?","R","M","E","T","R","E","M","R","M","R","B"],"character_chosen":"THE_BUGKNIGHT","items_purchased":[],"campfire_rested":0,"item_purchase_floors":[],"current_hp_per_floor":[74,74,59,65,65,65,65,39,39,39,12,8,8,22,22,11,11],"gold":144,"neow_bonus":"THREE_RARE_CARDS","is_daily":false,"chose_seed":false,"campfire_upgraded":4,"win_rate":0.0,"timestamp":1611079491,"path_taken":["M","$","?","M","?","R","M","E","T","R","E","?","R","M","R","BOSS"],"items_purchased_type":[],"build_version":"2020-12-22","purchased_purges":0,"victory":false,"max_hp_per_floor":[75,75,75,75,75,75,75,75,75,75,75,75,75,75,75,75,75],"card_choices":[{"not_picked":["HollowMod:LordofShades","HollowMod:Weaversong"],"picked":"HollowMod:theNailsmith","floor":0},{"not_picked":["HollowMod:InfectedCysts","HollowMod:VengefulSpirit"],"picked":"HollowMod:GrimmsGift","floor":1},{"not_picked":["HollowMod:SoulSplash","HollowMod:SharpenedNail"],"picked":"HollowMod:PerfectDash","floor":4},{"not_picked":["HollowMod:CycloneSlash","HollowMod:WraithStrike"],"picked":"HollowMod:PerfectDash","floor":7},{"not_picked":["HollowMod:InfectedCysts","HollowMod:WraithStrike","HollowMod:ShapeofUnn"],"picked":"SKIP","floor":8},{"not_picked":["HollowMod:NewGlowingWomb","HollowMod:MonarchWings"],"picked":"HollowMod:GreatSlash","floor":11},{"not_picked":["HollowMod:VengefulVoid","HollowMod:HowlingWraiths"],"picked":"HollowMod:SharpenedShadows","floor":12},{"not_picked":["HollowMod:NewJinnsSoul","HollowMod:InfectionAssault"],"picked":"HollowMod:MonomonsArchive","floor":14}],"player_experience":910437,"relics_obtained":[{"floor":8,"key":"Dead Branch"},{"floor":9,"key":"Sundial"},{"floor":11,"key":"Happy Flower"}],"event_choices":[{"damage_healed":0,"gold_gain":0,"player_choice":"Entered Light","damage_taken":15,"max_hp_gain":0,"max_hp_loss":0,"event_name":"Shining Light","floor":3,"gold_loss":0,"cards_upgraded":["HollowMod:QuickDashStart","HollowMod:PogoStrike"]},{"cards_removed":["HollowMod:QuickDashStart"],"damage_healed":0,"gold_gain":0,"player_choice":"Purged","damage_taken":0,"max_hp_gain":0,"max_hp_loss":0,"event_name":"Purifier","floor":5,"gold_loss":0}],"is_beta":false,"boss_relics":[],"items_purged_floors":[],"is_endless":false,"potions_floor_spawned":[1,4,7],"killed_by":"HollowMod:FalseKnight","ascension_level":3}}