{"host":"cf32014d19ld5mat","time":1611077115,"event":{"mods":["AchievementEnabler","BaseMod","Block Reminder","Minty Spire (QoL Compilation)","Random Character Button","Relic Stats","StSLib"],"gold_per_floor":[109,59,134,134,154,154,187,204,253,282,282,310,16,27,27,122,122,132,149,64,79,94,122,3,3,29,59,9,23,55,155,155,257,257,269,269,1268,62,75,103,128,157,157,173,208,219,239,62,62,62],"floor_reached":51,"language":"ENG","playtime":2140,"items_purged":["Strike_R","Strike_R","Normality","Normality"],"score":1357,"play_id":"68f91e0b-e475-482d-b31b-5066c608fc67","local_time":"20210119172515","is_ascension_mode":true,"campfire_choices":[{"data":"Carnage","floor":6.0,"key":"SMITH"},{"data":"Havoc","floor":15.0,"key":"SMITH"},{"floor":32.0,"key":"REST"},{"floor":49,"key":"DIG"}],"circlet_count":0,"master_deck":["AscendersBane","Strike_R","Strike_R+1","Defend_R","Defend_R","Defend_R+1","Defend_R+1","Bash","Clothesline","Carnage+1","Shockwave+1","Havoc+1","Disarm+1","Battle Trance","Sentinel","Demon Form","Flame Barrier","Iron Wave+1","Immolate","Second Wind","Sword Boomerang+1","Demon Form","Offering","Armaments+1","True Grit","Corruption","Burning Pact"],"relics":["Burning Blood","Blood Vial","Mercury Hourglass","Toy Ornithopter","The Courier","Gremlin Horn","Magic Flower","Black Star","Thread and Needle","Bag of Marbles","Mango","Membership Card","Bronze Scales","Mummified Hand","Prayer Wheel","Tiny Chest","Strawberry","Snecko Eye","Shuriken","CaptainsWheel","HornCleat","Nunchaku","Shovel","Meat on the Bone","Frozen Eye","StoneCalendar","Kunai","Omamori","Question Card","War Paint","Oddly Smooth Stone","Lantern","Vajra","Bag of Preparation","PreservedInsect","Bottled Lightning","StrikeDummy","Paper Frog","Sundial","Whetstone"],"acts_visited":["Exordium","TheCity","TheBeyond"],"potions_floor_usage":[45],"damage_taken":[{"damage":7.0,"enemies":"Jaw Worm","floor":1.0,"turns":3.0},{"damage":15.0,"enemies":"Small Slimes","floor":5.0,"turns":5.0},{"damage":30.0,"enemies":"3 Sentries","floor":7.0,"turns":8.0},{"damage":0.0,"enemies":"Cultist","floor":8.0,"turns":2.0},{"damage":15.0,"enemies":"Lagavulin","floor":10.0,"turns":4.0},{"damage":15.0,"enemies":"3 Sentries","floor":12.0,"turns":6.0},{"damage":4.0,"enemies":"Looter","floor":14.0,"turns":3.0},{"damage":14.0,"enemies":"Slime Boss","floor":16.0,"turns":10.0},{"damage":3.0,"enemies":"Chosen","floor":18.0,"turns":4.0},{"damage":30.0,"enemies":"Spheric Guardian","floor":19.0,"turns":4.0},{"damage":7.0,"enemies":"Cultist and Chosen","floor":21.0,"turns":6.0},{"damage":13.0,"enemies":"Snake Plant","floor":22.0,"turns":4.0},{"damage":16.0,"enemies":"Gremlin Leader","floor":23.0,"turns":6.0},{"damage":32.0,"enemies":"Book of Stabbing","floor":27.0,"turns":7.0},{"damage":7.0,"enemies":"Snecko","floor":29.0,"turns":4.0},{"damage":26.0,"enemies":"Slavers","floor":30.0,"turns":4.0},{"damage":78.0,"enemies":"Collector","floor":33.0,"turns":9.0},{"damage":3.0,"enemies":"Orb Walker","floor":35.0,"turns":3.0},{"damage":15.0,"enemies":"3 Darklings","floor":39.0,"turns":3.0},{"damage":13.0,"enemies":"Giant Head","floor":40.0,"turns":8.0},{"damage":6,"enemies":"Reptomancer","floor":42,"turns":4},{"damage":6,"enemies":"Spire Growth","floor":44,"turns":4},{"damage":13,"enemies":"Nemesis","floor":45,"turns":5},{"damage":6,"enemies":"Jaw Worm Horde","floor":46,"turns":3},{"damage":6,"enemies":"Sphere and 2 Shapes","floor":47,"turns":3},{"damage":7,"enemies":"Time Eater","floor":50,"turns":7}],"seed_played":"-5041942664683013035","potions_obtained":[{"floor":5.0,"key":"Strength Potion"},{"floor":7.0,"key":"ElixirPotion"},{"floor":16.0,"key":"Fire Potion"},{"floor":22.0,"key":"EssenceOfSteel"},{"floor":27.0,"key":"LiquidMemories"},{"floor":39.0,"key":"Fire Potion"},{"floor":42,"key":"Fruit Juice"},{"floor":45,"key":"Energy Potion"}],"is_trial":false,"path_per_floor":["M","?","?","?","M","R","E","M","T","E","?","E","$","M","R","B",null,"M","M","?","M","M","E","$","?","T","E","$","M","E","?","R","B",null,"M","?","?","$","M","E","T","E","T","M","E","M","M","$","R","B",null],"character_chosen":"IRONCLAD","items_purchased":["Magic Flower","Membership Card","Shuriken","CaptainsWheel","HornCleat","Nunchaku","Shovel","Meat on the Bone","Frozen Eye","StoneCalendar","Kunai","Omamori","Question Card","War Paint","Oddly Smooth Stone","Sundial"],"campfire_rested":1,"item_purchase_floors":[13,24,38,38,38,38,38,38,38,38,38,38,38,38,38,48],"current_hp_per_floor":[79,79,68,65,58,58,36,44,44,42,24,17,17,25,25,23,72,81,63,63,76,75,93,93,72,72,52,52,57,58,58,92,26,92,101,101,101,101,98,97,97,103,103,109,118,119,119,119,119,119],"gold":62,"neow_bonus":"TEN_PERCENT_HP_BONUS","is_daily":false,"chose_seed":false,"campfire_upgraded":2,"win_rate":0.0,"timestamp":1611077115,"path_taken":["M","?","?","?","M","R","E","M","T","E","?","E","$","M","R","BOSS","M","M","?","M","M","E","$","?","T","E","?","M","E","?","R","BOSS","M","?","?","$","M","E","?","E","T","M","E","M","M","$","R","BOSS"],"items_purchased_type":["Relic","Relic","Relic","Relic","Relic","Relic","Relic","Relic","Relic","Relic","Relic","Relic","Relic","Relic","Relic","Relic"],"build_version":"2020-12-22","purchased_purges":4,"victory":true,"max_hp_per_floor":[88,88,88,88,88,88,88,88,88,88,88,88,88,88,88,88,88,88,88,88,88,88,102,102,107,107,107,107,107,114,114,114,114,114,114,114,114,114,114,114,114,114,114,114,119,119,119,119,119,119],"relic_stats":{"Gremlin Horn":[16,18],"Magic Flower":[78],"StoneCalendar":[52],"Bag of Preparation":[12],"Whetstone":["Strike_R","Sword Boomerang"],"Burning Blood":208,"Blood Vial":62,"Nunchaku":[5],"Shovel":1,"Mummified Hand":[47],"Sundial":[2],"Prayer Wheel":6,"Tiny Chest":1,"Kunai":[5],"counters":[26,128],"PreservedInsect":50,"War Paint":["Defend_R","Defend_R"],"Question Card":11,"Mercury Hourglass":[435],"Shuriken":[5],"Bronze Scales":[229],"Snecko Eye":[76,78,77,65],"Black Star":6,"obtain_stats":[{"Lantern":40,"Gremlin Horn":12,"Magic Flower":13,"Vajra":40,"Mango":23,"StoneCalendar":38,"Bag of Preparation":41,"Whetstone":49,"Burning Blood":0,"Blood Vial":4,"Frozen Eye":38,"Nunchaku":38,"HornCleat":38,"Shovel":38,"Mummified Hand":27,"Sundial":48,"Strawberry":30,"Prayer Wheel":27,"Tiny Chest":30,"Kunai":38,"Paper Frog":45,"Oddly Smooth Stone":38,"Thread and Needle":20,"The Courier":10,"PreservedInsect":42,"Omamori":38,"War Paint":38,"Question Card":38,"Mercury Hourglass":7,"CaptainsWheel":38,"Shuriken":38,"Bronze Scales":26,"Snecko Eye":34,"Black Star":17,"Bag of Marbles":23,"Membership Card":24,"Bottled Lightning":42,"StrikeDummy":45,"Toy Ornithopter":9,"Meat on the Bone":38},{"Lantern":20,"Gremlin Horn":6,"Magic Flower":6,"Vajra":20,"Mango":13,"StoneCalendar":18,"Bag of Preparation":20,"Whetstone":25,"Burning Blood":0,"Blood Vial":1,"Frozen Eye":18,"Nunchaku":18,"HornCleat":18,"Shovel":18,"Mummified Hand":14,"Sundial":25,"Strawberry":16,"Prayer Wheel":14,"Tiny Chest":16,"Kunai":18,"Paper Frog":23,"Oddly Smooth Stone":18,"Thread and Needle":10,"The Courier":5,"PreservedInsect":21,"Omamori":18,"War Paint":18,"Question Card":18,"Mercury Hourglass":3,"CaptainsWheel":18,"Shuriken":18,"Bronze Scales":13,"Snecko Eye":17,"Black Star":8,"Bag of Marbles":13,"Membership Card":13,"Bottled Lightning":21,"StrikeDummy":23,"Toy Ornithopter":4,"Meat on the Bone":18},{"Lantern":103,"Gremlin Horn":28,"Magic Flower":28,"Vajra":103,"Mango":65,"StoneCalendar":92,"Bag of Preparation":103,"Whetstone":121,"Burning Blood":0,"Blood Vial":3,"Frozen Eye":92,"Nunchaku":92,"HornCleat":92,"Shovel":92,"Mummified Hand":72,"Sundial":121,"Strawberry":80,"Prayer Wheel":72,"Tiny Chest":80,"Kunai":92,"Paper Frog":115,"Oddly Smooth Stone":92,"Thread and Needle":49,"The Courier":22,"PreservedInsect":107,"Omamori":92,"War Paint":92,"Question Card":92,"Mercury Hourglass":16,"CaptainsWheel":92,"Shuriken":92,"Bronze Scales":65,"Snecko Eye":89,"Black Star":41,"Bag of Marbles":65,"Membership Card":65,"Bottled Lightning":107,"StrikeDummy":115,"Toy Ornithopter":18,"Meat on the Bone":92}],"Toy Ornithopter":34,"Meat on the Bone":0},"card_choices":[{"not_picked":["Twin Strike","Armaments"],"picked":"Clothesline","floor":1.0},{"not_picked":["Anger","Clash"],"picked":"Carnage","floor":5.0},{"not_picked":["Clash","Dropkick"],"picked":"Shockwave","floor":7.0},{"not_picked":["Blood for Blood","Wild Strike"],"picked":"Havoc","floor":8.0},{"not_picked":["Perfected Strike","Twin Strike"],"picked":"Disarm","floor":10.0},{"not_picked":["Havoc","Body Slam"],"picked":"Battle Trance","floor":12.0},{"not_picked":["Shockwave","Clothesline"],"picked":"Sentinel","floor":14.0},{"not_picked":["Limit Break","Brutality"],"picked":"Demon Form","floor":16.0},{"not_picked":["Wild Strike","Rampage","Clothesline"],"picked":"SKIP","floor":18.0},{"not_picked":["Flex","Pommel Strike+1"],"picked":"Flame Barrier","floor":19.0},{"not_picked":["Anger","Headbutt"],"picked":"Iron Wave+1","floor":21.0},{"not_picked":["Disarm+1","Bloodletting+1"],"picked":"Immolate","floor":22.0},{"not_picked":["True Grit","Twin Strike"],"picked":"Second Wind","floor":23.0},{"not_picked":["Heavy Blade","Sword Boomerang","Rage"],"picked":"SKIP","floor":27.0},{"not_picked":["Heavy Blade","Rage"],"picked":"Sword Boomerang","floor":27.0},{"not_picked":["Clash","Wild Strike"],"picked":"Armaments","floor":29.0},{"not_picked":["Clash","Heavy Blade"],"picked":"Demon Form","floor":29.0},{"not_picked":["Iron Wave+1","Anger+1","Flex"],"picked":"SKIP","floor":30.0},{"not_picked":["Corruption","Immolate"],"picked":"Offering","floor":33.0},{"not_picked":["True Grit","Anger+1","Cleave"],"picked":"SKIP","floor":35.0},{"not_picked":["Searing Blow+1","Thunderclap+1","Wild Strike"],"picked":"SKIP","floor":35.0},{"not_picked":["Reckless Charge+1","Dropkick","Fire Breathing"],"picked":"Armaments+1","floor":39.0},{"not_picked":["Flame Barrier+1","Headbutt+1","Iron Wave+1"],"picked":"True Grit","floor":39.0},{"not_picked":["Blood for Blood","Whirlwind","Shockwave"],"picked":"Corruption","floor":40.0},{"not_picked":["Anger","Heavy Blade+1","Dual Wield","Immolate"],"picked":"SKIP","floor":42},{"not_picked":["Anger","Heavy Blade+1","Dual Wield","Immolate"],"picked":"SKIP","floor":42},{"not_picked":["Heavy Blade+1","Dropkick+1","Whirlwind","Reckless Charge"],"picked":"SKIP","floor":44},{"not_picked":["Wild Strike","Twin Strike+1","Sword Boomerang+1","Rupture"],"picked":"SKIP","floor":44},{"not_picked":["Clash","Iron Wave+1","Immolate","Second Wind"],"picked":"SKIP","floor":45},{"not_picked":["Evolve","Havoc","Disarm","Thunderclap"],"picked":"SKIP","floor":46},{"not_picked":["Cleave+1","Warcry+1","Whirlwind+1","Hemokinesis"],"picked":"SKIP","floor":46},{"not_picked":["Dark Embrace","Flex","Clothesline"],"picked":"Burning Pact","floor":47},{"not_picked":["Twin Strike","Power Through+1","Searing Blow","Dropkick"],"picked":"SKIP","floor":47}],"player_experience":988037,"relics_obtained":[{"floor":7.0,"key":"Mercury Hourglass"},{"floor":9.0,"key":"Toy Ornithopter"},{"floor":10.0,"key":"The Courier"},{"floor":12.0,"key":"Gremlin Horn"},{"floor":23.0,"key":"Bag of Marbles"},{"floor":23.0,"key":"Mango"},{"floor":26.0,"key":"Bronze Scales"},{"floor":27.0,"key":"Mummified Hand"},{"floor":27.0,"key":"Prayer Wheel"},{"floor":30.0,"key":"Tiny Chest"},{"floor":30.0,"key":"Strawberry"},{"floor":40.0,"key":"Lantern"},{"floor":40.0,"key":"Vajra"},{"floor":41.0,"key":"Bag of Preparation"},{"floor":42,"key":"PreservedInsect"},{"floor":42,"key":"Bottled Lightning"},{"floor":45,"key":"StrikeDummy"},{"floor":45,"key":"Paper Frog"},{"floor":49,"key":"Whetstone"}],"event_choices":[{"cards_removed":["Strike_R"],"damage_healed":0.0,"max_hp_gain":0.0,"max_hp_loss":0.0,"gold_gain":0.0,"event_name":"The Cleric","player_choice":"Card Removal","floor":2.0,"gold_loss":50.0,"damage_taken":0.0},{"damage_healed":0.0,"max_hp_gain":0.0,"max_hp_loss":0.0,"gold_gain":75.0,"event_name":"World of Goop","player_choice":"Gather Gold","floor":3.0,"gold_loss":0.0,"damage_taken":11.0},{"damage_healed":0.0,"max_hp_gain":0.0,"max_hp_loss":0.0,"gold_gain":0.0,"event_name":"Scrap Ooze","player_choice":"Success","floor":4.0,"gold_loss":0.0,"damage_taken":3.0,"relics_obtained":["Blood Vial"]},{"damage_healed":0.0,"max_hp_gain":0.0,"max_hp_loss":0.0,"gold_gain":0.0,"event_name":"Shining Light","player_choice":"Entered Light","floor":11.0,"gold_loss":0.0,"damage_taken":18.0,"cards_upgraded":["Shockwave","Disarm"]},{"damage_healed":0.0,"max_hp_gain":0.0,"max_hp_loss":0.0,"gold_gain":0.0,"event_name":"Addict","player_choice":"Obtained Relic","floor":20.0,"gold_loss":85.0,"damage_taken":0.0,"relics_obtained":["Thread and Needle"]},{"damage_healed":0.0,"max_hp_gain":5.0,"max_hp_loss":0.0,"gold_gain":0.0,"event_name":"Forgotten Altar","player_choice":"Shed Blood","floor":25.0,"gold_loss":0.0,"damage_taken":26.0},{"damage_healed":0.0,"max_hp_gain":0.0,"max_hp_loss":0.0,"gold_gain":100.0,"event_name":"Golden Shrine","player_choice":"Pray","floor":31.0,"gold_loss":0.0,"damage_taken":0.0},{"cards_removed":["Armaments"],"damage_healed":0.0,"max_hp_gain":0.0,"max_hp_loss":0.0,"gold_gain":0.0,"event_name":"Falling","player_choice":"Removed Skill","floor":36.0,"gold_loss":0.0,"damage_taken":0.0},{"damage_healed":0.0,"max_hp_gain":0.0,"max_hp_loss":0.0,"gold_gain":999.0,"event_name":"MindBloom","player_choice":"Gold","floor":37.0,"gold_loss":0.0,"damage_taken":0.0,"cards_obtained":["Normality","Normality"]}],"is_beta":false,"boss_relics":[{"not_picked":["Runic Pyramid","Runic Cube"],"picked":"Black Star"},{"not_picked":["Philosopher\u0027s Stone","Sozu"],"picked":"Snecko Eye"}],"items_purged_floors":[13,28,38,48],"is_endless":false,"potions_floor_spawned":[5,7,16,22,27,39,42,45],"ascension_level":10}}