{"host":"nbmmy2ys5j9alw05","time":1611047519,"event":{"mods":["AchievementEnabler","BaseMod","Bestiary","Better Vampires","Colored Map","Colored Powertips","Googly Eyes","Minty Spire (QoL Compilation)","Quick Restart","StSLib","The Hierophant","The IronCluck","everything is the same but u backflip on backflip"],"gold_per_floor":[116,135,135,135,135,170,74,74,128,126,146,181,179,208,208,178,178],"floor_reached":16,"language":"ENG","playtime":791,"items_purged":[],"score":161,"play_id":"dc833012-89f2-4321-9c95-4a79d185aebd","local_time":"20210119011159","is_ascension_mode":true,"campfire_choices":[{"data":"Bandage Up","floor":8,"key":"SMITH"},{"floor":15,"key":"REST"}],"circlet_count":0,"master_deck":["hierophant:Strike_Hierophant+1","hierophant:Strike_Hierophant","hierophant:Strike_Hierophant","hierophant:Strike_Hierophant","hierophant:Punish","hierophant:Defend_Hierophant","hierophant:Defend_Hierophant","hierophant:Defend_Hierophant","hierophant:Defend_Hierophant","hierophant:ChurchCoffers+1","hierophant:Bribe","hierophant:Exaltation+1","hierophant:Smite","Bandage Up+1","hierophant:Repentance","hierophant:ArchangelShield","hierophant:PristineSoul","hierophant:FieryStrike","hierophant:Patience"],"relics":["hierophant:PropheticMaskRelic","NeowsBlessing","Golden Idol","Question Card","Omamori","Toy Ornithopter","Bronze Scales","Shovel"],"acts_visited":["Exordium"],"potions_floor_usage":[10,12,12,14,16],"damage_taken":[{"damage":0,"enemies":"Cultist","floor":1,"turns":1},{"damage":0,"enemies":"Jaw Worm","floor":2,"turns":1},{"damage":0,"enemies":"3 Sentries","floor":6,"turns":1},{"damage":28,"enemies":"Gremlin Nob","floor":10,"turns":4},{"damage":3,"enemies":"Small Slimes","floor":11,"turns":3},{"damage":40,"enemies":"3 Sentries","floor":12,"turns":11},{"damage":6,"enemies":"Looter","floor":13,"turns":2},{"damage":3,"enemies":"Lagavulin","floor":14,"turns":7},{"damage":76,"enemies":"The Guardian","floor":16,"turns":12}],"seed_played":"1739597394852406063","potions_obtained":[{"floor":1,"key":"SpeedPotion"},{"floor":6,"key":"BlessingOfTheForge"},{"floor":11,"key":"Regen Potion"},{"floor":13,"key":"Block Potion"},{"floor":14,"key":"Explosive Potion"}],"is_trial":false,"path_per_floor":["M","M","?","?","?","E","$","R","T","E","M","E","M","E","R","B"],"character_chosen":"HIEROPHANT","items_purchased":["Bandage Up"],"campfire_rested":1,"item_purchase_floors":[7],"current_hp_per_floor":[75,75,60,60,42,42,42,42,42,20,23,14,8,16,38,0,0],"gold":178,"neow_bonus":"THREE_ENEMY_KILL","is_daily":false,"chose_seed":false,"campfire_upgraded":1,"win_rate":0.0,"timestamp":1611047519,"path_taken":["M","?","?","?","?","E","$","R","T","E","M","E","M","E","R","BOSS"],"items_purchased_type":["Card"],"build_version":"2020-12-22","purchased_purges":0,"victory":false,"max_hp_per_floor":[75,75,75,75,75,75,75,75,75,75,75,75,75,75,75,75,75],"card_choices":[{"not_picked":["hierophant:Empathy","hierophant:Smite"],"picked":"hierophant:Bribe","floor":1},{"not_picked":["hierophant:Shelter","hierophant:Purify"],"picked":"hierophant:Exaltation","floor":2},{"not_picked":["hierophant:HammerAndAnvil","hierophant:Zeal"],"picked":"hierophant:Smite","floor":6},{"not_picked":["hierophant:Charity","hierophant:Doomsaying","hierophant:TollTheBells"],"picked":"hierophant:Repentance","floor":10},{"not_picked":["hierophant:Bribe","hierophant:SealAway","hierophant:AuricBeam"],"picked":"hierophant:ArchangelShield","floor":11},{"not_picked":["hierophant:SecretStash","hierophant:CoinFling","hierophant:SolarFlare"],"picked":"hierophant:PristineSoul","floor":12},{"not_picked":["hierophant:MorningPrayer","hierophant:Encroach","hierophant:Doubloon"],"picked":"hierophant:FieryStrike","floor":13},{"not_picked":["hierophant:Racketeering","hierophant:OrnateJavelin","hierophant:LocustPlague"],"picked":"hierophant:Patience","floor":14}],"player_experience":467420,"relics_obtained":[{"floor":6,"key":"Question Card"},{"floor":9,"key":"Omamori"},{"floor":10,"key":"Toy Ornithopter"},{"floor":12,"key":"Bronze Scales"},{"floor":14,"key":"Shovel"}],"event_choices":[{"damage_healed":0,"gold_gain":0,"player_choice":"Entered Light","damage_taken":15,"max_hp_gain":0,"max_hp_loss":0,"event_name":"Shining Light","floor":3,"gold_loss":0,"cards_upgraded":["hierophant:Strike_Hierophant","hierophant:ChurchCoffers"]},{"damage_healed":0,"gold_gain":0,"player_choice":"Grow","damage_taken":0,"max_hp_gain":0,"max_hp_loss":0,"event_name":"Living Wall","floor":4,"gold_loss":0,"cards_upgraded":["hierophant:Exaltation"]},{"damage_healed":0,"gold_gain":0,"player_choice":"Take Damage","damage_taken":18,"relics_obtained":["Golden Idol"],"max_hp_gain":0,"max_hp_loss":0,"event_name":"Golden Idol","floor":5,"gold_loss":0}],"is_beta":false,"boss_relics":[],"items_purged_floors":[],"is_endless":false,"potions_floor_spawned":[1,6,11,13,14],"killed_by":"The Guardian","ascension_level":1}}