{"host":"iyj530209nkhhjuz","time":1611079516,"event":{"mods":["AchievementEnabler","BaseMod","Better Match","Better Note","Better Third Choice","BetterRewards","Colored Map","Colored Powertips","Dark Map","Fox Events","Highlight Path","Minty Spire (QoL Compilation)","Permanent Neow","Random Character Button","Rare Cards Sparkle","Relic Stats","StSLib","Waifu the Spire"],"gold_per_floor":[109,126,137,37,51,86,86,116,116,135,135,146,161,36,36,36,36],"floor_reached":16,"language":"ENG","playtime":2722,"items_purged":["Strike_R","Strike_R","Strike_R"],"score":221,"play_id":"3d8ec419-ac61-486a-acef-05ce5f07a978","local_time":"20210119190516","is_ascension_mode":true,"campfire_choices":[{"data":"Armaments","floor":7.0,"key":"SMITH"},{"data":"Armaments","floor":11.0,"key":"SMITH"},{"data":"Searing Blow","floor":15.0,"key":"SMITH"}],"circlet_count":0,"master_deck":["Strike_R","Strike_R","Defend_R","Defend_R","Defend_R","Defend_R","Bash","Searing Blow+1","Armaments+1","Bloodletting","Headbutt","Armaments+1"],"relics":["Burning Blood","Pear","CaptainsWheel","White Beast Statue"],"acts_visited":[],"potions_floor_usage":[],"damage_taken":[{"damage":6.0,"enemies":"Cultist","floor":1.0,"turns":4.0},{"damage":1.0,"enemies":"2 Louse","floor":2.0,"turns":3.0},{"damage":3.0,"enemies":"Small Slimes","floor":3.0,"turns":4.0},{"damage":1.0,"enemies":"2 Fungi Beasts","floor":5.0,"turns":2.0},{"damage":32.0,"enemies":"Gremlin Nob","floor":6.0,"turns":5.0},{"damage":12.0,"enemies":"3 Sentries","floor":8.0,"turns":10.0},{"damage":2.0,"enemies":"3 Louse","floor":10.0,"turns":5.0},{"damage":31.0,"enemies":"Exordium Thugs","floor":12.0,"turns":6.0},{"damage":7.0,"enemies":"Red Slaver","floor":13.0,"turns":4.0},{"damage":36,"enemies":"The Guardian","floor":16,"turns":6}],"seed_played":"-4167007661274471450","potions_obtained":[{"floor":1.0,"key":"Explosive Potion"},{"floor":5.0,"key":"EssenceOfSteel"},{"floor":6.0,"key":"Block Potion"},{"floor":10.0,"key":"Energy Potion"},{"floor":12.0,"key":"SteroidPotion"},{"floor":13.0,"key":"SteroidPotion"}],"is_trial":false,"path_per_floor":["M","M","M","$","M","E","R","E","T","M","R","M","M","$","R","B"],"character_chosen":"IRONCLAD","items_purchased":["Searing Blow","Armaments"],"campfire_rested":0,"item_purchase_floors":[0,0],"current_hp_per_floor":[72,77,80,80,80,64,64,58,58,62,62,37,36,36,36,0,0],"gold":36,"neow_bonus":"","is_daily":false,"chose_seed":false,"campfire_upgraded":3,"win_rate":0.0,"timestamp":1611079516,"path_taken":["M","?","M","$","M","E","R","E","T","M","R","M","M","$","R","BOSS"],"items_purchased_type":["Card","Card"],"build_version":"2020-12-22","purchased_purges":3,"victory":false,"max_hp_per_floor":[80,80,80,80,80,90,90,90,90,90,90,90,90,90,90,90,90],"relic_stats":{"counters":[1,6],"obtain_stats":[{"CaptainsWheel":0,"Pear":0,"Burning Blood":0,"White Beast Statue":0},{"CaptainsWheel":0,"Pear":0,"Burning Blood":0,"White Beast Statue":0},{"CaptainsWheel":0,"Pear":0,"Burning Blood":0,"White Beast Statue":0}],"Burning Blood":0},"card_choices":[{"not_picked":["Sword Boomerang","Shrug It Off"],"picked":"Bloodletting","floor":1.0},{"not_picked":["Heavy Blade","Wild Strike","Clash"],"picked":"SKIP","floor":2.0},{"not_picked":["Whirlwind","Reckless Charge"],"picked":"Headbutt","floor":3.0},{"not_picked":["Evolve","Dropkick","Flex"],"picked":"SKIP","floor":5.0},{"not_picked":["Inflame","Fire Breathing"],"picked":"Armaments","floor":6.0},{"not_picked":["Disarm","Shrug It Off","Body Slam"],"picked":"SKIP","floor":8.0},{"not_picked":["Heavy Blade","Cleave","Pommel Strike"],"picked":"SKIP","floor":10.0},{"not_picked":["Warcry","Thunderclap","Twin Strike"],"picked":"SKIP","floor":12.0},{"not_picked":["Anger","Hemokinesis","Heavy Blade"],"picked":"SKIP","floor":13.0}],"player_experience":412664,"relics_obtained":[{"floor":6.0,"key":"Pear"},{"floor":8.0,"key":"CaptainsWheel"},{"floor":9.0,"key":"White Beast Statue"}],"event_choices":[],"is_beta":false,"boss_relics":[],"items_purged_floors":[0,4,14],"is_endless":false,"potions_floor_spawned":[1,5,6,10,12,13],"killed_by":"The Guardian","ascension_level":7}}