{"host":"3yynf0dn84873kbr","time":1611065562,"event":{"mods":["100% Spire Juice","Act Like it!","BaseMod","CapriCore","ChefMod","Marisa£®ÏF”Í°°ƒß¿Ì…≥£©","Minty Spire (QoL Compilation)","Pale of the Ancients","StSLib","[IsaacMod]“‘»ˆº‚À˛"],"gold_per_floor":[110,125,225,152,162,187,187,187,233,233,253,353,383,400,400,505,505,525,624,624,624,643,643,643,660,660,692,717,717,717,731,731,831,831,848,896,896,918,939,939],"floor_reached":39,"language":"ZHS","playtime":1637,"items_purged":[],"score":457,"play_id":"affef964-dc0a-4856-9b8b-51aa63379736","local_time":"20210119221242","is_ascension_mode":false,"campfire_choices":[{"data":"chefmod:TodaysSpecial","floor":7,"key":"SMITH"},{"data":"chefmod:FireUp","floor":10,"key":"SMITH"},{"floor":15,"key":"REST"},{"data":"chefmod:FrozenTuna","floor":23,"key":"SMITH"},{"data":"chefmod:Escargot","floor":29,"key":"SMITH"},{"floor":32,"key":"REST"}],"circlet_count":0,"master_deck":["chefmod:Strike+1","chefmod:Strike+1","chefmod:Strike+1","chefmod:Strike+1","chefmod:QuickThaw","chefmod:Defend+1","chefmod:Defend+1","chefmod:Defend+1","chefmod:Defend+1","chefmod:TodaysSpecial+1","EpicFetus","chefmod:FryPan","chefmod:FireUp+1","chefmod:Defrost","chefmod:SliceAndDice","chefmod:HotSoup","chefmod:KnifeFlurry","chefmod:QuickChop","chefmod:FrozenTuna+1","chefmod:FireUp","chefmod:ColdSteel","chefmod:OrderUp","chefmod:Gelato","chefmod:Escargot+1","chefmod:Leftovers","chefmod:Granita+1","chefmod:Fillet+1","chefmod:FreshProduce","chefmod:Cleavers+1","chefmod:HotSoup","chefmod:Mince","chefmod:IcePick+1","chefmod:TwoForOne","Core Surge"],"relics":["chefmod:TrustyPot","HushsDoor","NeowsBlessing","SteamSale","Membership Card","Matryoshka","Dream Catcher","PreservedInsect","Toolbox","Unceasing Top","Blood Vial","Tiny Chest","MaYiHuaBei","Bronze Scales","MagicMushroom","Toy Ornithopter","Ornamental Fan","White Beast Statue","HandDrill","PillsDrop","Shuriken","Strawberry","Art of War","Regal Pillow","Pantograph","Black Star","Peace Pipe","SalivaCoin","Void"],"acts_visited":["Exordium","TheCity","TheBeyond"],"potions_floor_usage":[6,6,16,16,16],"damage_taken":[{"damage":0,"enemies":"Small Slimes","floor":1,"turns":2},{"damage":0,"enemies":"Cultist","floor":2,"turns":1},{"damage":0,"enemies":"Jaw Worm","floor":5,"turns":1},{"damage":19,"enemies":"Lagavulin","floor":6,"turns":6},{"damage":15,"enemies":"Looter","floor":11,"turns":4},{"damage":12,"enemies":"Gremlin Nob","floor":13,"turns":4},{"damage":0,"enemies":"Lots of Slimes","floor":14,"turns":1},{"damage":37,"enemies":"Hexaghost","floor":16,"turns":6},{"damage":0,"enemies":"3 Byrds","floor":18,"turns":2},{"damage":0,"enemies":"Chosen","floor":22,"turns":3},{"damage":0,"enemies":"3 Cultists","floor":25,"turns":3},{"damage":18,"enemies":"Gremlin Leader","floor":27,"turns":5},{"damage":0,"enemies":"Snecko","floor":31,"turns":3},{"damage":25,"enemies":"Automaton","floor":33,"turns":7},{"damage":3,"enemies":"3 Shapes","floor":35,"turns":5},{"damage":22,"enemies":"2 Orb Walkers","floor":36,"turns":3},{"damage":7,"enemies":"3 Darklings","floor":38,"turns":4},{"damage":69,"enemies":"Transient","floor":39,"turns":5}],"seed_played":"-3389813702941116231","potions_obtained":[{"floor":2,"key":"SkillPotion"},{"floor":6,"key":"Dexterity Potion"},{"floor":16,"key":"LiquidMemories"}],"is_trial":false,"path_per_floor":["M","M","?","$","M","E","R","$","T","R","M","?","E","M","R","B",null,"M","?","T","?","M","R","$","M","T","E","T","R","$","M","R","B",null,"M","?","$","M","M"],"character_chosen":"THE_CHEF","items_purchased":["Membership Card","Matryoshka","Dream Catcher","SkillPotion","LiquidBronze","Toolbox","Unceasing Top","Blood Vial","chefmod:HotSoup","chefmod:KnifeFlurry","LiquidBronze","White Beast Statue","HandDrill","PillsDrop","chefmod:Escargot","chefmod:Leftovers","Strength Potion","FearPotion","Regal Pillow","Pantograph","Cauldron","chefmod:FreshProduce","SalivaCoin","Void","PrismaticShard","chefmod:TwoForOne"],"campfire_rested":2,"item_purchase_floors":[4,4,4,4,4,8,8,8,8,8,8,24,24,24,24,24,24,24,30,30,30,30,37,37,37,37],"current_hp_per_floor":[76,76,76,76,76,57,57,57,57,57,44,44,34,36,58,23,83,83,83,83,83,83,83,83,83,83,72,72,72,72,75,90,65,90,87,68,68,64,0,0],"gold":939,"neow_bonus":"THREE_ENEMY_KILL","is_daily":false,"chose_seed":false,"campfire_upgraded":4,"win_rate":0.0,"timestamp":1611065562,"path_taken":["M","M","?","$","M","E","R","$","T","R","M","?","E","?","R","BOSS","M","?","?","?","?","R","$","?","T","E","?","R","$","M","R","BOSS","M","?","$","M","M"],"items_purchased_type":["Relic","Relic","Relic","Potion","Potion","Relic","Relic","Relic","Card","Card","Potion","Relic","Relic","Relic","Card","Card","Potion","Potion","Relic","Relic","Relic","Card","Relic","Card","Relic","Card"],"build_version":"2020-12-22","purchased_purges":0,"victory":false,"max_hp_per_floor":[76,76,76,76,76,76,76,76,76,76,76,76,76,76,76,76,83,83,83,83,83,83,83,83,83,83,90,90,90,90,90,90,90,90,90,90,90,90,90,90],"card_choices":[{"not_picked":[],"picked":"EpicFetus","floor":0},{"not_picked":["chefmod:Chop","chefmod:Granita"],"picked":"chefmod:FryPan","floor":1},{"not_picked":["chefmod:PotatoGratin","chefmod:Gelato"],"picked":"chefmod:FireUp","floor":2},{"not_picked":["chefmod:GroceryDelivery","Bomb"],"picked":"chefmod:Defrost","floor":3},{"not_picked":["chefmod:DinoKale","chefmod:AllYouCanEat"],"picked":"chefmod:SliceAndDice","floor":5},{"not_picked":["chefmod:DeepFreeze","chefmod:LiquidNitrogen"],"picked":"Bomb","floor":6},{"not_picked":["chefmod:BaoBuns","chefmod:DinoKale"],"picked":"chefmod:QuickChop","floor":11},{"not_picked":["chefmod:Ratatouille","chefmod:Chop"],"picked":"chefmod:FrozenTuna","floor":13},{"not_picked":["chefmod:Ratatouille","chefmod:BleedOut"],"picked":"chefmod:FireUp","floor":14},{"not_picked":["Bomb","chefmod:FireUp"],"picked":"chefmod:ColdSteel","floor":15},{"not_picked":["chefmod:Mince","chefmod:TwoForOne"],"picked":"chefmod:OrderUp","floor":16},{"not_picked":["chefmod:Granita","chefmod:FireUp"],"picked":"chefmod:Gelato","floor":18},{"not_picked":["chefmod:Sorbet","chefmod:CuttingBoard+1","chefmod:DinoKale+1"],"picked":"SKIP","floor":22},{"not_picked":["chefmod:SliceAndDice","chefmod:FryPan"],"picked":"chefmod:Granita+1","floor":25},{"not_picked":["chefmod:FryPan","chefmod:Gelato+1"],"picked":"chefmod:Fillet+1","floor":27},{"not_picked":["chefmod:ZaruSoba","chefmod:HotSoup"],"picked":"chefmod:Cleavers+1","floor":31},{"not_picked":["chefmod:PrepCook","chefmod:Granita"],"picked":"chefmod:HotSoup","floor":32},{"not_picked":["chefmod:CapreseSalad","chefmod:Canape"],"picked":"chefmod:Mince","floor":33},{"not_picked":["chefmod:FryPan+1","chefmod:HotSoup"],"picked":"chefmod:IcePick+1","floor":35},{"not_picked":["Compile Driver","EmptyFist+1"],"picked":"Core Surge","floor":38}],"player_experience":129946,"relics_obtained":[{"floor":6,"key":"PreservedInsect"},{"floor":9,"key":"Tiny Chest"},{"floor":9,"key":"MaYiHuaBei"},{"floor":13,"key":"Bronze Scales"},{"floor":20,"key":"Toy Ornithopter"},{"floor":20,"key":"Ornamental Fan"},{"floor":26,"key":"Shuriken"},{"floor":27,"key":"Strawberry"},{"floor":28,"key":"Art of War"},{"floor":36,"key":"Peace Pipe"}],"event_choices":[{"damage_healed":0,"gold_gain":100,"player_choice":"Pray","damage_taken":0,"max_hp_gain":0,"max_hp_loss":0,"event_name":"Golden Shrine","floor":12,"gold_loss":0},{"damage_healed":0,"gold_gain":99,"player_choice":"Stole From Cult","damage_taken":0,"max_hp_gain":0,"max_hp_loss":0,"event_name":"Nest","floor":19,"gold_loss":0},{"damage_healed":0,"gold_gain":0,"player_choice":"Simplicity","damage_taken":0,"max_hp_gain":0,"max_hp_loss":0,"event_name":"Back to Basics","floor":21,"gold_loss":0,"cards_upgraded":["chefmod:Strike","chefmod:Strike","chefmod:Strike","chefmod:Strike","chefmod:Defend","chefmod:Defend","chefmod:Defend","chefmod:Defend"]},{"damage_healed":0,"gold_gain":0,"player_choice":"Fight","damage_taken":0,"max_hp_gain":0,"max_hp_loss":0,"event_name":"Mysterious Sphere","floor":36,"gold_loss":0}],"is_beta":false,"boss_relics":[{"not_picked":["Cursed Key","Runic Dome"],"picked":"MagicMushroom"},{"not_picked":[]},{"not_picked":["Calling Bell","Fusion Hammer"],"picked":"Black Star"},{"not_picked":[]}],"items_purged_floors":[],"is_endless":false,"potions_floor_spawned":[2,6,11,16,25,27,31,33,35,36,38],"killed_by":"Transient","ascension_level":0}}