{"host":"h4qgcirtxz6qax9j","time":1611059062,"event":{"mods":["AchievementEnabler","BaseMod","Colored Powertips","Hermit","Minty Spire (QoL Compilation)","StSLib","SuperFastMode","The Servant 0.9.4"],"gold_per_floor":[119,132,53,53,72,72,99,121,156,168,180,192,204,234,246,362,374,396,66,66,86,86,86,100,135,135,135,135,165,178,191,191,191,191],"floor_reached":33,"language":"KOR","playtime":1006,"items_purged":[],"score":353,"play_id":"b25974a8-f818-4b88-89d7-7bf0273696a6","local_time":"20210119212422","is_ascension_mode":true,"campfire_choices":[{"data":"Moondial","floor":6,"key":"SMITH"},{"floor":12,"key":"REST"},{"floor":15,"key":"REST"},{"data":"InstantArmor","floor":23,"key":"SMITH"},{"floor":27,"key":"REST"},{"floor":32,"key":"REST"}],"circlet_count":0,"master_deck":["Strike_S","Strike_S","Strike_S","Strike_S","Defend_S","Defend_S","Defend_S","Defend_S","KidneyShot","Exchange","Moondial+1","Ricochet","Advance","SilverBlades","KillingDoll","InstantArmor+1","FastForward","Solidify","Moonlight","Sabotage","BottledTime","Moonlight","Doubt","GearUp"],"relics":["Uniform","MawBank","Boot","Singing Bowl","Cursed Key","PaperSwan","Blood Vial","Smiling Mask","Pear"],"acts_visited":["Exordium","TheCity"],"potions_floor_usage":[8,16,29,33,33],"damage_taken":[{"damage":8,"enemies":"Jaw Worm","floor":1,"turns":4},{"damage":0,"enemies":"2 Louse","floor":2,"turns":1},{"damage":0,"enemies":"Small Slimes","floor":5,"turns":4},{"damage":29,"enemies":"Gremlin Nob","floor":7,"turns":5},{"damage":6,"enemies":"Looter","floor":8,"turns":2},{"damage":0,"enemies":"Red Slaver","floor":14,"turns":4},{"damage":28,"enemies":"The Guardian","floor":16,"turns":11},{"damage":0,"enemies":"3 Byrds","floor":18,"turns":5},{"damage":0,"enemies":"Spheric Guardian","floor":21,"turns":4},{"damage":3,"enemies":"3 Cultists","floor":24,"turns":4},{"damage":46,"enemies":"Gremlin Leader","floor":25,"turns":6},{"damage":11,"enemies":"Slavers","floor":29,"turns":3},{"damage":1,"enemies":"Shelled Parasite and Fungi","floor":30,"turns":5},{"damage":33,"enemies":"Sentry and Sphere","floor":31,"turns":8},{"damage":66,"enemies":"Collector","floor":33,"turns":6}],"seed_played":"2173190427968003618","potions_obtained":[{"floor":5,"key":"BlessingOfTheForge"},{"floor":7,"key":"Energy Potion"},{"floor":8,"key":"FearPotion"},{"floor":18,"key":"LiquidBronze"},{"floor":20,"key":"BlessingOfTheForge"},{"floor":20,"key":"Regen Potion"}],"is_trial":false,"path_per_floor":["M","M","$","?","M","R","E","M","T","?","?","R","T","M","R","B",null,"M","$","?","M","?","R","M","E","T","R","$","E","M","M","R","B"],"character_chosen":"THE_SERVANT","items_purchased":["SilverBlades","PaperSwan","Sabotage","BottledTime"],"campfire_rested":4,"item_purchase_floors":[3,19,19,19],"current_hp_per_floor":[57,57,57,62,62,62,33,27,27,27,27,48,48,48,69,41,70,70,70,70,70,70,70,69,23,23,44,44,47,50,19,44,0,0],"gold":191,"neow_bonus":"THREE_CARDS","is_daily":false,"chose_seed":false,"campfire_upgraded":2,"win_rate":0.0,"timestamp":1611059062,"path_taken":["M","M","$","?","M","R","E","M","T","?","?","R","?","M","R","BOSS","M","$","?","?","?","R","?","E","T","R","?","E","M","M","R","BOSS"],"items_purchased_type":["Card","Relic","Card","Card"],"build_version":"2020-12-22","purchased_purges":0,"victory":false,"max_hp_per_floor":[65,65,65,70,70,70,70,70,70,70,70,70,70,70,70,70,70,70,70,70,70,70,70,72,72,72,72,72,84,86,86,86,86,86],"card_choices":[{"not_picked":["Hightail","Defy"],"picked":"Moondial","floor":0},{"not_picked":["Potential","TimeWarp"],"picked":"Ricochet","floor":1},{"not_picked":["Rewind","BottledTime"],"picked":"Advance","floor":2},{"not_picked":["Shuttle","Spin","Foresight"],"picked":"SKIP","floor":5},{"not_picked":["Deadline","FastForward"],"picked":"KillingDoll","floor":7},{"not_picked":["Potential","Ricochet"],"picked":"InstantArmor","floor":8},{"not_picked":["Read","Spin"],"picked":"FastForward","floor":14},{"not_picked":["SoulSculpture","PendulumOfEternity"],"picked":"Solidify","floor":16},{"not_picked":["Rewind+1","BottledTime"],"picked":"Moonlight","floor":18},{"not_picked":["Alleviate","Ricochet"],"picked":"Moonlight","floor":21},{"not_picked":["MoonPhase","Shuttle+1","Alleviate"],"picked":"Singing Bowl","floor":24},{"not_picked":["Rearm","Defy","Comet"],"picked":"Singing Bowl","floor":29},{"not_picked":["ShatteredReality","TimeWarp+1","Alleviate"],"picked":"Singing Bowl","floor":30},{"not_picked":["Sabotage","MoonPhase"],"picked":"GearUp","floor":31}],"player_experience":70721,"relics_obtained":[{"floor":7,"key":"MawBank"},{"floor":9,"key":"Boot"},{"floor":13,"key":"Singing Bowl"},{"floor":25,"key":"Blood Vial"},{"floor":26,"key":"Smiling Mask"},{"floor":29,"key":"Pear"}],"event_choices":[{"damage_healed":0,"gold_gain":0,"player_choice":"Donut","damage_taken":0,"max_hp_gain":5,"max_hp_loss":0,"event_name":"Big Fish","floor":4,"gold_loss":0},{"damage_healed":0,"gold_gain":0,"player_choice":"Ignored","damage_taken":0,"max_hp_gain":0,"max_hp_loss":0,"event_name":"Liars Game","floor":10,"gold_loss":0},{"damage_healed":0,"gold_gain":0,"player_choice":"Fled","damage_taken":0,"max_hp_gain":0,"max_hp_loss":0,"event_name":"Scrap Ooze","floor":11,"gold_loss":0},{"damage_healed":0,"gold_gain":0,"player_choice":"Got Potions","damage_taken":0,"max_hp_gain":0,"max_hp_loss":0,"event_name":"Lab","floor":20,"gold_loss":0},{"damage_healed":0,"gold_gain":0,"player_choice":"Bought 0 Potions","damage_taken":0,"max_hp_gain":0,"max_hp_loss":0,"event_name":"The Woman in Blue","floor":22,"gold_loss":0}],"is_beta":false,"boss_relics":[{"not_picked":["MysterySword","Ectoplasm"],"picked":"Cursed Key"}],"items_purged_floors":[],"is_endless":false,"potions_floor_spawned":[5,7,8,18,21],"killed_by":"Collector","ascension_level":3}}