{"host":"qxeepl7ydvsgmfdb","time":1611061694,"event":{"mods":["AchievementEnabler","BaseMod","Colored Powertips","Minty Spire (QoL Compilation)","Quick Restart","slay the spire mod where everything is the same but ironclad has a cowboy hat"],"gold_per_floor":[113,113,125,300,300,300,334,334,385,385,404,421,23,36,36,140,140,152,166,186,111,130,130,130],"floor_reached":23,"language":"ENG","playtime":990,"items_purged":["Reprogram+1"],"score":250,"play_id":"88ecb369-394b-46dc-b3f9-607339aaf22a","local_time":"20210119080814","is_ascension_mode":true,"campfire_choices":[{"data":"Zap","floor":6,"key":"SMITH"},{"data":"Dualcast","floor":8,"key":"SMITH"},{"data":"Capacitor","floor":10,"key":"SMITH"},{"floor":15,"key":"REST"}],"circlet_count":0,"master_deck":["Strike_B","Strike_B","Defend_B","Defend_B","Defend_B","Zap+1","Dualcast+1","Cold Snap","Capacitor+1","Redo","Fusion","Electrodynamics","Turbo+1","Meteor Strike+1","Ball Lightning","Sweeping Beam+1"],"relics":["Cracked Core","NeowsBlessing","Bag of Marbles","Spirit Poop","Mercury Hourglass","PreservedInsect","Shuriken","Anchor","Astrolabe"],"acts_visited":["Exordium","TheCity"],"potions_floor_usage":[16,20,20,22],"damage_taken":[{"damage":0,"enemies":"2 Louse","floor":1,"turns":1},{"damage":0,"enemies":"Cultist","floor":3,"turns":1},{"damage":0,"enemies":"Gremlin Nob","floor":7,"turns":1},{"damage":5,"enemies":"Small Slimes","floor":11,"turns":2},{"damage":18,"enemies":"Exordium Thugs","floor":12,"turns":4},{"damage":17,"enemies":"Exordium Wildlife","floor":14,"turns":5},{"damage":14,"enemies":"Slime Boss","floor":16,"turns":9},{"damage":29,"enemies":"2 Thieves","floor":18,"turns":3},{"damage":0,"enemies":"3 Byrds","floor":19,"turns":1},{"damage":30,"enemies":"Snecko","floor":20,"turns":5},{"damage":15,"enemies":"Snake Plant","floor":22,"turns":3},{"damage":5,"enemies":"Slavers","floor":23,"turns":1}],"seed_played":"-5210131919933104772","potions_obtained":[{"floor":3,"key":"PowerPotion"},{"floor":14,"key":"AttackPotion"},{"floor":16,"key":"DistilledChaos"},{"floor":19,"key":"SkillPotion"},{"floor":22,"key":"BlessingOfTheForge"}],"is_trial":false,"path_per_floor":["M","?","M","?","?","R","E","R","T","R","M","M","$","M","R","B",null,"M","M","M","$","M","E"],"character_chosen":"DEFECT","items_purchased":["Shuriken","Anchor"],"campfire_rested":1,"item_purchase_floors":[13,13],"current_hp_per_floor":[75,72,72,72,72,72,72,72,72,72,67,49,49,32,54,40,75,46,46,16,16,1,0,0],"gold":130,"neow_bonus":"THREE_ENEMY_KILL","is_daily":false,"chose_seed":false,"campfire_upgraded":3,"win_rate":0.0,"timestamp":1611061694,"path_taken":["M","?","M","?","?","R","E","R","T","R","M","M","$","?","R","BOSS","M","M","M","$","M","E"],"items_purchased_type":["Relic","Relic"],"build_version":"2020-12-22","purchased_purges":1,"victory":false,"max_hp_per_floor":[75,75,75,75,75,75,75,75,75,75,75,75,75,75,75,75,75,75,75,75,75,75,75,75],"card_choices":[{"not_picked":["Reinforced Body","FTL"],"picked":"Cold Snap","floor":1},{"not_picked":["Hologram","Barrage"],"picked":"Capacitor","floor":3},{"not_picked":["Consume","Thunder Strike","Storm"],"picked":"SKIP","floor":7},{"not_picked":["Darkness","Steam"],"picked":"Redo","floor":11},{"not_picked":["Rebound","Reprogram"],"picked":"Fusion","floor":12},{"not_picked":["Rebound","Self Repair","Doom and Gloom"],"picked":"SKIP","floor":14},{"not_picked":["Amplify","Fission"],"picked":"Electrodynamics","floor":16},{"not_picked":["Rip and Tear+1","Compile Driver","Go for the Eyes"],"picked":"SKIP","floor":18},{"not_picked":["Blizzard","Darkness"],"picked":"Ball Lightning","floor":19},{"not_picked":["Stack+1","Beam Cell"],"picked":"Sweeping Beam+1","floor":20},{"not_picked":["Turbo","Go for the Eyes","Gash+1"],"picked":"SKIP","floor":22}],"player_experience":186160,"relics_obtained":[{"floor":7,"key":"Mercury Hourglass"},{"floor":9,"key":"PreservedInsect"}],"event_choices":[{"damage_healed":0,"gold_gain":0,"player_choice":"Success","damage_taken":3,"relics_obtained":["Bag of Marbles"],"max_hp_gain":0,"max_hp_loss":0,"event_name":"Scrap Ooze","floor":2,"gold_loss":0},{"damage_healed":0,"gold_gain":175,"player_choice":"AGREE","damage_taken":0,"max_hp_gain":0,"max_hp_loss":0,"event_name":"Liars Game","floor":4,"gold_loss":0,"cards_obtained":["Doubt"]},{"cards_removed":["Doubt"],"damage_healed":0,"gold_gain":0,"player_choice":"Offered Curse","damage_taken":0,"relics_obtained":["Spirit Poop"],"max_hp_gain":0,"max_hp_loss":0,"event_name":"Bonfire Elementals","floor":5,"gold_loss":0}],"is_beta":false,"boss_relics":[{"not_picked":["Runic Dome","Pandora\u0027s Box"],"picked":"Astrolabe"}],"items_purged_floors":[21],"is_endless":false,"potions_floor_spawned":[3,14,16,19,22],"killed_by":"Slavers","ascension_level":3}}