{"host":"x7xd4wkamhrqrrvw","time":1611078081,"event":{"mods":["AchievementEnabler","BaseMod","Minty Spire (QoL Compilation)","StSLib"],"gold_per_floor":[113,113,63,74,89,89,118,118,118,145,164,164,89,107,107,212,212,223,50,50,50,50,50,66,99,122,153,153,184,184,134,134,134,134],"floor_reached":33,"language":"ENG","playtime":1475,"items_purged":["Strike_R","Strike_R","Strike_R"],"score":479,"play_id":"84800f69-5a7e-4252-9418-54eee3bf7726","local_time":"20210119154121","is_ascension_mode":true,"campfire_choices":[{"data":"Berserk","floor":6,"key":"SMITH"},{"data":"Uppercut","floor":8,"key":"SMITH"},{"data":"Flame Barrier","floor":15,"key":"SMITH"},{"data":"Entrench","floor":23,"key":"SMITH"},{"floor":28,"key":"REST"},{"data":"Body Slam","floor":30,"key":"SMITH"},{"data":"True Grit","floor":32,"key":"SMITH"}],"circlet_count":0,"master_deck":["AscendersBane","Strike_R","Defend_R","Defend_R","Defend_R","Bash","Berserk+1","Flame Barrier+1","Uppercut+1","Flame Barrier","Battle Trance","Immolate","True Grit+1","Entrench+1","Flame Barrier+1","Body Slam+1","Shrug It Off+1","True Grit+1"],"relics":["Burning Blood","Bottled Lightning","PreservedInsect","Orichalcum","Sozu","Enchiridion","Red Skull","Regal Pillow","White Beast Statue","Smiling Mask"],"acts_visited":["Exordium","TheCity"],"potions_floor_usage":[7,16,33],"damage_taken":[{"damage":5,"enemies":"Small Slimes","floor":1,"turns":4},{"damage":7,"enemies":"2 Louse","floor":4,"turns":3},{"damage":12,"enemies":"Jaw Worm","floor":5,"turns":2},{"damage":37,"enemies":"Gremlin Nob","floor":7,"turns":4},{"damage":6,"enemies":"Lagavulin","floor":10,"turns":9},{"damage":4,"enemies":"Blue Slaver","floor":11,"turns":4},{"damage":0,"enemies":"3 Louse","floor":14,"turns":5},{"damage":13,"enemies":"Hexaghost","floor":16,"turns":11},{"damage":5,"enemies":"Shell Parasite","floor":18,"turns":8},{"damage":23,"enemies":"3 Byrds","floor":24,"turns":5},{"damage":37,"enemies":"Gremlin Leader","floor":25,"turns":5},{"damage":13,"enemies":"Slavers","floor":27,"turns":4},{"damage":16,"enemies":"Gremlin Leader","floor":29,"turns":4},{"damage":51,"enemies":"Champ","floor":33,"turns":10}],"seed_played":"8836028178001975501","potions_obtained":[{"floor":5,"key":"PowerPotion"},{"floor":10,"key":"AttackPotion"},{"floor":16,"key":"Strength Potion"}],"is_trial":false,"path_per_floor":["M","?","?","M","M","R","E","R","T","E","M","?","$","M","R","B",null,"M","$","?","?","?","R","M","E","T","E","R","E","R","$","R","B"],"character_chosen":"IRONCLAD","items_purchased":["Entrench"],"campfire_rested":1,"item_purchase_floors":[19],"current_hp_per_floor":[72,65,65,64,58,58,27,27,27,27,29,29,29,35,35,28,61,62,62,46,33,77,77,60,29,29,22,60,50,50,50,50,0,0],"gold":134,"neow_bonus":"THREE_RARE_CARDS","is_daily":false,"chose_seed":false,"campfire_upgraded":6,"win_rate":0.0,"timestamp":1611078081,"path_taken":["M","?","?","M","M","R","E","R","T","E","M","?","?","M","R","BOSS","M","$","?","?","?","R","M","E","T","E","R","E","R","$","R","BOSS"],"items_purchased_type":["Card"],"build_version":"2020-12-22","purchased_purges":3,"victory":false,"max_hp_per_floor":[72,72,72,72,72,72,72,72,72,72,72,72,72,72,72,72,72,72,72,72,77,77,77,77,77,77,77,77,77,77,77,77,77,77],"card_choices":[{"not_picked":["Double Tap","Reaper"],"picked":"Berserk","floor":0},{"not_picked":["Havoc","Ghostly Armor"],"picked":"Flame Barrier","floor":1},{"not_picked":["Second Wind","Perfected Strike"],"picked":"Uppercut","floor":4},{"not_picked":["Pommel Strike","Warcry"],"picked":"Flame Barrier","floor":5},{"not_picked":["Inflame","Warcry"],"picked":"Metallicize","floor":7},{"not_picked":["Havoc","Rupture"],"picked":"Battle Trance","floor":10},{"not_picked":["Iron Wave","Shrug It Off","Anger"],"picked":"SKIP","floor":11},{"not_picked":["Berserk","Havoc","Intimidate"],"picked":"SKIP","floor":14},{"not_picked":["Fiend Fire","Offering"],"picked":"Immolate","floor":16},{"not_picked":["Headbutt","Clothesline+1"],"picked":"True Grit","floor":18},{"not_picked":["Inflame","Iron Wave"],"picked":"Flame Barrier+1","floor":24},{"not_picked":["Second Wind","Dropkick"],"picked":"Body Slam","floor":25},{"not_picked":["Brutality","Clothesline"],"picked":"Shrug It Off+1","floor":27},{"not_picked":["Thunderclap+1","Perfected Strike"],"picked":"True Grit+1","floor":29}],"player_experience":337240,"relics_obtained":[{"floor":7,"key":"Bottled Lightning"},{"floor":9,"key":"PreservedInsect"},{"floor":10,"key":"Orichalcum"},{"floor":20,"key":"Enchiridion"},{"floor":25,"key":"Red Skull"},{"floor":26,"key":"Regal Pillow"},{"floor":27,"key":"White Beast Statue"},{"floor":29,"key":"Smiling Mask"}],"event_choices":[{"cards_removed":["Strike_R"],"damage_healed":0,"gold_gain":0,"player_choice":"Card Removal","damage_taken":7,"max_hp_gain":0,"max_hp_loss":0,"event_name":"Golden Wing","floor":2,"gold_loss":0},{"cards_removed":["Defend_R"],"damage_healed":0,"gold_gain":0,"player_choice":"Card Removal","damage_taken":0,"max_hp_gain":0,"max_hp_loss":0,"event_name":"The Cleric","floor":3,"gold_loss":50},{"damage_healed":0,"gold_gain":0,"player_choice":"Ignored","damage_taken":0,"max_hp_gain":0,"max_hp_loss":0,"event_name":"Golden Idol","floor":12,"gold_loss":0},{"damage_healed":0,"gold_gain":0,"player_choice":"Obtained Book","damage_taken":16,"max_hp_gain":0,"max_hp_loss":0,"event_name":"Cursed Tome","floor":20,"gold_loss":0},{"damage_healed":0,"gold_gain":0,"player_choice":"Shed Blood","damage_taken":18,"max_hp_gain":5,"max_hp_loss":0,"event_name":"Forgotten Altar","floor":21,"gold_loss":0},{"cards_removed":["Metallicize"],"damage_healed":44,"gold_gain":0,"player_choice":"Offered Uncommon","damage_taken":0,"max_hp_gain":0,"max_hp_loss":0,"event_name":"Bonfire Elementals","floor":22,"gold_loss":0}],"is_beta":false,"boss_relics":[{"not_picked":["Fusion Hammer","Calling Bell"],"picked":"Sozu"}],"items_purged_floors":[13,19,31],"is_endless":false,"potions_floor_spawned":[5,10,16,18,27,29],"killed_by":"Champ","ascension_level":11}}