{"host":"7sni158j623xchr2","time":1611025102,"event":{"mods":["BaseMod","Colored Map","Highlight Path","Minty Spire (QoL Compilation)","Permanent Neow","Potion Indicator Mod","Rare Cards Sparkle","Relic Sorter","Relic Stats","StSLib","everything is the same but u backflip on backflip"],"gold_per_floor":[119,133,146,146,161,161,193,206,232,232,258,16,16,32,32,136,136,150,16,33,48,48,75,75,107,157,189,271,271,285,295,295,396,396,411,430,446,356,371,371,400,415,415,427,440,440,440,476,476,476,476,476,1,44,44,44],"floor_reached":55,"language":"ENG","playtime":2226,"items_purged":["Strike_G","Strike_G"],"score":865,"play_id":"f21cecdd-37d6-4aaf-aef7-d3ef5beb448e","local_time":"20210118205822","is_ascension_mode":true,"campfire_choices":[{"data":"Terror","floor":6,"key":"SMITH"},{"data":"Dash","floor":13,"key":"SMITH"},{"data":"Sucker Punch","floor":15,"key":"SMITH"},{"data":"Acrobatics","floor":24,"key":"SMITH"},{"data":"Adrenaline","floor":32,"key":"SMITH"},{"data":"Corpse Explosion","floor":40,"key":"SMITH"},{"data":"Deadly Poison","floor":46,"key":"SMITH"},{"floor":49,"key":"RECALL"},{"data":"Tactician","floor":52,"key":"SMITH"}],"circlet_count":0,"master_deck":["Strike_G","Strike_G","Defend_G","Defend_G","Defend_G","Defend_G+1","Defend_G","Survivor","Neutralize","Acrobatics+1","PiercingWail","Dagger Throw+1","Terror+1","Underhanded Strike","Sucker Punch+1","Dash+1","Backstab","Escape Plan","Flying Knee+1","Adrenaline+1","Deflect","Tactician+1","Footwork","Dagger Spray+1","Dodge and Roll+1","PiercingWail+1","Corpse Explosion+1","Acrobatics+1","Dagger Throw+1","Catalyst+1","Blur+1","Deadly Poison+1","PiercingWail+1","PiercingWail+1","Leg Sweep+1"],"relics":["HoveringKite","Turnip","Omamori","Lantern","Philosopher\u0027s Stone","Strawberry","Sundial","Oddly Smooth Stone","Lizard Tail","HornCleat","Letter Opener","Calling Bell","Pen Nib","Ornamental Fan","Ginger","War Paint","CeramicFish","Paper Crane","Anchor","Pear"],"acts_visited":["Exordium","TheCity","TheBeyond","TheEnding"],"potions_floor_usage":[7,7,11,25,31,31,33,33,42,50,55,55,55],"damage_taken":[{"damage":0,"enemies":"2 Louse","floor":1,"turns":3},{"damage":0,"enemies":"Cultist","floor":2,"turns":5},{"damage":0,"enemies":"Jaw Worm","floor":3,"turns":6},{"damage":0,"enemies":"Looter","floor":5,"turns":4},{"damage":5,"enemies":"3 Sentries","floor":7,"turns":5},{"damage":14,"enemies":"Exordium Wildlife","floor":8,"turns":4},{"damage":12,"enemies":"Lagavulin","floor":11,"turns":5},{"damage":2,"enemies":"3 Louse","floor":14,"turns":3},{"damage":7,"enemies":"Hexaghost","floor":16,"turns":9},{"damage":0,"enemies":"Shell Parasite","floor":18,"turns":4},{"damage":1,"enemies":"2 Thieves","floor":20,"turns":4},{"damage":2,"enemies":"Centurion and Healer","floor":21,"turns":7},{"damage":36,"enemies":"Book of Stabbing","floor":23,"turns":6},{"damage":8,"enemies":"Slavers","floor":25,"turns":5},{"damage":3,"enemies":"Book of Stabbing","floor":27,"turns":4},{"damage":0,"enemies":"Shelled Parasite and Fungi","floor":30,"turns":3},{"damage":0,"enemies":"Snecko","floor":31,"turns":4},{"damage":36,"enemies":"Champ","floor":33,"turns":14},{"damage":6,"enemies":"Orb Walker","floor":35,"turns":3},{"damage":6,"enemies":"3 Shapes","floor":36,"turns":5},{"damage":0,"enemies":"Spire Growth","floor":37,"turns":5},{"damage":13,"enemies":"Transient","floor":39,"turns":5},{"damage":15,"enemies":"Giant Head","floor":41,"turns":9},{"damage":4,"enemies":"4 Shapes","floor":42,"turns":4},{"damage":1,"enemies":"Spire Growth","floor":44,"turns":4},{"damage":0,"enemies":"Writhing Mass","floor":45,"turns":4},{"damage":10,"enemies":"Reptomancer","floor":48,"turns":7},{"damage":44,"enemies":"Awakened One","floor":50,"turns":19},{"damage":36,"enemies":"Shield and Spear","floor":54,"turns":4},{"damage":42,"enemies":"The Heart","floor":55,"turns":9}],"seed_played":"7499151794400804606","potions_obtained":[{"floor":3,"key":"Fire Potion"},{"floor":4,"key":"DistilledChaos"},{"floor":4,"key":"Strength Potion"},{"floor":8,"key":"BlessingOfTheForge"},{"floor":16,"key":"Energy Potion"},{"floor":18,"key":"SteroidPotion"},{"floor":27,"key":"Swift Potion"},{"floor":31,"key":"GamblersBrew"},{"floor":39,"key":"Dexterity Potion"},{"floor":41,"key":"AttackPotion"},{"floor":42,"key":"GamblersBrew"},{"floor":48,"key":"PowerPotion"}],"is_trial":false,"path_per_floor":["M","M","M","?","M","R","E","M","T","?","E","$","R","M","R","B",null,"M","$","M","M","$","E","R","E","T","E","T","?","M","M","R","B",null,"M","M","M","?","M","R","E","M","T","M","M","R","?","E","R","B",null,"R","$","E","B"],"character_chosen":"THE_SILENT","items_purchased":["Backstab","Fire Potion","Escape Plan","Tactician","Paper Crane","Ancient Potion","Anchor"],"campfire_rested":0,"item_purchase_floors":[12,12,12,19,53,53,53],"current_hp_per_floor":[70,70,70,70,70,70,65,51,51,51,39,39,39,37,37,30,70,70,70,69,67,67,38,38,30,30,27,27,27,27,27,27,38,77,71,65,65,65,52,52,37,33,33,32,32,32,67,57,57,13,67,67,67,41,0,0],"gold":44,"neow_bonus":"BOSS_RELIC","is_daily":false,"chose_seed":false,"campfire_upgraded":8,"win_rate":0.0,"timestamp":1611025102,"path_taken":["M","M","M","?","M","R","E","?","T","?","E","$","R","M","R","BOSS","M","$","?","M","?","E","R","E","T","E","?","?","?","M","R","BOSS","M","M","M","?","?","R","E","M","T","?","M","R","?","E","R","BOSS","R","$","E","BOSS"],"items_purchased_type":["Card","Potion","Card","Card","Relic","Potion","Relic"],"build_version":"2020-12-22","purchased_purges":2,"victory":false,"max_hp_per_floor":[70,70,70,70,70,70,70,70,70,70,70,70,70,70,70,70,70,70,70,70,70,70,77,77,77,77,77,77,77,77,77,77,77,77,77,77,77,77,77,77,77,77,77,77,77,77,67,67,67,67,67,67,67,77,77,77],"relic_stats":{"Lizard Tail":38,"counters":[30,173],"Sundial":[12],"Ornamental Fan":[116],"CeramicFish":18,"HoveringKite":[88],"Turnip":[11],"Pen Nib":[16],"Letter Opener":[325],"Ginger":[4],"War Paint":["Defend_G","PiercingWail"],"obtain_stats":[{"Lantern":11,"Pear":54,"CeramicFish":48,"HoveringKite":0,"Oddly Smooth Stone":26,"Pen Nib":34,"Omamori":9,"Letter Opener":29,"Ginger":34,"War Paint":41,"Paper Crane":53,"Calling Bell":34,"Lizard Tail":27,"Anchor":53,"HornCleat":28,"Sundial":25,"Ornamental Fan":34,"Strawberry":23,"Philosopher\u0027s Stone":17,"Turnip":7,"Ring of the Snake":0},{"Lantern":7,"Pear":29,"CeramicFish":27,"HoveringKite":0,"Oddly Smooth Stone":14,"Pen Nib":18,"Omamori":6,"Letter Opener":15,"Ginger":18,"War Paint":23,"Paper Crane":28,"Calling Bell":18,"Lizard Tail":15,"Anchor":28,"HornCleat":15,"Sundial":14,"Ornamental Fan":18,"Strawberry":13,"Philosopher\u0027s Stone":9,"Turnip":5,"Ring of the Snake":0},{"Lantern":32,"Pear":164,"CeramicFish":141,"HoveringKite":0,"Oddly Smooth Stone":70,"Pen Nib":95,"Omamori":27,"Letter Opener":74,"Ginger":95,"War Paint":122,"Paper Crane":160,"Calling Bell":95,"Lizard Tail":74,"Anchor":160,"HornCleat":74,"Sundial":70,"Ornamental Fan":95,"Strawberry":65,"Philosopher\u0027s Stone":44,"Turnip":23,"Ring of the Snake":0}]},"card_choices":[{"not_picked":["Deflect","Slice"],"picked":"Acrobatics","floor":1},{"not_picked":["Slice","Noxious Fumes"],"picked":"PiercingWail","floor":2},{"not_picked":["Backflip","Quick Slash"],"picked":"Dagger Throw","floor":3},{"not_picked":["Dodge and Roll","Choke"],"picked":"Terror","floor":5},{"not_picked":["Cloak And Dagger","A Thousand Cuts"],"picked":"Underhanded Strike","floor":7},{"not_picked":["Bane","Distraction"],"picked":"Sucker Punch","floor":8},{"not_picked":["Underhanded Strike","Bouncing Flask"],"picked":"Dash","floor":11},{"not_picked":["Bullet Time","Dagger Throw"],"picked":"Flying Knee","floor":14},{"not_picked":["Night Terror","Grand Finale"],"picked":"Adrenaline","floor":16},{"not_picked":["Outmaneuver","Predator"],"picked":"Deflect","floor":18},{"not_picked":["Underhanded Strike","Quick Slash","Prepared"],"picked":"SKIP","floor":20},{"not_picked":["Bane","Blade Dance"],"picked":"Footwork","floor":21},{"not_picked":["Noxious Fumes","Tools of the Trade"],"picked":"Dagger Spray+1","floor":23},{"not_picked":["Poisoned Stab","Deadly Poison","Dagger Throw"],"picked":"SKIP","floor":25},{"not_picked":["Slice","All Out Attack","Flying Knee"],"picked":"SKIP","floor":27},{"not_picked":["Masterful Stab","Calculated Gamble"],"picked":"Dodge and Roll+1","floor":30},{"not_picked":["Dagger Spray","Endless Agony"],"picked":"PiercingWail","floor":31},{"not_picked":["Burst","Phantasmal Killer"],"picked":"Corpse Explosion","floor":33},{"not_picked":["Outmaneuver+1","Backflip+1"],"picked":"Acrobatics+1","floor":35},{"not_picked":["Dodge and Roll","Flying Knee+1","Deadly Poison"],"picked":"SKIP","floor":36},{"not_picked":["Concentrate","Bane"],"picked":"Dagger Throw+1","floor":37},{"not_picked":["Prepared","Storm of Steel"],"picked":"Catalyst+1","floor":39},{"not_picked":["Dagger Throw","Prepared+1"],"picked":"Blur+1","floor":41},{"not_picked":["Finisher","Underhanded Strike"],"picked":"Deadly Poison","floor":42},{"not_picked":["Dodge and Roll+1","Slice+1"],"picked":"PiercingWail+1","floor":44},{"not_picked":["Bane+1","A Thousand Cuts","Slice+1"],"picked":"SKIP","floor":45},{"not_picked":["Riddle With Holes+1","Accuracy+1"],"picked":"PiercingWail+1","floor":48},{"not_picked":["Skewer","Tools of the Trade"],"picked":"Leg Sweep+1","floor":54}],"player_experience":1642452,"relics_obtained":[{"floor":7,"key":"Turnip"},{"floor":9,"key":"Omamori"},{"floor":11,"key":"Lantern"},{"floor":23,"key":"Strawberry"},{"floor":25,"key":"Sundial"},{"floor":26,"key":"Oddly Smooth Stone"},{"floor":27,"key":"Lizard Tail"},{"floor":28,"key":"HornCleat"},{"floor":34,"key":"Pen Nib"},{"floor":34,"key":"Ornamental Fan"},{"floor":34,"key":"Ginger"},{"floor":41,"key":"War Paint"},{"floor":48,"key":"CeramicFish"},{"floor":54,"key":"Pear"}],"event_choices":[{"damage_healed":0,"gold_gain":0,"player_choice":"Got Potions","damage_taken":0,"max_hp_gain":0,"max_hp_loss":0,"event_name":"Lab","floor":4,"gold_loss":0},{"damage_healed":0,"gold_gain":0,"player_choice":"Upgraded","damage_taken":0,"max_hp_gain":0,"max_hp_loss":0,"event_name":"Upgrade Shrine","floor":10,"gold_loss":0,"cards_upgraded":["Dagger Throw"]},{"damage_healed":0,"gold_gain":0,"player_choice":"Opened","damage_taken":0,"relics_obtained":["Letter Opener"],"max_hp_gain":0,"max_hp_loss":0,"event_name":"The Mausoleum","floor":29,"gold_loss":0},{"cards_removed":["Strike_G"],"damage_healed":0,"gold_gain":0,"player_choice":"Upgrade and Remove","damage_taken":0,"max_hp_gain":0,"max_hp_loss":0,"event_name":"Designer","floor":38,"gold_loss":90,"cards_upgraded":["Flying Knee"]},{"damage_healed":67,"gold_gain":0,"player_choice":"Heal","damage_taken":0,"max_hp_gain":0,"max_hp_loss":10,"event_name":"The Moai Head","floor":47,"gold_loss":0}],"is_beta":false,"boss_relics":[{"not_picked":["Velvet Choker","Runic Pyramid"],"picked":"Philosopher\u0027s Stone"},{"not_picked":["Runic Dome","Tiny House"],"picked":"Calling Bell"}],"items_purged_floors":[12,19],"is_endless":false,"potions_floor_spawned":[3,8,16,18,20,27,31,39,41,42,48],"killed_by":"The Heart","ascension_level":1}}