{"host":"bw00wb7p5bw58om7","time":1611092685,"event":{"mods":["100% Spire Juice","Act Like it!","BaseMod","Better Third Choice","CapriCore","Chen","Downfall","Gensokyo","Koishi","KomeijiMod","Marisa????????","Minty Spire (QoL Compilation)","Onozuka Komachi Mod","Permanent Neow","Prisma Mod","Reimu??????","Remilia??????","StSLib","The Administrix","The Immortal","The Senshi","The Servant 0.9.4","Yakumo Yukari mod"],"gold_per_floor":[114,44,44,54,54,79,79,99,173,173,185,45,60,73,73,63,63],"floor_reached":16,"language":"ENG","playtime":876,"items_purged":[],"score":102,"play_id":"514b669f-85ad-4852-89d2-e1753c0ff060","local_time":"20210119214445","is_ascension_mode":false,"campfire_choices":[{"data":"Conquer:ReiMu","floor":7,"key":"SMITH"},{"floor":10,"key":"REST"},{"data":"NB:ReiMu","floor":15,"key":"SMITH"}],"circlet_count":0,"master_deck":["Strike_Lin:ReiMu","Strike_Lin:ReiMu+1","Strike_Lin:ReiMu","Strike_Lin:ReiMu","Defend_Lin:ReiMu","Defend_Lin:ReiMu","Defend_Lin:ReiMu","Defend_Lin:ReiMu","NB:ReiMu+1","Stagnation:ReiMu","FantasyMoon:ReiMu+1","OrbThrow:ReiMu","Injury","SafetyPray:ReiMu","Pain","Conquer:ReiMu+1","AirStrike:ReiMu","EmergencyTakeOff:ReiMu","CardOfSanctity:ReiMu","Gathering:ReiMu"],"relics":["FlyPower:ReiMu","Pen Nib","Gensokyo:LunaticRedEyes","Orichalcum","AntiCross","Ice Cream"],"acts_visited":["Gensokyo:Gensokyo"],"potions_floor_usage":[16],"damage_taken":[{"damage":10,"enemies":"Gensokyo:Gryphon","floor":1,"turns":5},{"damage":0,"enemies":"Gensokyo:3_Fairies","floor":4,"turns":3},{"damage":20,"enemies":"Gensokyo:Aya","floor":6,"turns":6},{"damage":3,"enemies":"Gensokyo:Python","floor":8,"turns":3},{"damage":2,"enemies":"Gensokyo:Kitsune","floor":11,"turns":2},{"damage":7,"enemies":"Gensokyo:Python_and_Kodama","floor":13,"turns":3},{"damage":11,"enemies":"Gensokyo:5_Fairies","floor":14,"turns":4},{"damage":31,"enemies":"Gensokyo:Yukari","floor":16,"turns":8}],"seed_played":"-8034863450154981335","potions_obtained":[{"floor":8,"key":"HakureiPotion:ReiMu"},{"floor":11,"key":"Strength Potion"},{"floor":13,"key":"CalmPotion"}],"is_trial":false,"path_per_floor":["M","?","?","M","?","E","R","M","T","R","M","?","M","M","R","B"],"character_chosen":"REIMU","items_purchased":[],"campfire_rested":1,"item_purchase_floors":[],"current_hp_per_floor":[55,55,55,55,55,35,35,32,32,51,49,49,42,31,31,0,0],"gold":63,"neow_bonus":"THREE_CARDS","is_daily":false,"chose_seed":false,"campfire_upgraded":2,"win_rate":0.0,"timestamp":1611092685,"path_taken":["M","?","?","M","?","E","R","M","T","R","M","?","M","M","R","BOSS"],"items_purchased_type":[],"build_version":"2020-12-22","purchased_purges":0,"victory":false,"max_hp_per_floor":[65,65,65,65,65,65,65,65,65,65,65,65,65,65,65,65,65],"card_choices":[{"not_picked":["OrbThrow:ReiMu","WonderfulDomain:ReiMu"],"picked":"FantasyMoon:ReiMu","floor":0},{"not_picked":["PrepareRite:ReiMu","SpringWay:ReiMu"],"picked":"OrbThrow:ReiMu","floor":1},{"not_picked":["ShadowOfCrow2:ReiMu","Intuition:ReiMu"],"picked":"SafetyPray:ReiMu","floor":4},{"not_picked":["CleanRite:ReiMu","KamiSacrifice:ReiMu"],"picked":"Conquer:ReiMu","floor":6},{"not_picked":["Intuition:ReiMu","CareerPray:ReiMu"],"picked":"AirStrike:ReiMu","floor":8},{"not_picked":["Meditation:ReiMu","WonderfulDomain:ReiMu"],"picked":"EmergencyTakeOff:ReiMu","floor":11},{"not_picked":["PayForSelf:ReiMu","AlertArray:ReiMu"],"picked":"CardOfSanctity:ReiMu","floor":13},{"not_picked":["Intuition:ReiMu","NineCharacters:ReiMu"],"picked":"Gathering:ReiMu","floor":14}],"player_experience":268140,"relics_obtained":[{"floor":6,"key":"Orichalcum"},{"floor":9,"key":"AntiCross"}],"event_choices":[],"is_beta":false,"boss_relics":[],"items_purged_floors":[],"is_endless":false,"potions_floor_spawned":[8,11,13],"killed_by":"Gensokyo:Yukari","ascension_level":0}}