{"host":"7b9o5l52q07whoyx","time":1611017523,"event":{"mods":["BaseMod","Bestiary","BetterRewards","Colored Powertips","Duelist Mod","GifTheSpireLib","JesterMod","Luminous","Minty Spire (QoL Compilation)","Relic Stats","Shop Mod","StSLib","Td1madao Mod","The Cursed","The Exalted","The Necromancer"],"gold_per_floor":[110,110,130,25,59,59,94,106,106,184,184,184],"floor_reached":11,"language":"ENG","playtime":1618,"items_purged":[],"score":73,"play_id":"8e4dab79-bbab-4de6-919b-211e698fc167","local_time":"20210118165203","is_ascension_mode":false,"campfire_choices":[{"data":"jesterMod:Schizophrenia","floor":6,"key":"SMITH"}],"circlet_count":0,"master_deck":["jesterMod:Strike","jesterMod:Strike","jesterMod:Strike","jesterMod:Strike","jesterMod:Sickle","jesterMod:Defend+1","jesterMod:Defend","jesterMod:Defend+1","jesterMod:Defend","jesterMod:Dodge","jesterMod:Pillage","jesterMod:BouncingKnife","jesterMod:JackInTheBox","jesterMod:OblivionStrike","jesterMod:Anticipation","jesterMod:Schizophrenia+1","jesterMod:SelfMockery","jesterMod:SelfMockery","jesterMod:QuickStrike"],"relics":["jesterMod:JesterCap","Pantograph","MerchantsRug","Juzu Bracelet","Dream Catcher","Mercury Hourglass"],"acts_visited":["Exordium"],"potions_floor_usage":[11],"damage_taken":[{"damage":10,"enemies":"Jaw Worm","floor":1,"turns":6},{"damage":9,"enemies":"Cultist","floor":3,"turns":6},{"damage":0,"enemies":"Small Slimes","floor":5,"turns":3},{"damage":24,"enemies":"3 Sentries","floor":7,"turns":6},{"damage":12,"enemies":"Exordium Wildlife","floor":8,"turns":5},{"damage":18,"enemies":"3 Sentries","floor":10,"turns":13},{"damage":4,"enemies":"Lagavulin","floor":11,"turns":3}],"seed_played":"-3343444804238276992","potions_obtained":[{"floor":5,"key":"Fire Potion"},{"floor":8,"key":"BlessingOfTheForge"},{"floor":10,"key":"Explosive Potion"}],"is_trial":false,"path_per_floor":["M","?","M","$","M","R","E","M","T","?","E"],"character_chosen":"THE_JESTER","items_purchased":["Pantograph","jesterMod:Pillage","jesterMod:BouncingKnife","MerchantsRug","jesterMod:OblivionStrike","jesterMod:Anticipation"],"campfire_rested":0,"item_purchase_floors":[0,0,0,0,4,4],"current_hp_per_floor":[63,68,59,59,59,59,35,23,23,5,1,1],"gold":184,"neow_bonus":"","is_daily":false,"chose_seed":false,"campfire_upgraded":1,"win_rate":0.0,"timestamp":1611017523,"path_taken":["M","?","?","$","M","R","E","M","T","?","E"],"items_purchased_type":["Relic","Card","Card","Relic","Card","Card"],"build_version":"2020-12-22","purchased_purges":0,"victory":false,"max_hp_per_floor":[73,73,73,73,73,73,73,73,73,73,73,73],"relic_stats":{"Dream Catcher":0,"counters":[7,42],"Pantograph":0,"Juzu Bracelet":0,"obtain_stats":[{"MerchantsRug":0,"Dream Catcher":9,"Pantograph":0,"jesterMod:JesterCap":0,"Juzu Bracelet":7,"Mercury Hourglass":10},{"MerchantsRug":0,"Dream Catcher":5,"Pantograph":0,"jesterMod:JesterCap":0,"Juzu Bracelet":4,"Mercury Hourglass":6},{"MerchantsRug":0,"Dream Catcher":26,"Pantograph":0,"jesterMod:JesterCap":0,"Juzu Bracelet":21,"Mercury Hourglass":39}],"Mercury Hourglass":[6]},"card_choices":[{"not_picked":["jesterMod:Taunt","jesterMod:Talion"],"picked":"jesterMod:Anticipation","floor":1},{"not_picked":["jesterMod:ButterKnife","jesterMod:DanceOfChaos"],"picked":"jesterMod:JackInTheBox","floor":3},{"not_picked":["jesterMod:Precipitation","jesterMod:Flee"],"picked":"jesterMod:Schizophrenia","floor":5},{"not_picked":["jesterMod:Illness","jesterMod:BouncingKnife"],"picked":"jesterMod:SelfMockery","floor":7},{"not_picked":["jesterMod:Procrastination","jesterMod:OblivionStrike"],"picked":"jesterMod:SelfMockery","floor":8},{"not_picked":["jesterMod:Frenzy","jesterMod:Anticipation"],"picked":"jesterMod:QuickStrike","floor":10}],"player_experience":191965,"relics_obtained":[{"floor":7,"key":"Juzu Bracelet"},{"floor":9,"key":"Dream Catcher"},{"floor":10,"key":"Mercury Hourglass"}],"event_choices":[{"cards_removed":["jesterMod:Anticipation"],"damage_healed":5,"gold_gain":0,"player_choice":"Offered Common","damage_taken":0,"max_hp_gain":0,"max_hp_loss":0,"event_name":"Bonfire Elementals","floor":2,"gold_loss":0},{"cards_removed":["jesterMod:Anticipation"],"damage_healed":5,"gold_gain":0,"player_choice":"Offered Special","damage_taken":0,"max_hp_gain":0,"max_hp_loss":0,"event_name":"Bonfire Elementals","floor":2,"gold_loss":0},{"damage_healed":0,"gold_gain":0,"player_choice":"Searched \u00271\u0027 times","damage_taken":0,"max_hp_gain":0,"max_hp_loss":0,"event_name":"Dead Adventurer","floor":10,"gold_loss":0}],"is_beta":false,"boss_relics":[],"items_purged_floors":[],"is_endless":false,"potions_floor_spawned":[5,8,10],"killed_by":"Lagavulin","ascension_level":0}}