{"host":"ydg0vn0pu4pubmdt","time":1611096617,"event":{"mods":["AchievementEnabler","BaseMod","Colored Map","Gold Saver","Minty Spire (QoL Compilation)","Quick Restart","SuperFastMode"],"gold_per_floor":[769,469,489,38,53,53,64,64,91,166,181,197,197,217,217,217,217],"floor_reached":16,"language":"KOR","playtime":645,"items_purged":["Strike_G","Defend_G"],"score":179,"play_id":"1280035b-d5de-438d-a1fd-03b1629ddaa2","local_time":"20210120075017","is_ascension_mode":true,"campfire_choices":[{"data":"Concentrate","floor":6.0,"key":"SMITH"},{"data":"Prepared","floor":8.0,"key":"SMITH"},{"data":"Blade Dance","floor":15.0,"key":"SMITH"}],"circlet_count":0,"master_deck":["AscendersBane","Strike_G","Strike_G","Strike_G","Strike_G","Defend_G","Defend_G","Defend_G","Defend_G","Survivor","Neutralize+1","Concentrate+1","Backflip","Prepared+1","Master of Strategy","Blade Dance+1","Blur","Escape Plan","Backflip","Dagger Spray"],"relics":["Ring of the Snake","Toy Ornithopter","Bag of Preparation"],"acts_visited":["Exordium"],"potions_floor_usage":[16,16],"damage_taken":[{"damage":0.0,"enemies":"Cultist","floor":1.0,"turns":5.0},{"damage":0.0,"enemies":"2 Louse","floor":3.0,"turns":6.0},{"damage":0.0,"enemies":"Jaw Worm","floor":5.0,"turns":5.0},{"damage":7.0,"enemies":"Red Slaver","floor":7.0,"turns":7.0},{"damage":0.0,"enemies":"Looter","floor":11.0,"turns":3.0},{"damage":10.0,"enemies":"3 Louse","floor":12.0,"turns":4.0},{"damage":0.0,"enemies":"Blue Slaver","floor":14.0,"turns":4.0},{"damage":48,"enemies":"Hexaghost","floor":16,"turns":14}],"seed_played":"-8245574112963134566","potions_obtained":[{"floor":7.0,"key":"SkillPotion"},{"floor":12.0,"key":"Fire Potion"}],"is_trial":false,"path_per_floor":["M","$","M","$","M","R","M","R","T","?","M","M","?","M","R","B"],"character_chosen":"THE_SILENT","items_purchased":["Toy Ornithopter","Backflip","Master of Strategy","Blade Dance","Blur"],"campfire_rested":0,"item_purchase_floors":[2,2,4,4,4],"current_hp_per_floor":[59,59,59,59,59,59,52,52,52,41,41,31,31,31,31,0,0],"gold":217,"neow_bonus":"UPGRADE_CARD","is_daily":false,"chose_seed":false,"campfire_upgraded":3,"win_rate":0.0,"timestamp":1611096617,"path_taken":["M","$","M","$","M","R","M","R","T","?","M","M","?","M","R","BOSS"],"items_purchased_type":["Relic","Card","Card","Card","Card"],"build_version":"2020-12-22","purchased_purges":2,"victory":false,"max_hp_per_floor":[66,66,66,66,66,66,66,66,66,66,66,66,66,66,66,66,66],"card_choices":[{"not_picked":["Quick Slash","Sucker Punch"],"picked":"Concentrate","floor":1.0},{"not_picked":["Backstab","PiercingWail"],"picked":"Prepared","floor":3.0},{"not_picked":["Cloak And Dagger","Slice"],"picked":"Escape Plan","floor":5.0},{"not_picked":["PiercingWail","Distraction"],"picked":"Backflip","floor":7.0},{"not_picked":["Dodge and Roll","Malaise"],"picked":"Dagger Spray","floor":11.0},{"not_picked":["Slice","Choke","Infinite Blades"],"picked":"SKIP","floor":12.0},{"not_picked":["Slice","Choke","Infinite Blades"],"picked":"SKIP","floor":12.0},{"not_picked":["Backflip","Dodge and Roll","All Out Attack"],"picked":"SKIP","floor":14.0}],"player_experience":502655,"relics_obtained":[{"floor":9.0,"key":"Bag of Preparation"}],"event_choices":[{"damage_healed":0.0,"max_hp_gain":0.0,"max_hp_loss":0.0,"gold_gain":75.0,"event_name":"World of Goop","player_choice":"Gather Gold","floor":10.0,"gold_loss":0.0,"damage_taken":11.0},{"damage_healed":0.0,"max_hp_gain":0.0,"max_hp_loss":0.0,"gold_gain":0.0,"event_name":"Liars Game","player_choice":"Ignored","floor":13.0,"gold_loss":0.0,"damage_taken":0.0}],"is_beta":false,"boss_relics":[],"items_purged_floors":[2,4],"is_endless":false,"potions_floor_spawned":[7,12,14],"killed_by":"Hexaghost","ascension_level":18}}