{"host":"cv77zuuuekizn3ic","time":1611044785,"event":{"mods":["AchievementEnabler","BaseMod","Downfall","Marisa£®ÏF”Í°°ƒß¿Ì…≥£©","Minty Spire (QoL Compilation)","StSLib"],"gold_per_floor":[99,99,99,159,159,334,361,361,378,394,394,421,421,521,537,637,687,687,704,704,306,316,316,370,470,485,499,499,534,434,454,474,575,575,575,590,604,654,754,654,654,554,52,62,74,101,101,59,76,76,76,107,23,23,23,23,23],"floor_reached":55,"language":"ZHS","playtime":3866,"items_purged":["downfall:Bewildered","Doubt","Slimebound:Strike_Slimebound"],"score":788,"play_id":"9a5ea917-c8ff-48d6-b937-8b28c2c31dee","local_time":"20210119162625","is_ascension_mode":false,"campfire_choices":[{"data":"Slimebound:Split","floor":1.0,"key":"SMITH"},{"data":"Slimebound:GoopSpray","floor":11.0,"key":"SMITH"},{"data":"Slimebound:SlimeSlap","floor":13.0,"key":"SMITH"},{"data":"Slimebound:Split","floor":18.0,"key":"SMITH"},{"data":"Slimebound:MassRepurpose","floor":23.0,"key":"SMITH"},{"data":"Slimebound:TagTeam","floor":30,"key":"SMITH"},{"floor":35,"key":"RECALL"},{"data":"Slimebound:WasteNot","floor":40,"key":"SMITH"},{"data":"Slimebound:FormOfPuddle","floor":42,"key":"SMITH"},{"data":"Slimebound:WasteNot","floor":47,"key":"SMITH"},{"floor":54,"key":"REST"}],"circlet_count":0,"master_deck":["Slimebound:Strike_Slimebound+1","Slimebound:Tackle","Slimebound:Defend_Slimebound+1","Slimebound:Defend_Slimebound","Slimebound:Defend_Slimebound","Slimebound:Defend_Slimebound","Slimebound:Split+1","Slimebound:CorrosiveSpit","Slimebound:HauntingLick+1","Slimebound:SplitMire","Slimebound:Dissolve","Slimebound:ServeAndProtect","Slimebound:GoopSpray+1","Slimebound:SlimeSlap+1","Slimebound:Split+1","Slimebound:Schlurp","Slimebound:SlimeTap","Slimebound:FirmFortitude","Good Instincts","Slimebound:ProtectTheBoss","Slimebound:Replication","Slimebound:SlimeSlap+1","Slimebound:SplitBruiser","Slimebound:SlimeBrawl+1","Slimebound:MassRepurpose+1","Slimebound:Repurpose+1","Slimebound:SplitLeeching","Slimebound:LivingWall","Slimebound:FormOfPuddle+1","Slimebound:TagTeam+1","Slimebound:Repurpose+1","Slimebound:Prepare","Slimebound:WasteNot+1","Slimebound:ComboTackle+1","Slimebound:Repurpose+1","Slimebound:WasteNot+1","Slimebound:SpikyOuterGoop+1","expansioncontent:InvincibleStrength"],"relics":["Slimebound:AbsorbEndCombatUpgraded","downfall:HeartsMalice","Meat on the Bone","Bronze Scales","Incense Burner","downfall:GremlinSack","Tiny House","sneckomod:BabySnecko","ClockworkSouvenir","Pen Nib","Potion Belt","Bag of Marbles","downfall:HeartBlessingGreen","TungstenRod","downfall:GremlinWheel","downfall:HeartBlessingRed","downfall:HeartBlessingBlue","TheAbacus","Anchor","HornCleat","Mummified Hand","Bottled Tornado"],"acts_visited":["Exordium","TheCity","TheBeyond","TheEnding"],"potions_floor_usage":[49,50],"damage_taken":[{"damage":0.0,"enemies":"Small Slimes","floor":2.0,"turns":1.0},{"damage":0.0,"enemies":"Jaw Worm","floor":3.0,"turns":1.0},{"damage":0.0,"enemies":"Gremlin Nob","floor":4.0,"turns":1.0},{"damage":0.0,"enemies":"2 Louse","floor":9.0,"turns":3.0},{"damage":0.0,"enemies":"Red Slaver","floor":10.0,"turns":4.0},{"damage":8.0,"enemies":"3 Sentries","floor":12.0,"turns":6.0},{"damage":10.0,"enemies":"3 Sentries","floor":14.0,"turns":5.0},{"damage":0.0,"enemies":"Exordium Wildlife","floor":15.0,"turns":2.0},{"damage":22.0,"enemies":"IC_STATUS_ARCHETYPE","floor":16.0,"turns":6.0},{"damage":18.0,"enemies":"3 Byrds","floor":19.0,"turns":4.0},{"damage":5.0,"enemies":"downfall:FleeingMerchant","floor":21.0,"turns":4.0},{"damage":5.0,"enemies":"Chosen","floor":22.0,"turns":4.0},{"damage":10.0,"enemies":"downfall:LadyInBlue","floor":25.0,"turns":9.0},{"damage":5.0,"enemies":"Snecko","floor":26.0,"turns":5.0},{"damage":5,"enemies":"Centurion and Healer","floor":27,"turns":5},{"damage":0,"enemies":"Gremlin Leader","floor":29,"turns":6},{"damage":2,"enemies":"Snake Plant","floor":31,"turns":3},{"damage":5,"enemies":"3 Cultists","floor":32,"turns":4},{"damage":14,"enemies":"WA_ARCHETYPE_CALM","floor":33,"turns":10},{"damage":0,"enemies":"Orb Walker","floor":36,"turns":2},{"damage":18,"enemies":"3 Darklings","floor":37,"turns":5},{"damage":0,"enemies":"3 Darklings","floor":38,"turns":4},{"damage":0,"enemies":"3 Darklings","floor":39,"turns":2},{"damage":4,"enemies":"downfall:FleeingMerchant","floor":43,"turns":4},{"damage":1,"enemies":"Sphere and 2 Shapes","floor":44,"turns":3},{"damage":0,"enemies":"4 Shapes","floor":45,"turns":5},{"damage":31,"enemies":"Nemesis","floor":46,"turns":7},{"damage":0,"enemies":"downfall:FleeingMerchant","floor":48,"turns":2},{"damage":0,"enemies":"Transient","floor":49,"turns":5},{"damage":35,"enemies":"SI_POISON_ARCHETYPE","floor":50,"turns":6},{"damage":81,"enemies":"downfall:CharBossMerchant","floor":52,"turns":9},{"damage":59,"enemies":"downfall:NeowBoss","floor":55,"turns":21}],"seed_played":"7972849684798557797","potions_obtained":[{"floor":4.0,"key":"Weak Potion"},{"floor":12.0,"key":"Fire Potion"},{"floor":14.0,"key":"Explosive Potion"},{"floor":25.0,"key":"SpeedPotion"},{"floor":25.0,"key":"DistilledChaos"},{"floor":25.0,"key":"Dexterity Potion"},{"floor":27,"key":"Regen Potion"},{"floor":32,"key":"Strength Potion"},{"floor":49,"key":"Explosive Potion"},{"floor":52,"key":"Guardian:BlockOnCardUsePotion"}],"is_trial":false,"path_per_floor":["R","M","M","?","?","?","T","?","M","M","R","E","R","?","M","B",null,"R","M","?","$","M","R","T","?","M","M","?","E","R","M","M","B",null,"R","M","M","?","?","R","T","R","$","M","M","E","R","$","M","B",null,"E","$","R","B"],"character_chosen":"SLIMEBOUND","items_purchased":["ClockworkSouvenir","Slimebound:MassRepurpose","TheAbacus","Anchor","EntropicBrew","Mummified Hand","expansioncontent:InvincibleStrength"],"campfire_rested":1,"item_purchase_floors":[21,21,43,43,43,48,53],"current_hp_per_floor":[65,65,65,65,65,65,65,65,65,65,65,63,63,61,65,47,70,70,54,54,55,52,52,52,50,49,48,48,56,56,58,53,47,70,70,70,61,67,70,70,70,80,80,79,80,55,55,55,61,41,80,20,20,44,0,0,0],"gold":23,"neow_bonus":"THREE_ENEMY_KILL","is_daily":false,"chose_seed":false,"campfire_upgraded":9,"win_rate":0.0,"timestamp":1611044785,"path_taken":["R","M","M","?","?","?","T","?","M","?","R","E","R","?","M","BOSS","R","M","?","$","M","R","T","?","M","?","?","E","R","M","M","BOSS","R","M","M","?","?","R","T","R","$","?","M","E","R","$","M","BOSS","E","$","R","BOSS"],"items_purchased_type":["Relic","Card","Relic","Relic","Potion","Relic","Card"],"build_version":"2020-12-22","purchased_purges":3,"victory":false,"max_hp_per_floor":[65,65,65,65,65,65,65,65,65,65,65,65,65,65,65,65,70,70,70,70,70,70,70,70,70,70,70,70,70,70,70,70,70,70,70,70,70,70,70,70,70,80,80,80,80,80,80,80,80,80,80,80,80,80,80,80,80],"card_choices":[{"not_picked":["Slimebound:LeechingTouch","Slimebound:ViciousTackle"],"picked":"Slimebound:HauntingLick","floor":2.0},{"not_picked":["Slimebound:GoopTackle","Slimebound:TongueLash"],"picked":"Slimebound:SplitMire","floor":3.0},{"not_picked":["Slimebound:SplitBruiser","Slimebound:SplitLeeching"],"picked":"Slimebound:Dissolve","floor":4.0},{"not_picked":["Slimebound:ViciousTackle","Slimebound:AcidTongue"],"picked":"Slimebound:ServeAndProtect","floor":9.0},{"not_picked":["Slimebound:LeechingTouch","Slimebound:RollThrough"],"picked":"Slimebound:GoopSpray","floor":10.0},{"not_picked":["Slimebound:Chomp","Slimebound:GrowthPunch"],"picked":"Slimebound:SlimeSlap","floor":12.0},{"not_picked":["Slimebound:HauntingLick","Slimebound:SlimeBrawl"],"picked":"Slimebound:ProtectTheBoss","floor":14.0},{"not_picked":["Slimebound:SplitAcid","Slimebound:GoopTackle"],"picked":"Slimebound:Replication","floor":15.0},{"not_picked":["Slimebound:PrepareCrush","Slimebound:Teamwork"],"picked":"Slimebound:SlimeSlap","floor":16.0},{"not_picked":["Slimebound:FinishingTackle","Slimebound:SamplingLick"],"picked":"Slimebound:SplitBruiser","floor":17.0},{"not_picked":["Slimebound:Replication","Slimebound:GrowthPunch"],"picked":"Slimebound:SlimeBrawl+1","floor":19.0},{"not_picked":["Slimebound:PressTheAttack","Slimebound:GoopTackle","Slimebound:ItLooksTasty"],"picked":"SKIP","floor":21.0},{"not_picked":["Slimebound:RejuvenatingLick+1","Slimebound:SlimeSpikes"],"picked":"Slimebound:Repurpose+1","floor":22.0},{"not_picked":["Slimebound:Gluttony","Slimebound:GoopTackle"],"picked":"Slimebound:SplitLeeching","floor":25.0},{"not_picked":["Slimebound:DivideAndConquer+1","Slimebound:SlimeBrawl","Slimebound:LivingWall"],"picked":"SKIP","floor":26.0},{"not_picked":["Slimebound:DivideAndConquer+1","Slimebound:SlimeBrawl"],"picked":"Slimebound:LivingWall","floor":26.0},{"not_picked":["Slimebound:SlimeBrawl","Slimebound:LivingWall+1"],"picked":"Slimebound:FormOfPuddle","floor":27},{"not_picked":["Slimebound:Schlurp+1","Slimebound:Teamwork"],"picked":"Slimebound:TagTeam","floor":29},{"not_picked":["Slimebound:FinishingTackle","Slimebound:LeechEnergy+1"],"picked":"Slimebound:Repurpose+1","floor":31},{"not_picked":["Slimebound:GoopSpray","Slimebound:BestDefense"],"picked":"Slimebound:Prepare","floor":32},{"not_picked":["Slimebound:SelfFormingGoo","Slimebound:LeechLife"],"picked":"Slimebound:WasteNot","floor":33},{"not_picked":["Slimebound:SplitMire+1","Slimebound:GrowthPunch+1","Slimebound:PressTheAttack+1"],"picked":"SKIP","floor":36},{"not_picked":["Slimebound:LeechEnergy+1","Slimebound:ComboTackle+1","Slimebound:Grow"],"picked":"SKIP","floor":37},{"not_picked":["Slimebound:LeechEnergy+1","Slimebound:ComboTackle+1","Slimebound:Grow"],"picked":"SKIP","floor":37},{"not_picked":["Slimebound:LeechEnergy+1","Slimebound:Grow"],"picked":"Slimebound:ComboTackle+1","floor":37},{"not_picked":["Slimebound:SplitBruiser+1","Slimebound:GoopSpray"],"picked":"Slimebound:Repurpose+1","floor":43},{"not_picked":["Slimebound:RollThrough","Slimebound:Equalize"],"picked":"Slimebound:WasteNot","floor":44},{"not_picked":["Slimebound:Dissolve+1","Slimebound:ComboTackle+1","Slimebound:SlimeBarrage"],"picked":"SKIP","floor":45},{"not_picked":["Slimebound:ProtectTheBoss","Slimebound:AcidTongue","Slimebound:TongueLash+1"],"picked":"SKIP","floor":46},{"not_picked":["Slimebound:MegaLick","Slimebound:GoopTackle","Slimebound:LivingWall"],"picked":"SKIP","floor":48},{"not_picked":["Slimebound:SplitSpecialist","Slimebound:Repurpose","Slimebound:LeechEnergy+1"],"picked":"SKIP","floor":49},{"not_picked":["Slimebound:Chomp+1","Slimebound:SplitSpecialist"],"picked":"Slimebound:SpikyOuterGoop+1","floor":52}],"player_experience":1009449,"relics_obtained":[{"floor":7.0,"key":"Bronze Scales"},{"floor":12.0,"key":"Incense Burner"},{"floor":14.0,"key":"downfall:GremlinSack"},{"floor":24.0,"key":"Pen Nib"},{"floor":25.0,"key":"Potion Belt"},{"floor":29,"key":"Bag of Marbles"},{"floor":38,"key":"TungstenRod"},{"floor":39,"key":"downfall:GremlinWheel"},{"floor":46,"key":"HornCleat"},{"floor":52,"key":"Bottled Tornado"}],"event_choices":[{"cards_removed":["Doubt"],"damage_healed":0,"gold_gain":0,"player_choice":"Card Removal","damage_taken":0,"max_hp_gain":0,"max_hp_loss":0,"event_name":"Wheel of Change","floor":40,"gold_loss":0}],"is_beta":false,"boss_relics":[{"not_picked":["SlaversCollar","Sozu"],"picked":"Tiny House"},{"not_picked":["SacredBark","Philosopher\u0027s Stone"],"picked":"Slimebound:AbsorbEndCombatUpgraded"}],"items_purged_floors":[21,43,48],"is_endless":false,"potions_floor_spawned":[4,12,14,22,25,27,31,32,36,38,45,49,52],"killed_by":"downfall:NeowBoss","ascension_level":0}}