{"host":"vumwfieg2b2mnrfl","time":1611100702,"event":{"mods":["AchievementEnabler","BaseMod","Minty Spire (QoL Compilation)","Rare Cards Sparkle","Relic Stats"],"gold_per_floor":[119,119,131,102,117,127,153,118,118,180,180,200,200,12,12,88,88,107,107,7,18,34,34,34],"floor_reached":23,"language":"ENG","playtime":905,"items_purged":["Shame"],"score":394,"play_id":"bf3b2617-44f3-42b1-b26a-f82877c79bc0","local_time":"20210119175822","is_ascension_mode":true,"campfire_choices":[{"data":"Backflip","floor":11.0,"key":"SMITH"},{"data":"Leg Sweep","floor":13.0,"key":"SMITH"},{"data":"Bullet Time","floor":15.0,"key":"SMITH"}],"circlet_count":0,"master_deck":["AscendersBane","Strike_G","Strike_G","Strike_G","Defend_G","Defend_G","Defend_G","Defend_G","Survivor","Neutralize+1","Bullet Time+1","Escape Plan","Dagger Spray","PiercingWail","Corpse Explosion","Backflip+1","Quick Slash","Leg Sweep+1","Noxious Fumes","Noxious Fumes","Night Terror","Crippling Poison+1","Endless Agony+1","Outmaneuver+1","Catalyst","PiercingWail","Leg Sweep","Flying Knee+1"],"relics":["Ring of the Snake","Mango","Ornamental Fan","Eternal Feather","Odd Mushroom","Astrolabe","Matryoshka"],"acts_visited":["Exordium","TheCity"],"potions_floor_usage":[23],"damage_taken":[{"damage":10.0,"enemies":"Jaw Worm","floor":1.0,"turns":6.0},{"damage":0.0,"enemies":"Cultist","floor":3.0,"turns":4.0},{"damage":6.0,"enemies":"Small Slimes","floor":5.0,"turns":5.0},{"damage":1.0,"enemies":"3 Louse","floor":6.0,"turns":2.0},{"damage":22.0,"enemies":"3 Sentries","floor":7.0,"turns":6.0},{"damage":30.0,"enemies":"Lagavulin Event","floor":10.0,"turns":8.0},{"damage":5.0,"enemies":"The Mushroom Lair","floor":12.0,"turns":3.0},{"damage":22.0,"enemies":"Hexaghost","floor":16.0,"turns":12.0},{"damage":19.0,"enemies":"Shell Parasite","floor":18.0,"turns":8.0},{"damage":25.0,"enemies":"2 Thieves","floor":21.0,"turns":4.0},{"damage":13.0,"enemies":"Snake Plant","floor":22.0,"turns":5.0},{"damage":37,"enemies":"Gremlin Leader","floor":23,"turns":3}],"seed_played":"-2612483507294915605","potions_obtained":[{"floor":1.0,"key":"EssenceOfSteel"},{"floor":7.0,"key":"Fire Potion"},{"floor":12.0,"key":"Fruit Juice"},{"floor":21.0,"key":"SteroidPotion"}],"is_trial":false,"path_per_floor":["M","?","M","$","M","M","E","?","T","?","R","?","R","$","R","B",null,"M","?","$","M","M","E"],"character_chosen":"THE_SILENT","items_purchased":["PiercingWail","Fruit Juice","Noxious Fumes","PiercingWail"],"campfire_rested":0,"item_purchase_floors":[4,14,14,20],"current_hp_per_floor":[49,49,49,49,43,42,34,54,54,24,36,31,43,53,65,43,78,59,59,59,34,21,0,0],"gold":34,"neow_bonus":"ONE_RANDOM_RARE_CARD","is_daily":false,"chose_seed":false,"campfire_upgraded":3,"win_rate":0.0,"timestamp":1611100702,"path_taken":["M","?","M","$","?","M","E","?","T","?","R","?","R","$","R","BOSS","M","?","$","M","M","E"],"items_purchased_type":["Card","Potion","Card","Card"],"build_version":"2020-12-22","purchased_purges":1,"victory":false,"max_hp_per_floor":[66,66,66,66,66,66,80,80,80,80,80,80,80,90,90,90,90,90,90,90,90,90,90,90],"relic_stats":{"counters":[12,66],"Ornamental Fan":[32],"Astrolabe":["Crippling Poison","Endless Agony","Outmaneuver"],"Eternal Feather":36,"obtain_stats":[{"Matryoshka":19,"Ornamental Fan":9,"Astrolabe":17,"Mango":7,"Eternal Feather":10,"Odd Mushroom":12,"Ring of the Snake":0},{"Matryoshka":9,"Ornamental Fan":5,"Astrolabe":8,"Mango":5,"Eternal Feather":6,"Odd Mushroom":7,"Ring of the Snake":0},{"Matryoshka":54,"Ornamental Fan":23,"Astrolabe":46,"Mango":23,"Eternal Feather":31,"Odd Mushroom":34,"Ring of the Snake":0}],"Ring of the Snake":[25]},"card_choices":[{"not_picked":["Dagger Throw","Bane"],"picked":"Escape Plan","floor":1.0},{"not_picked":["Deflect","Flying Knee"],"picked":"Dagger Spray","floor":3.0},{"not_picked":["Caltrops","Cloak And Dagger"],"picked":"Corpse Explosion","floor":5.0},{"not_picked":["Bane","Accuracy"],"picked":"Backflip","floor":6.0},{"not_picked":["Masterful Stab","Blade Dance"],"picked":"Quick Slash","floor":7.0},{"not_picked":["Quick Slash","Eviscerate"],"picked":"Leg Sweep","floor":10.0},{"not_picked":["Backflip","Sucker Punch"],"picked":"Noxious Fumes","floor":12.0},{"not_picked":["Tools of the Trade","Doppelganger"],"picked":"Night Terror","floor":16.0},{"not_picked":["Backflip","Prepared"],"picked":"Catalyst","floor":18.0},{"not_picked":["Escape Plan","Deflect"],"picked":"Leg Sweep","floor":21.0},{"not_picked":["PiercingWail","Dagger Spray"],"picked":"Flying Knee+1","floor":22.0}],"player_experience":442558,"relics_obtained":[{"floor":7.0,"key":"Mango"},{"floor":9.0,"key":"Ornamental Fan"},{"floor":10.0,"key":"Eternal Feather"},{"floor":12.0,"key":"Odd Mushroom"}],"event_choices":[{"damage_healed":0.0,"max_hp_gain":0.0,"max_hp_loss":0.0,"gold_gain":0.0,"event_name":"Upgrade Shrine","player_choice":"Upgraded","floor":2.0,"gold_loss":0.0,"damage_taken":0.0,"cards_upgraded":["Neutralize"]},{"damage_healed":20.0,"max_hp_gain":0.0,"max_hp_loss":0.0,"gold_gain":0.0,"event_name":"The Cleric","player_choice":"Healed","floor":8.0,"gold_loss":35.0,"damage_taken":0.0},{"damage_healed":0.0,"max_hp_gain":0.0,"max_hp_loss":0.0,"gold_gain":0.0,"event_name":"Dead Adventurer","player_choice":"Searched \u00271\u0027 times","floor":10.0,"gold_loss":0.0,"damage_taken":0.0},{"damage_healed":0.0,"max_hp_gain":0.0,"max_hp_loss":0.0,"gold_gain":0.0,"event_name":"Mushrooms","player_choice":"Fought Mushrooms","floor":12.0,"gold_loss":0.0,"damage_taken":0.0},{"damage_healed":0.0,"max_hp_gain":0.0,"max_hp_loss":0.0,"gold_gain":0.0,"event_name":"Addict","player_choice":"Stole Relic","floor":19.0,"gold_loss":0.0,"damage_taken":0.0,"relics_obtained":["Matryoshka"],"cards_obtained":["Shame"]}],"is_beta":false,"boss_relics":[{"not_picked":["Empty Cage","Pandora\u0027s Box"],"picked":"Astrolabe"}],"items_purged_floors":[20],"is_endless":false,"potions_floor_spawned":[1,7,12,21],"killed_by":"Gremlin Leader","ascension_level":19}}