{"host":"3a1ypf1irl30q4k8","time":1611077531,"event":{"mods":["AchievementEnabler","BaseMod","Bestiary","Colored Map","Minty Spire (QoL Compilation)","Relic Stats"],"gold_per_floor":[119,60,70,82,97,97,127,127,196,42,67,167,181,199,199,295,295,308,233,233,6,24,24,51,0,0,0,10,10,26,42,42,146,146,163,178,50,50,50,75,94,129,129,129,129,144,144,144,144,144],"floor_reached":51,"language":"ENG","playtime":2978,"items_purged":["Strike_G"],"score":913,"play_id":"0ba6e1fb-e374-4689-9dda-b1843348b2ea","local_time":"20210119173211","is_ascension_mode":true,"campfire_choices":[{"data":"Underhanded Strike","floor":6,"key":"SMITH"},{"floor":8,"key":"REST"},{"data":"Phantasmal Killer","floor":15,"key":"SMITH"},{"data":"Sadistic Nature","floor":23,"key":"SMITH"},{"floor":32,"key":"REST"},{"floor":45,"key":"REST"},{"floor":47,"key":"REST"},{"floor":49,"key":"REST"}],"circlet_count":0,"master_deck":["Defend_G","Defend_G","Defend_G","Survivor","Neutralize","Acrobatics","Underhanded Strike+1","Slice","Dagger Throw","Poisoned Stab","Well Laid Plans","Phantasmal Killer+1","Dagger Throw+1","Tactician","After Image","PiercingWail+1","Envenom","Burst","Poisoned Stab+1","Sadistic Nature+1","Flying Knee+1","Footwork","Flying Knee+1","Blade Dance+1","PiercingWail+1","Poisoned Stab+1","Crippling Poison+1","A Thousand Cuts","Finisher+1","Tactician+1","Accuracy","Poisoned Stab+1","Dagger Throw+1","Bouncing Flask+1","Bandage Up+1","Acrobatics+1"],"relics":["Ring of the Snake","Ice Cream","Blood Vial","Pear","Molten Egg 2","HoveringKite","Ninja Scroll","Toxic Egg 2","Fusion Hammer","Sundial","Letter Opener","StrikeDummy","Mercury Hourglass"],"acts_visited":["Exordium","TheCity","TheBeyond"],"potions_floor_usage":[16,22,24,33,33,33,33,50,50],"damage_taken":[{"damage":0,"enemies":"Small Slimes","floor":1,"turns":3},{"damage":2,"enemies":"Cultist","floor":3,"turns":4},{"damage":6,"enemies":"2 Louse","floor":4,"turns":3},{"damage":17,"enemies":"Gremlin Gang","floor":5,"turns":6},{"damage":28,"enemies":"Gremlin Nob","floor":7,"turns":4},{"damage":19,"enemies":"3 Sentries","floor":11,"turns":7},{"damage":3,"enemies":"Blue Slaver","floor":13,"turns":3},{"damage":3,"enemies":"Looter","floor":14,"turns":3},{"damage":33,"enemies":"The Guardian","floor":16,"turns":10},{"damage":2,"enemies":"Chosen","floor":18,"turns":3},{"damage":2,"enemies":"3 Byrds","floor":22,"turns":4},{"damage":39,"enemies":"Slavers","floor":24,"turns":5},{"damage":0,"enemies":"Snake Plant","floor":28,"turns":4},{"damage":30,"enemies":"Cultist and Chosen","floor":30,"turns":6},{"damage":2,"enemies":"Centurion and Healer","floor":31,"turns":5},{"damage":57,"enemies":"Automaton","floor":33,"turns":7},{"damage":0,"enemies":"3 Shapes","floor":35,"turns":6},{"damage":2,"enemies":"3 Darklings","floor":36,"turns":4},{"damage":18,"enemies":"Reptomancer","floor":40,"turns":4},{"damage":25,"enemies":"Writhing Mass","floor":41,"turns":4},{"damage":39,"enemies":"Nemesis","floor":42,"turns":7},{"damage":11,"enemies":"Spire Growth","floor":46,"turns":3},{"damage":85,"enemies":"Time Eater","floor":50,"turns":9}],"seed_played":"-1172763451163745038","potions_obtained":[{"floor":7,"key":"FairyPotion"},{"floor":13,"key":"Weak Potion"},{"floor":14,"key":"GhostInAJar"},{"floor":16,"key":"Strength Potion"},{"floor":28,"key":"Ancient Potion"},{"floor":30,"key":"SpeedPotion"},{"floor":31,"key":"EntropicBrew"},{"floor":35,"key":"Explosive Potion"},{"floor":41,"key":"DuplicationPotion"}],"is_trial":false,"path_per_floor":["M","?","M","M","M","R","E","R","T","$","E","?","M","M","R","B",null,"M","?","?","$","M","R","E","$","T","?","M","?","M","M","R","B",null,"M","M","$","?","?","E","M","E","T","?","R","M","R","T","R","B",null],"character_chosen":"THE_SILENT","items_purchased":["Well Laid Plans","Poisoned Stab+1","Sadistic Nature","Flying Knee+1","Accuracy","Poisoned Stab+1"],"campfire_rested":5,"item_purchase_floors":[10,21,21,25,37,37],"current_hp_per_floor":[77,77,75,69,52,52,24,47,57,57,40,40,39,38,38,7,87,85,85,85,85,85,85,48,48,48,48,50,50,22,22,48,26,87,87,85,85,85,85,69,46,9,9,9,35,26,52,52,78,1],"gold":144,"neow_bonus":"TEN_PERCENT_HP_BONUS","is_daily":false,"chose_seed":false,"campfire_upgraded":3,"win_rate":0.0,"timestamp":1611077531,"path_taken":["M","?","M","?","M","R","E","R","T","$","E","?","M","?","R","BOSS","M","?","?","$","M","R","E","$","T","?","?","?","M","M","R","BOSS","M","?","$","?","?","E","?","E","T","?","R","M","R","?","R","BOSS"],"items_purchased_type":["Card","Card","Card","Card","Card","Card"],"build_version":"2020-12-22","purchased_purges":1,"victory":true,"max_hp_per_floor":[77,77,77,77,77,77,77,77,87,87,87,87,87,87,87,87,87,87,87,87,87,87,87,87,87,87,87,87,87,87,87,87,87,87,87,87,87,87,87,87,87,87,87,87,87,87,87,87,87,87],"relic_stats":{"Blood Vial":30,"counters":[23,114],"Sundial":[0],"HoveringKite":[40],"Letter Opener":[20],"obtain_stats":[{"Ice Cream":2,"Pear":9,"HoveringKite":17,"Letter Opener":42,"Mercury Hourglass":48,"Blood Vial":7,"Ninja Scroll":24,"Sundial":40,"Molten Egg 2":11,"Fusion Hammer":34,"Toxic Egg 2":26,"StrikeDummy":43,"Ring of the Snake":0},{"Ice Cream":1,"Pear":5,"HoveringKite":9,"Letter Opener":21,"Mercury Hourglass":22,"Blood Vial":5,"Ninja Scroll":12,"Sundial":19,"Molten Egg 2":6,"Fusion Hammer":16,"Toxic Egg 2":12,"StrikeDummy":21,"Ring of the Snake":0},{"Ice Cream":3,"Pear":20,"HoveringKite":43,"Letter Opener":102,"Mercury Hourglass":105,"Blood Vial":20,"Ninja Scroll":55,"Sundial":91,"Molten Egg 2":27,"Fusion Hammer":77,"Toxic Egg 2":55,"StrikeDummy":102,"Ring of the Snake":0}],"Ring of the Snake":[46],"Mercury Hourglass":[24]},"card_choices":[{"not_picked":["Deflect","Well Laid Plans"],"picked":"Acrobatics","floor":1},{"not_picked":["Poisoned Stab","Sucker Punch"],"picked":"Underhanded Strike","floor":3},{"not_picked":["Outmaneuver","Riddle With Holes"],"picked":"Slice","floor":4},{"not_picked":["Prepared","Bouncing Flask"],"picked":"Dagger Throw","floor":5},{"not_picked":["Cloak And Dagger","Reflex"],"picked":"Poisoned Stab","floor":7},{"not_picked":["Cloak And Dagger","Deflect"],"picked":"Phantasmal Killer","floor":11},{"not_picked":["Flying Knee+1","Deflect"],"picked":"Dagger Throw+1","floor":13},{"not_picked":["Distraction","Heel Hook+1"],"picked":"Tactician","floor":14},{"not_picked":["Phantasmal Killer","Envenom"],"picked":"After Image","floor":16},{"not_picked":["Blur","Dagger Throw+1"],"picked":"PiercingWail+1","floor":18},{"not_picked":["Setup","Infinite Blades"],"picked":"Flying Knee+1","floor":22},{"not_picked":["Corpse Explosion","All Out Attack+1"],"picked":"Footwork","floor":24},{"not_picked":["Sucker Punch+1","PiercingWail+1"],"picked":"Blade Dance+1","floor":28},{"not_picked":["Skewer+1","Dagger Spray+1"],"picked":"Poisoned Stab+1","floor":30},{"not_picked":["Backstab+1","Dodge and Roll+1"],"picked":"Crippling Poison+1","floor":31},{"not_picked":["Envenom","Storm of Steel+1"],"picked":"A Thousand Cuts","floor":33},{"not_picked":["Riddle With Holes+1","Sucker Punch+1"],"picked":"Finisher+1","floor":35},{"not_picked":["Sucker Punch+1","Infinite Blades+1"],"picked":"Tactician+1","floor":36},{"not_picked":["Infinite Blades","Backstab+1"],"picked":"Dagger Throw+1","floor":40},{"not_picked":["Dagger Spray+1","Predator+1","Finisher+1"],"picked":"SKIP","floor":41},{"not_picked":["Slice+1","Dodge and Roll+1"],"picked":"Bouncing Flask+1","floor":42},{"not_picked":["Violence+1","Mayhem"],"picked":"Bandage Up+1","floor":44},{"not_picked":["Underhanded Strike+1","Flechettes+1"],"picked":"Acrobatics+1","floor":46}],"player_experience":1125603,"relics_obtained":[{"floor":7,"key":"Blood Vial"},{"floor":9,"key":"Pear"},{"floor":11,"key":"Molten Egg 2"},{"floor":24,"key":"Ninja Scroll"},{"floor":26,"key":"Toxic Egg 2"},{"floor":40,"key":"Sundial"},{"floor":42,"key":"Letter Opener"},{"floor":43,"key":"StrikeDummy"},{"floor":48,"key":"Mercury Hourglass"}],"event_choices":[{"damage_healed":0,"gold_gain":0,"player_choice":"Paid Gold","damage_taken":0,"relics_obtained":["Ice Cream"],"max_hp_gain":0,"max_hp_loss":0,"event_name":"WeMeetAgain","floor":2,"gold_loss":59},{"damage_healed":0,"gold_gain":100,"player_choice":"Gold","damage_taken":0,"max_hp_gain":0,"max_hp_loss":0,"event_name":"Wheel of Change","floor":12,"gold_loss":0},{"cards_removed":["Strike_G"],"damage_healed":0,"gold_gain":0,"player_choice":"Gave Gold","damage_taken":0,"max_hp_gain":0,"max_hp_loss":0,"event_name":"Beggar","floor":19,"gold_loss":75},{"damage_healed":0,"gold_gain":0,"cards_transformed":["Strike_G","Strike_G"],"player_choice":"Became Test Subject","damage_taken":0,"max_hp_gain":0,"max_hp_loss":0,"event_name":"Drug Dealer","floor":20,"gold_loss":0,"cards_obtained":["Envenom","Burst"]},{"cards_removed":["Strike_G"],"damage_healed":0,"gold_gain":0,"player_choice":"Card Removal","damage_taken":0,"max_hp_gain":0,"max_hp_loss":0,"event_name":"Wheel of Change","floor":27,"gold_loss":0},{"damage_healed":0,"gold_gain":0,"cards_transformed":["Defend_G"],"player_choice":"Transformed","damage_taken":0,"max_hp_gain":0,"max_hp_loss":0,"event_name":"Transmorgrifier","floor":29,"gold_loss":0,"cards_obtained":["PiercingWail"]},{"cards_removed":["Defend_G"],"damage_healed":0,"gold_gain":0,"player_choice":"Removed Skill","damage_taken":0,"max_hp_gain":0,"max_hp_loss":0,"event_name":"Falling","floor":38,"gold_loss":0},{"damage_healed":0,"gold_gain":0,"player_choice":"Ignored","damage_taken":0,"max_hp_gain":0,"max_hp_loss":0,"event_name":"SecretPortal","floor":39,"gold_loss":0},{"damage_healed":0,"gold_gain":0,"player_choice":"Memory 1","damage_taken":0,"max_hp_gain":0,"max_hp_loss":0,"event_name":"SensoryStone","floor":44,"gold_loss":0}],"is_beta":false,"boss_relics":[{"not_picked":["Tiny House","Coffee Dripper"],"picked":"HoveringKite"},{"not_picked":["Velvet Choker","Pandora\u0027s Box"],"picked":"Fusion Hammer"}],"items_purged_floors":[10],"is_endless":false,"potions_floor_spawned":[7,13,14,16,28,30,31,35,41],"ascension_level":3}}