{"host":"sdjng9zhqonqi3uc","time":1611083522,"event":{"mods":["2.2 Compatiblity","AchievementEnabler","BaseMod","Better Third Choice","BetterRewards","Colored Powertips","Downfall","Hero for Fun","Minty Spire (QoL Compilation)","Quick Restart","Shop Mod","Spicy Shops","StSLib","Td1madao Mod","The Animator","The Cursed","The Servant 0.9.4"],"gold_per_floor":[19,19,35,49,64,99,116,116,139,164,178,191,191,191,191,295,295,311,390,390,406,419,452,465,492,492,502,536,486,486,229,229,330,330,340,340,357,108,108,108,134,134,134,148,167,181,181,196,196,196],"floor_reached":51,"language":"ENG","playtime":402,"items_purged":["Defend_Y+1","Defend_Y","Defend_Y"],"score":1925,"play_id":"8d638842-dfda-417c-8942-4b44460c51cd","local_time":"20210119201202","is_ascension_mode":true,"campfire_choices":[{"floor":8,"key":"RECALL"},{"data":"Strike_Y","floor":15,"key":"SMITH"},{"data":"Serious_Punch","floor":30,"key":"SMITH"},{"floor":32,"key":"REST"},{"data":"Serious_Punch","floor":40,"key":"SMITH"},{"data":"Slap","floor":42,"key":"SMITH"},{"data":"Consecutive_Normal_Punch","floor":49,"key":"SMITH"}],"circlet_count":0,"master_deck":["Serious_Punch+1","Slimebound:Tackle+1","Slimebound:Tackle+1","Slimebound:Tackle+1","Slap+1","Consecutive_Normal_Punch+1","Slap+1"],"relics":["Cape","Smiling Mask","Omamori","Tiny Chest","Vajra","Empty Cage","Question Card","Toy Ornithopter","Gremlin Horn","Art of War","Turnip","Membership Card","Busted Crown","Molten Egg 2","Lee\u0027s Waffle","MealTicket","Orichalcum","Ancient Tea Set"],"acts_visited":["Exordium","TheCity","TheBeyond"],"potions_floor_usage":[],"damage_taken":[{"damage":0,"enemies":"Small Slimes","floor":1,"turns":1},{"damage":0,"enemies":"Cultist","floor":3,"turns":1},{"damage":0,"enemies":"Jaw Worm","floor":4,"turns":1},{"damage":0,"enemies":"3 Louse","floor":5,"turns":2},{"damage":0,"enemies":"3 Sentries","floor":6,"turns":2},{"damage":0,"enemies":"Blue Slaver","floor":7,"turns":1},{"damage":0,"enemies":"Gremlin Nob","floor":10,"turns":1},{"damage":0,"enemies":"Lots of Slimes","floor":11,"turns":2},{"damage":0,"enemies":"Looter","floor":12,"turns":1},{"damage":0,"enemies":"Slime Boss","floor":16,"turns":1},{"damage":0,"enemies":"Chosen","floor":18,"turns":1},{"damage":0,"enemies":"Shell Parasite","floor":21,"turns":1},{"damage":0,"enemies":"Snake Plant","floor":22,"turns":1},{"damage":0,"enemies":"Slavers","floor":23,"turns":1},{"damage":0,"enemies":"3 Cultists","floor":24,"turns":1},{"damage":0,"enemies":"Gremlin Leader","floor":25,"turns":1},{"damage":0,"enemies":"Shelled Parasite and Fungi","floor":27,"turns":1},{"damage":0,"enemies":"Book of Stabbing","floor":28,"turns":1},{"damage":0,"enemies":"Automaton","floor":33,"turns":1},{"damage":0,"enemies":"Orb Walker","floor":35,"turns":1},{"damage":0,"enemies":"3 Shapes","floor":37,"turns":1},{"damage":0,"enemies":"Reptomancer","floor":41,"turns":1},{"damage":0,"enemies":"Maw","floor":44,"turns":1},{"damage":0,"enemies":"Jaw Worm Horde","floor":45,"turns":1},{"damage":0,"enemies":"Spire Growth","floor":46,"turns":1},{"damage":0,"enemies":"4 Shapes","floor":48,"turns":1},{"damage":0,"enemies":"Awakened One","floor":50,"turns":2}],"seed_played":"6945721873049665881","potions_obtained":[{"floor":4,"key":"champ:CounterPotion"},{"floor":24,"key":"SneckoOil"},{"floor":27,"key":"Swift Potion"}],"is_trial":false,"path_per_floor":["M","?","M","M","M","E","M","R","T","E","M","M","?","?","R","B",null,"M","T","?","M","M","E","M","E","T","M","E","$","R","$","R","B",null,"M","?","M","$","T","R","E","R","T","M","M","M","?","M","R","B",null],"character_chosen":"OPM","items_purchased":["Membership Card","Slap","Consecutive_Normal_Punch","Molten Egg 2","Lee\u0027s Waffle"],"campfire_rested":1,"item_purchase_floors":[31,38,38,38,38],"current_hp_per_floor":[899,899,899,899,899,899,899,899,899,899,899,899,899,899,899,899,974,974,974,974,974,974,974,974,974,974,974,974,974,974,974,999,999,999,999,999,999,1006,1006,1006,1006,1006,1006,1006,1006,1006,1016,1016,1016,1016],"gold":196,"neow_bonus":"","is_daily":false,"chose_seed":false,"campfire_upgraded":5,"win_rate":0.0,"timestamp":1611083522,"path_taken":["M","?","M","M","M","E","M","R","T","E","?","M","?","?","R","BOSS","M","?","?","M","M","E","M","E","T","M","E","$","R","?","R","BOSS","M","?","M","$","?","R","E","R","T","M","M","M","?","M","R","BOSS"],"items_purchased_type":["Relic","Card","Card","Relic","Relic"],"build_version":"2020-12-22","purchased_purges":3,"victory":true,"max_hp_per_floor":[999,999,999,999,999,999,999,999,999,999,999,999,999,999,999,999,999,999,999,999,999,999,999,999,999,999,999,999,999,999,999,999,999,999,999,999,999,1006,1006,1006,1006,1006,1006,1006,1006,1006,1016,1016,1016,1016],"card_choices":[{"not_picked":["Hop","Side_Hop","Yawn"],"picked":"SKIP","floor":1},{"not_picked":["Hop","Toss_Stone","Yawn"],"picked":"SKIP","floor":3},{"not_picked":["Wear_Disguise","Toss_Stone","Ignore"],"picked":"SKIP","floor":4},{"not_picked":["Wear_Disguise","Hop","Slap"],"picked":"SKIP","floor":5},{"not_picked":["Ignore","Yawn","Slap"],"picked":"SKIP","floor":6},{"not_picked":["Wear_Disguise","Yawn","Toss_Stone"],"picked":"SKIP","floor":7},{"not_picked":["Do_Nothing","Toss_Stone","Wear_Disguise"],"picked":"SKIP","floor":10},{"not_picked":["Ignore","Normal_Punch","Terrifying_Presence"],"picked":"SKIP","floor":11},{"not_picked":["Hop","Normal_Punch","Yawn"],"picked":"SKIP","floor":12},{"not_picked":["Oh","Serious_Side_Hops"],"picked":"Serious_Punch","floor":16},{"not_picked":["Ignore","Hop+1","Yawn"],"picked":"SKIP","floor":18},{"not_picked":["Side_Hop","Slap","Toss_Stone","Wear_Disguise"],"picked":"SKIP","floor":21},{"not_picked":["Serious_Punch","Side_Hop","Ignore","Hop"],"picked":"SKIP","floor":22},{"not_picked":["Toss_Stone","Normal_Punch","Hip_Strike","Do_Nothing+1"],"picked":"SKIP","floor":23},{"not_picked":["Wear_Disguise+1","Normal_Punch+1","Consecutive_Normal_Punch","Ignore"],"picked":"SKIP","floor":24},{"not_picked":["Hop","Normal_Punch+1","Ignore","Consecutive_Normal_Punch+1"],"picked":"SKIP","floor":25},{"not_picked":["Slap","Oh","Wear_Disguise","Side_Hop"],"picked":"SKIP","floor":27},{"not_picked":["Wear_Disguise","Toss_Stone","Side_Hop","Consecutive_Normal_Punch"],"picked":"SKIP","floor":28},{"not_picked":["Terrifying_Presence","Serious_Side_Hops","Oh"],"picked":"Serious_Punch","floor":33},{"not_picked":["Yawn","Slap+1"],"picked":"SKIP","floor":35},{"not_picked":["Ignore+1","Serious_Punch"],"picked":"SKIP","floor":37},{"not_picked":["Ignore","Slap+1"],"picked":"SKIP","floor":41},{"not_picked":["Yawn","Consecutive_Normal_Punch+1"],"picked":"SKIP","floor":44},{"not_picked":["Side_Hop+1","Consecutive_Normal_Punch+1"],"picked":"SKIP","floor":45},{"not_picked":["Do_Nothing+1","Slap+1"],"picked":"SKIP","floor":46},{"not_picked":["Yawn+1","Slap+1"],"picked":"SKIP","floor":48},{"not_picked":["Yawn+1"],"picked":"Slap+1","floor":48}],"player_experience":344787,"relics_obtained":[{"floor":6,"key":"Smiling Mask"},{"floor":9,"key":"Omamori"},{"floor":10,"key":"Tiny Chest"},{"floor":19,"key":"Question Card"},{"floor":23,"key":"Toy Ornithopter"},{"floor":25,"key":"Gremlin Horn"},{"floor":26,"key":"Art of War"},{"floor":28,"key":"Turnip"},{"floor":39,"key":"MealTicket"},{"floor":41,"key":"Orichalcum"},{"floor":43,"key":"Ancient Tea Set"}],"event_choices":[{"damage_healed":0,"gold_gain":0,"player_choice":"Upgraded","damage_taken":0,"max_hp_gain":0,"max_hp_loss":0,"event_name":"Upgrade Shrine","floor":2,"gold_loss":0,"cards_upgraded":["Strike_Y"]},{"damage_healed":0,"gold_gain":0,"player_choice":"Relic ","damage_taken":7,"max_hp_gain":0,"max_hp_loss":0,"event_name":"betterThird:BetterScrap","floor":13,"gold_loss":0,"cards_obtained":["Hyperbeam"]},{"damage_healed":899,"gold_gain":0,"player_choice":"Upgrade","damage_taken":200,"max_hp_gain":0,"max_hp_loss":999,"event_name":"betterThird:BetterShining","floor":14,"gold_loss":0,"cards_upgraded":["Strike_Y","Defend_Y"]},{"damage_healed":0,"gold_gain":0,"player_choice":"Ignored","damage_taken":0,"max_hp_gain":0,"max_hp_loss":0,"event_name":"WeMeetAgain","floor":36,"gold_loss":0},{"cards_removed":["Serious_Punch"],"damage_healed":0,"gold_gain":0,"player_choice":"Offered Rare","damage_taken":0,"max_hp_gain":10,"max_hp_loss":0,"event_name":"Bonfire Elementals","floor":47,"gold_loss":0}],"is_beta":false,"boss_relics":[{"not_picked":["SlaversCollar","Coffee Dripper"],"picked":"Empty Cage"},{"not_picked":["Velvet Choker","Snecko Eye"],"picked":"Busted Crown"}],"items_purged_floors":[29,31,31],"is_endless":false,"potions_floor_spawned":[3,4,10,11,12,16,21,24,27,28,37,41,46],"ascension_level":9}}