{"host":"fkig9nrckec4xsh0","time":1611099869,"event":{"mods":["BaseMod","Colored Map","Minty Spire (QoL Compilation)","Quick Restart","Replay The Spire","StSLib"],"gold_per_floor":[112,112,124,139,139,167,45,75,143,143,171,8,8,24,24,123,123,141,141,41,59,59,92,92,125,198,198,218,218,259,276,276,384,384,404,111,111,111],"floor_reached":37,"language":"ENG","playtime":1566,"items_purged":["Defend_G","Strike_G"],"score":642,"play_id":"f108bcbd-9772-4da7-9c8e-67d922c8c6a2","local_time":"20210119184429","is_ascension_mode":true,"campfire_choices":[{"floor":13.0,"key":"REST"},{"floor":24.0,"key":"DIG"},{"floor":27.0,"key":"DIG"},{"floor":29.0,"key":"DIG"},{"floor":32.0,"key":"DIG"}],"circlet_count":0,"master_deck":["Strike_G","Strike_G","Defend_G","Defend_G","Defend_G","Defend_G","Survivor","Neutralize","Poisoned Stab","Finisher","Poisoned Stab","Deadly Poison+1","Deadly Poison+1","Dodge and Roll+1","ReplayTheSpireMod:Brewmster+1","Poisoned Strike","Survey Options","Catalyst","Poison Darts","Acrobatics","PiercingWail+1","ReplayTheSpireMod:Brewmster+1","Calculated Gamble+1","Draining Mist","Burst","Sucker Punch+1","Glass Knife","Glass Knife","ReplayTheSpireMod:Brewmster"],"relics":["Ring of the Snake","NeowsBlessing","Shovel","Pen Nib","Question Card","Replay:Baseball","ReplayTheSpireMod:ShopPack","SacredBark","Blood Vial","The Specimen","Replay:Bandana","Matryoshka","Replay:Bottled Eggs","InkBottle","Vajra","TungstenRod","Philosopher\u0027s Stone"],"acts_visited":["Exordium","TheCity","TheBeyond"],"potions_floor_usage":[],"damage_taken":[{"damage":0.0,"enemies":"Jaw Worm","floor":1.0,"turns":1.0},{"damage":0.0,"enemies":"Cultist","floor":3.0,"turns":1.0},{"damage":0.0,"enemies":"Small Slimes","floor":4.0,"turns":1.0},{"damage":22.0,"enemies":"Lagavulin","floor":6.0,"turns":5.0},{"damage":12.0,"enemies":"Gremlin Nob","floor":8.0,"turns":3.0},{"damage":22.0,"enemies":"Lagavulin","floor":11.0,"turns":7.0},{"damage":24.0,"enemies":"Exordium Thugs","floor":14.0,"turns":4.0},{"damage":2.0,"enemies":"Hexaghost","floor":16.0,"turns":6.0},{"damage":1.0,"enemies":"3 Byrds","floor":18.0,"turns":4.0},{"damage":0.0,"enemies":"Spheric Guardian","floor":21.0,"turns":3.0},{"damage":15.0,"enemies":"Replay:Snechameleon","floor":23.0,"turns":5.0},{"damage":7.0,"enemies":"Book of Stabbing","floor":25.0,"turns":5.0},{"damage":13.0,"enemies":"Centurion and Healer","floor":28.0,"turns":6.0},{"damage":6.0,"enemies":"Gremlin Leader","floor":30.0,"turns":6.0},{"damage":12.0,"enemies":"Shelled Parasite and Fungi","floor":31.0,"turns":4.0},{"damage":4.0,"enemies":"Pondfish","floor":33.0,"turns":6.0},{"damage":6.0,"enemies":"Orb Walker","floor":35.0,"turns":4.0},{"damage":0,"enemies":"3 Darklings","floor":37,"turns":1}],"seed_played":"-8205042638957683358","potions_obtained":[{"floor":3.0,"key":"Adrenaline Potion"},{"floor":6.0,"key":"SkillPotion"},{"floor":11.0,"key":"LiquidBronze"},{"floor":14.0,"key":"EssenceOfSteel"},{"floor":28.0,"key":"Weak Potion"},{"floor":30.0,"key":"DuplicationPotion"},{"floor":33.0,"key":"EntropicBrew"}],"is_trial":false,"path_per_floor":["M","?","M","M","?","E","$","E","T","?","E","$","R","M","R_BF","B",null,"M","?","$","M","?","E","R","E","T","R","M","R","E","M","R","B",null,"M","$","M"],"character_chosen":"THE_SILENT","items_purchased":["Deadly Poison","ReplayTheSpireMod:ShopPack","Dodge and Roll+1","Glass Knife","ReplayTheSpireMod:Brewmster"],"campfire_rested":1,"item_purchase_floors":[7,12,12,36,36],"current_hp_per_floor":[63,63,63,63,63,41,41,29,29,34,12,12,34,10,32,30,64,63,63,63,63,63,48,48,43,43,43,32,32,28,18,18,16,60,56,56,58,58],"gold":111,"neow_bonus":"THREE_ENEMY_KILL","is_daily":false,"chose_seed":false,"campfire_upgraded":0,"win_rate":0.0,"timestamp":1611099869,"path_taken":["M","?","?","M","?","E","?","E","T","?","E","$","R","?","R_BF","BOSS","M","?","$","?","?","E","R","E","T","R","?","R","E","?","R","BOSS","M","$","M"],"items_purchased_type":["Card","Relic","Card","Card","Card"],"build_version":"2020-12-22","purchased_purges":2,"victory":false,"max_hp_per_floor":[70,70,70,70,70,70,70,70,70,75,75,75,75,75,75,75,75,75,75,75,75,75,75,75,75,75,75,75,75,75,75,75,75,75,75,75,75,75],"card_choices":[{"not_picked":["Prepared","Bane"],"picked":"Poisoned Stab","floor":1.0},{"not_picked":["Hidden Blade","Choke"],"picked":"Poisoned Stab","floor":3.0},{"not_picked":["Dodge and Roll","Dagger Throw","Dagger Spray"],"picked":"SKIP","floor":4.0},{"not_picked":["ReplayTheSpireMod:Scrap Shanks","Riddle With Holes","Slice"],"picked":"SKIP","floor":6.0},{"not_picked":["Quick Slash","Dagger Spray"],"picked":"Deadly Poison","floor":8.0},{"not_picked":["All Out Attack","Dagger Throw","Dodge and Roll","Dash"],"picked":"SKIP","floor":11.0},{"not_picked":["Apotheosis","Violence","Thinking Ahead"],"picked":"ReplayTheSpireMod:Brewmster","floor":12.0},{"not_picked":["PanicButton","Survey Options","Good Instincts"],"picked":"Poisoned Strike","floor":12.0},{"not_picked":["Deep Breath","Purity","Panache"],"picked":"Survey Options","floor":12.0},{"not_picked":["Outmaneuver","Flechettes","Crippling Poison"],"picked":"Catalyst","floor":14.0},{"not_picked":["Venomology","Unload","A Thousand Cuts"],"picked":"Poison Darts","floor":16.0},{"not_picked":["Draining Mist","Bane","Riddle With Holes"],"picked":"Acrobatics","floor":18.0},{"not_picked":["Quick Slash","Flechettes","Cloak And Dagger"],"picked":"PiercingWail+1","floor":21.0},{"not_picked":["Expertise+1","Fluid Movement","Choke"],"picked":"Calculated Gamble+1","floor":23.0},{"not_picked":["Slice","Terror","Sucker Punch"],"picked":"Draining Mist","floor":25.0},{"not_picked":["Escape Plan","Blade Dance","Choke","Dagger Spray"],"picked":"SKIP","floor":28.0},{"not_picked":["Blur+1","Backflip","Infinite Blades","Malaise"],"picked":"SKIP","floor":30.0},{"not_picked":["Backflip","Dagger Spray","Finisher+1","Dagger Throw"],"picked":"SKIP","floor":31.0},{"not_picked":["Corpse Explosion","Malaise","Poison Darts"],"picked":"Burst","floor":33.0},{"not_picked":["Deflect+1","Caltrops","Underhanded Strike"],"picked":"Sucker Punch+1","floor":35.0}],"player_experience":361924,"relics_obtained":[{"floor":6.0,"key":"Shovel"},{"floor":8.0,"key":"Pen Nib"},{"floor":9.0,"key":"Question Card"},{"floor":11.0,"key":"Replay:Baseball"},{"floor":23.0,"key":"Blood Vial"},{"floor":24.0,"key":"The Specimen"},{"floor":25.0,"key":"Replay:Bandana"},{"floor":26.0,"key":"Matryoshka"},{"floor":27.0,"key":"Replay:Bottled Eggs"},{"floor":29.0,"key":"InkBottle"},{"floor":30.0,"key":"Vajra"},{"floor":32.0,"key":"TungstenRod"}],"event_choices":[{"damage_healed":0.0,"max_hp_gain":0.0,"max_hp_loss":0.0,"gold_gain":0.0,"cards_transformed":["Strike_G"],"event_name":"Transmorgrifier","player_choice":"Transformed","floor":2.0,"gold_loss":0.0,"damage_taken":0.0,"cards_obtained":["Finisher"]},{"cards_removed":["Strike_G"],"damage_healed":0.0,"max_hp_gain":0.0,"max_hp_loss":0.0,"gold_gain":0.0,"event_name":"Living Wall","player_choice":"Forget","floor":5.0,"gold_loss":0.0,"damage_taken":0.0},{"damage_healed":0.0,"max_hp_gain":5.0,"max_hp_loss":0.0,"gold_gain":0.0,"event_name":"Big Fish","player_choice":"Donut","floor":10.0,"gold_loss":0.0,"damage_taken":0.0},{"damage_healed":0.0,"max_hp_gain":0.0,"max_hp_loss":0.0,"gold_gain":0.0,"event_name":"The Woman in Blue","player_choice":"Bought 0 Potions","floor":19.0,"gold_loss":0.0,"damage_taken":0.0},{"damage_healed":0.0,"max_hp_gain":0.0,"max_hp_loss":0.0,"gold_gain":0.0,"event_name":"Duplicator","player_choice":"Copied","floor":22.0,"gold_loss":0.0,"damage_taken":0.0,"cards_obtained":["ReplayTheSpireMod:Brewmster"]}],"is_beta":false,"boss_relics":[{"not_picked":["WristBlade","Tiny House"],"picked":"SacredBark"},{"not_picked":["Coffee Dripper","Abe\u0027s Treasure"],"picked":"Philosopher\u0027s Stone"}],"items_purged_floors":[7,20],"is_endless":false,"potions_floor_spawned":[3,6,11,14,23,28,30,33],"killed_by":"3 Darklings","ascension_level":9}}