{"host":"dowi7cgbhepuzvpj","time":1611092337,"event":{"mods":["AchievementEnabler","BaseMod","Colored Map","Highlight Path","Keyboard Shortcuts","Minty Spire (QoL Compilation)","Permanent Neow","Quick Restart","StSLib","SuperFastMode"],"gold_per_floor":[110,130,141,151,76,76,76,76],"floor_reached":7,"language":"KOR","playtime":226,"items_purged":[],"score":86,"play_id":"2fedae5e-4788-422f-9423-796bb48181e8","local_time":"20210120063857","is_ascension_mode":true,"campfire_choices":[],"circlet_count":0,"master_deck":["AscendersBane","Strike_G","Strike_G","Strike_G","Defend_G","Defend_G","Defend_G","Defend_G","Defend_G","Survivor","Neutralize","Deadly Poison","Poisoned Stab","Adrenaline","Backflip"],"relics":["Sozu"],"acts_visited":["Exordium"],"potions_floor_usage":[],"damage_taken":[{"damage":2,"enemies":"Cultist","floor":1,"turns":5},{"damage":0,"enemies":"Small Slimes","floor":2,"turns":4},{"damage":7,"enemies":"2 Louse","floor":3,"turns":3},{"damage":12,"enemies":"2 Fungi Beasts","floor":4,"turns":5},{"damage":29,"enemies":"3 Sentries","floor":7,"turns":12}],"seed_played":"177337974133780636","potions_obtained":[],"is_trial":false,"path_per_floor":["M","M","M","M","?","?","E"],"character_chosen":"THE_SILENT","items_purchased":[],"campfire_rested":0,"item_purchase_floors":[],"current_hp_per_floor":[57,57,50,38,38,31,2,2],"gold":76,"neow_bonus":"BOSS_RELIC","is_daily":false,"chose_seed":false,"campfire_upgraded":0,"win_rate":0.0,"timestamp":1611092337,"path_taken":["M","?","M","M","?","?","E"],"items_purchased_type":[],"build_version":"2020-12-22","purchased_purges":0,"victory":false,"max_hp_per_floor":[66,66,66,66,66,66,66,66],"card_choices":[{"not_picked":["Prepared","Expertise"],"picked":"Deadly Poison","floor":1},{"not_picked":["Predator","Blade Dance"],"picked":"Poisoned Stab","floor":2},{"not_picked":["Underhanded Strike","Flying Knee"],"picked":"Adrenaline","floor":3},{"not_picked":["Predator","Blade Dance"],"picked":"Backflip","floor":4}],"player_experience":829983,"relics_obtained":[],"event_choices":[{"cards_removed":["Strike_G"],"damage_healed":0,"gold_gain":0,"player_choice":"Card Removal","damage_taken":0,"max_hp_gain":0,"max_hp_loss":0,"event_name":"The Cleric","floor":5,"gold_loss":75},{"cards_removed":["Strike_G"],"damage_healed":0,"gold_gain":0,"player_choice":"Card Removal","damage_taken":7,"max_hp_gain":0,"max_hp_loss":0,"event_name":"Golden Wing","floor":6,"gold_loss":0}],"is_beta":false,"boss_relics":[],"items_purged_floors":[],"is_endless":false,"potions_floor_spawned":[2],"killed_by":"3 Sentries","ascension_level":20}}