{"host":"0v07cr0k93jhgkpm","time":1611034429,"event":{"mods":["BaseMod","Colored Map","DeckTracker","Minty Spire (QoL Compilation)","Quick Restart","SuperFastMode"],"gold_per_floor":[109,121,121,9,85,110,110,23,23,23,58,58,83,83,83,83,83],"floor_reached":16,"language":"KOR","playtime":214,"items_purged":["Defend_R"],"score":258,"play_id":"e38f1eb0-2bef-43b2-9967-08febae95bc6","local_time":"20210119143349","is_ascension_mode":true,"campfire_choices":[{"data":"True Grit","floor":7.0,"key":"SMITH"},{"data":"True Grit","floor":15.0,"key":"SMITH"}],"circlet_count":0,"master_deck":["AscendersBane","Strike_R","Strike_R","Strike_R","Strike_R+1","Strike_R","Defend_R","Defend_R","Defend_R","Bash+1","True Grit+1","Thunderclap","Rampage","Reaper","Dropkick","True Grit+1"],"relics":["Burning Blood","NeowsBlessing","Tiny Chest","Meat on the Bone","Juzu Bracelet","Bag of Marbles","Eternal Feather","Frozen Egg 2","Oddly Smooth Stone"],"acts_visited":["Exordium"],"potions_floor_usage":[16,16],"damage_taken":[{"damage":0.0,"enemies":"Cultist","floor":1.0,"turns":1.0},{"damage":0.0,"enemies":"2 Louse","floor":2.0,"turns":1.0},{"damage":0.0,"enemies":"Lagavulin","floor":6.0,"turns":1.0},{"damage":55.0,"enemies":"Gremlin Nob","floor":11.0,"turns":5.0},{"damage":37,"enemies":"Slime Boss","floor":16,"turns":7}],"seed_played":"654636391698769918","potions_obtained":[{"floor":2.0,"key":"SmokeBomb"},{"floor":6.0,"key":"Explosive Potion"},{"floor":11.0,"key":"Fire Potion"}],"is_trial":false,"path_per_floor":["M","M","?","$","T","E","R","$","T","T","E","?","T","?","R","B"],"character_chosen":"IRONCLAD","items_purchased":["Rampage","Dropkick"],"campfire_rested":0,"item_purchase_floors":[4,8],"current_hp_per_floor":[74,75,75,75,75,75,75,75,75,75,44,49,49,25,34,0,0],"gold":83,"neow_bonus":"THREE_ENEMY_KILL","is_daily":false,"chose_seed":false,"campfire_upgraded":2,"win_rate":0.0,"timestamp":1611034429,"path_taken":["M","?","?","$","?","E","R","$","T","?","E","?","?","?","R","BOSS"],"items_purchased_type":["Card","Card"],"build_version":"2020-12-22","purchased_purges":1,"victory":false,"max_hp_per_floor":[75,75,75,75,75,75,75,75,75,75,75,80,80,80,80,80,80],"card_choices":[{"not_picked":["Twin Strike","Metallicize"],"picked":"True Grit","floor":1.0},{"not_picked":["Armaments","Metallicize"],"picked":"Thunderclap","floor":2.0},{"not_picked":["Wild Strike","Seeing Red"],"picked":"Reaper","floor":6.0},{"not_picked":["Twin Strike","Iron Wave"],"picked":"True Grit","floor":11.0}],"player_experience":2502390,"relics_obtained":[{"floor":5.0,"key":"Meat on the Bone"},{"floor":6.0,"key":"Juzu Bracelet"},{"floor":9.0,"key":"Bag of Marbles"},{"floor":10.0,"key":"Eternal Feather"},{"floor":11.0,"key":"Frozen Egg 2"},{"floor":13.0,"key":"Oddly Smooth Stone"}],"event_choices":[{"damage_healed":0.0,"max_hp_gain":0.0,"max_hp_loss":0.0,"gold_gain":0.0,"event_name":"WeMeetAgain","player_choice":"Gave Potion","floor":3.0,"gold_loss":0.0,"damage_taken":0.0,"relics_obtained":["Tiny Chest"]},{"damage_healed":0.0,"max_hp_gain":5.0,"max_hp_loss":0.0,"gold_gain":0.0,"event_name":"Big Fish","player_choice":"Donut","floor":12.0,"gold_loss":0.0,"damage_taken":0.0},{"damage_healed":0.0,"max_hp_gain":0.0,"max_hp_loss":0.0,"gold_gain":0.0,"event_name":"Shining Light","player_choice":"Entered Light","floor":14.0,"gold_loss":0.0,"damage_taken":24.0,"cards_upgraded":["Bash","Strike_R"]}],"is_beta":false,"boss_relics":[],"items_purged_floors":[4],"is_endless":false,"potions_floor_spawned":[2,6,11],"killed_by":"Slime Boss","ascension_level":20}}