{"host":"ss2ocoam53r2lno0","time":1611048211,"event":{"mods":["Act Like it!","BaseMod","ChefMod","Clockwork Mod","Colored Powertips","Curses Come First","Displayed Cursed Tome","Downfall","Evolution","Googly Eyes","Hallownest","Highlight Path","Minty Spire (QoL Compilation)","Poor People Problems","Rare Cards Sparkle","Robot Space Explorer","Shade Mod","Shop Mod","Spicy Shops","StSLib","The Marked"],"gold_per_floor":[111,130,130,141,141,141,158,158,158,9,9,9,29,52,52,151,151,162,176,176,176],"floor_reached":20,"language":"ENG","playtime":1728,"items_purged":["Clockwork:Shield"],"score":407,"play_id":"947801a5-6b1b-493c-a67c-46a7bcacbedb","local_time":"20210119102331","is_ascension_mode":true,"campfire_choices":[{"data":"Clockwork:CogToss","floor":6.0,"key":"SMITH"},{"data":"Clockwork:CogToss","floor":8.0,"key":"SMITH"},{"data":"Clockwork:AssemblyLine","floor":11.0,"key":"SMITH"},{"data":"Clockwork:Tinker","floor":15.0,"key":"SMITH"}],"circlet_count":0,"master_deck":["AscendersBane","Clockwork:CogToss+1","Clockwork:CogToss+1","Clockwork:CogToss","Clockwork:CogToss","Clockwork:ChargingShield+1","Clockwork:Shield","Clockwork:Shield","Clockwork:Tinker+1","Clockwork:WarmUp","Clockwork:UnlimitedCogworks","Clockwork:LiteraryArmor","Clockwork:AssemblyLine+1","Clockwork:DefectiveParts","Clockwork:SystemHardening","Clockwork:ZeroPointEnergy"],"relics":["Clockwork:MomentumEngine","EVO:Axolotl","Question Card","Ancient Tea Set","Odd Mushroom","Clockwork:GoldenCog","sneckomod:SneckoTalon"],"acts_visited":["Exordium","TheCity"],"potions_floor_usage":[20,20,20,20],"damage_taken":[{"damage":4.0,"enemies":"Jaw Worm","floor":1.0,"turns":4.0},{"damage":3.0,"enemies":"Small Slimes","floor":2.0,"turns":5.0},{"damage":0.0,"enemies":"2 Louse","floor":4.0,"turns":5.0},{"damage":1.0,"enemies":"Exordium Thugs","floor":7.0,"turns":4.0},{"damage":0.0,"enemies":"Red Slaver","floor":13.0,"turns":6.0},{"damage":10.0,"enemies":"The Mushroom Lair","floor":14.0,"turns":4.0},{"damage":0.0,"enemies":"The Guardian","floor":16.0,"turns":6.0},{"damage":2.0,"enemies":"Shell Parasite","floor":18.0,"turns":4.0},{"damage":6,"enemies":"3 Byrds","floor":19,"turns":6},{"damage":69,"enemies":"Cultist and Chosen","floor":20,"turns":8}],"seed_played":"5362940894697638278","potions_obtained":[{"floor":1.0,"key":"BlessingOfTheForge"},{"floor":2.0,"key":"Swift Potion"},{"floor":14.0,"key":"EntropicBrew"},{"floor":16.0,"key":"GamblersBrew"}],"is_trial":false,"path_per_floor":["M","M","?","M","?","R","M","R","T","$","R","$","M","?","R","B",null,"M","M","M"],"character_chosen":"CLOCKWORK","items_purchased":["Clockwork:AssemblyLine"],"campfire_rested":0,"item_purchase_floors":[10],"current_hp_per_floor":[52,49,49,49,42,42,41,41,41,41,41,41,41,31,31,31,72,70,64,0,0],"gold":176,"neow_bonus":"THREE_RARE_CARDS","is_daily":false,"chose_seed":false,"campfire_upgraded":4,"win_rate":0.0,"timestamp":1611048211,"path_taken":["M","M","?","M","?","R","M","R","T","$","R","?","M","?","R","BOSS","M","M","M"],"items_purchased_type":["Card"],"build_version":"2020-12-22","purchased_purges":1,"victory":false,"max_hp_per_floor":[85,85,85,85,85,85,85,85,85,85,85,85,85,85,85,85,85,85,85,85,85],"card_choices":[{"not_picked":["Clockwork:Randomization","Clockwork:PerfectForm"],"picked":"Clockwork:UnlimitedCogworks","floor":0.0},{"not_picked":["Clockwork:SystemHardening","Clockwork:CogBarrier"],"picked":"Clockwork:LiteraryArmor","floor":1.0},{"not_picked":["Clockwork:AdaptiveShield","Clockwork:Friction","Clockwork:Improve"],"picked":"SKIP","floor":2.0},{"not_picked":["Clockwork:Efficiency","Clockwork:CraftBloodPhial","Clockwork:Improve"],"picked":"SKIP","floor":4.0},{"not_picked":["Clockwork:Enhance","Clockwork:Improve","Clockwork:MechanicalMass","Clockwork:ChargingShield"],"picked":"SKIP","floor":7.0},{"not_picked":["Clockwork:PerfectedShield","Clockwork:ChargingShield","Clockwork:EnthusiasticStrike","Clockwork:ForgeStrike"],"picked":"SKIP","floor":13.0},{"not_picked":["Clockwork:TimeWalk","Clockwork:CraftMomentumEngine","Clockwork:WindupStrike"],"picked":"Clockwork:DefectiveParts","floor":16.0},{"not_picked":["Clockwork:RevUp","Clockwork:SmithsMallet","Clockwork:ChargingBlade"],"picked":"Clockwork:SystemHardening","floor":18.0},{"not_picked":["Clockwork:Pluck","Clockwork:Minimalism","Clockwork:Improve"],"picked":"Clockwork:ZeroPointEnergy","floor":19}],"player_experience":786160,"relics_obtained":[{"floor":9.0,"key":"Ancient Tea Set"},{"floor":14.0,"key":"Odd Mushroom"}],"event_choices":[{"damage_healed":0.0,"max_hp_gain":0.0,"max_hp_loss":0.0,"gold_gain":0.0,"event_name":"Living Wall","player_choice":"Grow","floor":3.0,"gold_loss":0.0,"damage_taken":0.0,"cards_upgraded":["Clockwork:ChargingShield"]},{"damage_healed":0.0,"max_hp_gain":0.0,"max_hp_loss":0.0,"gold_gain":0.0,"event_name":"Scrap Ooze","player_choice":"Success","floor":5.0,"gold_loss":0.0,"damage_taken":7.0,"relics_obtained":["Question Card"]},{"damage_healed":0.0,"max_hp_gain":0.0,"max_hp_loss":0.0,"gold_gain":0.0,"event_name":"Mushrooms","player_choice":"Fought Mushrooms","floor":14.0,"gold_loss":0.0,"damage_taken":0.0}],"is_beta":false,"boss_relics":[{"not_picked":["Philosopher\u0027s Stone","Black Star"],"picked":"sneckomod:SneckoTalon"}],"items_purged_floors":[10],"is_endless":false,"potions_floor_spawned":[1,2,14,16,18,19],"killed_by":"Cultist and Chosen","ascension_level":12}}