{"host":"344lv32hnei0mdhu","time":1611047863,"event":{"mods":["Act Like it!","BaseMod","Better Match","Better Sensory Stone","Better Skull","Better Third Choice","Better Vampires","Colored Powertips","Highlight Path","Minty Spire (QoL Compilation)","Quick Restart","Random Character Button","Rare Cards Sparkle","StSLib"],"gold_per_floor":[115,131,206,21,21,21,1,16,41,59,32,46,46,80,80,185,185,198,212,212,212],"floor_reached":20,"language":"ENG","playtime":514,"items_purged":[],"score":261,"play_id":"1e04d784-c406-4001-b609-352bffec663d","local_time":"20210119031743","is_ascension_mode":true,"campfire_choices":[{"floor":6,"key":"REST"},{"floor":15,"key":"REST"}],"circlet_count":0,"master_deck":["AscendersBane","Strike_P","Strike_P","Strike_P","Strike_P","Defend_P+1","Defend_P","Defend_P","Defend_P+1","Eruption","Vigilance","Crescendo","Protect","Tantrum","Bludgeon","WaveOfTheHand","TalkToTheHand","Sanctity","ClearTheMind","InnerPeace","Pray","DeusExMachina","SashWhip+1"],"relics":["PureWater","NeowsBlessing","Membership Card","War Paint","Lantern","MealTicket","Black Star"],"acts_visited":["Exordium","TheCity"],"potions_floor_usage":[14,14],"damage_taken":[{"damage":0,"enemies":"2 Louse","floor":1,"turns":1},{"damage":0,"enemies":"Small Slimes","floor":2,"turns":1},{"damage":0,"enemies":"Jaw Worm","floor":8,"turns":1},{"damage":13,"enemies":"Lots of Slimes","floor":10,"turns":3},{"damage":7,"enemies":"Exordium Thugs","floor":12,"turns":4},{"damage":17,"enemies":"Lagavulin","floor":14,"turns":5},{"damage":18,"enemies":"Slime Boss","floor":16,"turns":8},{"damage":8,"enemies":"2 Thieves","floor":18,"turns":4},{"damage":3,"enemies":"Spheric Guardian","floor":19,"turns":3},{"damage":64,"enemies":"Cultist and Chosen","floor":20,"turns":5}],"seed_played":"-1461864861970868296","potions_obtained":[{"floor":2,"key":"DuplicationPotion"},{"floor":8,"key":"Weak Potion"}],"is_trial":false,"path_per_floor":["M","M","?","$","?","R","$","M","T","M","$","M","$","E","R","B",null,"M","M","M"],"character_chosen":"WATCHER","items_purchased":["Membership Card","Tantrum","WaveOfTheHand","ClearTheMind"],"campfire_rested":2,"item_purchase_floors":[4,4,7,11],"current_hp_per_floor":[65,65,54,54,39,60,60,60,60,47,47,40,40,23,44,26,61,53,50,0,0],"gold":212,"neow_bonus":"THREE_ENEMY_KILL","is_daily":false,"chose_seed":false,"campfire_upgraded":0,"win_rate":0.0,"timestamp":1611047863,"path_taken":["M","M","?","$","?","R","$","M","T","?","$","M","?","E","R","BOSS","M","M","M"],"items_purchased_type":["Relic","Card","Card","Card"],"build_version":"2020-12-22","purchased_purges":0,"victory":false,"max_hp_per_floor":[72,72,72,72,72,72,72,72,72,72,72,72,72,72,72,72,72,72,72,72,72],"card_choices":[{"not_picked":["PathToVictory","JustLucky"],"picked":"Crescendo","floor":1},{"not_picked":["Evaluate","Meditate"],"picked":"Protect","floor":2},{"not_picked":["WheelKick","Study"],"picked":"TalkToTheHand","floor":8},{"not_picked":["Halt","DeceiveReality"],"picked":"Sanctity","floor":10},{"not_picked":["PathToVictory","MentalFortress"],"picked":"InnerPeace","floor":12},{"not_picked":["Protect","SashWhip"],"picked":"Pray","floor":14},{"not_picked":["Wish","Omniscience"],"picked":"DeusExMachina","floor":16},{"not_picked":["Evaluate","EmptyBody"],"picked":"SashWhip+1","floor":18},{"not_picked":["Vengeance","Protect","SashWhip"],"picked":"SKIP","floor":19}],"player_experience":353336,"relics_obtained":[{"floor":14,"key":"MealTicket"}],"event_choices":[{"damage_healed":0,"gold_gain":75,"player_choice":"Gold","damage_taken":11,"max_hp_gain":0,"max_hp_loss":0,"event_name":"betterThird:BetterGoop","floor":3,"gold_loss":0},{"damage_healed":0,"gold_gain":1,"player_choice":"Relic Relic Card ","damage_taken":15,"max_hp_gain":0,"max_hp_loss":0,"event_name":"betterThird:BetterScrap","floor":5,"gold_loss":0,"cards_obtained":["Bludgeon","Barricade"]}],"is_beta":false,"boss_relics":[{"not_picked":["Coffee Dripper","Cursed Key"],"picked":"Black Star"}],"items_purged_floors":[],"is_endless":false,"potions_floor_spawned":[2,8],"killed_by":"Cultist and Chosen","ascension_level":10}}