{"host":"hszimsrtxxc2k25w","time":1611095114,"event":{"mods":["AchievementEnabler","BaseMod","Colored Map","DeckTracker","Minty Spire (QoL Compilation)","Rare Cards Sparkle","SuperFastMode"],"gold_per_floor":[116,0,0,16,31,31,31,49,49,49,75,75,75,86,86,86,86],"floor_reached":16,"language":"KOR","playtime":278,"items_purged":["Strike_R"],"score":200,"play_id":"21431b9a-89e5-4971-acf5-7c3da5deb83f","local_time":"20210120072514","is_ascension_mode":true,"campfire_choices":[{"data":"Blood for Blood","floor":6,"key":"SMITH"},{"floor":12,"key":"REST"},{"data":"Infernal Blade","floor":15,"key":"SMITH"}],"circlet_count":0,"master_deck":["AscendersBane","Strike_R","Defend_R","Defend_R","Defend_R","Defend_R","Bash","Clothesline+1","Power Through+1","Blood for Blood+1","Feel No Pain","Infernal Blade+1"],"relics":["Burning Blood","Self Forming Clay","Sundial"],"acts_visited":["Exordium"],"potions_floor_usage":[11],"damage_taken":[{"damage":14.0,"enemies":"Jaw Worm","floor":1.0,"turns":4.0},{"damage":7.0,"enemies":"Cultist","floor":4.0,"turns":5.0},{"damage":4.0,"enemies":"Small Slimes","floor":5.0,"turns":5.0},{"damage":18,"enemies":"Red Slaver","floor":8,"turns":5},{"damage":17,"enemies":"Lagavulin","floor":11,"turns":6},{"damage":6,"enemies":"Lots of Slimes","floor":14,"turns":5},{"damage":1,"enemies":"Slime Boss","floor":16,"turns":5}],"seed_played":"-1421233848526571949","potions_obtained":[{"floor":4.0,"key":"SneckoOil"},{"floor":8,"key":"Strength Potion"}],"is_trial":false,"path_per_floor":["M","$","?","M","M","R","?","M","T","$","E","R","?","M","R","B"],"character_chosen":"IRONCLAD","items_purchased":["Power Through"],"campfire_rested":1,"item_purchase_floors":[2],"current_hp_per_floor":[60,60,68,67,68,68,48,36,36,36,25,45,45,45,45,44,44],"gold":86,"neow_bonus":"REMOVE_TWO","is_daily":false,"chose_seed":false,"campfire_upgraded":2,"win_rate":0.0,"timestamp":1611095114,"path_taken":["M","$","?","M","?","R","?","M","T","?","E","R","?","M","R","BOSS"],"items_purchased_type":["Card"],"build_version":"2020-12-22","purchased_purges":1,"victory":false,"max_hp_per_floor":[68,68,68,68,68,68,68,68,68,68,68,68,68,68,68,68,68],"card_choices":[{"not_picked":["Sword Boomerang","Perfected Strike"],"picked":"Clothesline","floor":1.0},{"not_picked":["Uppercut","Pommel Strike"],"picked":"Blood for Blood","floor":4.0},{"not_picked":["Perfected Strike","Thunderclap","Infernal Blade"],"picked":"SKIP","floor":5.0},{"not_picked":["Ghostly Armor","Pommel Strike"],"picked":"Feel No Pain","floor":8},{"not_picked":["Sever Soul","Flame Barrier","Limit Break"],"picked":"SKIP","floor":11},{"not_picked":["Havoc","Whirlwind","Clothesline"],"picked":"SKIP","floor":14}],"player_experience":628275,"relics_obtained":[{"floor":9,"key":"Self Forming Clay"},{"floor":11,"key":"Sundial"}],"event_choices":[{"damage_healed":8.0,"max_hp_gain":0.0,"max_hp_loss":0.0,"gold_gain":0.0,"event_name":"Wheel of Change","player_choice":"Full Heal","floor":3.0,"gold_loss":0.0,"damage_taken":0.0},{"damage_healed":0,"gold_gain":0,"player_choice":"Entered Light","damage_taken":20,"max_hp_gain":0,"max_hp_loss":0,"event_name":"Shining Light","floor":7,"gold_loss":0,"cards_upgraded":["Power Through","Clothesline"]},{"damage_healed":0,"gold_gain":0,"cards_transformed":["Strike_R"],"player_choice":"Transformed","damage_taken":0,"max_hp_gain":0,"max_hp_loss":0,"event_name":"Transmorgrifier","floor":13,"gold_loss":0,"cards_obtained":["Infernal Blade"]}],"is_beta":false,"boss_relics":[],"items_purged_floors":[2],"is_endless":false,"potions_floor_spawned":[4,8],"killed_by":"Slime Boss","ascension_level":20}}