{"host":"c97twqu0op5dg8i4","time":1611027516,"event":{"mods":["AchievementEnabler","BaseMod","Colored Map","Minty Spire (QoL Compilation)","Permanent Neow"],"gold_per_floor":[111,63,76,92,109,109,143,143,143,173,186,186,146,161,161,263,263,246,39,58,70,169,24,24,24,24,24,24,24,48,62,76,76,76,76],"floor_reached":34,"language":"ENG","playtime":1373,"items_purged":["Defend_B"],"score":353,"play_id":"00af6009-76d7-44cd-a50d-cb3277d90dfd","local_time":"20210118223836","is_ascension_mode":true,"campfire_choices":[{"data":"Gash","floor":6,"key":"SMITH"},{"data":"Gash","floor":8,"key":"SMITH"},{"floor":12,"key":"REST"},{"data":"Zap","floor":15,"key":"SMITH"},{"data":"Scrape","floor":24,"key":"SMITH"},{"floor":33,"key":"REST"}],"circlet_count":0,"master_deck":["Strike_B","Strike_B","Strike_B","Defend_B","Defend_B","Defend_B","Zap+1","Dualcast","Gash+1","Leap","Leap","Gash+1","Machine Learning","Coolheaded","Buffer","CurseOfTheBell","Streamline","Gash+1","Scrape+1"],"relics":["Cracked Core","Boot","Happy Flower","Regal Pillow","InkBottle","Calling Bell","Anchor","Eternal Feather","Peace Pipe","Lantern","Torii","Art of War"],"acts_visited":["Exordium","TheCity"],"potions_floor_usage":[10,13,18,20,21,25,34],"damage_taken":[{"damage":0,"enemies":"Cultist","floor":1,"turns":3},{"damage":0,"enemies":"Small Slimes","floor":3,"turns":3},{"damage":7,"enemies":"Jaw Worm","floor":4,"turns":4},{"damage":15,"enemies":"Large Slime","floor":5,"turns":7},{"damage":22,"enemies":"3 Sentries","floor":7,"turns":8},{"damage":19,"enemies":"Lagavulin","floor":10,"turns":8},{"damage":1,"enemies":"Looter","floor":11,"turns":3},{"damage":4,"enemies":"2 Fungi Beasts","floor":14,"turns":3},{"damage":60,"enemies":"Hexaghost","floor":16,"turns":11},{"damage":22,"enemies":"2 Thieves","floor":18,"turns":4},{"damage":0,"enemies":"3 Byrds","floor":20,"turns":4},{"damage":8,"enemies":"Snake Plant","floor":21,"turns":4},{"damage":0,"enemies":"Slavers","floor":25,"turns":1},{"damage":7,"enemies":"Centurion and Healer","floor":31,"turns":5},{"damage":7,"enemies":"Snecko","floor":32,"turns":6},{"damage":88,"enemies":"Automaton","floor":34,"turns":10}],"seed_played":"7591714396392472391","potions_obtained":[{"floor":5,"key":"Regen Potion"},{"floor":13,"key":"SmokeBomb"},{"floor":13,"key":"Fruit Juice"},{"floor":13,"key":"Explosive Potion"},{"floor":14,"key":"PotionOfCapacity"},{"floor":16,"key":"PowerPotion"},{"floor":18,"key":"BlessingOfTheForge"},{"floor":20,"key":"LiquidBronze"}],"is_trial":false,"path_per_floor":["M","$","M","M","M","R","E","R","T","E","M","R","?","M","R","B",null,"M","$","M","M","?","$","R","E","?","T","$","?","T","M","M","R","B"],"character_chosen":"DEFECT","items_purchased":["Leap","Lantern","Streamline","Scrape"],"campfire_rested":2,"item_purchase_floors":[2,19,19,23],"current_hp_per_floor":[75,75,75,68,53,53,31,31,31,27,26,63,68,64,64,4,61,39,39,39,31,31,31,43,43,43,43,43,43,43,36,29,77,0,0],"gold":76,"neow_bonus":"RANDOM_COMMON_RELIC","is_daily":false,"chose_seed":false,"campfire_upgraded":4,"win_rate":0.0,"timestamp":1611027516,"path_taken":["M","$","M","M","M","R","E","R","T","E","M","R","?","M","R","BOSS","M","$","M","M","?","$","R","E","?","T","?","?","?","M","M","R","BOSS"],"items_purchased_type":["Card","Relic","Card","Card"],"build_version":"2020-12-22","purchased_purges":1,"victory":false,"max_hp_per_floor":[75,75,75,75,75,75,75,75,75,75,75,75,80,80,80,80,80,80,80,80,80,80,80,80,80,80,80,80,80,80,80,80,80,80,80],"card_choices":[{"not_picked":["Loop","Auto Shields"],"picked":"Gash","floor":1},{"not_picked":["Turbo","Hologram"],"picked":"Leap","floor":3},{"not_picked":["Rebound","Redo"],"picked":"Gash","floor":4},{"not_picked":["Heatsinks","Conserve Battery","Rebound"],"picked":"SKIP","floor":5},{"not_picked":["Fusion","Redo","Heatsinks"],"picked":"SKIP","floor":7},{"not_picked":["Undo","Stack"],"picked":"Machine Learning","floor":10},{"not_picked":["Force Field","Compile Driver","Tempest"],"picked":"SKIP","floor":11},{"not_picked":["Blizzard","Conserve Battery"],"picked":"Coolheaded","floor":14},{"not_picked":["Biased Cognition","Rainbow"],"picked":"Buffer","floor":16},{"not_picked":["BootSequence","Redo","Compile Driver"],"picked":"SKIP","floor":18},{"not_picked":["Compile Driver","Coolheaded","Barrage+1"],"picked":"SKIP","floor":20},{"not_picked":["Rainbow","Go for the Eyes"],"picked":"Gash+1","floor":21},{"not_picked":["Glacier","Reinforced Body","Loop"],"picked":"SKIP","floor":31},{"not_picked":["Compile Driver+1","Lockon","Conserve Battery"],"picked":"SKIP","floor":32}],"player_experience":266187,"relics_obtained":[{"floor":7,"key":"Happy Flower"},{"floor":9,"key":"Regal Pillow"},{"floor":10,"key":"InkBottle"},{"floor":17,"key":"Anchor"},{"floor":17,"key":"Eternal Feather"},{"floor":17,"key":"Peace Pipe"},{"floor":27,"key":"Torii"},{"floor":30,"key":"Art of War"}],"event_choices":[{"damage_healed":0,"gold_gain":0,"player_choice":"Bought 3 Potions","damage_taken":0,"max_hp_gain":0,"max_hp_loss":0,"event_name":"The Woman in Blue","floor":13,"gold_loss":0},{"damage_healed":0,"gold_gain":99,"player_choice":"Stole From Cult","damage_taken":0,"max_hp_gain":0,"max_hp_loss":0,"event_name":"Nest","floor":22,"gold_loss":0},{"cards_removed":["Strike_B"],"damage_healed":0,"gold_gain":0,"player_choice":"Elegance","damage_taken":0,"max_hp_gain":0,"max_hp_loss":0,"event_name":"Back to Basics","floor":26,"gold_loss":0},{"damage_healed":0,"gold_gain":0,"player_choice":"Ignored","damage_taken":0,"max_hp_gain":0,"max_hp_loss":0,"event_name":"Cursed Tome","floor":29,"gold_loss":0}],"is_beta":false,"boss_relics":[{"not_picked":["Empty Cage","Inserter"],"picked":"Calling Bell"}],"items_purged_floors":[23],"is_endless":false,"potions_floor_spawned":[5,14,16,18,20],"killed_by":"Automaton","ascension_level":5}}