{"host":"z9811rt50ti81n54","time":1611023927,"event":{"mods":["BaseMod","Better Match","Better Skull","Better Third Choice","Minty Spire (QoL Compilation)","Permanent Neow","StSLib","SuperFastMode"],"gold_per_floor":[112,37,37,47,47,47,67,87,110,110,129,129,145,67,67,168,168,168,19,19,19,19,19,19,19],"floor_reached":24,"language":"ENG","playtime":542,"items_purged":["Normality","Strike_B"],"score":182,"play_id":"aa9dbe73-6290-4cbd-a0c7-12a9a1d9090f","local_time":"20210119113847","is_ascension_mode":false,"campfire_choices":[{"data":"Tempest","floor":6,"key":"SMITH"},{"data":"Zap","floor":12,"key":"SMITH"},{"data":"Dualcast","floor":15,"key":"SMITH"},{"data":"Creative AI","floor":23,"key":"SMITH"}],"circlet_count":0,"master_deck":["Strike_B","Defend_B+1","Defend_B","Defend_B+1","Defend_B","Zap+1","Dualcast+1","Skim","Tempest+1","Reinforced Body","Steam","Capacitor","Coolheaded","Self Repair","Gash","Machine Learning","Creative AI+1","Writhe"],"relics":["Cracked Core","Odd Mushroom","Orichalcum","Kunai","Nuclear Battery","Frozen Egg 2"],"acts_visited":["Exordium","TheCity"],"potions_floor_usage":[8,18,24,24],"damage_taken":[{"damage":12,"enemies":"Cultist","floor":1,"turns":5},{"damage":1,"enemies":"2 Louse","floor":4,"turns":3},{"damage":0,"enemies":"Small Slimes","floor":7,"turns":2},{"damage":11,"enemies":"The Mushroom Lair","floor":8,"turns":5},{"damage":0,"enemies":"Exordium Wildlife","floor":11,"turns":4},{"damage":1,"enemies":"Red Slaver","floor":13,"turns":4},{"damage":24,"enemies":"The Guardian","floor":16,"turns":11},{"damage":0,"enemies":"3 Byrds","floor":18,"turns":1},{"damage":80,"enemies":"Gremlin Leader","floor":24,"turns":6}],"seed_played":"-7085923965801935616","potions_obtained":[{"floor":1,"key":"DistilledChaos"},{"floor":4,"key":"GamblersBrew"},{"floor":11,"key":"SmokeBomb"},{"floor":13,"key":"SkillPotion"}],"is_trial":false,"path_per_floor":["M","$","?","M","?","R","M","?","T","?","M","R","M","$","R","B",null,"M","$","?","?","?","R","E"],"character_chosen":"DEFECT","items_purchased":["Machine Learning","FocusPotion"],"campfire_rested":0,"item_purchase_floors":[14,19],"current_hp_per_floor":[63,63,48,47,52,52,52,41,41,29,29,29,35,35,35,18,80,80,80,80,80,80,80,0,0],"gold":19,"neow_bonus":"TRANSFORM_TWO_CARDS","is_daily":false,"chose_seed":false,"campfire_upgraded":4,"win_rate":0.0,"timestamp":1611023927,"path_taken":["M","$","?","M","?","R","M","?","T","?","?","R","M","?","R","BOSS","M","$","?","?","?","R","E"],"items_purchased_type":["Card","Potion"],"build_version":"2020-12-22","purchased_purges":2,"victory":false,"max_hp_per_floor":[75,75,75,75,80,80,80,80,80,80,80,80,80,80,80,80,80,80,80,80,80,80,80,80,80],"card_choices":[{"not_picked":["Gash","Coolheaded"],"picked":"Reinforced Body","floor":1},{"not_picked":["Rebound","Blizzard"],"picked":"Steam","floor":4},{"not_picked":["Hologram","Force Field"],"picked":"Capacitor","floor":7},{"not_picked":["Stack","Barrage"],"picked":"Coolheaded","floor":8},{"not_picked":["Conserve Battery","Heatsinks"],"picked":"Self Repair","floor":11},{"not_picked":["Conserve Battery","Chaos"],"picked":"Gash","floor":13},{"not_picked":["Reboot","Buffer"],"picked":"Creative AI","floor":16}],"player_experience":397264,"relics_obtained":[{"floor":8,"key":"Odd Mushroom"},{"floor":9,"key":"Orichalcum"}],"event_choices":[{"damage_healed":0,"gold_gain":0,"player_choice":"Entered Light","damage_taken":15,"max_hp_gain":0,"max_hp_loss":0,"event_name":"Shining Light","floor":3,"gold_loss":0,"cards_upgraded":["Defend_B","Defend_B"]},{"damage_healed":0,"gold_gain":0,"player_choice":"Donut","damage_taken":0,"max_hp_gain":5,"max_hp_loss":0,"event_name":"Big Fish","floor":5,"gold_loss":0},{"damage_healed":0,"gold_gain":0,"player_choice":"Fought Mushrooms","damage_taken":0,"max_hp_gain":0,"max_hp_loss":0,"event_name":"Mushrooms","floor":8,"gold_loss":0},{"damage_healed":0,"gold_gain":0,"player_choice":"Success","damage_taken":12,"relics_obtained":["Kunai"],"max_hp_gain":0,"max_hp_loss":0,"event_name":"Scrap Ooze","floor":10,"gold_loss":0},{"damage_healed":0,"gold_gain":0,"player_choice":"Ignored","damage_taken":0,"max_hp_gain":0,"max_hp_loss":0,"event_name":"Vampires","floor":20,"gold_loss":0},{"damage_healed":0,"gold_gain":0,"player_choice":"Opened","damage_taken":0,"relics_obtained":["Frozen Egg 2"],"max_hp_gain":0,"max_hp_loss":0,"event_name":"The Mausoleum","floor":21,"gold_loss":0,"cards_obtained":["Writhe"]}],"is_beta":false,"boss_relics":[{"not_picked":["Philosopher\u0027s Stone","Cursed Key"],"picked":"Nuclear Battery"}],"items_purged_floors":[2,19],"is_endless":false,"potions_floor_spawned":[1,4,11,13,18],"killed_by":"Gremlin Leader","ascension_level":0}}