{"host":"mlczotyo8j5fj6lt","time":1611033749,"event":{"mods":["AchievementEnabler","BaseMod","Better Third Choice","BetterRewards","Conspire","Defective Defect","Fox Events","Good Game Mod","Googly Eyes","Hubris","Minty Spire (QoL Compilation)","Quick Restart","Replay The Spire","StS++","StSLib","everything is the same but u backflip on backflip"],"gold_per_floor":[109,109,124,141,141,166,39,39,39,39,39,39,57,73,73,177,177,188,201,201,14,14,14,14],"floor_reached":23,"language":"ENG","playtime":1300,"items_purged":["Clumsy"],"score":189,"play_id":"24f6b447-bd0c-4434-8717-8c68882c3dc6","local_time":"20210119062229","is_ascension_mode":false,"campfire_choices":[{"data":"Zap","floor":8,"key":"SMITH"},{"data":"Dualcast","floor":11,"key":"SMITH"},{"data":"Conserve Battery","floor":15,"key":"SMITH"}],"circlet_count":0,"master_deck":["Strike_B","Strike_B","Strike_B+1","Strike_B","Defend_B","Defend_B","Defend_B","Defend_B","Zap+1","Dualcast+1","Seek","Coolheaded","Ball Lightning","Leap+1","BootSequence","Conserve Battery+1","StSpp:Saturation+1","Capacitor+1","White Noise","Redo+1","Gash"],"relics":["Cracked Core","REME:ComplimentaryCards","Ring of Peace","Golden Egg","ReplayTheSpireMod:Ninjato","Replay:Bronze Core","Prayer Wheel","Membership Card"],"acts_visited":["Exordium","TheCity"],"potions_floor_usage":[16,16,16,23],"damage_taken":[{"damage":1,"enemies":"Small Slimes","floor":1,"turns":3},{"damage":5,"enemies":"2 Louse","floor":3,"turns":3},{"damage":1,"enemies":"conspire:RoseBush","floor":4,"turns":3},{"damage":8,"enemies":"Gremlin Nob","floor":6,"turns":4},{"damage":0,"enemies":"2 Fungi Beasts","floor":13,"turns":3},{"damage":0,"enemies":"Exordium Wildlife","floor":14,"turns":3},{"damage":21,"enemies":"Slime Boss","floor":16,"turns":12},{"damage":15,"enemies":"Spheric Guardian","floor":18,"turns":8},{"damage":0,"enemies":"conspire:FuzzyDice","floor":19,"turns":7},{"damage":73,"enemies":"Book of Stabbing","floor":23,"turns":8}],"seed_played":"2439650847788684019","potions_obtained":[{"floor":4,"key":"Swift Potion"},{"floor":13,"key":"StSpp:SecondWindPotion"},{"floor":19,"key":"EssenceOfSteel"}],"is_trial":false,"path_per_floor":["M","?","M","M","?","E","$","R","T","?","R","?","M","M","R","B",null,"M","M","?","$","?","E"],"character_chosen":"DEFECT","items_purchased":["Leap","Strength Potion","Fire Potion","Membership Card"],"campfire_rested":0,"item_purchase_floors":[7,7,7,21],"current_hp_per_floor":[74,74,69,68,68,60,60,60,60,67,67,67,67,67,67,46,82,67,67,67,67,72,0,0],"gold":14,"neow_bonus":"ONE_RANDOM_RARE_CARD","is_daily":false,"chose_seed":false,"campfire_upgraded":3,"win_rate":0.0,"timestamp":1611033749,"path_taken":["M","?","M","M","?","E","$","R","T","?","R","?","M","M","R","BOSS","M","M","?","$","?","E"],"items_purchased_type":["Card","Potion","Potion","Relic"],"build_version":"2020-12-22","purchased_purges":1,"victory":false,"max_hp_per_floor":[75,75,75,75,75,75,75,75,75,82,82,82,82,82,82,82,82,82,82,82,82,82,82,82],"card_choices":[{"not_picked":["Hologram","Go for the Eyes"],"picked":"Coolheaded","floor":1},{"not_picked":["Cold Snap","Reinforced Body"],"picked":"Ball Lightning","floor":3},{"not_picked":["Tempest","BasicCrystalCard"],"picked":"Beam Cell","floor":4},{"not_picked":["StSpp:CopyPaste","Coolheaded","Steam Power"],"picked":"SKIP","floor":6},{"not_picked":["Streamline","Beam Cell"],"picked":"BootSequence","floor":13},{"not_picked":["Streamline","Go for the Eyes"],"picked":"Conserve Battery","floor":14},{"not_picked":["Buffer","ReplayTheSpireMod:Omega Cannon"],"picked":"ReplayTheSpireMod:Fabricate Wheel","floor":16},{"not_picked":["Hello World","ReplaySort"],"picked":"Capacitor+1","floor":18},{"not_picked":["Genetic Algorithm+1","Panic Button+1"],"picked":"White Noise","floor":18},{"not_picked":["Darkness","Sweeping Beam"],"picked":"Redo+1","floor":19},{"not_picked":["Hologram+1","Conserve Battery"],"picked":"Gash","floor":19}],"player_experience":195212,"relics_obtained":[{"floor":5,"key":"Ring of Peace"},{"floor":6,"key":"Golden Egg"},{"floor":9,"key":"ReplayTheSpireMod:Ninjato"}],"event_choices":[{"damage_healed":0,"gold_gain":0,"player_choice":"Disagree","damage_taken":0,"max_hp_gain":0,"max_hp_loss":0,"event_name":"conspire:LoneGhost","floor":2,"gold_loss":0},{"damage_healed":0,"gold_gain":0,"player_choice":"Ignored","damage_taken":0,"max_hp_gain":0,"max_hp_loss":0,"event_name":"Vampires","floor":20,"gold_loss":0},{"cards_removed":["Beam Cell"],"damage_healed":5,"gold_gain":0,"player_choice":"Offered Common","damage_taken":0,"max_hp_gain":0,"max_hp_loss":0,"event_name":"Bonfire Elementals","floor":22,"gold_loss":0},{"cards_removed":["Beam Cell"],"damage_healed":5,"gold_gain":0,"player_choice":"Offered Special","damage_taken":0,"max_hp_gain":0,"max_hp_loss":0,"event_name":"Bonfire Elementals","floor":22,"gold_loss":0}],"is_beta":false,"boss_relics":[{"not_picked":["SlaversCollar","Replay:Grab Bag"],"picked":"Replay:Bronze Core"}],"items_purged_floors":[21],"is_endless":false,"potions_floor_spawned":[4,13,19],"killed_by":"Book of Stabbing","ascension_level":0}}