{"host":"w7o06k3e8uel8euj","time":1611060883,"event":{"mods":["AchievementEnabler","BaseMod","Colored Powertips","Custom Start","DeckTracker","Keyboard Shortcuts","Minty Spire (QoL Compilation)","Quick Restart","Relic Stats","StSLib","SuperFastMode","everything is the same but u backflip on backflip"],"gold_per_floor":[117,134,134,134,149,184,184,209,236,186,31,47,47,59,59,59,59],"floor_reached":16,"language":"KOR","playtime":358,"items_purged":["Strike_G"],"score":182,"play_id":"6201ea06-d13a-43f1-9731-e059caf5f56f","local_time":"20210119215443","is_ascension_mode":true,"campfire_choices":[{"floor":7,"key":"REST"},{"data":"Acrobatics","floor":15,"key":"SMITH"}],"circlet_count":0,"master_deck":["AscendersBane","Strike_G","Strike_G","Strike_G","Defend_G","Defend_G","Defend_G","Defend_G","Defend_G","Survivor","Neutralize","Predator+1","Backflip+1","Tactician","Escape Plan","Calculated Gamble","Reflex","All Out Attack","Acrobatics+1"],"relics":["Ring of the Snake","Snake Skull","Oddly Smooth Stone","Ancient Tea Set","Gambling Chip"],"acts_visited":["Exordium"],"potions_floor_usage":[8,12],"damage_taken":[{"damage":11,"enemies":"Jaw Worm","floor":1,"turns":5},{"damage":2,"enemies":"Small Slimes","floor":2,"turns":5},{"damage":0,"enemies":"Cultist","floor":5,"turns":3},{"damage":20,"enemies":"3 Sentries","floor":6,"turns":11},{"damage":12,"enemies":"Lagavulin","floor":8,"turns":7},{"damage":2,"enemies":"Large Slime","floor":12,"turns":7},{"damage":0,"enemies":"3 Louse","floor":14,"turns":3},{"damage":22,"enemies":"Slime Boss","floor":16,"turns":3}],"seed_played":"-7955921402434515591","potions_obtained":[{"floor":1,"key":"GamblersBrew"},{"floor":2,"key":"Weak Potion"},{"floor":5,"key":"DistilledChaos"}],"is_trial":false,"path_per_floor":["M","M","?","?","M","E","R","E","T","?","$","M","?","M","R","B"],"character_chosen":"THE_SILENT","items_purchased":["Reflex"],"campfire_rested":1,"item_purchase_floors":[11],"current_hp_per_floor":[52,50,47,33,33,13,34,22,22,22,22,20,20,20,20,0,0],"gold":59,"neow_bonus":"RANDOM_COMMON_RELIC","is_daily":false,"chose_seed":false,"campfire_upgraded":1,"win_rate":0.0,"timestamp":1611060883,"path_taken":["M","M","?","?","M","E","R","E","T","?","$","M","?","M","R","BOSS"],"items_purchased_type":["Card"],"build_version":"2020-12-22","purchased_purges":1,"victory":false,"max_hp_per_floor":[70,70,70,70,70,70,70,70,70,70,70,70,70,70,70,70,70],"relic_stats":{"counters":[8,44],"Gambling Chip":[13],"Snake Skull":[0],"obtain_stats":[{"Gambling Chip":8,"Oddly Smooth Stone":3,"Snake Skull":0,"Ancient Tea Set":6,"Ring of the Snake":0},{"Gambling Chip":5,"Oddly Smooth Stone":2,"Snake Skull":0,"Ancient Tea Set":4,"Ring of the Snake":0},{"Gambling Chip":31,"Oddly Smooth Stone":10,"Snake Skull":0,"Ancient Tea Set":24,"Ring of the Snake":0}],"Ring of the Snake":[16]},"card_choices":[{"not_picked":["Deflect","Accuracy"],"picked":"Predator","floor":1},{"not_picked":["Footwork","Expertise"],"picked":"Backflip","floor":2},{"not_picked":["Heel Hook","Riddle With Holes"],"picked":"Tactician","floor":5},{"not_picked":["Sucker Punch","Dagger Spray"],"picked":"Escape Plan","floor":6},{"not_picked":["Deflect","Underhanded Strike"],"picked":"Calculated Gamble","floor":8},{"not_picked":["PiercingWail","Setup"],"picked":"All Out Attack","floor":12},{"not_picked":["Blur","Crippling Poison"],"picked":"Acrobatics","floor":14}],"player_experience":584223,"relics_obtained":[{"floor":6,"key":"Ancient Tea Set"},{"floor":8,"key":"Gambling Chip"}],"event_choices":[{"damage_healed":0,"gold_gain":0,"player_choice":"Success","damage_taken":3,"relics_obtained":["Oddly Smooth Stone"],"max_hp_gain":0,"max_hp_loss":0,"event_name":"Scrap Ooze","floor":3,"gold_loss":0},{"damage_healed":0,"gold_gain":0,"player_choice":"Entered Light","damage_taken":14,"max_hp_gain":0,"max_hp_loss":0,"event_name":"Shining Light","floor":4,"gold_loss":0,"cards_upgraded":["Backflip","Predator"]},{"cards_removed":["Strike_G"],"damage_healed":0,"gold_gain":0,"player_choice":"Card Removal","damage_taken":0,"max_hp_gain":0,"max_hp_loss":0,"event_name":"The Cleric","floor":10,"gold_loss":50},{"damage_healed":0,"gold_gain":0,"player_choice":"Ignored","damage_taken":0,"max_hp_gain":0,"max_hp_loss":0,"event_name":"Liars Game","floor":13,"gold_loss":0}],"is_beta":false,"boss_relics":[],"items_purged_floors":[11],"is_endless":false,"potions_floor_spawned":[1,2,5],"killed_by":"Slime Boss","ascension_level":13}}