{"host":"mcdusr64esz012l0","time":1611035238,"event":{"mods":["BaseMod","Minty Spire (QoL Compilation)","Relic Stats"],"gold_per_floor":[118,135,135,152,152,194,194,238,261,261,293,273,72,84,84,167,167,196,121,50,0,27,27,27],"floor_reached":23,"language":"ENG","playtime":812,"items_purged":["Strike_R"],"score":494,"play_id":"274b0bc1-8bfc-4926-bebc-0103c3e467c7","local_time":"20210119004718","is_ascension_mode":true,"campfire_choices":[{"floor":7,"key":"REST"},{"floor":10,"key":"REST"},{"data":"Armaments","floor":15,"key":"SMITH"}],"circlet_count":0,"master_deck":["AscendersBane","Strike_R","Strike_R","Defend_R","Defend_R","Defend_R","Defend_R","Bash","Hemokinesis","Anger","Blood for Blood","Bloodletting","Armaments+1","Bloodletting","Shrug It Off","Demon Form","Flex","Disarm","Spot Weakness"],"relics":["Runic Pyramid","CeramicFish","PreservedInsect","Strawberry","Odd Mushroom","Sozu"],"acts_visited":["Exordium","TheCity"],"potions_floor_usage":[6,16,16,23],"damage_taken":[{"damage":3.0,"enemies":"2 Louse","floor":1.0,"turns":4.0},{"damage":6,"enemies":"Small Slimes","floor":2,"turns":4},{"damage":8,"enemies":"Cultist","floor":4,"turns":3},{"damage":27,"enemies":"3 Sentries","floor":6,"turns":9},{"damage":29,"enemies":"Lagavulin","floor":8,"turns":4},{"damage":16,"enemies":"The Mushroom Lair","floor":11,"turns":4},{"damage":13,"enemies":"Exordium Wildlife","floor":14,"turns":3},{"damage":10,"enemies":"Hexaghost","floor":16,"turns":6},{"damage":31,"enemies":"2 Thieves","floor":18,"turns":5},{"damage":32,"enemies":"3 Byrds","floor":22,"turns":6},{"damage":8,"enemies":"Slavers","floor":23,"turns":1}],"seed_played":"3904796700044257092","potions_obtained":[{"floor":1.0,"key":"LiquidBronze"},{"floor":4,"key":"LiquidBronze"},{"floor":11,"key":"Strength Potion"},{"floor":16,"key":"LiquidMemories"}],"is_trial":false,"path_per_floor":["M","M","?","M","?","E","R","E","T","R","?","?","$","M","R","B",null,"M","?","$","?","M","E"],"character_chosen":"IRONCLAD","items_purchased":["Bloodletting","Shrug It Off","Disarm"],"campfire_rested":2,"item_purchase_floors":[13,13,20],"current_hp_per_floor":[65,59,64,56,49,22,46,17,24,50,34,34,34,21,21,11,68,37,37,37,37,5,0,0],"gold":27,"neow_bonus":"BOSS_RELIC","is_daily":false,"chose_seed":false,"campfire_upgraded":1,"win_rate":0.0,"timestamp":1611035238,"path_taken":["M","M","?","M","?","E","R","E","T","R","?","?","$","?","R","BOSS","M","?","$","?","?","E"],"items_purchased_type":["Card","Card","Card"],"build_version":"2020-12-22","purchased_purges":1,"victory":false,"max_hp_per_floor":[75,75,80,80,80,80,80,80,87,87,87,87,87,87,87,87,87,87,87,87,87,87,87,87],"relic_stats":{"Sozu":1,"counters":[11,49],"CeramicFish":81,"PreservedInsect":41,"obtain_stats":[{"Sozu":17,"CeramicFish":6,"Strawberry":9,"PreservedInsect":8,"Odd Mushroom":11,"Burning Blood":0,"Runic Pyramid":0},{"Sozu":8,"CeramicFish":4,"Strawberry":5,"PreservedInsect":5,"Odd Mushroom":6,"Burning Blood":0,"Runic Pyramid":0},{"Sozu":37,"CeramicFish":20,"Strawberry":24,"PreservedInsect":24,"Odd Mushroom":28,"Burning Blood":0,"Runic Pyramid":0}]},"card_choices":[{"not_picked":["Havoc","Entrench"],"picked":"Hemokinesis","floor":1.0},{"not_picked":["Flex","Iron Wave"],"picked":"Anger","floor":2},{"not_picked":["Perfected Strike","Body Slam","Heavy Blade"],"picked":"SKIP","floor":4},{"not_picked":["Perfected Strike","Thunderclap"],"picked":"Blood for Blood","floor":6},{"not_picked":["Dark Embrace","Heavy Blade"],"picked":"Bloodletting","floor":8},{"not_picked":["Seeing Red","Whirlwind"],"picked":"Armaments","floor":11},{"not_picked":["Limit Break","Heavy Blade","Rampage"],"picked":"SKIP","floor":14},{"not_picked":["Bludgeon","Exhume"],"picked":"Demon Form","floor":16},{"not_picked":["Battle Trance","Sword Boomerang+1"],"picked":"Flex","floor":18},{"not_picked":["Heavy Blade","Headbutt"],"picked":"Spot Weakness","floor":22}],"player_experience":1052915,"relics_obtained":[{"floor":6,"key":"CeramicFish"},{"floor":8,"key":"PreservedInsect"},{"floor":9,"key":"Strawberry"},{"floor":11,"key":"Odd Mushroom"}],"event_choices":[{"damage_healed":0,"gold_gain":0,"player_choice":"Donut","damage_taken":0,"max_hp_gain":5,"max_hp_loss":0,"event_name":"Big Fish","floor":3,"gold_loss":0},{"cards_removed":["Strike_R"],"damage_healed":0,"gold_gain":0,"player_choice":"Card Removal","damage_taken":7,"max_hp_gain":0,"max_hp_loss":0,"event_name":"Golden Wing","floor":5,"gold_loss":0},{"damage_healed":0,"gold_gain":0,"player_choice":"Fought Mushrooms","damage_taken":0,"max_hp_gain":0,"max_hp_loss":0,"event_name":"Mushrooms","floor":11,"gold_loss":0},{"damage_healed":0,"gold_gain":0,"player_choice":"Bought 1 Potion","damage_taken":0,"max_hp_gain":0,"max_hp_loss":0,"event_name":"The Woman in Blue","floor":12,"gold_loss":0},{"cards_removed":["Strike_R"],"damage_healed":0,"gold_gain":0,"player_choice":"Gave Gold","damage_taken":0,"max_hp_gain":0,"max_hp_loss":0,"event_name":"Beggar","floor":19,"gold_loss":75},{"damage_healed":0,"gold_gain":0,"player_choice":"Bet on Murderer","damage_taken":0,"max_hp_gain":0,"max_hp_loss":0,"event_name":"The Joust","floor":21,"gold_loss":50}],"is_beta":false,"boss_relics":[{"not_picked":["Coffee Dripper","Calling Bell"],"picked":"Sozu"}],"items_purged_floors":[13],"is_endless":false,"potions_floor_spawned":[1,4,11,16,22],"killed_by":"Slavers","ascension_level":20}}