{"host":"April","time":1611036607,"event":{"mods":["BaseMod","Minty Spire (QoL Compilation)"],"gold_per_floor":[117,130,205,205,223,254,272,26,26,60,25,104,131,153,153,258,258,284,306,306,405,320,320,364,30,82,82,82],"floor_reached":27,"language":"ENG","playtime":1628,"items_purged":[],"score":253,"play_id":"185d11cc-3603-48f0-8024-73c045357a86","local_time":"20210118221007","is_ascension_mode":true,"campfire_choices":[{"floor":15,"key":"REST"},{"floor":23,"key":"REST"}],"circlet_count":0,"master_deck":["Strike_G","Strike_G","Strike_G","Strike_G","Strike_G","Defend_G","Defend_G","Defend_G","Defend_G","Defend_G","Survivor","Neutralize","Bane","Quick Slash","Dash","Deadly Poison","Well Laid Plans","Wraith Form v2","PiercingWail","Caltrops","Backflip","Unload","Escape Plan","Concentrate","Noxious Fumes","Deflect","Terror"],"relics":["Ring of the Snake","Snake Skull","Tingsha","Paper Crane","The Courier","CeramicFish","Fusion Hammer","Boot","Singing Bowl","Shuriken","Torii","Strawberry"],"acts_visited":["Exordium","TheCity"],"potions_floor_usage":[6,10,10,16,18,18,18,18],"damage_taken":[{"damage":0.0,"enemies":"Small Slimes","floor":1.0,"turns":3.0},{"damage":3.0,"enemies":"2 Louse","floor":2.0,"turns":2.0},{"damage":5,"enemies":"Jaw Worm","floor":5,"turns":5},{"damage":14,"enemies":"Gremlin Nob","floor":6,"turns":4},{"damage":1,"enemies":"Looter","floor":7,"turns":3},{"damage":11,"enemies":"3 Sentries","floor":10,"turns":8},{"damage":0,"enemies":"3 Louse","floor":13,"turns":3},{"damage":2,"enemies":"Blue Slaver","floor":14,"turns":3},{"damage":15,"enemies":"The Guardian","floor":16,"turns":11},{"damage":2,"enemies":"2 Thieves","floor":18,"turns":4},{"damage":5,"enemies":"3 Byrds","floor":19,"turns":3},{"damage":56,"enemies":"Gremlin Leader","floor":24,"turns":10},{"damage":21,"enemies":"Sentry and Sphere","floor":27,"turns":3}],"seed_played":"-3631441920081086542","potions_obtained":[{"floor":5,"key":"Energy Potion"},{"floor":7,"key":"PowerPotion"},{"floor":13,"key":"GamblersBrew"},{"floor":16,"key":"EntropicBrew"}],"is_trial":false,"path_per_floor":["M","M","?","?","M","E","M","$","T","E","?","?","M","M","R","B",null,"M","M","?","?","?","R","E","$","T","M"],"character_chosen":"THE_SILENT","items_purchased":["Wraith Form v2","CultistPotion","Torii","Dexterity Potion","Deflect","Terror"],"campfire_rested":2,"item_purchase_floors":[8,8,25,25,25,25],"current_hp_per_floor":[70,67,56,44,39,25,24,24,24,13,30,30,30,28,49,34,70,68,63,63,63,63,70,14,14,21,0,0],"gold":82,"neow_bonus":"RANDOM_COMMON_RELIC","is_daily":false,"chose_seed":false,"campfire_upgraded":0,"win_rate":0.0,"timestamp":1611036607,"path_taken":["M","M","?","?","M","E","M","$","T","E","?","?","?","M","R","BOSS","M","M","?","?","?","R","E","?","T","?"],"items_purchased_type":["Card","Potion","Relic","Potion","Card","Card"],"build_version":"2020-12-18","purchased_purges":0,"victory":false,"max_hp_per_floor":[70,70,70,70,70,70,70,70,70,70,70,70,70,70,70,70,70,70,70,70,70,70,70,70,70,77,77,77],"card_choices":[{"not_picked":["Accuracy","Quick Slash"],"picked":"Bane","floor":1.0},{"not_picked":["Sucker Punch","Deadly Poison"],"picked":"Quick Slash","floor":2.0},{"not_picked":["Flying Knee","Dagger Spray"],"picked":"Dash","floor":5},{"not_picked":["Underhanded Strike","Prepared"],"picked":"Deadly Poison","floor":6},{"not_picked":["Prepared","Dagger Spray"],"picked":"Well Laid Plans","floor":7},{"not_picked":["Expertise","Dodge and Roll"],"picked":"PiercingWail","floor":10},{"not_picked":["Concentrate","Cloak And Dagger"],"picked":"Caltrops","floor":13},{"not_picked":["Reflex","Deflect"],"picked":"Backflip","floor":14},{"not_picked":["Night Terror","Venomology"],"picked":"Unload","floor":16},{"not_picked":["Deadly Poison","Expertise"],"picked":"Escape Plan","floor":18},{"not_picked":["Backflip","Poisoned Stab"],"picked":"Concentrate","floor":19},{"not_picked":["Heel Hook","Caltrops"],"picked":"Noxious Fumes","floor":24}],"player_experience":2583670,"relics_obtained":[{"floor":6,"key":"Paper Crane"},{"floor":9,"key":"The Courier"},{"floor":10,"key":"CeramicFish"},{"floor":24,"key":"Shuriken"},{"floor":26,"key":"Strawberry"}],"event_choices":[{"damage_healed":0.0,"max_hp_gain":0.0,"max_hp_loss":0.0,"gold_gain":75.0,"event_name":"World of Goop","player_choice":"Gather Gold","floor":3.0,"gold_loss":0.0,"damage_taken":11.0},{"damage_healed":0.0,"max_hp_gain":0.0,"max_hp_loss":0.0,"gold_gain":0.0,"event_name":"Scrap Ooze","player_choice":"Success","floor":4.0,"gold_loss":0.0,"damage_taken":12.0,"relics_obtained":["Tingsha"]},{"damage_healed":17,"gold_gain":0,"player_choice":"Healed","damage_taken":0,"max_hp_gain":0,"max_hp_loss":0,"event_name":"The Cleric","floor":11,"gold_loss":35},{"damage_healed":0,"gold_gain":79,"player_choice":"Gained Gold","damage_taken":0,"max_hp_gain":0,"max_hp_loss":0,"event_name":"Golden Wing","floor":12,"gold_loss":0},{"damage_healed":0,"gold_gain":0,"player_choice":"Opened","damage_taken":0,"relics_obtained":["Boot"],"max_hp_gain":0,"max_hp_loss":0,"event_name":"The Mausoleum","floor":20,"gold_loss":0},{"damage_healed":0,"gold_gain":99,"player_choice":"Stole From Cult","damage_taken":0,"max_hp_gain":0,"max_hp_loss":0,"event_name":"Nest","floor":21,"gold_loss":0},{"damage_healed":0,"gold_gain":0,"player_choice":"Obtained Relic","damage_taken":0,"relics_obtained":["Singing Bowl"],"max_hp_gain":0,"max_hp_loss":0,"event_name":"Addict","floor":22,"gold_loss":85}],"is_beta":true,"boss_relics":[{"not_picked":["Black Star","Ring of the Serpent"],"picked":"Fusion Hammer"}],"items_purged_floors":[],"is_endless":false,"potions_floor_spawned":[5,7,13,16],"killed_by":"Sentry and Sphere","ascension_level":1}}