{"host":"hzinic87vu8p95wn","time":1611065539,"event":{"mods":["BaseMod","Minty Spire (QoL Compilation)"],"gold_per_floor":[114,114,18,18,18,49,49,69,94,169,7,26,26,39,39,116,116,134,134,113,113,113,113,113],"floor_reached":23,"language":"ENG","playtime":1258,"items_purged":[],"score":403,"play_id":"41fff1f7-de2a-4d65-96b8-44599a10a39d","local_time":"20210120011219","is_ascension_mode":true,"campfire_choices":[{"data":"Streamline","floor":7.0,"key":"SMITH"},{"floor":15.0,"key":"REST"}],"circlet_count":0,"master_deck":["AscendersBane","Strike_B","Strike_B","Strike_B","Defend_B","Defend_B","Defend_B+1","Defend_B+1","Zap","Dualcast","Ball Lightning","Melter","Streamline+1","Capacitor","Sweeping Beam"],"relics":["Cracked Core","NeowsBlessing","Ancient Tea Set","Vajra","Regal Pillow","Black Star","Meat on the Bone"],"acts_visited":["Exordium","TheCity"],"potions_floor_usage":[23],"damage_taken":[{"damage":0.0,"enemies":"Jaw Worm","floor":1.0,"turns":1.0},{"damage":0.0,"enemies":"Gremlin Nob","floor":6.0,"turns":1.0},{"damage":0.0,"enemies":"2 Louse","floor":8.0,"turns":1.0},{"damage":4.0,"enemies":"Small Slimes","floor":12.0,"turns":3.0},{"damage":5.0,"enemies":"Blue Slaver","floor":14.0,"turns":3.0},{"damage":25.0,"enemies":"The Guardian","floor":16.0,"turns":10.0},{"damage":0.0,"enemies":"Spheric Guardian","floor":18.0,"turns":1.0},{"damage":23.0,"enemies":"2 Thieves","floor":20.0,"turns":4.0},{"damage":27,"enemies":"Book of Stabbing","floor":23,"turns":5}],"seed_played":"6040771955213519752","potions_obtained":[{"floor":8.0,"key":"Energy Potion"},{"floor":12.0,"key":"SkillPotion"},{"floor":18.0,"key":"Weak Potion"}],"is_trial":false,"path_per_floor":["M","?","$","?","?","E","R","M","T","?","$","M","$","M","R","B",null,"M","?","M","T","?","E"],"character_chosen":"DEFECT","items_purchased":["Melter","Streamline","Regal Pillow"],"campfire_rested":1,"item_purchase_floors":[3,3,11],"current_hp_per_floor":[64,57,57,62,39,39,39,39,39,28,28,24,24,19,56,31,65,65,65,42,42,42,15,15],"gold":113,"neow_bonus":"THREE_ENEMY_KILL","is_daily":false,"chose_seed":false,"campfire_upgraded":1,"win_rate":0.0,"timestamp":1611065539,"path_taken":["M","?","$","?","?","E","R","M","T","?","?","?","$","M","R","BOSS","M","?","M","?","?","E"],"items_purchased_type":["Card","Card","Relic"],"build_version":"2020-12-22","purchased_purges":0,"victory":false,"max_hp_per_floor":[71,71,71,76,76,76,76,76,76,76,76,76,76,76,76,76,76,76,76,76,76,76,76,76],"card_choices":[{"not_picked":["Conserve Battery","Redo"],"picked":"Ball Lightning","floor":1.0},{"not_picked":["Reprogram","Skim"],"picked":"Capacitor","floor":6.0},{"not_picked":["Streamline","Aggregate","Ball Lightning"],"picked":"SKIP","floor":8.0},{"not_picked":["Redo","Cold Snap"],"picked":"Sweeping Beam","floor":12.0},{"not_picked":["Capacitor","Beam Cell","Go for the Eyes"],"picked":"SKIP","floor":14.0},{"not_picked":["Ball Lightning","Turbo","Doom and Gloom+1"],"picked":"SKIP","floor":18.0},{"not_picked":["Streamline","Leap","Scrape"],"picked":"SKIP","floor":20.0}],"player_experience":1585946,"relics_obtained":[{"floor":6.0,"key":"Ancient Tea Set"},{"floor":9.0,"key":"Vajra"},{"floor":21.0,"key":"Meat on the Bone"}],"event_choices":[{"cards_removed":["Strike_B"],"damage_healed":0.0,"max_hp_gain":0.0,"max_hp_loss":0.0,"gold_gain":0.0,"event_name":"Golden Wing","player_choice":"Card Removal","floor":2.0,"gold_loss":0.0,"damage_taken":7.0},{"damage_healed":0.0,"max_hp_gain":5.0,"max_hp_loss":0.0,"gold_gain":0.0,"event_name":"Big Fish","player_choice":"Donut","floor":4.0,"gold_loss":0.0,"damage_taken":0.0},{"damage_healed":0.0,"max_hp_gain":0.0,"max_hp_loss":0.0,"gold_gain":0.0,"event_name":"Shining Light","player_choice":"Entered Light","floor":5.0,"gold_loss":0.0,"damage_taken":23.0,"cards_upgraded":["Defend_B","Defend_B"]},{"damage_healed":0.0,"max_hp_gain":0.0,"max_hp_loss":0.0,"gold_gain":75.0,"event_name":"World of Goop","player_choice":"Gather Gold","floor":10.0,"gold_loss":0.0,"damage_taken":11.0},{"damage_healed":0.0,"max_hp_gain":0.0,"max_hp_loss":0.0,"gold_gain":0.0,"event_name":"Vampires","player_choice":"Ignored","floor":19.0,"gold_loss":0.0,"damage_taken":0.0},{"damage_healed":0,"gold_gain":0,"player_choice":"Ignored","damage_taken":0,"max_hp_gain":0,"max_hp_loss":0,"event_name":"Cursed Tome","floor":22,"gold_loss":0}],"is_beta":false,"boss_relics":[{"not_picked":["FrozenCore","Tiny House"],"picked":"Black Star"}],"items_purged_floors":[],"is_endless":false,"potions_floor_spawned":[8,12,14,18],"killed_by":"Book of Stabbing","ascension_level":18}}