{"host":"nzq3d31h1j2g5t95","time":1611018227,"event":{"mods":["BaseMod","Hubris","Minty Spire (QoL Compilation)","Replay The Spire","StSLib","[IsaacMod]ÒÔÈö¼âËþ"],"gold_per_floor":[119,69,69,83,59,59,112,31,55,90,106,132,151,151,151,252,252,264,277,277,291,311,339,339,339,339,356,382,394,394,429,429,532,532,548,562,562,575,591,591,611,639,639,659,690,690,690,725,725,725],"floor_reached":51,"language":"ZHS","playtime":3045,"items_purged":[],"score":1550,"play_id":"c5b102e3-1098-4a88-b8ce-f2f8c7d23362","local_time":"20210119090347","is_ascension_mode":true,"campfire_choices":[{"data":"hubris:ReadiedAction","floor":6.0,"key":"SMITH"},{"floor":15.0,"key":"REST"},{"floor":24.0,"key":"REST"},{"data":"Limit Break","floor":32.0,"key":"SMITH"},{"data":"Replay:Many Hands","floor":40.0,"key":"SMITH"},{"data":"hubris:StunningStrike","floor":47.0,"key":"SMITH"}],"circlet_count":0,"master_deck":["Strike_R","Strike_R","Strike_R","Defend_R","Defend_R","Defend_R","Defend_R","Bash","Perfected Strike","hubris:ReadiedAction+1","Sword Boomerang","ReplayTheSpireMod:Strike From Hell","Pommel Strike","Evolve","Power Through","Barricade+1","Life Link+1","hubris:ReadiedAction","Ghostly","Ghostly","Ghostly","Ghostly","Ghostly","Twin Strike","Iron Wave","Evolve","Spot Weakness","hubris:NaturalOne","Metallicize","True Grit","Limit Break+1","Replay:Many Hands+1","Abandon","ReplayReversal+1","Entrench","Cleave+1","hubris:StunningStrike+1","Dark Embrace","Specialist"],"relics":["HushsDoor","hubris:GrandSneckoEye","BookofShadows","Blue Candle","hubris:ToyBattleship","DeathBook","Blood Vial","SlaversCollar","King of Hearts","hubris:Icosahedron","Gremlin Horn","BookOfRevelations","MoneyPower","Philosopher\u0027s Stone","SatanicBible","ReplayTheSpireMod:Ninjato","White Beast Statue","Replay:Bottled Steam"],"acts_visited":["Exordium","TheCity","TheBeyond"],"potions_floor_usage":[50,50],"damage_taken":[{"damage":2.0,"enemies":"Jaw Worm","floor":1.0,"turns":2.0},{"damage":0.0,"enemies":"Small Slimes","floor":4.0,"turns":3.0},{"damage":12.0,"enemies":"Lagavulin","floor":7.0,"turns":3.0},{"damage":33.0,"enemies":"3 Sentries","floor":10.0,"turns":7.0},{"damage":0.0,"enemies":"2 Louse","floor":11.0,"turns":2.0},{"damage":0.0,"enemies":"Gremlin Nob","floor":12.0,"turns":2.0},{"damage":8.0,"enemies":"Blue Slaver","floor":13.0,"turns":2.0},{"damage":13.0,"enemies":"Fading Forest","floor":16.0,"turns":11.0},{"damage":20.0,"enemies":"3 Byrds","floor":18.0,"turns":8.0},{"damage":33.0,"enemies":"2 Thieves","floor":19.0,"turns":4.0},{"damage":3.0,"enemies":"3 Cultists","floor":21.0,"turns":7.0},{"damage":14.0,"enemies":"Sentry and Sphere","floor":22.0,"turns":8.0},{"damage":5.0,"enemies":"Book of Stabbing","floor":23.0,"turns":6.0},{"damage":3.0,"enemies":"Snecko","floor":27.0,"turns":5.0},{"damage":1.0,"enemies":"Slavers","floor":28.0,"turns":6.0},{"damage":3.0,"enemies":"Snake Plant","floor":29.0,"turns":5.0},{"damage":0.0,"enemies":"Book of Stabbing","floor":31.0,"turns":6.0},{"damage":0.0,"enemies":"Champ","floor":33.0,"turns":8.0},{"damage":0.0,"enemies":"Orb Walker","floor":35.0,"turns":3.0},{"damage":0.0,"enemies":"3 Shapes","floor":36.0,"turns":2.0},{"damage":0.0,"enemies":"Jaw Worm Horde","floor":38.0,"turns":4.0},{"damage":0.0,"enemies":"Transient","floor":39.0,"turns":5.0},{"damage":8.0,"enemies":"Maw","floor":41.0,"turns":5.0},{"damage":0.0,"enemies":"Reptomancer","floor":42.0,"turns":2.0},{"damage":0.0,"enemies":"Writhing Mass","floor":44.0,"turns":3.0},{"damage":0.0,"enemies":"R_Hoarder","floor":45.0,"turns":2.0},{"damage":0.0,"enemies":"Reptomancer","floor":48.0,"turns":2.0},{"damage":0,"enemies":"Awakened One","floor":50,"turns":5}],"seed_played":"-7204742853598542914","potions_obtained":[{"floor":4.0,"key":"ColorlessPotion"},{"floor":11.0,"key":"Explosive Potion"},{"floor":13.0,"key":"Block Potion"},{"floor":18.0,"key":"GamblersBrew"},{"floor":27.0,"key":"Block Potion"},{"floor":29.0,"key":"BlessingOfTheForge"},{"floor":33.0,"key":"Weak Potion"},{"floor":41.0,"key":"Milkshake"},{"floor":45.0,"key":"PowerPotion"}],"is_trial":false,"path_per_floor":["M","?","?","M","$","R","E","$","T","E","M","E","M","?","R","B",null,"M","M","?","M","M","E","R","?","T","M","E","M","?","E","R","B",null,"M","M","?","M","M","R","M","E","T","M","E","?","R","E","R","B",null],"character_chosen":"IRONCLAD","items_purchased":["hubris:ReadiedAction","ReplayTheSpireMod:Trickstab","SatanicBible","SmokeBomb"],"campfire_rested":2,"item_purchase_floors":[5,8,34,34],"current_hp_per_floor":[70,70,63,63,63,63,51,51,51,18,18,18,12,12,36,25,66,48,17,17,16,4,1,13,13,13,12,13,12,12,14,14,16,24,26,26,26,26,26,26,18,20,20,22,24,24,24,26,26,26],"gold":725,"neow_bonus":"BOSS_RELIC","is_daily":false,"chose_seed":false,"campfire_upgraded":4,"win_rate":0.0,"timestamp":1611018227,"path_taken":["M","?","?","?","$","R","E","?","T","E","M","E","M","?","R","BOSS","M","M","?","M","M","E","R","?","T","M","E","M","?","E","R","BOSS","M","M","?","?","M","R","M","E","T","M","E","?","R","E","R","BOSS"],"items_purchased_type":["Card","Card","Relic","Potion"],"build_version":"2020-12-22","purchased_purges":0,"victory":true,"max_hp_per_floor":[80,80,80,80,80,80,80,80,80,80,80,80,80,80,80,80,80,80,80,40,40,40,40,40,40,40,40,40,40,40,40,40,40,26,26,26,26,26,26,26,26,26,26,26,26,26,26,26,26,26],"card_choices":[{"not_picked":["Entrench","Metallicize"],"picked":"Run Through","floor":1.0},{"not_picked":["Clash","Dropkick"],"picked":"Perfected Strike","floor":4.0},{"not_picked":["Rupture","hubris:ReadiedAction"],"picked":"Sword Boomerang","floor":7.0},{"not_picked":["Bomb","Run Through"],"picked":"ReplayTheSpireMod:Strike From Hell","floor":10.0},{"not_picked":["Sword Boomerang","Rupture"],"picked":"Pommel Strike","floor":11.0},{"not_picked":["Warcry","Disarm"],"picked":"Evolve","floor":12.0},{"not_picked":["Warcry","Sword Boomerang"],"picked":"Power Through","floor":13.0},{"not_picked":["Feed","Exhume"],"picked":"Barricade","floor":16.0},{"not_picked":["Reckless Charge+1","Warcry"],"picked":"Life Link+1","floor":18.0},{"not_picked":["Heavy Blade","Warcry"],"picked":"hubris:ReadiedAction","floor":19.0},{"not_picked":["Body Slam","Clash"],"picked":"Twin Strike","floor":21.0},{"not_picked":["hubris:SharpeningStone","Massacre"],"picked":"Iron Wave","floor":22.0},{"not_picked":["Headbutt","Thunderclap"],"picked":"Evolve","floor":23.0},{"not_picked":["ReplayTheSpireMod:Muscle Training","Cleave"],"picked":"Spot Weakness","floor":27.0},{"not_picked":["Pommel Strike","Clothesline"],"picked":"Metallicize","floor":28.0},{"not_picked":["Fire Breathing+1","Pommel Strike"],"picked":"True Grit","floor":29.0},{"not_picked":["Replay:Undeath\u0027s Touch","hubris:ReadiedAction"],"picked":"Limit Break","floor":31.0},{"not_picked":["Feed","Juggernaut"],"picked":"Replay:Many Hands","floor":33.0},{"not_picked":["Carnage+1","Rupture"],"picked":"Abandon","floor":35.0},{"not_picked":["Clothesline","Heavy Blade"],"picked":"ReplayReversal+1","floor":36.0},{"not_picked":["Run Through+1","Power Through"],"picked":"Entrench","floor":38.0},{"not_picked":["Rage","Havoc","Twin Strike+1"],"picked":"SKIP","floor":39.0},{"not_picked":["hubris:ReadiedAction+1","ReplayTheSpireMod:Strike From Hell","Run Through+1"],"picked":"SKIP","floor":41.0},{"not_picked":["Clothesline+1","hubris:ReadiedAction+1"],"picked":"Cleave+1","floor":42.0},{"not_picked":["hubris:ReadiedAction","Blood for Blood","Headbutt+1"],"picked":"SKIP","floor":44.0},{"not_picked":["Dual Wield","ReplayTheSpireMod:LeadingStrike+1"],"picked":"hubris:StunningStrike","floor":45.0},{"not_picked":["Clash+1","Fire Breathing+1"],"picked":"Dark Embrace","floor":48.0}],"player_experience":152452,"relics_obtained":[{"floor":7.0,"key":"Blue Candle"},{"floor":9.0,"key":"hubris:ToyBattleship"},{"floor":10.0,"key":"DeathBook"},{"floor":12.0,"key":"Blood Vial"},{"floor":23.0,"key":"King of Hearts"},{"floor":26.0,"key":"Gremlin Horn"},{"floor":28.0,"key":"BookOfRevelations"},{"floor":31.0,"key":"MoneyPower"},{"floor":42.0,"key":"ReplayTheSpireMod:Ninjato"},{"floor":43.0,"key":"White Beast Statue"},{"floor":45.0,"key":"Replay:Bottled Steam"}],"event_choices":[{"cards_removed":["Strike_R"],"damage_healed":0.0,"max_hp_gain":0.0,"max_hp_loss":0.0,"gold_gain":0.0,"event_name":"The Cleric","player_choice":"Card Removal","floor":2.0,"gold_loss":50.0,"damage_taken":0.0},{"cards_removed":["Strike_R"],"damage_healed":0.0,"max_hp_gain":0.0,"max_hp_loss":0.0,"gold_gain":0.0,"event_name":"Golden Wing","player_choice":"Card Removal","floor":3.0,"gold_loss":0.0,"damage_taken":7.0},{"damage_healed":0.0,"max_hp_gain":0.0,"max_hp_loss":40.0,"gold_gain":0.0,"event_name":"Ghosts","player_choice":"Became a Ghost","floor":20.0,"gold_loss":0.0,"damage_taken":0.0,"cards_obtained":["Ghostly","Ghostly","Ghostly","Ghostly","Ghostly"]},{"cards_removed":["Run Through"],"damage_healed":0.0,"max_hp_gain":0.0,"max_hp_loss":0.0,"gold_gain":0.0,"event_name":"Falling","player_choice":"Removed Attack","floor":46.0,"gold_loss":0.0,"damage_taken":0.0}],"is_beta":false,"boss_relics":[{"not_picked":["Astrolabe","Runic Dome"],"picked":"SlaversCollar"},{"not_picked":[]},{"not_picked":["Cursed Key","ChewingGum"],"picked":"Philosopher\u0027s Stone"},{"not_picked":[]}],"items_purged_floors":[],"is_endless":false,"potions_floor_spawned":[4,11,13,18,27,29,33,36,41,44,45,48],"ascension_level":9}}