{"host":"mmxi1hjn5usmb1ga","time":1611038313,"event":{"mods":["BaseMod","BetterRewards","Downfall","Minty Spire (QoL Compilation)","Quick Restart","READ ME - Guardian Mod","READ ME - Snecko Mod","RumiaBox-露米娅的神秘盒子","Shop Mod","StSLib","Td1madao Mod","The Bug Knight","Yuri Mod","[IsaacMod]以撒尖塔"],"gold_per_floor":[99,99,99,99,99,99,126,145,45,45,73,171,206,238,253,328,328,328,346,446,152,202,232,311,31,57,57,83,83,103,133,143,214,214,14,34,45,45,45,60,60,76,109,124,124,124,124,154,169,169,169,199,34,34,34,34],"floor_reached":55,"language":"ZHS","playtime":2157,"items_purged":[],"score":2209,"play_id":"914d19ec-0c67-4459-aee5-d5c17e17e58a","local_time":"20210119143833","daily_mods":["Hoarder","Flight","Cursed Run"],"is_ascension_mode":true,"campfire_choices":[{"data":"Wraith Form v2","floor":1,"key":"SMITH"},{"data":"yuri:DragonForm","floor":6,"key":"SMITH"},{"data":"yuri:GhostForm","floor":9,"key":"SMITH"},{"data":"Slimebound:DuplicatedForm","floor":18,"key":"SMITH"},{"floor":27,"key":"RECALL"},{"data":"bronze:Repulsor","floor":35,"key":"SMITH"},{"floor":45,"key":"DIG"},{"floor":47,"key":"DIG"},{"floor":54,"key":"DIG"}],"circlet_count":0,"master_deck":["Demon Form","Wraith Form v2+1","Echo Form","DevaForm","bronze:Verify","Guardian:ConstructionForm","Slimebound:DuplicatedForm+1","yuri:DragonForm+1","yuri:GhostForm+1","AscendersBane","bronze:Strike","bronze:Strike+1","bronze:Strike","bronze:Strike","bronze:Defend","bronze:Defend","bronze:Defend","bronze:Defend","bronze:Replicate","bronze:Goto","Regret","Regret","Regret","bronze:Iterate","bronze:Iterate","bronze:Iterate","Writhe","Writhe","Writhe","bronze:ChildClass","bronze:ChildClass+1","bronze:ChildClass","Parasite","Parasite","Parasite","bronze:FollowUp","bronze:FollowUp","bronze:FollowUp","bronze:WhirlingStrike","bronze:WhirlingStrike","bronze:WhirlingStrike","bronze:Deprecate","bronze:Deprecate","bronze:Deprecate","bronze:Turbo","bronze:Turbo","bronze:Turbo","downfall:Malfunctioning","downfall:Malfunctioning","downfall:Malfunctioning","bronze:AlphaBuild","bronze:AlphaBuild","bronze:AlphaBuild","bronze:Repair","bronze:Repair","bronze:Repair","bronze:HardenedForm","bronze:HardenedForm","bronze:HardenedForm","bronze:ChosenStrike","bronze:ChosenStrike","bronze:ChosenStrike","J.A.X.","J.A.X.","J.A.X.","bronze:Branch","bronze:Branch","bronze:Branch","bronze:HardenedForm","bronze:HardenedForm","bronze:HardenedForm","bronze:MaxOutput+1","bronze:MaxOutput+1","bronze:MaxOutput+1","bronze:Turbo+1","bronze:Turbo+1","bronze:Turbo+1","Decay","Decay","Decay","bronze:OilSpill","bronze:OilSpill","bronze:OilSpill","bronze:Repulsor+1","bronze:Repulsor","bronze:Repulsor+1","Normality","Normality","Normality","bronze:NullPointer+1","bronze:NullPointer+1","bronze:NullPointer+1","bronze:FindAndReplace","bronze:FindAndReplace","bronze:FindAndReplace","bronze:Overheat","bronze:Overheat","bronze:Overheat","Pain","Pain","Pain","bronze:RecursiveStrike","bronze:RecursiveStrike","bronze:RecursiveStrike","bronze:Iterate+1","bronze:Iterate+1","bronze:Iterate+1","bronze:BronzeArmor","bronze:BronzeArmor","bronze:BronzeArmor","Echo Form","Echo Form","Echo Form","Wraith Form v2+1","Wraith Form v2+1","Wraith Form v2+1","downfall:Icky","downfall:Icky","downfall:Icky","bronze:ForceShield","bronze:ForceShield","bronze:ForceShield","Pain","Pain","Pain","bronze:ClassDefault","bronze:ClassDefault","bronze:ClassDefault","downfall:Aged","downfall:Aged","downfall:Aged"],"relics":["Cursed Key","Darkstone Periapt","Du-Vu Doll","HushsDoor","TheBean","GnawedLeaf","HowToJump","downfall:HeartBlessingBlue","Bottled Lightning","PunchingBag","GodSword5","SoulBox","MutagenicStrength","MagicDraw3","GodSword1","Boot","Mercury Hourglass","bronze:CableSpool","sneckomod:BlankCard","Medical Kit","GodSword7","TheBible","White Beast Statue","MealTicket","sneckomod:SneckoTalon","downfall:HeartBlessingRed","downfall:HeartBlessingGreen","MagicDraw2","Shovel","Toxic Egg 2","yuri:PortableGlitches","LastBattle","Happy Flower","Pen Nib","DeathBook"],"acts_visited":["Exordium","TheCity","TheBeyond","TheEnding"],"potions_floor_usage":[20,23,32,33,37],"damage_taken":[{"damage":0,"enemies":"Cultist","floor":4,"turns":1},{"damage":2,"enemies":"Small Slimes","floor":8,"turns":3},{"damage":0,"enemies":"Gremlin Nob","floor":11,"turns":3},{"damage":23,"enemies":"Lagavulin","floor":13,"turns":4},{"damage":23,"enemies":"Gremlin Nob","floor":14,"turns":4},{"damage":0,"enemies":"2 Louse","floor":15,"turns":2},{"damage":26,"enemies":"IC_STATUS_ARCHETYPE","floor":16,"turns":6},{"damage":2,"enemies":"Centurion and Healer","floor":19,"turns":5},{"damage":0,"enemies":"downfall:Augmenter","floor":20,"turns":3},{"damage":8,"enemies":"downfall:FleeingMerchant","floor":21,"turns":4},{"damage":1,"enemies":"Hiden Room Battle","floor":22,"turns":5},{"damage":22,"enemies":"Gremlin Leader","floor":23,"turns":3},{"damage":15,"enemies":"downfall:FleeingMerchant","floor":25,"turns":3},{"damage":0,"enemies":"HollowMod:Nosk","floor":26,"turns":2},{"damage":28,"enemies":"Slavers","floor":28,"turns":3},{"damage":0,"enemies":"3 Cultists","floor":30,"turns":4},{"damage":30,"enemies":"Book of Stabbing","floor":31,"turns":4},{"damage":0,"enemies":"Snake Plant","floor":32,"turns":1},{"damage":8,"enemies":"SI_MIRROR_ARCHETYPE","floor":33,"turns":4},{"damage":4,"enemies":"3 Darklings","floor":36,"turns":4},{"damage":0,"enemies":"3 Shapes","floor":37,"turns":2},{"damage":0,"enemies":"Jaw Worm Horde","floor":40,"turns":2},{"damage":14,"enemies":"Writhing Mass","floor":42,"turns":3},{"damage":0,"enemies":"Reptomancer","floor":43,"turns":4},{"damage":22,"enemies":"4 Shapes","floor":44,"turns":2},{"damage":5,"enemies":"Giant Head","floor":48,"turns":3},{"damage":12,"enemies":"Transient","floor":49,"turns":5},{"damage":16,"enemies":"DF_ARCHETYPE_ORBS","floor":50,"turns":4},{"damage":61,"enemies":"downfall:CharBossMerchant","floor":52,"turns":7},{"damage":2,"enemies":"downfall:NeowBoss","floor":55,"turns":7}],"seed_played":"2827285905097825257","potions_obtained":[{"floor":8,"key":"Block Potion"},{"floor":14,"key":"Regen Potion"},{"floor":20,"key":"DuplicationPotion"},{"floor":26,"key":"Explosive Potion"},{"floor":28,"key":"PowerPotion"},{"floor":31,"key":"Fruit Juice"},{"floor":32,"key":"Block Potion"},{"floor":33,"key":"champ:CounterPotion"},{"floor":36,"key":"Fruit Juice"},{"floor":37,"key":"SneckoOil"},{"floor":43,"key":"PowerPotion"},{"floor":52,"key":"bronze:CleanCodePotion"}],"is_trial":true,"path_per_floor":["R","?","?","M","?","R","T","M","R","?","E","?","E","E","M","B",null,"R","M","?","$","?","E","T","$","E","R","E","?","M","E","M","B",null,"R","M","M","?","?","M","T","M","E","M","R","?","R","E","M","B",null,"E","$","R","B"],"character_chosen":"THE_AUTOMATON","items_purchased":["MagicDraw3","sneckomod:BlankCard","Medical Kit","GodSword7","Pen Nib"],"campfire_rested":0,"item_purchase_floors":[21,25,25,25,53],"current_hp_per_floor":[57,75,75,75,30,30,48,46,56,100,100,85,62,39,39,34,134,134,132,132,132,141,119,140,143,143,143,127,148,164,142,148,169,197,197,193,201,189,210,210,231,217,217,203,203,203,203,198,194,207,250,189,207,207,205,205],"gold":34,"neow_bonus":"","is_daily":false,"chose_seed":false,"campfire_upgraded":5,"win_rate":0.0,"timestamp":1611038313,"path_taken":["R","?","?","M","?","R","T","?","R","?","E","?","E","E","M","BOSS","R","M","?","$","?","E","T","$","E","R","E","?","?","E","M","BOSS","R","M","M","?","?","M","T","M","E","?","R","?","R","E","M","BOSS","E","$","R","BOSS"],"items_purchased_type":["Relic","Relic","Relic","Relic","Relic"],"build_version":"2020-12-22","purchased_purges":0,"victory":false,"max_hp_per_floor":[63,81,81,81,81,81,99,97,107,125,125,125,123,123,123,141,141,141,141,141,141,141,141,159,159,159,159,159,177,177,177,182,200,200,200,198,201,201,219,219,237,237,237,237,237,237,237,237,235,253,253,253,253,253,253,253],"card_choices":[{"not_picked":[],"picked":"Bomb","floor":0},{"not_picked":["bronze:Invalidate","bronze:BugBarrage"],"picked":"bronze:Iterate","floor":4},{"not_picked":["bronze:Branch","bronze:Overheat"],"picked":"bronze:ChildClass","floor":8},{"not_picked":["bronze:MaxOutput","bronze:Shell"],"picked":"bronze:FollowUp","floor":11},{"not_picked":["bronze:BugBarrage","bronze:Boost"],"picked":"bronze:WhirlingStrike","floor":13},{"not_picked":["bronze:CutThrough","bronze:DelayedGuard"],"picked":"bronze:Deprecate","floor":14},{"not_picked":["bronze:WhirlingStrike","bronze:Invalidate"],"picked":"bronze:Turbo","floor":15},{"not_picked":["bronze:CleanCode","bronze:HyperBeam"],"picked":"bronze:AlphaBuild","floor":16},{"not_picked":["bronze:Shell","bronze:Repulsor"],"picked":"bronze:Repair","floor":19},{"not_picked":[],"picked":"J.A.X.","floor":20},{"not_picked":["bronze:CutThrough","bronze:Frontload"],"picked":"bronze:Branch","floor":20},{"not_picked":["bronze:Fortify","bronze:Turbo"],"picked":"bronze:HardenedForm","floor":21},{"not_picked":["bronze:CloningBeam+1","bronze:Boost"],"picked":"bronze:MaxOutput+1","floor":22},{"not_picked":["bronze:BugBarrage","bronze:WildBeam"],"picked":"bronze:Turbo+1","floor":23},{"not_picked":["bronze:DelayedGuard","bronze:BugBarrage"],"picked":"bronze:OilSpill","floor":25},{"not_picked":["bronze:BuggyMess","bronze:Virus","bronze:BugBarrage+1"],"picked":"SKIP","floor":26},{"not_picked":["bronze:OilSpill","bronze:Shield"],"picked":"bronze:Repulsor","floor":28},{"not_picked":["bronze:BitShift","bronze:Deprecate"],"picked":"bronze:NullPointer+1","floor":30},{"not_picked":["bronze:BuggyMess","bronze:Turbo"],"picked":"bronze:FindAndReplace","floor":31},{"not_picked":["bronze:WildBeam","bronze:BugBarrage+1"],"picked":"bronze:Overheat","floor":32},{"not_picked":["bronze:Break","bronze:FindAndReplace"],"picked":"bronze:RecursiveStrike","floor":33},{"not_picked":["bronze:NullPointer","bronze:BuggyMess"],"picked":"bronze:Iterate+1","floor":36},{"not_picked":["bronze:Deprecate+1","bronze:Turbo+1"],"picked":"bronze:BronzeArmor","floor":37},{"not_picked":["bronze:Overheat","bronze:WildBeam"],"picked":"bronze:ForceShield","floor":40},{"not_picked":["bronze:Invalidate","bronze:DelayedGuard","bronze:WildBeam"],"picked":"SKIP","floor":42},{"not_picked":["bronze:Overheat+1","bronze:Invalidate"],"picked":"bronze:ClassDefault","floor":43},{"not_picked":["bronze:DelayedSlice","bronze:OilSpill","bronze:HardenedForm"],"picked":"SKIP","floor":44},{"not_picked":["bronze:ChosenStrike","bronze:Deprecate+1","bronze:CutThrough"],"picked":"SKIP","floor":48},{"not_picked":["bronze:BugBarrage+1","bronze:Overheat+1","bronze:DigitalCarnage"],"picked":"SKIP","floor":49},{"not_picked":["bronze:BugBarrage","bronze:Branch","bronze:ChosenStrike"],"picked":"SKIP","floor":52}],"player_experience":710401,"relics_obtained":[{"floor":11,"key":"Bottled Lightning"},{"floor":13,"key":"PunchingBag"},{"floor":14,"key":"GodSword5"},{"floor":20,"key":"MutagenicStrength"},{"floor":22,"key":"GodSword1"},{"floor":22,"key":"Boot"},{"floor":23,"key":"Mercury Hourglass"},{"floor":24,"key":"bronze:CableSpool"},{"floor":26,"key":"TheBible"},{"floor":28,"key":"White Beast Statue"},{"floor":31,"key":"MealTicket"},{"floor":41,"key":"MagicDraw2"},{"floor":43,"key":"Shovel"},{"floor":45,"key":"Toxic Egg 2"},{"floor":47,"key":"yuri:PortableGlitches"},{"floor":48,"key":"LastBattle"},{"floor":52,"key":"Happy Flower"},{"floor":54,"key":"DeathBook"}],"event_choices":[{"damage_healed":0,"gold_gain":0,"player_choice":"Box","damage_taken":0,"relics_obtained":["GnawedLeaf"],"max_hp_gain":0,"max_hp_loss":0,"event_name":"Big Fish","floor":2,"gold_loss":0,"cards_obtained":["Regret"]},{"damage_healed":0,"gold_gain":0,"player_choice":"Success","damage_taken":45,"relics_obtained":["HowToJump"],"max_hp_gain":0,"max_hp_loss":0,"event_name":"Scrap Ooze","floor":5,"gold_loss":0},{"damage_healed":26,"gold_gain":0,"player_choice":"Healed and dodged fight","damage_taken":0,"max_hp_gain":0,"max_hp_loss":0,"event_name":"Mushrooms","floor":10,"gold_loss":0,"cards_obtained":["Parasite"]},{"damage_healed":0,"gold_gain":0,"player_choice":"Fight","damage_taken":0,"max_hp_gain":0,"max_hp_loss":0,"event_name":"HidenRoomEvent","floor":22,"gold_loss":0}],"is_beta":false,"boss_relics":[{"not_picked":["Runic Dome","Philosopher\u0027s Stone"],"picked":"SoulBox"},{"not_picked":[]},{"not_picked":["Snecko Eye","Tiny House"],"picked":"sneckomod:SneckoTalon"},{"not_picked":[]}],"items_purged_floors":[],"is_endless":false,"potions_floor_spawned":[8,14,15,20,22,26,28,30,31,32,33,36,37,40,42,43,44,48,49,52],"killed_by":"downfall:NeowBoss","ascension_level":20}}