{"host":"8dhn6p16jorj0i1s","time":1611091907,"event":{"mods":["BaseMod","Colored Map","DeckTracker","Minty Spire (QoL Compilation)","Permanent Neow","Quick Restart"],"gold_per_floor":[115,132,57,73,84,113,63,63,63,78,94,94,169,180,180,282,282,294,311,328,341,241,241,241],"floor_reached":23,"language":"ENG","playtime":1461,"items_purged":["Strike_G","Strike_G"],"score":246,"play_id":"6de4f81d-0d9f-4c1d-a4a9-e01723617049","local_time":"20210119223147","is_ascension_mode":true,"campfire_choices":[{"data":"Neutralize","floor":8,"key":"SMITH"},{"data":"Blade Dance","floor":12,"key":"SMITH"},{"data":"Caltrops","floor":15,"key":"SMITH"}],"circlet_count":0,"master_deck":["Strike_G","Strike_G","Defend_G","Defend_G","Defend_G","Defend_G","Defend_G","Survivor","Neutralize+1","Blade Dance+1","Blade Dance","Blade Dance","Caltrops+1","Night Terror","Finisher","Adrenaline"],"relics":["Ring of the Snake","Pocketwatch","Bird Faced Urn","CaptainsWheel","Cursed Key"],"acts_visited":["Exordium","TheCity"],"potions_floor_usage":[6,21,23],"damage_taken":[{"damage":1.0,"enemies":"Cultist","floor":1.0,"turns":4.0},{"damage":2.0,"enemies":"Jaw Worm","floor":2.0,"turns":4.0},{"damage":0.0,"enemies":"Small Slimes","floor":4.0,"turns":3.0},{"damage":8.0,"enemies":"3 Louse","floor":5.0,"turns":3.0},{"damage":4,"enemies":"Gremlin Nob","floor":6,"turns":3},{"damage":2,"enemies":"Large Slime","floor":10,"turns":6},{"damage":0,"enemies":"Looter","floor":11,"turns":3},{"damage":0,"enemies":"3 Louse","floor":14,"turns":2},{"damage":12,"enemies":"Hexaghost","floor":16,"turns":10},{"damage":0,"enemies":"Spheric Guardian","floor":18,"turns":4},{"damage":8,"enemies":"Chosen","floor":19,"turns":6},{"damage":8,"enemies":"Snecko","floor":20,"turns":3},{"damage":0,"enemies":"Centurion and Healer","floor":21,"turns":4},{"damage":84,"enemies":"Book of Stabbing","floor":23,"turns":5}],"seed_played":"4412576010859052772","potions_obtained":[{"floor":5.0,"key":"ColorlessPotion"},{"floor":10,"key":"SmokeBomb"},{"floor":16,"key":"FairyPotion"},{"floor":18,"key":"Fire Potion"},{"floor":21,"key":"SpeedPotion"}],"is_trial":false,"path_per_floor":["M","M","$","M","M","E","?","R","T","M","M","R","?","M","R","B",null,"M","M","M","M","$","E"],"character_chosen":"THE_SILENT","items_purchased":[],"campfire_rested":0,"item_purchase_floors":[],"current_hp_per_floor":[48,46,46,46,38,34,34,34,34,32,32,32,21,21,21,11,55,57,51,43,45,45,0,0],"gold":241,"neow_bonus":"ONE_RARE_RELIC","is_daily":false,"chose_seed":false,"campfire_upgraded":3,"win_rate":0.0,"timestamp":1611091907,"path_taken":["M","M","?","M","M","E","?","R","T","M","M","R","?","M","R","BOSS","M","M","M","M","$","E"],"items_purchased_type":[],"build_version":"2020-12-22","purchased_purges":2,"victory":false,"max_hp_per_floor":[70,70,70,70,70,70,70,70,70,70,70,70,70,70,70,70,70,70,70,70,70,70,70,70],"card_choices":[{"not_picked":["Sucker Punch","Slice"],"picked":"Blade Dance","floor":1.0},{"not_picked":["Escape Plan","Backflip"],"picked":"Blade Dance","floor":2.0},{"not_picked":["Heel Hook","Expertise"],"picked":"Blade Dance","floor":4.0},{"not_picked":["PiercingWail","Bane","Wraith Form v2"],"picked":"SKIP","floor":5.0},{"not_picked":["PiercingWail","Outmaneuver","Dash"],"picked":"SKIP","floor":6},{"not_picked":["Dodge and Roll","Calculated Gamble"],"picked":"Caltrops","floor":10},{"not_picked":["Calculated Gamble","All Out Attack","Tactician"],"picked":"SKIP","floor":11},{"not_picked":["Tactician","Sucker Punch","Deflect"],"picked":"SKIP","floor":14},{"not_picked":["Malaise","Grand Finale"],"picked":"Night Terror","floor":16},{"not_picked":["Slice","Outmaneuver","Bane"],"picked":"SKIP","floor":18},{"not_picked":["Blade Dance+1","Backflip+1"],"picked":"Finisher","floor":19},{"not_picked":["Outmaneuver","Bane","Reflex"],"picked":"SKIP","floor":20},{"not_picked":["Reflex","Distraction"],"picked":"Adrenaline","floor":21}],"player_experience":418297,"relics_obtained":[{"floor":6,"key":"Bird Faced Urn"},{"floor":9,"key":"CaptainsWheel"}],"event_choices":[{"cards_removed":["Strike_G"],"damage_healed":0,"gold_gain":0,"player_choice":"Card Removal","damage_taken":0,"max_hp_gain":0,"max_hp_loss":0,"event_name":"The Cleric","floor":7,"gold_loss":50},{"damage_healed":0,"gold_gain":75,"player_choice":"Gather Gold","damage_taken":11,"max_hp_gain":0,"max_hp_loss":0,"event_name":"World of Goop","floor":13,"gold_loss":0}],"is_beta":false,"boss_relics":[{"not_picked":["Ectoplasm","SacredBark"],"picked":"Cursed Key"}],"items_purged_floors":[3,22],"is_endless":false,"potions_floor_spawned":[5,10,16,18,21],"killed_by":"Book of Stabbing","ascension_level":5}}