{"host":"oc9z8cublggqyfxu","time":1611052681,"event":{"mods":["AchievementEnabler","Act Like it!","Aspiration","BaseMod","Colored Map","Colored Powertips","Dota2Spire","Friendly Minions","Gensokyo","GifTheSpireLib","Hallownest","Hermit","Highlight Path","KinomotoSakuraMod(木之本樱)","Koishi","Lobotomy","LobotomyExtend","Marisa（F雨　魔理沙）","Minty Spire (QoL Compilation)","Quick Restart","Rare Cards Sparkle","Relic Stats","Remilia（蕾米莉亚）","Replay The Spire","RumiaBox-露米娅的神秘盒子","Spicy Shops","StSLib","The Administrix","The Animator","The Blackbeard","The Bug Knight","The Cursed","The Hierophant","The Mystic","The Runesmith","The Servant 0.9.4","Yakumo Yukari mod","Youmu（魂魄妖梦）","Yuyuko","vexMod","【功能Mod】混沌之环修复补丁","【功能Mod】聪明的最终Boss"],"gold_per_floor":[111,126,145,70,80,80,114,114,114,114,131,106,106,106,106],"floor_reached":14,"language":"ZHS","playtime":596,"items_purged":[],"score":130,"play_id":"6bce7f21-02d3-4dac-8475-10592e46671c","local_time":"20210119183801","is_ascension_mode":true,"campfire_choices":[{"data":"Dark Embrace","floor":6,"key":"SMITH"},{"data":"Hallownest:skillGreenpathMap","floor":8,"key":"SMITH"},{"data":"Searing Blow","floor":13,"key":"SMITH"}],"circlet_count":0,"master_deck":["AscendersBane","Strike_R","Strike_R","Strike_R","Strike_R","Strike_R","Defend_R","Defend_R","Defend_R","Defend_R","Bash","Cleave","Clash","Dark Embrace+1","Hallownest:skillGreenpathMap+1","Searing Blow+1"],"relics":["Burning Blood","RabbitCall","LetterFromLob","Anchor","Blue Kimono (Phantom)"],"acts_visited":["Hallownest:Greenpath"],"potions_floor_usage":[14,14],"damage_taken":[{"damage":7,"enemies":"2_ Uuma","floor":1,"turns":5},{"damage":14,"enemies":"Hallownest:2_Tiktiks_and_1_Crawlid","floor":2,"turns":4},{"damage":20,"enemies":"Hallownest:monsterHuskGuard","floor":3,"turns":4},{"damage":33,"enemies":"Hallownest:MossCreep_and_Mosskin","floor":5,"turns":6},{"damage":17,"enemies":"Hallownest:eliteMossKnight","floor":7,"turns":10},{"damage":10,"enemies":"Hallownest:monsterFoolEater","floor":11,"turns":4},{"damage":22,"enemies":"Hallownest:eliteMossKnight","floor":14,"turns":10}],"seed_played":"-1102361359686410427","potions_obtained":[{"floor":7,"key":"Regen Potion"},{"floor":11,"key":"SkillPotion"}],"is_trial":false,"path_per_floor":["M","M","M","?","M","R","?","R","T","?","M","?","R","E"],"character_chosen":"IRONCLAD","items_purchased":[],"campfire_rested":0,"item_purchase_floors":[],"current_hp_per_floor":[71,63,49,49,22,22,11,11,11,11,7,7,7,0,0],"gold":106,"neow_bonus":"","is_daily":false,"chose_seed":false,"campfire_upgraded":3,"win_rate":0.0,"timestamp":1611052681,"path_taken":["M","M","M","?","M","R","?","R","T","?","?","?","R","E"],"items_purchased_type":[],"build_version":"2020-12-22","purchased_purges":0,"victory":false,"max_hp_per_floor":[80,80,80,80,80,80,80,80,80,80,80,80,80,80,80],"relic_stats":{"counters":[7,43],"obtain_stats":[{"RabbitCall":0,"CogitoBucket":0,"Anchor":7,"LetterFromLob":1,"Blue Kimono (Phantom)":12,"Burning Blood":0},{"RabbitCall":0,"CogitoBucket":0,"Anchor":5,"LetterFromLob":1,"Blue Kimono (Phantom)":6,"Burning Blood":0},{"RabbitCall":0,"CogitoBucket":0,"Anchor":29,"LetterFromLob":5,"Blue Kimono (Phantom)":33,"Burning Blood":0}],"Burning Blood":36},"card_choices":[{"not_picked":["Headbutt","Pommel Strike"],"picked":"Cleave","floor":1},{"not_picked":["Body Slam","Shrug It Off"],"picked":"Clash","floor":2},{"not_picked":["Thunderclap","Headbutt"],"picked":"Dark Embrace","floor":3},{"not_picked":["Shrug It Off","Anger","ReplayReversal"],"picked":"SKIP","floor":5},{"not_picked":["Run Through","Flex","ReplayTheSpireMod:Strike From Hell"],"picked":"SKIP","floor":7},{"not_picked":["Shrug It Off","Armaments"],"picked":"Searing Blow","floor":11}],"player_experience":331323,"relics_obtained":[{"floor":1,"key":"LetterFromLob"},{"floor":7,"key":"Anchor"}],"event_choices":[],"is_beta":false,"boss_relics":[],"items_purged_floors":[],"is_endless":false,"potions_floor_spawned":[7,11],"killed_by":"Hallownest:eliteMossKnight","ascension_level":10}}