{"host":"1zjc08c6hob33401","time":1611074183,"event":{"mods":["AchievementEnabler","Act Like it!","Aspiration","BaseMod","Downfall","Energized Spire","Evolution","Friendly Minions","Gensokyo","GifTheSpireLib","Hubris","Infinite Spire","Jedi Mod","Minty Spire (QoL Compilation)","Pale of the Ancients","Quick Restart","Retaliation","Shop Mod","Spire Arcade","StS++","StSLib","Stuff the Spire","The Blue Laboratory","Wandering Minibosses","vexMod","??????REMEMod"],"gold_per_floor":[119,47,67,86,97,97,123,123,123,123,150,169,34,34,34,34,34,34,34,34,34,34,34,34,34,34],"floor_reached":25,"language":"RUS","playtime":1702,"items_purged":[],"score":361,"play_id":"5e0ffb15-3492-4d03-bb69-2d8a9879781d","local_time":"20210119183623","is_ascension_mode":true,"campfire_choices":[{"data":"StuffTheSpire:Synthwave","floor":6.0,"key":"SMITH"},{"data":"StSpp:Lure","floor":10.0,"key":"SMITH"},{"floor":15.0,"key":"REST"},{"data":"Ball Lightning","floor":23,"key":"SMITH"},{"data":"Ball Lightning","floor":24,"key":"SMITH"}],"circlet_count":0,"master_deck":["Ball Lightning+1","Ball Lightning+1","Ball Lightning","Ball Lightning+1","Defend_B","Zap+1","Dualcast","Gensokyo:RisingWorld+1","Coolheaded","Loop+1","StuffTheSpire:Synthwave+1","REME_Whirling+1","Compile Driver+1","StSpp:Lure+1","jedi:rejectivetoxin+1","jedi:unstablefumes","Ball Lightning","jedi:bruteforce+1","jedi:markofdeath+1","Shame"],"relics":["Cracked Core","EVO:Axolotl","REME_ComplimentaryCards","StSpp:Monolith","Bronze Scales","jedi:ominousloannote","StuffTheSpire:DarkSteelAnvil","Pear","vexMod:ImprovementManual"],"acts_visited":["Gensokyo:Gensokyo","Gensokyo:Gensokyoer"],"potions_floor_usage":[25],"damage_taken":[{"damage":3.0,"enemies":"Gensokyo:Gryphon","floor":1.0,"turns":2.0},{"damage":0.0,"enemies":"Gensokyo:Python","floor":3.0,"turns":2.0},{"damage":7.0,"enemies":"Gensokyo:2_Kodama","floor":4.0,"turns":2.0},{"damage":0.0,"enemies":"Gensokyo:LivingMonolith","floor":5.0,"turns":2.0},{"damage":11.0,"enemies":"Gensokyo:Cirno","floor":7.0,"turns":5.0},{"damage":0.0,"enemies":"Gensokyo:Mamizou","floor":11.0,"turns":4.0},{"damage":5.0,"enemies":"Gensokyo:3_Kodama","floor":12.0,"turns":2.0},{"damage":27.0,"enemies":"Gensokyo:Gryphon_and_Rabbit","floor":14.0,"turns":5.0},{"damage":9.0,"enemies":"Gensokyo:Reimu","floor":16.0,"turns":5.0},{"damage":2.0,"enemies":"Gensokyo:2_Gloops","floor":18.0,"turns":3.0},{"damage":0.0,"enemies":"Gensokyo:CosmicMonolith","floor":19.0,"turns":2.0},{"damage":19,"enemies":"Gensokyo:Swordslinger","floor":22,"turns":3},{"damage":53,"enemies":"Gensokyo:Slime_Group","floor":25,"turns":4}],"seed_played":"4711259662643663282","potions_obtained":[{"floor":3.0,"key":"blueLaboratory:BiasPotion"},{"floor":5.0,"key":"FocusPotion"},{"floor":7.0,"key":"jedi:wingpotion"},{"floor":22,"key":"CultistPotion"}],"is_trial":false,"path_per_floor":["M","$","M","M","M","R","E","?","T","R","E","M","$","M","R","B",null,"M","M","?","?","M","R","R","M"],"character_chosen":"DEFECT","items_purchased":["Loop","jedi:ominousloannote","StuffTheSpire:DarkSteelAnvil","Pear"],"campfire_rested":1,"item_purchase_floors":[2,13,13,13],"current_hp_per_floor":[65,65,65,58,58,58,47,47,47,47,47,42,52,25,50,41,74,72,72,72,72,53,53,53,0,0],"gold":34,"neow_bonus":"UPGRADE_CARD","is_daily":false,"chose_seed":false,"campfire_upgraded":4,"win_rate":0.0,"timestamp":1611074183,"path_taken":["M","?","?","M","M","R","E","?","T","R","E","M","$","M","R","BOSS","M","M","?","?","M","R","R","?"],"items_purchased_type":["Card","Relic","Relic","Relic"],"build_version":"2020-12-22","purchased_purges":0,"victory":false,"max_hp_per_floor":[75,75,75,75,75,75,75,75,75,75,75,75,85,85,85,85,85,85,85,85,85,85,85,85,85,85],"card_choices":[{"not_picked":["Gash","StSpp:Pointer"],"picked":"Coolheaded","floor":1.0},{"not_picked":["StuffTheSpire:SnapShoot","StuffTheSpire:LoadUp"],"picked":"StuffTheSpire:Synthwave","floor":3.0},{"not_picked":["Consume","StuffTheSpire:Rend"],"picked":"REME_Whirling","floor":4.0},{"not_picked":["StuffTheSpire:Plugnplay","Rebound"],"picked":"Compile Driver","floor":5.0},{"not_picked":["Reprogram","jedi:BurstFrost","Steam Power"],"picked":"SKIP","floor":7.0},{"not_picked":["Cold Snap","jedi:blockon","StuffTheSpire:LoadUp"],"picked":"SKIP","floor":11.0},{"not_picked":["StuffTheSpire:LoadUp","StuffTheSpire:Plugnplay","Redo"],"picked":"SKIP","floor":12.0},{"not_picked":["Steam","jedi:blockon"],"picked":"Ball Lightning","floor":14.0},{"not_picked":["Core Surge","StuffTheSpire:Purify"],"picked":"jedi:bruteforce","floor":16.0},{"not_picked":["Hologram","jedi:BurstLightning"],"picked":"jedi:markofdeath","floor":18.0},{"not_picked":["REME_Compress","Turbo","Go for the Eyes"],"picked":"SKIP","floor":19.0},{"not_picked":["Stack","Fusion","Gash"],"picked":"SKIP","floor":22}],"player_experience":621051,"relics_obtained":[{"floor":7.0,"key":"StSpp:Monolith"},{"floor":9.0,"key":"Bronze Scales"},{"floor":11.0,"key":"Matryoshka"}],"event_choices":[],"is_beta":false,"boss_relics":[{"not_picked":["StSpp:FireArrow","REME_LowDesire"],"picked":"vexMod:ImprovementManual"}],"items_purged_floors":[],"is_endless":false,"potions_floor_spawned":[3,5,7,12,22],"killed_by":"Gensokyo:Slime_Group","ascension_level":9}}