{"host":"8efry9zhj4tjp5kw","time":1611015275,"event":{"mods":["Act Like it!","Aspiration","Bard","BaseMod","Beaked The Cultist","Colored Map","Colored Powertips","Conspire","Downfall","Glutton Mod","Halation","Hallownest","Hermit","Highlight Path","Hubris","Infinite Spire","Jedi Mod","Jorbs\u0027s Wanderer Trilogy","Koishi","Mad Scientist","Marisa????????","Mimic Mod","Minty Spire (QoL Compilation)","Reworked Bosses","Shop Mod","StSLib","The Administrix","The Construct","The Disciple","The Elementalist","The Factory","The Jungle","The Mystic","The Necromancer","The Runesmith","The Servant 0.9.4","Unceasing Turn Reminder"],"gold_per_floor":[99,117,128,128,140,50,50,50,150,183,183,23,35,53,65,165,165,165,183,68,80,91,91,91,91,141,141,160,170,170,184,199,302,302,302,320,331,348,348,362,400,420,420,448,600,620,636,671,691,691,691,691],"floor_reached":50,"language":"ENG","playtime":5230,"items_purged":["champ:Strike","champ:Strike","champ:Strike"],"score":637,"play_id":"26cdc02c-9e7f-4e8e-aa3c-b354edd4a5be","local_time":"20210119011435","is_ascension_mode":false,"campfire_choices":[{"data":"champ:Taunt","floor":1.0,"key":"SMITH"},{"data":"champ:Duel","floor":8.0,"key":"SMITH"},{"data":"champ:EndlessRage","floor":11.0,"key":"SMITH"},{"data":"champ:Improvising","floor":18,"key":"SMITH"},{"data":"champ:EndlessRage","floor":23,"key":"SMITH"},{"data":"champ:FanOfKnives","floor":25,"key":"SMITH"},{"data":"champ:CheapShot","floor":35,"key":"SMITH"}],"circlet_count":0,"master_deck":["champ:Strike","champ:Defend","champ:Defend","champ:Defend","champ:Defend","champ:Execute","champ:Taunt+1","champ:Duel+1","champ:EndlessRage+1","champ:TornadoPunch","champ:HeartStrike","champ:StanceDance","champ:SwordThrow+1","champ:BringItOn","champ:Improvising+1","champ:FanOfKnives+1","champ:EndlessRage+1","champ:Duel+1","champ:CheapShot+1","champ:FaceSlap","champ:AdrenalArmor","champ:SkillfulDodge","champ:Shatter"],"relics":["champ:ChampionCrown","hubris:DeckOfHolding","Toy Ornithopter","aspiration:AnachronicSnailShell","jedi:crownofsimplicity","aspiration:SecretTechniqueScroll","infinitespire:Bottled Soul","champ:FightingForDummies","Paper Crane","Philosopher\u0027s Stone","halation:SwordOfLegend","Letter Opener","Strawberry"],"acts_visited":["Exordium","TheCity","TheBeyond"],"potions_floor_usage":[19,33,33,33,46,48,50],"damage_taken":[{"damage":10.0,"enemies":"Small Slimes","floor":2.0,"turns":4.0},{"damage":0.0,"enemies":"Cultist","floor":3.0,"turns":3.0},{"damage":0.0,"enemies":"2 Louse","floor":5.0,"turns":3.0},{"damage":20.0,"enemies":"downfall:FleeingMerchant","floor":6.0,"turns":4.0},{"damage":143.0,"enemies":"downfall:LadyInBlue","floor":9.0,"turns":14.0},{"damage":20.0,"enemies":"Lagavulin","floor":10.0,"turns":6.0},{"damage":20.0,"enemies":"downfall:FleeingMerchant","floor":12.0,"turns":4.0},{"damage":12.0,"enemies":"Red Slaver","floor":13.0,"turns":3.0},{"damage":0.0,"enemies":"Lots of Slimes","floor":14.0,"turns":1.0},{"damage":21.0,"enemies":"Large Slime","floor":15.0,"turns":4.0},{"damage":69,"enemies":"DF_ARCHETYPE_STREAMLINE","floor":16,"turns":14},{"damage":13,"enemies":"3 Byrds","floor":19,"turns":5},{"damage":25,"enemies":"downfall:FleeingMerchant","floor":20,"turns":4},{"damage":37,"enemies":"Shell Parasite","floor":21,"turns":5},{"damage":20,"enemies":"Snake Plant","floor":22,"turns":5},{"damage":13,"enemies":"Snecko","floor":28,"turns":5},{"damage":46,"enemies":"Centurion and Healer","floor":29,"turns":6},{"damage":30,"enemies":"Cultist and Chosen","floor":31,"turns":6},{"damage":20,"enemies":"Snake Plant","floor":32,"turns":4},{"damage":88,"enemies":"WA_ARCHETYPE_CALM","floor":33,"turns":9},{"damage":25,"enemies":"Orb Walker","floor":36,"turns":3},{"damage":19,"enemies":"3 Shapes","floor":37,"turns":3},{"damage":28,"enemies":"3 Darklings","floor":38,"turns":5},{"damage":65,"enemies":"Maw","floor":40,"turns":8},{"damage":50,"enemies":"Spire Growth","floor":41,"turns":7},{"damage":10,"enemies":"Spire Growth","floor":42,"turns":4},{"damage":65,"enemies":"Giant Head","floor":44,"turns":6},{"damage":35,"enemies":"downfall:FleeingMerchant","floor":45,"turns":5},{"damage":46,"enemies":"Sphere and 2 Shapes","floor":46,"turns":7},{"damage":50,"enemies":"Transient","floor":47,"turns":5},{"damage":85,"enemies":"Nightmare","floor":48,"turns":9},{"damage":30,"enemies":"4 Shapes","floor":49,"turns":8},{"damage":38,"enemies":"IC_BLOCK_ARCHETYPE","floor":50,"turns":3}],"seed_played":"-2178630227517819862","potions_obtained":[{"floor":9.0,"key":"Explosive Potion"},{"floor":9.0,"key":"Fire Potion"},{"floor":9.0,"key":"champ:UltimateStancePotion"},{"floor":15.0,"key":"SpeedPotion"},{"floor":19,"key":"EntropicBrew"},{"floor":38,"key":"jedi:StrikingPotion"},{"floor":48,"key":"sneckomod:MuddlingPotion"},{"floor":49,"key":"hexamod:SoulburnPotion"}],"is_trial":false,"path_per_floor":["R","M","M","?","M","$","T","R","?","E","R","$","M","M","M","B",null,"R","M","$","M","M","R","T","R","?","?","M","M","?","M","M","B",null,"R","M","M","M","?","M","MIM","M","?","E","$","M","M","NM","M","B"],"character_chosen":"THE_CHAMP","items_purchased":["jedi:crownofsimplicity","champ:SkillfulDodge"],"campfire_rested":0,"item_purchase_floors":[12,45],"current_hp_per_floor":[99,99,99,99,99,99,99,99,51,51,51,51,49,54,53,29,99,99,91,91,89,84,84,84,84,84,84,81,75,75,75,75,82,99,99,99,90,82,82,82,82,82,82,82,82,66,66,31,31,0,0,0],"gold":691,"neow_bonus":"TEN_PERCENT_HP_BONUS","is_daily":false,"chose_seed":false,"campfire_upgraded":7,"win_rate":0.0,"timestamp":1611015275,"path_taken":["R","M","M","?","M","$","T","R","?","E","R","$","?","M","M","BOSS","R","M","$","M","M","R","T","R","?","?","M","M","?","M","M","BOSS","R","M","M","M","?","M","MIM","?","?","E","$","M","M","NM","M","BOSS"],"items_purchased_type":["Relic","Card"],"build_version":"2020-12-22","purchased_purges":3,"victory":false,"max_hp_per_floor":[99,99,99,99,99,99,99,99,99,99,99,99,99,99,99,99,99,99,99,99,99,99,99,99,99,99,99,99,99,99,99,99,99,99,99,99,99,99,99,99,99,99,99,99,99,99,99,106,106,106,106,106],"card_choices":[{"not_picked":["champ:FlashCut","champ:PreciseThrust"],"picked":"champ:Duel","floor":2.0},{"not_picked":["champ:SetATrap","champ:PreciseThrust"],"picked":"champ:EndlessRage","floor":3.0},{"not_picked":["champ:EnGarde","champ:EnragedBash"],"picked":"champ:TornadoPunch","floor":5.0},{"not_picked":["champ:Shatter","champ:StanceDance","champ:PerfectedStrike"],"picked":"SKIP","floor":6.0},{"not_picked":["champ:FaceSlap","champ:CalledShot"],"picked":"champ:HeartStrike","floor":9.0},{"not_picked":["champ:ShieldWall","champ:SwordThrow"],"picked":"champ:StanceDance","floor":10.0},{"not_picked":["champ:PreemptiveStrike","champ:FocusedBerserking"],"picked":"champ:SwordThrow","floor":12.0},{"not_picked":["champ:DefensiveShout","champ:FlashCut","champ:PreciseThrust"],"picked":"SKIP","floor":13.0},{"not_picked":["champ:SkillfulDodge","champ:FaceSlap"],"picked":"champ:BringItOn","floor":14.0},{"not_picked":["champ:BringItOn","champ:Circumvent","champ:ShieldWall"],"picked":"SKIP","floor":15.0},{"not_picked":["champ:ShieldThrow","champ:UltimateStance"],"picked":"champ:Improvising","floor":16},{"not_picked":["champ:SkillfulDodge+1","champ:BringItOn"],"picked":"champ:FanOfKnives","floor":19},{"not_picked":["champ:SwordThrow","champ:PerfectedStrike+1","champ:SkillfulDodge"],"picked":"SKIP","floor":20},{"not_picked":["champ:PerfectedStrike","champ:Haymaker+1","champ:EnGarde+1"],"picked":"SKIP","floor":21},{"not_picked":["champ:ArenaPreparation","champ:CrownThrow"],"picked":"champ:EndlessRage","floor":22},{"not_picked":["champ:SetATrap","champ:AdrenalArmor","champ:BladeFlurry"],"picked":"SKIP","floor":28},{"not_picked":["champ:Haymaker","champ:PreciseThrust"],"picked":"champ:Duel+1","floor":29},{"not_picked":["champ:FlashCut","champ:GladiatorStyle","champ:Haymaker"],"picked":"SKIP","floor":31},{"not_picked":["champ:EnGarde","champ:ArenaPreparation","champ:BerserkersShout"],"picked":"SKIP","floor":32},{"not_picked":["champ:GladiatorForm","champ:LastStand"],"picked":"champ:CheapShot","floor":33},{"not_picked":["champ:TornadoPunch+1","champ:CrownThrow+1","champ:BerserkersShout+1"],"picked":"SKIP","floor":36},{"not_picked":["champ:GutPunch+1","champ:CrownThrow+1","champ:Backstep+1"],"picked":"SKIP","floor":37},{"not_picked":["champ:Endure","champ:DefensiveShout+1","champ:TornadoPunch"],"picked":"SKIP","floor":38},{"not_picked":["champ:PreciseThrust","champ:RisingSlash","champ:BladeFlurry"],"picked":"SKIP","floor":40},{"not_picked":["champ:GutPunch+1","champ:FocusedDefense"],"picked":"champ:FaceSlap","floor":41},{"not_picked":["champ:LastStand","champ:TornadoPunch+1"],"picked":"champ:AdrenalArmor","floor":42},{"not_picked":["champ:FaceSlap+1","champ:PreciseThrust","champ:PerfectedStrike"],"picked":"SKIP","floor":44},{"not_picked":["champ:RecklessLeap","champ:AdrenalArmor","champ:CrownThrow+1"],"picked":"SKIP","floor":45},{"not_picked":["champ:PreemptiveStrike+1","champ:FocusedBerserking"],"picked":"champ:Shatter","floor":46},{"not_picked":["champ:VampiricStrike","champ:Lariat","champ:GutPunch"],"picked":"SKIP","floor":47},{"not_picked":["champ:PerfectedStrike+1","champ:VampiricStrike","champ:ShieldWall+1"],"picked":"SKIP","floor":48},{"not_picked":["champ:Circumvent","champ:AdrenalArmor+1","champ:TornadoPunch+1"],"picked":"SKIP","floor":49}],"player_experience":1060290,"relics_obtained":[{"floor":7.0,"key":"hubris:DeckOfHolding"},{"floor":9.0,"key":"Toy Ornithopter"},{"floor":10.0,"key":"aspiration:AnachronicSnailShell"},{"floor":24,"key":"infinitespire:Bottled Soul"},{"floor":41,"key":"halation:SwordOfLegend"},{"floor":44,"key":"Letter Opener"},{"floor":48,"key":"Strawberry"}],"event_choices":[],"is_beta":false,"boss_relics":[{"not_picked":["hubris:GrandSneckoEye","halation:PlatinumPhoenix"],"picked":"aspiration:SecretTechniqueScroll"},{"not_picked":["Black Star","conspire:SpecialSausage"],"picked":"Philosopher\u0027s Stone"}],"items_purged_floors":[6,20,45],"is_endless":false,"potions_floor_spawned":[9,10,13,15,16,19,22,31,33,38,42,44,48,49],"killed_by":"IC_BLOCK_ARCHETYPE","ascension_level":0}}