{"host":"xh3brefae6wm9kl8","time":1611080885,"event":{"mods":["AchievementEnabler","BaseMod","GifTheSpireLib","Keyboard Shortcuts","Minty Spire (QoL Compilation)","Permanent Neow","Relic Stats","StSLib","SuperFastMode"],"gold_per_floor":[109,122,47,47,47,80,97,117,117,117,143,161,161,171,171,248,248,259,259,259,276,26,56,56,81,81,95,95,112,123,123,123,201,201,212,263,263,281,281,315,315,341,391,409,409,409,434,450,450,450,450,450,26,56,56],"floor_reached":56,"language":"KOR","playtime":3257,"items_purged":[],"score":2400,"play_id":"dd736b01-28e2-4bc8-8318-cb3479d5197d","local_time":"20210120032805","is_ascension_mode":true,"campfire_choices":[{"data":"Zap","floor":10.0,"key":"SMITH"},{"floor":13.0,"key":"REST"},{"data":"Echo Form","floor":15.0,"key":"SMITH"},{"data":"Redo","floor":24.0,"key":"SMITH"},{"data":"Heatsinks","floor":28.0,"key":"SMITH"},{"data":"Consume","floor":32.0,"key":"SMITH"},{"data":"Buffer","floor":41.0,"key":"SMITH"},{"floor":45,"key":"RECALL"},{"data":"Echo Form","floor":49,"key":"SMITH"},{"data":"Buffer","floor":52,"key":"SMITH"}],"circlet_count":0,"master_deck":["AscendersBane","Zap+1","Dualcast+1","Sweeping Beam","Glacier","Core Surge","Ball Lightning","Buffer+1","Heatsinks+1","Glacier","Biased Cognition","Barrage","Conserve Battery","Chill","Hologram","Redo+1","Compile Driver","Self Repair","Capacitor+1","Consume+1","Storm","Echo Form+1","Master of Strategy","Buffer+1","Master of Strategy","Dark Shackles","BootSequence"],"relics":["Cracked Core","NeowsBlessing","Singing Bowl","Turnip","WingedGreaves","Ornamental Fan","Pandora\u0027s Box","TungstenRod","Bag of Preparation","Bottled Lightning","Dream Catcher","Mummified Hand","Inserter","Ice Cream","Calipers","Blue Candle","Lizard Tail","Anchor","StrikeDummy"],"acts_visited":["Exordium","TheCity","TheBeyond","TheEnding"],"potions_floor_usage":[55,55],"damage_taken":[{"damage":0.0,"enemies":"Cultist","floor":1.0,"turns":1.0},{"damage":0.0,"enemies":"2 Louse","floor":2.0,"turns":1.0},{"damage":0.0,"enemies":"Gremlin Nob","floor":6.0,"turns":1.0},{"damage":0.0,"enemies":"Jaw Worm","floor":7.0,"turns":5.0},{"damage":17.0,"enemies":"Large Slime","floor":8.0,"turns":7.0},{"damage":45.0,"enemies":"3 Sentries","floor":11.0,"turns":11.0},{"damage":3.0,"enemies":"Blue Slaver","floor":12.0,"turns":5.0},{"damage":2.0,"enemies":"3 Louse","floor":14.0,"turns":2.0},{"damage":15.0,"enemies":"The Guardian","floor":16.0,"turns":14.0},{"damage":0.0,"enemies":"Chosen","floor":18.0,"turns":6.0},{"damage":0.0,"enemies":"Spheric Guardian","floor":21.0,"turns":5.0},{"damage":19.0,"enemies":"Gremlin Leader","floor":23.0,"turns":8.0},{"damage":14.0,"enemies":"Book of Stabbing","floor":25.0,"turns":7.0},{"damage":0.0,"enemies":"Centurion and Healer","floor":27.0,"turns":4.0},{"damage":5.0,"enemies":"Shelled Parasite and Fungi","floor":29.0,"turns":4.0},{"damage":0.0,"enemies":"Chosen and Byrds","floor":30.0,"turns":6.0},{"damage":0.0,"enemies":"Automaton","floor":33.0,"turns":7.0},{"damage":0.0,"enemies":"Orb Walker","floor":35.0,"turns":3.0},{"damage":42.0,"enemies":"2 Orb Walkers","floor":36.0,"turns":4.0},{"damage":0.0,"enemies":"3 Darklings","floor":38.0,"turns":4.0},{"damage":9.0,"enemies":"Reptomancer","floor":40.0,"turns":5.0},{"damage":0.0,"enemies":"Giant Head","floor":42.0,"turns":8.0},{"damage":0,"enemies":"Spire Growth","floor":44,"turns":6},{"damage":13,"enemies":"Nemesis","floor":47,"turns":7},{"damage":0,"enemies":"Jaw Worm Horde","floor":48,"turns":3},{"damage":0,"enemies":"Time Eater","floor":50,"turns":13},{"damage":0,"enemies":"Shield and Spear","floor":54,"turns":9},{"damage":31,"enemies":"The Heart","floor":55,"turns":8}],"seed_played":"-6111101113251454262","potions_obtained":[{"floor":11.0,"key":"AttackPotion"},{"floor":12.0,"key":"Strength Potion"},{"floor":14.0,"key":"SteroidPotion"},{"floor":18.0,"key":"SkillPotion"},{"floor":23.0,"key":"PotionOfCapacity"},{"floor":38.0,"key":"PotionOfCapacity"},{"floor":44,"key":"SpeedPotion"}],"is_trial":false,"path_per_floor":["M","M","$","?","?","E","M","M","T","R","E","M","R","M","R","B",null,"M","?","T","M","$","E","R","E","T","M","R","M","M","$","R","B",null,"M","?","?","M","?","E","R","E","T","M","R","?","E","M","R","B",null,"R","$","E","B",null],"character_chosen":"DEFECT","items_purchased":["Glacier","Bag of Preparation","Self Repair","Anchor","DuplicationPotion","Dark Shackles","BootSequence"],"campfire_rested":1,"item_purchase_floors":[3,22,22,53,53,53,53],"current_hp_per_floor":[64,64,64,64,64,66,68,51,51,51,6,3,25,25,25,10,60,60,60,60,62,62,52,52,45,45,54,54,56,63,63,63,70,80,82,49,49,58,58,58,58,72,72,81,81,81,77,86,86,93,96,96,96,99,82],"gold":56,"neow_bonus":"THREE_ENEMY_KILL","is_daily":false,"chose_seed":false,"campfire_upgraded":8,"win_rate":0.0,"timestamp":1611080885,"path_taken":["M","?","$","?","?","E","M","M","T","R","E","M","R","?","R","BOSS","M","?","?","M","$","E","R","E","T","M","R","M","M","$","R","BOSS","M","?","?","M","?","E","R","E","T","M","R","?","E","M","R","BOSS","R","$","E","BOSS"],"items_purchased_type":["Card","Relic","Card","Relic","Potion","Card","Card"],"build_version":"2020-12-22","purchased_purges":0,"victory":true,"max_hp_per_floor":[71,71,71,71,71,73,75,75,75,75,75,75,75,77,77,77,77,77,77,77,79,79,81,81,81,81,83,83,83,83,83,83,83,83,85,87,87,89,89,91,91,91,91,93,93,93,95,97,97,97,97,97,97,99,99],"relic_stats":{"Inserter":[34],"Singing Bowl":28,"counters":[28,164],"Blue Candle":[0],"Bag of Preparation":[34],"Dream Catcher":0,"Lizard Tail":0,"Ornamental Fan":[88],"Mummified Hand":[146],"Pandora\u0027s Box":["Heatsinks","Glacier","Biased Cognition","Barrage","Conserve Battery","Chill","Hologram","Redo"],"Turnip":[19],"obtain_stats":[{"Ice Cream":36,"Inserter":34,"Calipers":40,"NeowsBlessing":0,"Singing Bowl":5,"Blue Candle":42,"Bag of Preparation":22,"Dream Catcher":25,"Lizard Tail":47,"Anchor":53,"Ornamental Fan":11,"Mummified Hand":26,"Pandora\u0027s Box":17,"Turnip":6,"WingedGreaves":9,"Bottled Lightning":23,"Cracked Core":0,"StrikeDummy":54,"TungstenRod":20},{"Ice Cream":19,"Inserter":17,"Calipers":21,"NeowsBlessing":0,"Singing Bowl":2,"Blue Candle":22,"Bag of Preparation":11,"Dream Catcher":13,"Lizard Tail":24,"Anchor":26,"Ornamental Fan":6,"Mummified Hand":13,"Pandora\u0027s Box":9,"Turnip":3,"WingedGreaves":5,"Bottled Lightning":12,"Cracked Core":0,"StrikeDummy":27,"TungstenRod":10},{"Ice Cream":101,"Inserter":94,"Calipers":110,"NeowsBlessing":0,"Singing Bowl":2,"Blue Candle":118,"Bag of Preparation":58,"Dream Catcher":73,"Lizard Tail":131,"Anchor":147,"Ornamental Fan":26,"Mummified Hand":73,"Pandora\u0027s Box":47,"Turnip":3,"WingedGreaves":15,"Bottled Lightning":66,"Cracked Core":0,"StrikeDummy":156,"TungstenRod":53}],"TungstenRod":33},"card_choices":[{"not_picked":["Barrage","Gash"],"picked":"Leap","floor":1.0},{"not_picked":["Coolheaded","Barrage"],"picked":"Sweeping Beam","floor":2.0},{"not_picked":["Turbo","Fusion","Consume"],"picked":"Singing Bowl","floor":6.0},{"not_picked":["Go for the Eyes","Steam","Hello World"],"picked":"Singing Bowl","floor":7.0},{"not_picked":["Leap","Steam Power"],"picked":"Echo Form","floor":8.0},{"not_picked":["Recycle","Streamline"],"picked":"Core Surge","floor":11.0},{"not_picked":["Beam Cell","Aggregate"],"picked":"Ball Lightning","floor":12.0},{"not_picked":["Rebound","Leap","Tempest"],"picked":"Singing Bowl","floor":14.0},{"not_picked":["Rainbow","Thunder Strike"],"picked":"Buffer","floor":16.0},{"not_picked":["Hologram","Sweeping Beam"],"picked":"Compile Driver","floor":18.0},{"not_picked":["Rebound","Conserve Battery+1","Gash+1"],"picked":"Singing Bowl","floor":21.0},{"not_picked":["Barrage","Hyperbeam","Self Repair"],"picked":"Singing Bowl","floor":23.0},{"not_picked":["Steam","Stack"],"picked":"Capacitor+1","floor":25.0},{"not_picked":["Conserve Battery+1","Barrage","Reboot"],"picked":"Singing Bowl","floor":27.0},{"not_picked":["Beam Cell","Stack"],"picked":"Consume","floor":29.0},{"not_picked":["Rebound+1","Steam Power"],"picked":"Storm","floor":30.0},{"not_picked":["Reboot","Hyperbeam"],"picked":"Echo Form","floor":33.0},{"not_picked":["BootSequence","Rebound","Melter"],"picked":"Singing Bowl","floor":35.0},{"not_picked":["Ball Lightning+1","Darkness","Cold Snap"],"picked":"Singing Bowl","floor":36.0},{"not_picked":["Rebound","Redo+1","Gash"],"picked":"Singing Bowl","floor":38.0},{"not_picked":["Panacea","Mind Blast"],"picked":"Master of Strategy","floor":39.0},{"not_picked":["Fusion+1","Darkness","Steam"],"picked":"Singing Bowl","floor":40.0},{"not_picked":["Sweeping Beam","Barrage+1"],"picked":"Buffer","floor":42.0},{"not_picked":["Sweeping Beam","Recycle+1","Rebound"],"picked":"Singing Bowl","floor":44},{"not_picked":["Go for the Eyes","Storm","Glacier"],"picked":"Singing Bowl","floor":47},{"not_picked":["Conserve Battery","Redo","Steam Power"],"picked":"Singing Bowl","floor":48},{"not_picked":["Glacier","Blizzard","Gash"],"picked":"Singing Bowl","floor":54}],"player_experience":427724,"relics_obtained":[{"floor":6.0,"key":"Turnip"},{"floor":9.0,"key":"WingedGreaves"},{"floor":11.0,"key":"Ornamental Fan"},{"floor":20.0,"key":"TungstenRod"},{"floor":23.0,"key":"Bottled Lightning"},{"floor":25.0,"key":"Dream Catcher"},{"floor":26.0,"key":"Mummified Hand"},{"floor":36.0,"key":"Ice Cream"},{"floor":40.0,"key":"Calipers"},{"floor":42.0,"key":"Blue Candle"},{"floor":47,"key":"Lizard Tail"},{"floor":54,"key":"StrikeDummy"}],"event_choices":[{"damage_healed":0.0,"max_hp_gain":0.0,"max_hp_loss":0.0,"gold_gain":0.0,"event_name":"Living Wall","player_choice":"Grow","floor":4.0,"gold_loss":0.0,"damage_taken":0.0,"cards_upgraded":["Dualcast"]},{"cards_removed":["Leap"],"damage_healed":0.0,"max_hp_gain":0.0,"max_hp_loss":0.0,"gold_gain":0.0,"event_name":"WeMeetAgain","player_choice":"Gave Card","floor":5.0,"gold_loss":0.0,"damage_taken":0.0,"relics_obtained":["Singing Bowl"]},{"damage_healed":0.0,"max_hp_gain":0.0,"max_hp_loss":0.0,"gold_gain":0.0,"event_name":"Cursed Tome","player_choice":"Ignored","floor":19.0,"gold_loss":0.0,"damage_taken":0.0},{"damage_healed":0.0,"max_hp_gain":0.0,"max_hp_loss":0.0,"gold_gain":0.0,"event_name":"Mysterious Sphere","player_choice":"Fight","floor":36.0,"gold_loss":0.0,"damage_taken":0.0},{"cards_removed":["Echo Form"],"damage_healed":0.0,"max_hp_gain":0.0,"max_hp_loss":0.0,"gold_gain":0.0,"event_name":"Falling","player_choice":"Removed Power","floor":37.0,"gold_loss":0.0,"damage_taken":0.0},{"damage_healed":0.0,"max_hp_gain":0.0,"max_hp_loss":0.0,"gold_gain":0.0,"event_name":"SensoryStone","player_choice":"Memory 1","floor":39.0,"gold_loss":0.0,"damage_taken":0.0},{"damage_healed":0,"gold_gain":0,"player_choice":"Copied","damage_taken":0,"max_hp_gain":0,"max_hp_loss":0,"event_name":"Duplicator","floor":46,"gold_loss":0,"cards_obtained":["Master of Strategy"]}],"is_beta":false,"boss_relics":[{"not_picked":["SacredBark","Astrolabe"],"picked":"Pandora\u0027s Box"},{"not_picked":["Velvet Choker","FrozenCore"],"picked":"Inserter"}],"items_purged_floors":[],"is_endless":false,"potions_floor_spawned":[11,12,14,18,21,23,30,36,38,44],"ascension_level":17}}