{"host":"j4g6ia6asvpyu2b0","time":1611090490,"event":{"mods":["BaseMod","Colored Map","Minty Spire (QoL Compilation)","Permanent Neow","Quick Restart","Relic Stats","StSLib","Unceasing Turn Reminder"],"gold_per_floor":[30,83,98,132,82,82,108,108,160,179,238,126,126,158,158,254,254,289,204,129,139,39,39,64,26,26,61,61,61,74,113,113,239,239,255,255,255],"floor_reached":36,"language":"ENG","playtime":1021,"items_purged":["Strike_B","Strike_B"],"score":712,"play_id":"d4d0489b-3178-4058-8e36-45cbae82ba35","local_time":"20210119140810","is_ascension_mode":true,"campfire_choices":[{"data":"HandOfGreed","floor":6.0,"key":"SMITH"},{"data":"Ball Lightning","floor":8.0,"key":"SMITH"},{"data":"Defragment","floor":13.0,"key":"SMITH"},{"data":"Static Discharge","floor":15.0,"key":"SMITH"},{"data":"Coolheaded","floor":23.0,"key":"SMITH"},{"floor":28.0,"key":"REST"},{"data":"Storm","floor":32,"key":"SMITH"}],"circlet_count":0,"master_deck":["AscendersBane","Defend_B","Defend_B","Defend_B","Defend_B+1","Zap","Dualcast+1","HandOfGreed+1","White Noise","Ball Lightning+1","Cold Snap","Self Repair","BootSequence","Melter","Glacier","Defragment+1","Static Discharge+1","Echo Form","Coolheaded+1","Reinforced Body","Capacitor","Static Discharge","Storm+1","Coolheaded+1","Ball Lightning","Creative AI","CurseOfTheBell"],"relics":["Cracked Core","Blue Candle","Bronze Scales","Centennial Puzzle","Ancient Tea Set","SlaversCollar","War Paint","Regal Pillow","Question Card","Mercury Hourglass","Calling Bell","Oddly Smooth Stone","Singing Bowl","WingedGreaves"],"acts_visited":["Exordium","TheCity","TheBeyond"],"potions_floor_usage":[],"damage_taken":[{"damage":0.0,"enemies":"Small Slimes","floor":1.0,"turns":3.0},{"damage":0.0,"enemies":"2 Louse","floor":2.0,"turns":3.0},{"damage":7.0,"enemies":"Jaw Worm","floor":3.0,"turns":3.0},{"damage":5.0,"enemies":"Looter","floor":4.0,"turns":3.0},{"damage":8.0,"enemies":"Lagavulin","floor":7.0,"turns":6.0},{"damage":0.0,"enemies":"Exordium Wildlife","floor":10.0,"turns":2.0},{"damage":8.0,"enemies":"3 Sentries","floor":11.0,"turns":4.0},{"damage":0.0,"enemies":"Lagavulin","floor":14.0,"turns":6.0},{"damage":5.0,"enemies":"The Guardian","floor":16.0,"turns":12.0},{"damage":23.0,"enemies":"2 Thieves","floor":18.0,"turns":4.0},{"damage":6.0,"enemies":"3 Byrds","floor":21.0,"turns":1.0},{"damage":30.0,"enemies":"Gremlin Leader","floor":24.0,"turns":3.0},{"damage":25.0,"enemies":"Book of Stabbing","floor":27.0,"turns":4.0},{"damage":14.0,"enemies":"Shelled Parasite and Fungi","floor":30.0,"turns":5.0},{"damage":21.0,"enemies":"Sentry and Sphere","floor":31.0,"turns":5.0},{"damage":29,"enemies":"Automaton","floor":33,"turns":7},{"damage":38,"enemies":"3 Darklings","floor":35,"turns":3},{"damage":37,"enemies":"2 Orb Walkers","floor":36,"turns":2}],"seed_played":"-5664918694948474473","potions_obtained":[{"floor":1.0,"key":"SteroidPotion"},{"floor":2.0,"key":"SmokeBomb"},{"floor":4.0,"key":"FocusPotion"},{"floor":11.0,"key":"ColorlessPotion"},{"floor":14.0,"key":"FocusPotion"},{"floor":30.0,"key":"PowerPotion"}],"is_trial":false,"path_per_floor":["M","M","M","M","?","R","E","R","T","M","E","$","R","E","R","B",null,"M","?","?","M","$","R","E","$","T","E","R","?","M","M","R","B",null,"M","?"],"character_chosen":"DEFECT","items_purchased":["Defragment","Static Discharge"],"campfire_rested":1,"item_purchase_floors":[12,25],"current_hp_per_floor":[68,68,61,56,56,56,55,55,55,62,61,61,61,68,68,70,74,58,58,58,59,59,59,29,29,29,11,48,48,41,34,34,12,59,30,0,0],"gold":255,"neow_bonus":"RANDOM_COLORLESS_2","is_daily":false,"chose_seed":false,"campfire_upgraded":6,"win_rate":0.0,"timestamp":1611090490,"path_taken":["M","M","M","M","?","R","E","R","T","M","E","$","R","E","R","BOSS","M","?","?","M","$","R","E","?","T","E","R","?","M","M","R","BOSS","M","?"],"items_purchased_type":["Card","Card"],"build_version":"2020-12-22","purchased_purges":2,"victory":false,"max_hp_per_floor":[75,75,75,75,75,75,75,75,75,75,75,75,75,75,75,75,75,75,75,75,75,75,75,75,75,75,75,75,75,75,75,75,75,75,77,77,77],"relic_stats":{"Centennial Puzzle":[30],"Regal Pillow":15,"Singing Bowl":2,"counters":[18,76],"Blue Candle":[1],"Bronze Scales":[203],"War Paint":["Dualcast","Defend_B"],"Question Card":7,"obtain_stats":[{"Regal Pillow":24,"Singing Bowl":34,"Blue Candle":7,"Oddly Smooth Stone":34,"War Paint":19,"Ancient Tea Set":14,"Question Card":26,"Mercury Hourglass":27,"Calling Bell":34,"SlaversCollar":17,"Centennial Puzzle":11,"Bronze Scales":9,"WingedGreaves":34,"Cracked Core":0},{"Regal Pillow":12,"Singing Bowl":16,"Blue Candle":5,"Oddly Smooth Stone":16,"War Paint":10,"Ancient Tea Set":8,"Question Card":12,"Mercury Hourglass":13,"Calling Bell":16,"SlaversCollar":9,"Centennial Puzzle":7,"Bronze Scales":5,"WingedGreaves":16,"Cracked Core":0},{"Regal Pillow":50,"Singing Bowl":71,"Blue Candle":18,"Oddly Smooth Stone":71,"War Paint":46,"Ancient Tea Set":30,"Question Card":50,"Mercury Hourglass":54,"Calling Bell":71,"SlaversCollar":42,"Centennial Puzzle":24,"Bronze Scales":18,"WingedGreaves":71,"Cracked Core":0}],"Mercury Hourglass":[78]},"card_choices":[{"not_picked":["The Bomb","Panache"],"picked":"HandOfGreed","floor":0.0},{"not_picked":["Rebound","Melter"],"picked":"White Noise","floor":1.0},{"not_picked":["Go for the Eyes","Chill"],"picked":"Ball Lightning","floor":2.0},{"not_picked":["Barrage","Go for the Eyes"],"picked":"Cold Snap","floor":3.0},{"not_picked":["Hyperbeam","Compile Driver"],"picked":"Self Repair","floor":4.0},{"not_picked":["Self Repair","Force Field"],"picked":"BootSequence","floor":7.0},{"not_picked":["Barrage","Streamline"],"picked":"Melter","floor":10.0},{"not_picked":["Hologram","Reboot"],"picked":"Glacier","floor":11.0},{"not_picked":["Rebound","Undo"],"picked":"Static Discharge","floor":14.0},{"not_picked":["Rainbow","Thunder Strike"],"picked":"Echo Form","floor":16.0},{"not_picked":["Rip and Tear","Beam Cell"],"picked":"Coolheaded","floor":18.0},{"not_picked":["Go for the Eyes","Auto Shields"],"picked":"Reinforced Body","floor":21.0},{"not_picked":["Glacier","Static Discharge"],"picked":"Capacitor","floor":24.0},{"not_picked":["Sweeping Beam","Conserve Battery","BootSequence+1"],"picked":"Storm","floor":27.0},{"not_picked":["Rebound","Barrage","Sweeping Beam"],"picked":"Coolheaded+1","floor":30.0},{"not_picked":["Barrage","Redo","Gash"],"picked":"Ball Lightning","floor":31},{"not_picked":["Buffer","Electrodynamics","Thunder Strike"],"picked":"Creative AI","floor":33},{"not_picked":["Cold Snap","Turbo","Go for the Eyes","Blizzard"],"picked":"Singing Bowl","floor":35}],"player_experience":867530,"relics_obtained":[{"floor":7.0,"key":"Blue Candle"},{"floor":9.0,"key":"Bronze Scales"},{"floor":11.0,"key":"Centennial Puzzle"},{"floor":14.0,"key":"Ancient Tea Set"},{"floor":24.0,"key":"Regal Pillow"},{"floor":26.0,"key":"Question Card"},{"floor":27.0,"key":"Mercury Hourglass"},{"floor":34,"key":"Oddly Smooth Stone"},{"floor":34,"key":"Singing Bowl"},{"floor":34,"key":"WingedGreaves"}],"event_choices":[{"cards_removed":["Strike_B"],"damage_healed":0.0,"max_hp_gain":0.0,"max_hp_loss":0.0,"gold_gain":0.0,"event_name":"The Cleric","player_choice":"Card Removal","floor":5.0,"gold_loss":50.0,"damage_taken":0.0},{"damage_healed":0.0,"max_hp_gain":0.0,"max_hp_loss":0.0,"gold_gain":0.0,"event_name":"Addict","player_choice":"Obtained Relic","floor":19.0,"gold_loss":85.0,"damage_taken":0.0,"relics_obtained":["War Paint"]},{"cards_removed":["Strike_B"],"damage_healed":0.0,"max_hp_gain":0.0,"max_hp_loss":0.0,"gold_gain":0.0,"event_name":"Beggar","player_choice":"Gave Gold","floor":20.0,"gold_loss":75.0,"damage_taken":0.0},{"damage_healed":0.0,"max_hp_gain":0.0,"max_hp_loss":0.0,"gold_gain":0.0,"event_name":"Vampires","player_choice":"Ignored","floor":29.0,"gold_loss":0.0,"damage_taken":0.0},{"damage_healed":0,"gold_gain":0,"player_choice":"Fight","damage_taken":0,"max_hp_gain":0,"max_hp_loss":0,"event_name":"Mysterious Sphere","floor":36,"gold_loss":0}],"is_beta":false,"boss_relics":[{"not_picked":["FrozenCore","Astrolabe"],"picked":"SlaversCollar"},{"not_picked":["Snecko Eye","Pandora\u0027s Box"],"picked":"Calling Bell"}],"items_purged_floors":[12,22],"is_endless":false,"potions_floor_spawned":[1,2,4,11,14,21,24,30,33],"killed_by":"2 Orb Walkers","ascension_level":12}}