{"host":"e8rlfedn69rz2s07","time":1611088305,"event":{"mods":["Act Like it!","BaseMod","Conspire","Hubris","Infinite Spire","Minty Spire (QoL Compilation)","Permanent Neow","Relic Stats","Replay The Spire","Shop Mod","StSLib","The Jungle"],"gold_per_floor":[162,162,181,45,45,70,83,111,111,157,184,196,224,236,248,364,376,405,417,28,66,66,66,97,97,124,124,155,41,41,61,61,162,162,177,177,33,83,96,124,124,124],"floor_reached":41,"language":"ENG","playtime":2515,"items_purged":["Strike_P","Strike_P+1"],"score":544,"play_id":"c6e1ce93-0d13-49f3-aa75-fbe4e5fc00b0","local_time":"20210119223144","is_ascension_mode":true,"campfire_choices":[{"floor":15.0,"key":"REST"},{"floor":25.0,"key":"REST"},{"data":"ConjureBlade","floor":27.0,"key":"SMITH"},{"data":"LikeWater","floor":30.0,"key":"SMITH"},{"floor":32.0,"key":"REST"}],"circlet_count":0,"master_deck":["Strike_P+1","Defend_P","Defend_P+1","Defend_P+1","Defend_P","Eruption+1","Vigilance","FlurryOfBlows+1","Protect","Protect+1","LessonLearned+1","Worship+1","Tantrum+1","Blasphemy","ThirdEye","ClearTheMind+1","ConjureBlade+1","DeusExMachina","BowlingBash+1","ReplayTheSpireMod:Brewmster","CarveReality+1","Replay:DivineShield+1","Consecrate","EmptyBody","LikeWater+1","Devotion","Ragnarok","FlurryOfBlows","Replay:Vibes+1"],"relics":["Tiny House","Sundial","conspire:DeflatedDodgeball","Art of War","MawBank","hubris:OldNail","hubris:RunicObelisk","Pen Nib","White Beast Statue","TungstenRod","Whetstone","MealTicket","Dream Catcher","Painkiller Herb","hubris:Icosahedron","OrangePellets","hubris:GlazedTorus","Replay:Arrowhead"],"acts_visited":["Exordium","Exordium","TheBeyond"],"potions_floor_usage":[35,35,38,40,40,40,41,41],"damage_taken":[{"damage":0.0,"enemies":"conspire:RoseBush","floor":1.0,"turns":5.0},{"damage":1.0,"enemies":"Small Slimes","floor":3.0,"turns":2.0},{"damage":42.0,"enemies":"3 Sentries","floor":6.0,"turns":14.0},{"damage":3.0,"enemies":"2 Louse","floor":7.0,"turns":6.0},{"damage":9.0,"enemies":"Lagavulin","floor":8.0,"turns":4.0},{"damage":5.0,"enemies":"Replay:BlueRogue","floor":10.0,"turns":7.0},{"damage":5.0,"enemies":"Gremlin Gang","floor":11.0,"turns":3.0},{"damage":0.0,"enemies":"Looter","floor":13.0,"turns":4.0},{"damage":9.0,"enemies":"Hexaghost","floor":16.0,"turns":8.0},{"damage":10.0,"enemies":"theJungle:MUSHROOMGANG","floor":18.0,"turns":4.0},{"damage":33.0,"enemies":"conspire:MimicChest","floor":21.0,"turns":5.0},{"damage":5.0,"enemies":"theJungle:MamaSnecko","floor":24.0,"turns":5.0},{"damage":19.0,"enemies":"theJungle:2_Phrogs","floor":28.0,"turns":8.0},{"damage":7.0,"enemies":"Shell Parasite","floor":31.0,"turns":7.0},{"damage":17.0,"enemies":"theJungle:FunGuy","floor":33.0,"turns":13.0},{"damage":12,"enemies":"3 Shapes","floor":35,"turns":6},{"damage":7,"enemies":"Mind Bloom Boss Battle","floor":38,"turns":12},{"damage":4,"enemies":"Orb Walker","floor":39,"turns":5},{"damage":63,"enemies":"Reptomancer","floor":40,"turns":5},{"damage":19,"enemies":"Writhing Mass","floor":41,"turns":1}],"seed_played":"-79633851287885527","potions_obtained":[{"floor":0.0,"key":"Milkshake"},{"floor":1.0,"key":"DistilledChaos"},{"floor":6.0,"key":"SpeedPotion"},{"floor":8.0,"key":"LiquidMemories"},{"floor":16.0,"key":"Strength Potion"},{"floor":24.0,"key":"StancePotion"},{"floor":28.0,"key":"Fruit Juice"},{"floor":31.0,"key":"Block Potion"},{"floor":33.0,"key":"PowerPotion"},{"floor":35,"key":"Block Potion"},{"floor":40,"key":"Ambrosia"}],"is_trial":false,"path_per_floor":["M","?","M","$","?","E","M","E","T","E","M","?","M","$","R","B",null,"M","?","$","?","?","AVR","E","R","T","R","E","$","R","M","R","B",null,"?","?","T","?","?","E","?"],"character_chosen":"WATCHER","items_purchased":["LessonLearned","PowerPotion","Pen Nib","ReplayTheSpireMod:Brewmster","EmptyBody","LikeWater","OrangePellets"],"campfire_rested":3,"item_purchase_floors":[4,14,20,20,29,29,37],"current_hp_per_floor":[77,77,76,76,76,34,31,22,22,17,12,5,5,2,25,16,77,67,57,57,24,26,26,21,44,44,44,25,40,40,38,62,45,82,70,70,82,75,71,17,0,0],"gold":124,"neow_bonus":"BOSS_RELIC","is_daily":false,"chose_seed":false,"campfire_upgraded":2,"win_rate":0.0,"timestamp":1611088304,"path_taken":["M","?","M","$","?","E","M","E","T","E","M","?","M","?","R","BOSS","M","?","$","?","?","AVR","E","R","T","R","E","?","R","M","R","BOSS","?","?","T","?","?","E","?"],"items_purchased_type":["Card","Potion","Relic","Card","Card","Card","Relic"],"build_version":"2020-12-22","purchased_purges":2,"victory":false,"max_hp_per_floor":[77,77,77,77,77,77,77,77,77,77,77,77,77,77,77,77,77,77,77,77,77,77,77,77,77,77,77,77,77,77,82,82,82,82,82,82,82,82,82,82,82,82],"relic_stats":{"OrangePellets":[0],"Dream Catcher":1,"counters":[20,124],"Sundial":[10],"MealTicket":27,"Pen Nib":[11],"Art of War":[23],"Whetstone":["BowlingBash","Tantrum"],"MawBank":132,"obtain_stats":[{"Tiny House":0,"Painkiller Herb":34,"Pen Nib":20,"Whetstone":24,"hubris:RunicObelisk":17,"MawBank":9,"White Beast Statue":21,"Replay:Arrowhead":40,"OrangePellets":37,"Dream Catcher":28,"hubris:Icosahedron":36,"Sundial":2,"MealTicket":26,"Art of War":8,"PureWater":0,"conspire:DeflatedDodgeball":6,"hubris:OldNail":10,"TungstenRod":23,"hubris:GlazedTorus":38},{"Tiny House":0,"Painkiller Herb":15,"Pen Nib":10,"Whetstone":12,"hubris:RunicObelisk":9,"MawBank":5,"White Beast Statue":11,"Replay:Arrowhead":19,"OrangePellets":16,"Dream Catcher":13,"hubris:Icosahedron":16,"Sundial":1,"MealTicket":12,"Art of War":5,"PureWater":0,"conspire:DeflatedDodgeball":3,"hubris:OldNail":6,"TungstenRod":11,"hubris:GlazedTorus":17},{"Tiny House":0,"Painkiller Herb":95,"Pen Nib":57,"Whetstone":67,"hubris:RunicObelisk":53,"MawBank":31,"White Beast Statue":62,"Replay:Arrowhead":123,"OrangePellets":101,"Dream Catcher":75,"hubris:Icosahedron":101,"Sundial":5,"MealTicket":67,"Art of War":31,"PureWater":0,"conspire:DeflatedDodgeball":21,"hubris:OldNail":38,"TungstenRod":62,"hubris:GlazedTorus":113}],"TungstenRod":25},"card_choices":[{"not_picked":["Adaptation","Swivel"],"picked":"FlurryOfBlows","floor":0.0},{"not_picked":["FlyingSleeves","ReachHeaven"],"picked":"Protect","floor":1.0},{"not_picked":["Halt","ClearTheMind"],"picked":"Protect","floor":3.0},{"not_picked":["Halt","Collect"],"picked":"Worship","floor":6.0},{"not_picked":["WaveOfTheHand","Devotion"],"picked":"Tantrum","floor":7.0},{"not_picked":["EmptyBody","ThirdEye"],"picked":"Blasphemy","floor":8.0},{"not_picked":["Crescendo","Collect"],"picked":"ThirdEye","floor":10.0},{"not_picked":["Consecrate","Evaluate"],"picked":"ClearTheMind","floor":11.0},{"not_picked":["Sanctity","WheelKick"],"picked":"ConjureBlade","floor":13.0},{"not_picked":["Replay:AllIn","Devotion"],"picked":"DeusExMachina","floor":16.0},{"not_picked":["Wireheading+1","Crescendo"],"picked":"BowlingBash","floor":18.0},{"not_picked":["ClearTheMind","SashWhip+1"],"picked":"CarveReality+1","floor":21.0},{"not_picked":["Replay:BluntJabs","WheelKick"],"picked":"Replay:DivineShield+1","floor":24.0},{"not_picked":["Prostrate","Replay:Cycle"],"picked":"Consecrate","floor":28.0},{"not_picked":["JustLucky","BowlingBash","Weave+1"],"picked":"SKIP","floor":31.0},{"not_picked":["Consecrate","Meditate"],"picked":"Devotion","floor":32.0},{"not_picked":["DevaForm","Brilliance"],"picked":"Ragnarok","floor":33.0},{"not_picked":["Vengeance+1","DeceiveReality+1","Worship+1"],"picked":"SKIP","floor":35},{"not_picked":["PathToVictory","EmptyBody+1"],"picked":"FlurryOfBlows","floor":38},{"not_picked":["SashWhip","Consecrate","FlyingSleeves+1"],"picked":"SKIP","floor":39},{"not_picked":["SpiritShield","Replay:Hum"],"picked":"Replay:Vibes+1","floor":40}],"player_experience":978360,"relics_obtained":[{"floor":6.0,"key":"conspire:DeflatedDodgeball"},{"floor":8.0,"key":"Art of War"},{"floor":9.0,"key":"MawBank"},{"floor":10.0,"key":"hubris:OldNail"},{"floor":21.0,"key":"White Beast Statue"},{"floor":24.0,"key":"Whetstone"},{"floor":26.0,"key":"MealTicket"},{"floor":28.0,"key":"Dream Catcher"},{"floor":38,"key":"hubris:GlazedTorus"},{"floor":40,"key":"Replay:Arrowhead"}],"event_choices":[{"damage_healed":0.0,"max_hp_gain":0.0,"max_hp_loss":0.0,"gold_gain":0.0,"event_name":"Big Fish","player_choice":"Box","floor":2.0,"gold_loss":0.0,"damage_taken":0.0,"relics_obtained":["Sundial"],"cards_obtained":["Regret"]},{"cards_removed":["Regret"],"damage_healed":0.0,"max_hp_gain":0.0,"max_hp_loss":0.0,"gold_gain":0.0,"event_name":"Golden Wing","player_choice":"Card Removal","floor":12.0,"gold_loss":0.0,"damage_taken":7.0},{"damage_healed":0,"gold_gain":0,"player_choice":"Fight","damage_taken":0,"max_hp_gain":0,"max_hp_loss":0,"event_name":"MindBloom","floor":38,"gold_loss":0}],"is_beta":false,"boss_relics":[{"not_picked":["conspire:RunicOctahedron","hubris:GrandSneckoEye"],"picked":"hubris:RunicObelisk"},{"not_picked":["SlaversCollar","conspire:SpecialSausage"],"picked":"Painkiller Herb"}],"items_purged_floors":[20,23],"is_endless":false,"potions_floor_spawned":[1,6,8,16,24,28,31,33,35,38,39,40],"killed_by":"Writhing Mass","ascension_level":3}}