{"host":"q3lif1jtip1s8oen","time":1611039866,"event":{"mods":["2.2 Compatiblity","BaseMod","Better Note","Marisa????????","Minty Spire (QoL Compilation)","READ ME - Guardian Mod","Rare Cards Sparkle","StSLib","The Cursed","The Jungle","The Runesmith","The Servant 0.9.4"],"gold_per_floor":[115,190,265,298,298,298,344,519,519,573,615,127,184,221,221,341,400,454,454,506,555,605,605,605,605],"floor_reached":24,"language":"ENG","playtime":8012,"items_purged":["Doubt"],"score":273,"play_id":"1876551c-aa3d-4e81-883a-7b81e856412f","local_time":"20210118230426","is_ascension_mode":true,"campfire_choices":[{"data":"ShootingEcho","floor":6.0,"key":"SMITH"},{"data":"BlazeAway","floor":15.0,"key":"SMITH"},{"data":"BlazingStar","floor":23,"key":"SMITH"}],"circlet_count":0,"master_deck":["Strike_MRS","Strike_MRS","Strike_MRS","Defend_MRS","Defend_MRS","Defend_MRS","Defend_MRS","MasterSpark","UpSweep","WitchOfGreed+1","ShootingEcho+1","GasGiant","WitchLeyline","GrandCross","MilkyWay","Acceleration","SporeBomb","BlazeAway+1","BlazingStar+1","WitchLeyline","Occultation+1","EnergyFlow","6A+1","MagicAbsorber"],"relics":["MiniHakkero","Meat on the Bone","CeramicFish","Art of War","Membership Card","Thread and Needle","Eternal Feather","Oddly Smooth Stone","Tiny House"],"acts_visited":["Exordium","Exordium"],"potions_floor_usage":[18,21,22,22,24,24],"damage_taken":[{"damage":0.0,"enemies":"Small Slimes","floor":1.0,"turns":3.0},{"damage":3.0,"enemies":"Jaw Worm","floor":4.0,"turns":4.0},{"damage":43.0,"enemies":"Lagavulin","floor":7.0,"turns":8.0},{"damage":15.0,"enemies":"3 Sentries","floor":10.0,"turns":9.0},{"damage":0.0,"enemies":"Cultist","floor":11.0,"turns":3.0},{"damage":1.0,"enemies":"Lagavulin","floor":13.0,"turns":7.0},{"damage":0.0,"enemies":"3 Louse","floor":14.0,"turns":2.0},{"damage":36.0,"enemies":"The Guardian","floor":16.0,"turns":8.0},{"damage":17,"enemies":"Shell Parasite","floor":18,"turns":3},{"damage":25,"enemies":"theJungle:GiantWrat","floor":20,"turns":4},{"damage":0,"enemies":"theJungle:2_Snecko_Cultists","floor":21,"turns":4},{"damage":42,"enemies":"theJungle:JungleHuntersEncounter","floor":22,"turns":5},{"damage":37,"enemies":"theJungle:MamaSnecko","floor":24,"turns":4}],"seed_played":"6924824267192319717","potions_obtained":[{"floor":1.0,"key":"Regen Potion"},{"floor":7.0,"key":"SpeedPotion"},{"floor":10.0,"key":"CultistPotion"},{"floor":11.0,"key":"PowerPotion"},{"floor":13.0,"key":"Fire Potion"},{"floor":13.0,"key":"Fire Potion"},{"floor":14.0,"key":"Dexterity Potion"},{"floor":16.0,"key":"SteroidPotion"},{"floor":17,"key":"CultistPotion"},{"floor":20,"key":"LiquidMemories"},{"floor":21,"key":"SkillPotion"},{"floor":22,"key":"Ancient Potion"},{"floor":22,"key":"Swift Potion"}],"is_trial":false,"path_per_floor":["M","?","?","M","?","R","E","?","T","E","M","$","E","M","R","B",null,"M","?","M","M","M","R","E"],"character_chosen":"MARISA","items_purchased":["Membership Card","Thread and Needle","Eternal Feather","MilkyWay","Acceleration"],"campfire_rested":0,"item_purchase_floors":[12,12,12,12,12],"current_hp_per_floor":[82,71,63,60,53,53,10,10,10,22,34,34,45,45,54,30,87,70,70,45,45,15,27,0,0],"gold":605,"neow_bonus":"TEN_PERCENT_HP_BONUS","is_daily":false,"chose_seed":false,"campfire_upgraded":3,"win_rate":0.0,"timestamp":1611039866,"path_taken":["M","?","?","?","?","R","E","?","T","E","M","$","E","M","R","BOSS","M","?","M","M","M","R","E"],"items_purchased_type":["Relic","Relic","Relic","Card","Card"],"build_version":"2020-12-22","purchased_purges":1,"victory":false,"max_hp_per_floor":[82,82,82,82,82,82,82,82,82,82,82,82,82,82,82,82,87,87,87,87,87,87,87,87,87],"card_choices":[{"not_picked":["OpenUniverse","SporeBomb"],"picked":"WitchOfGreed","floor":1.0},{"not_picked":["6A","GalacticHalo"],"picked":"ShootingEcho","floor":4.0},{"not_picked":["OrrerysSun","UnstableBomb"],"picked":"GasGiant","floor":7.0},{"not_picked":["BigCrunch","IllusionStar"],"picked":"WitchLeyline","floor":10.0},{"not_picked":["DC","OpenUniverse"],"picked":"GrandCross","floor":11.0},{"not_picked":["IllusionStar","ShootTheMoon"],"picked":"SporeBomb","floor":13.0},{"not_picked":["IllusionStar","OpenUniverse"],"picked":"BlazeAway","floor":14.0},{"not_picked":["BigCrunch","SatelliteIllusion"],"picked":"BlazingStar","floor":16.0},{"not_picked":["IllusionStar","Occultation"],"picked":"WitchLeyline","floor":17},{"not_picked":["EventHorizon","MachineGunSpark"],"picked":"Occultation+1","floor":18},{"not_picked":["WitchOfGreed+1","Acceleration+1"],"picked":"EnergyFlow","floor":20},{"not_picked":["ChargeUpSpray","ShootingEcho"],"picked":"6A+1","floor":21},{"not_picked":["MaximisePower","DoubleSpark"],"picked":"MagicAbsorber","floor":22}],"player_experience":785518,"relics_obtained":[{"floor":7.0,"key":"Meat on the Bone"},{"floor":9.0,"key":"CeramicFish"},{"floor":10.0,"key":"Art of War"},{"floor":13.0,"key":"Oddly Smooth Stone"}],"event_choices":[{"damage_healed":0.0,"max_hp_gain":0.0,"max_hp_loss":0.0,"gold_gain":75.0,"event_name":"World of Goop","player_choice":"Gather Gold","floor":2.0,"gold_loss":0.0,"damage_taken":11.0},{"damage_healed":0.0,"max_hp_gain":0.0,"max_hp_loss":0.0,"gold_gain":75.0,"event_name":"FaceTrader","player_choice":"Touch","floor":3.0,"gold_loss":0.0,"damage_taken":8.0},{"cards_removed":["Strike_MRS"],"damage_healed":0.0,"max_hp_gain":0.0,"max_hp_loss":0.0,"gold_gain":0.0,"event_name":"Golden Wing","player_choice":"Card Removal","floor":5.0,"gold_loss":0.0,"damage_taken":7.0},{"damage_healed":0.0,"max_hp_gain":0.0,"max_hp_loss":0.0,"gold_gain":175.0,"event_name":"Liars Game","player_choice":"AGREE","floor":8.0,"gold_loss":0.0,"damage_taken":0.0,"cards_obtained":["Doubt"]}],"is_beta":false,"boss_relics":[{"not_picked":["Velvet Choker","Snecko Eye"],"picked":"Tiny House"}],"items_purged_floors":[12],"is_endless":false,"potions_floor_spawned":[1,10,13,16,22],"killed_by":"theJungle:MamaSnecko","ascension_level":3}}