{"host":"a3oe3gstxz77c7qu","time":1611051088,"event":{"mods":["2.2 Compatiblity","Act Like it!","Astrologer","BaseMod","Bestiary","Better Altar","Better Match","Better Note","Better Skull","Better Third Choice","Block Reminder","Curses Come First","Custom Start","Dark Map","Downfall","Fox Events","Friendly Minions","GifTheSpireLib","Hallownest","Hermit","Jorbs\u0027s Wanderer Trilogy","Lobotomy","LobotomyExtend","Marisa????????","Minty Spire (QoL Compilation)","Permanent Neow","Quick Restart","Relic Stats","StSLib","The Bug Knight","The Cursed","The Disciple","The Jungle","Uncapped","Unknown Chances","Wandering Minibosses"],"gold_per_floor":[99,111,174,174,174,7,7,20,20,39,58,78,109,136,151,256,333,233,247,262,262,281,309,309,309,344,344,371,371,271,290,407,507,584,584,603,620,660,670,684,684,704,44,44,69,69,87,117,130,130,130],"floor_reached":52,"language":"ENG","playtime":3073,"items_purged":["Writhe"],"score":1023,"play_id":"12d6a9b6-8cdf-4458-a2b4-c8b1d42ae99f","local_time":"20210119101128","is_ascension_mode":true,"campfire_choices":[{"floor":1.0,"key":"RECALL"},{"floor":9.0,"key":"REST"},{"floor":18.0,"key":"DIG"},{"floor":27,"key":"DIG"},{"floor":30,"key":"DIG"},{"floor":35,"key":"DIG"},{"floor":44,"key":"DIG"},{"floor":46,"key":"DIG"}],"circlet_count":0,"master_deck":["champ:Strike","champ:Strike","champ:Strike","champ:Defend","champ:Defend","champ:Defend","champ:Defend","champ:Execute","champ:Taunt","champ:FlashCut","champ:Improvising","champ:StanceDance","champ:FlashCut","champ:TornadoPunch","champ:Circumvent","champ:MurderStrike","champ:Lariat","champ:EnGarde+1","champ:RageSigil","champ:ShieldSlam","champ:DefensiveStyle","champ:HoldFirm","champ:TornadoPunch+1","champ:ViciousMockery+1","champ:ShieldWall+1","Flash of Steel+1","Finesse","Finesse","champ:StanceDance"],"relics":["bronze:MakeshiftBattery","Shovel","Guardian:PocketSentry","Singing Bowl","Gremlin Horn","foxEvents:LuckyCharm","Cursed Key","downfall:HeartBlessingRed","MealTicket","Molten Egg 2","Pen Nib","champ:DefensiveTrainingManual","PreservedInsect","downfall:HeartBlessingGreen","Akabeko","sneckomod:SneckoTalon","The Courier","Centennial Puzzle","Bottled Flame","Girya","Bottled Tornado","Torii","Happy Flower"],"acts_visited":["Exordium","TheCity","TheBeyond"],"potions_floor_usage":[33,36,37,42,50,50,50],"damage_taken":[{"damage":10.0,"enemies":"Small Slimes","floor":2.0,"turns":3.0},{"damage":106.0,"enemies":"Lagavulin Event","floor":3.0,"turns":11.0},{"damage":8.0,"enemies":"downfall:FleeingMerchant","floor":6.0,"turns":4.0},{"damage":2.0,"enemies":"Jaw Worm","floor":8.0,"turns":2.0},{"damage":13.0,"enemies":"2 Louse","floor":10.0,"turns":3.0},{"damage":10.0,"enemies":"Lots of Slimes","floor":11.0,"turns":3.0},{"damage":10.0,"enemies":"2 Fungi Beasts","floor":12.0,"turns":3.0},{"damage":10.0,"enemies":"3 Sentries","floor":13.0,"turns":4.0},{"damage":0.0,"enemies":"Colosseum Slavers","floor":14.0,"turns":1.0},{"damage":1.0,"enemies":"Exordium Thugs","floor":15.0,"turns":3.0},{"damage":20.0,"enemies":"SI_SHIV_ARCHETYPE","floor":16.0,"turns":6.0},{"damage":2.0,"enemies":"Shell Parasite","floor":19.0,"turns":5.0},{"damage":15.0,"enemies":"Shelled Parasite and Fungi","floor":20.0,"turns":3.0},{"damage":4.0,"enemies":"Snake Plant","floor":22.0,"turns":3.0},{"damage":10.0,"enemies":"Book of Stabbing","floor":23.0,"turns":4.0},{"damage":1,"enemies":"HollowMod:Nosk","floor":26,"turns":7},{"damage":10,"enemies":"Gremlin Leader","floor":28,"turns":7},{"damage":0,"enemies":"Chosen and Byrds","floor":31,"turns":3},{"damage":21,"enemies":"Centurion and Healer","floor":32,"turns":14},{"damage":10,"enemies":"WA_ARCHETYPE_CALM","floor":33,"turns":9},{"damage":11,"enemies":"3 Darklings","floor":36,"turns":4},{"damage":0,"enemies":"3 Shapes","floor":37,"turns":5},{"damage":2,"enemies":"Writhing Mass","floor":38,"turns":6},{"damage":0,"enemies":"Sphere and 2 Shapes","floor":39,"turns":5},{"damage":0,"enemies":"3 Darklings","floor":40,"turns":4},{"damage":0,"enemies":"Maw","floor":42,"turns":9},{"damage":0,"enemies":"downfall:FleeingMerchant","floor":43,"turns":4},{"damage":0,"enemies":"Nemesis","floor":45,"turns":5},{"damage":10,"enemies":"Sphere and 2 Shapes","floor":47,"turns":4},{"damage":0,"enemies":"Giant Head","floor":48,"turns":7},{"damage":3,"enemies":"4 Shapes","floor":49,"turns":3},{"damage":57,"enemies":"IC_BLOCK_ARCHETYPE","floor":50,"turns":12}],"seed_played":"-7375008021015645439","potions_obtained":[{"floor":10.0,"key":"CultistPotion"},{"floor":11.0,"key":"DistilledChaos"},{"floor":12.0,"key":"LiquidBronze"},{"floor":14.0,"key":"Explosive Potion"},{"floor":16.0,"key":"champ:CounterPotion"},{"floor":19.0,"key":"Block Potion"},{"floor":22.0,"key":"champ:OpenerPotion"},{"floor":32,"key":"hexamod:SoulburnPotion"},{"floor":33,"key":"Weak Potion"},{"floor":36,"key":"Regen Potion"},{"floor":37,"key":"Swift Potion"},{"floor":49,"key":"Strength Potion"}],"is_trial":false,"path_per_floor":["R","M","?","?","?","$","T","M","R","M","M","M","E","?","M","B",null,"R","M","M","?","M","E","T","T","E","R","E","?","R","M","M","B",null,"R","M","M","M","M","M","T","M","$","R","E","R","M","E","M","B",null,null],"character_chosen":"THE_CHAMP","items_purchased":["Guardian:PocketSentry","DuplicationPotion","Centennial Puzzle","Bottled Flame","Flash of Steel+1","Finesse","Finesse"],"campfire_rested":1,"item_purchase_floors":[6,43,43,43,43,43,43],"current_hp_per_floor":[90,90,9,9,9,9,9,9,36,33,35,35,37,37,38,38,98,98,96,93,93,89,89,89,89,88,88,88,88,88,90,86,76,104,104,93,95,93,93,95,95,97,112,112,114,114,114,116,115,73,73],"gold":130,"neow_bonus":"BOSS_RELIC","is_daily":false,"chose_seed":false,"campfire_upgraded":0,"win_rate":0.0,"timestamp":1611051088,"path_taken":["R","M","?","?","?","$","T","M","R","M","?","M","E","?","M","BOSS","R","M","M","?","M","E","T","?","E","R","E","?","R","M","M","BOSS","R","M","M","M","M","M","T","M","$","R","E","R","M","E","M","BOSS"],"items_purchased_type":["Relic","Potion","Relic","Relic","Card","Card","Card"],"build_version":"2020-12-22","purchased_purges":1,"victory":true,"max_hp_per_floor":[90,90,90,90,90,90,90,92,92,92,94,94,96,96,98,98,98,98,98,100,100,100,100,100,100,100,100,100,100,100,102,104,104,104,104,104,106,106,106,108,108,110,112,112,114,114,114,116,118,118,118],"relic_stats":{"Centennial Puzzle":[9],"Shovel":6,"Singing Bowl":28,"Gremlin Horn":[24,24],"Torii":4,"Happy Flower":[5],"counters":[32,166],"MealTicket":13,"Pen Nib":[15],"PreservedInsect":242,"Cursed Key":0,"obtain_stats":[{"Singing Bowl":7,"Gremlin Horn":13,"Torii":46,"champ:ChampionCrown":0,"downfall:HeartBlessingGreen":30,"Bottled Tornado":45,"Cursed Key":17,"Centennial Puzzle":43,"Shovel":3,"downfall:BrokenWingStatue":4,"champ:DefensiveTrainingManual":28,"MealTicket":18,"Tiny Chest":26,"Girya":44,"downfall:HeartBlessingRed":18,"Happy Flower":48,"Pen Nib":27,"PreservedInsect":29,"The Courier":35,"Guardian:PocketSentry":6,"sneckomod:SneckoTalon":34,"Akabeko":30,"Bottled Flame":43,"Molten Egg 2":23,"foxEvents:LuckyCharm":14,"bronze:MakeshiftBattery":0},{"Singing Bowl":3,"Gremlin Horn":8,"Torii":28,"champ:ChampionCrown":0,"downfall:HeartBlessingGreen":17,"Bottled Tornado":28,"Cursed Key":11,"Centennial Puzzle":27,"Shovel":2,"downfall:BrokenWingStatue":2,"champ:DefensiveTrainingManual":17,"MealTicket":11,"Tiny Chest":16,"Girya":27,"downfall:HeartBlessingRed":11,"Happy Flower":30,"Pen Nib":16,"PreservedInsect":17,"The Courier":20,"Guardian:PocketSentry":3,"sneckomod:SneckoTalon":20,"Akabeko":17,"Bottled Flame":27,"Molten Egg 2":15,"foxEvents:LuckyCharm":9,"bronze:MakeshiftBattery":0},{"Singing Bowl":18,"Gremlin Horn":33,"Torii":140,"champ:ChampionCrown":0,"downfall:HeartBlessingGreen":72,"Bottled Tornado":140,"Cursed Key":43,"Centennial Puzzle":135,"Shovel":14,"downfall:BrokenWingStatue":14,"champ:DefensiveTrainingManual":72,"MealTicket":43,"Tiny Chest":65,"Girya":135,"downfall:HeartBlessingRed":43,"Happy Flower":151,"Pen Nib":65,"PreservedInsect":72,"The Courier":98,"Guardian:PocketSentry":18,"sneckomod:SneckoTalon":98,"Akabeko":72,"Bottled Flame":135,"Molten Egg 2":58,"foxEvents:LuckyCharm":34,"bronze:MakeshiftBattery":0}]},"card_choices":[{"not_picked":["champ:Haymaker","champ:DefensiveShout","champ:StanceDance"],"picked":"SKIP","floor":2.0},{"not_picked":["champ:RisingSlash","champ:Backstep"],"picked":"champ:FlashCut","floor":3.0},{"not_picked":["champ:AdrenalArmor","champ:CalledShot"],"picked":"champ:StanceDance","floor":6.0},{"not_picked":["champ:TornadoPunch","champ:BerserkersShout","champ:FancyFootwork"],"picked":"Singing Bowl","floor":8.0},{"not_picked":["champ:Shatter","champ:ArenaPreparation"],"picked":"champ:FlashCut","floor":10.0},{"not_picked":["champ:BerserkersShout","champ:Backstep","champ:BringItOn"],"picked":"Singing Bowl","floor":11.0},{"not_picked":["champ:PreciseThrust","champ:EnGarde"],"picked":"champ:TornadoPunch","floor":12.0},{"not_picked":["champ:Devastate","champ:SwordSigil","champ:FanOfKnives"],"picked":"Singing Bowl","floor":13.0},{"not_picked":["champ:RisingSlash","champ:FlashCut"],"picked":"champ:Circumvent","floor":14.0},{"not_picked":["champ:ShieldSigil","champ:FaceSlap","champ:ViciousMockery"],"picked":"Singing Bowl","floor":15.0},{"not_picked":["champ:TripleStrike","champ:LastStand"],"picked":"champ:MurderStrike","floor":16.0},{"not_picked":["champ:GutPunch+1","champ:PerfectedStrike"],"picked":"champ:Lariat","floor":19.0},{"not_picked":["champ:PreciseThrust","champ:CrownThrow+1","champ:StanceDance"],"picked":"Singing Bowl","floor":20.0},{"not_picked":["champ:AdrenalArmor","champ:BringItOn"],"picked":"champ:EnGarde+1","floor":22.0},{"not_picked":["champ:DancingMaster","champ:BladeFlurry+1"],"picked":"champ:RageSigil","floor":23.0},{"not_picked":["champ:Duel+1","champ:BerserkersShout+1"],"picked":"champ:ShieldSlam","floor":26},{"not_picked":["champ:FancyFootwork+1","champ:GutPunch+1"],"picked":"champ:DefensiveStyle","floor":28},{"not_picked":["champ:RecklessLeap+1","champ:EnGarde","champ:BerserkersShout"],"picked":"Singing Bowl","floor":31},{"not_picked":["champ:BerserkersShout","champ:BringItOn","champ:FlashCut+1"],"picked":"Singing Bowl","floor":32},{"not_picked":["champ:UltimateStance","champ:Improvising"],"picked":"champ:HoldFirm","floor":33},{"not_picked":["champ:BringItOn+1","champ:IronFortress+1"],"picked":"champ:TornadoPunch+1","floor":36},{"not_picked":["champ:BerserkersShout+1","champ:Haymaker+1","champ:GutPunch+1"],"picked":"Singing Bowl","floor":37},{"not_picked":["champ:Circumvent+1","champ:RisingSlash+1"],"picked":"champ:ViciousMockery+1","floor":38},{"not_picked":["champ:ViciousMockery","champ:GladiatorForm"],"picked":"champ:ShieldWall+1","floor":39},{"not_picked":["champ:BladeFlurry+1","champ:EnGarde+1","champ:DefensiveShout"],"picked":"Singing Bowl","floor":40},{"not_picked":["champ:BerserkersShout+1","champ:MurderStrike+1","champ:EndlessRage"],"picked":"Singing Bowl","floor":42},{"not_picked":["champ:IronFortress+1","champ:StanceDance+1","champ:FancyFootwork+1"],"picked":"Singing Bowl","floor":43},{"not_picked":["champ:Shatter+1","champ:GutPunch+1","champ:Backstep+1"],"picked":"Singing Bowl","floor":45},{"not_picked":["champ:FancyFootwork","champ:PerfectedStrike+1"],"picked":"champ:StanceDance","floor":47},{"not_picked":["champ:DancingMaster","champ:BladeFlurry+1","champ:GutPunch+1"],"picked":"Singing Bowl","floor":48},{"not_picked":["champ:CrookedStrike+1","champ:ShieldSigil","champ:FlashCut+1"],"picked":"Singing Bowl","floor":49}],"player_experience":1056428,"relics_obtained":[{"floor":3.0,"key":"Shovel"},{"floor":7.0,"key":"Singing Bowl"},{"floor":13.0,"key":"Gremlin Horn"},{"floor":14.0,"key":"foxEvents:LuckyCharm"},{"floor":18.0,"key":"MealTicket"},{"floor":23.0,"key":"Molten Egg 2"},{"floor":26,"key":"Tiny Chest"},{"floor":27,"key":"Pen Nib"},{"floor":28,"key":"champ:DefensiveTrainingManual"},{"floor":30,"key":"Akabeko"},{"floor":35,"key":"The Courier"},{"floor":44,"key":"Girya"},{"floor":45,"key":"Bottled Tornado"},{"floor":46,"key":"Torii"},{"floor":48,"key":"Happy Flower"}],"event_choices":[],"is_beta":false,"boss_relics":[{"not_picked":["Velvet Choker","Busted Crown"],"picked":"Cursed Key"},{"not_picked":["SlaversCollar","Runic Pyramid"],"picked":"sneckomod:SneckoTalon"}],"items_purged_floors":[43],"is_endless":false,"potions_floor_spawned":[10,11,12,14,16,19,22,31,32,33,36,37,39,47,48,49],"ascension_level":1}}