{"host":"f0gpob8hq9vgebej","time":1611023280,"event":{"mods":["AchievementEnabler","BaseMod","Minty Spire (QoL Compilation)","Quick Restart","SuperFastMode"],"gold_per_floor":[110,129,143,160,235,235,235,235,235,310,331,331,364,74,74,193,193,216,240,240,265,290,290,303,52,78,78,101,33,49,49,49,49,49],"floor_reached":33,"language":"KOR","playtime":779,"items_purged":["Strike_B","Strike_B"],"score":324,"play_id":"b73d108e-7278-4776-b832-fd5587678ab0","local_time":"20210119112800","is_ascension_mode":true,"campfire_choices":[{"data":"Zap","floor":6.0,"key":"SMITH"},{"data":"Barrage","floor":8.0,"key":"SMITH"},{"floor":12.0,"key":"REST"},{"floor":15.0,"key":"REST"},{"data":"White Noise","floor":23.0,"key":"SMITH"},{"data":"Echo Form","floor":27.0,"key":"SMITH"},{"floor":32,"key":"REST"}],"circlet_count":0,"master_deck":["Strike_B+1","Strike_B+1","Defend_B","Defend_B","Defend_B","Defend_B","Zap+1","Dualcast","Chill","Ball Lightning","Barrage+1","Electrodynamics","Self Repair","Echo Form+1","White Noise+1","Barrage+1","Auto Shields","Self Repair"],"relics":["Cracked Core","Golden Idol","Gremlin Horn","Whetstone","Bag of Marbles","SacredBark","Anchor","Tiny Chest","Boot"],"acts_visited":["Exordium","TheCity"],"potions_floor_usage":[30,30,33],"damage_taken":[{"damage":0.0,"enemies":"2 Louse","floor":1.0,"turns":2.0},{"damage":5.0,"enemies":"Small Slimes","floor":2.0,"turns":4.0},{"damage":3.0,"enemies":"Cultist","floor":3.0,"turns":4.0},{"damage":0.0,"enemies":"Lots of Slimes","floor":4.0,"turns":4.0},{"damage":2.0,"enemies":"Red Slaver","floor":11.0,"turns":4.0},{"damage":21.0,"enemies":"Lagavulin","floor":13.0,"turns":6.0},{"damage":38.0,"enemies":"The Guardian","floor":16.0,"turns":11.0},{"damage":20.0,"enemies":"Chosen","floor":18.0,"turns":5.0},{"damage":20.0,"enemies":"Spheric Guardian","floor":19.0,"turns":4.0},{"damage":26.0,"enemies":"Cultist and Chosen","floor":21.0,"turns":6.0},{"damage":8.0,"enemies":"3 Cultists","floor":22.0,"turns":4.0},{"damage":4.0,"enemies":"Chosen and Byrds","floor":24.0,"turns":4.0},{"damage":14.0,"enemies":"Centurion and Healer","floor":28.0,"turns":4.0},{"damage":6,"enemies":"Shelled Parasite and Fungi","floor":30,"turns":4},{"damage":57,"enemies":"Collector","floor":33,"turns":5}],"seed_played":"613455026616667458","potions_obtained":[{"floor":3.0,"key":"EssenceOfSteel"},{"floor":13.0,"key":"LiquidMemories"},{"floor":19.0,"key":"SneckoOil"},{"floor":20.0,"key":"LiquidMemories"},{"floor":20.0,"key":"EssenceOfSteel"},{"floor":20.0,"key":"AttackPotion"},{"floor":21.0,"key":"DistilledChaos"},{"floor":22.0,"key":"EssenceOfDarkness"},{"floor":30,"key":"Block Potion"}],"is_trial":false,"path_per_floor":["M","M","M","M","?","R","?","R","T","?","M","R","E","$","R","B",null,"M","M","?","M","M","R","M","$","T","R","M","$","M","?","R","B"],"character_chosen":"DEFECT","items_purchased":["Bag of Marbles","Self Repair","Anchor","Self Repair"],"campfire_rested":3,"item_purchase_floors":[14,14,25,29],"current_hp_per_floor":[75,70,67,67,56,56,36,36,36,28,26,50,29,29,53,22,67,61,48,48,29,28,28,31,31,31,31,24,24,32,32,56,0,0],"gold":49,"neow_bonus":"TEN_PERCENT_HP_BONUS","is_daily":false,"chose_seed":false,"campfire_upgraded":4,"win_rate":0.0,"timestamp":1611023280,"path_taken":["M","M","M","M","?","R","?","R","T","?","M","R","E","$","R","BOSS","M","M","?","?","M","R","M","$","T","R","M","?","M","?","R","BOSS"],"items_purchased_type":["Relic","Card","Relic","Card"],"build_version":"2020-12-22","purchased_purges":2,"victory":false,"max_hp_per_floor":[82,82,82,82,82,82,82,82,82,82,82,82,82,82,82,82,82,82,82,82,82,82,82,82,82,82,82,82,82,82,82,82,82,82],"card_choices":[{"not_picked":["Redo","Sweeping Beam","Compile Driver"],"picked":"SKIP","floor":1.0},{"not_picked":["Steam Power","Doom and Gloom"],"picked":"Chill","floor":2.0},{"not_picked":["Sweeping Beam","Double Energy"],"picked":"Ball Lightning","floor":3.0},{"not_picked":["Streamline","Rebound"],"picked":"Barrage","floor":4.0},{"not_picked":["Cold Snap","Beam Cell"],"picked":"Electrodynamics","floor":11.0},{"not_picked":["Scrape","Hologram","Compile Driver"],"picked":"SKIP","floor":13.0},{"not_picked":["Electrodynamics","Machine Learning"],"picked":"Echo Form","floor":16.0},{"not_picked":["Beam Cell+1","Turbo"],"picked":"White Noise","floor":18.0},{"not_picked":["Consume","Tempest","Barrage+1"],"picked":"SKIP","floor":19.0},{"not_picked":["Consume","Tempest"],"picked":"Barrage+1","floor":19.0},{"not_picked":["Gash","Steam","Scrape"],"picked":"SKIP","floor":21.0},{"not_picked":["Redo","Steam+1","Compile Driver"],"picked":"SKIP","floor":22.0},{"not_picked":["Blizzard","Rebound","Streamline+1"],"picked":"SKIP","floor":24.0},{"not_picked":["Gash","Reprogram"],"picked":"Auto Shields","floor":28.0},{"not_picked":["Hologram","Electrodynamics","Stack+1"],"picked":"SKIP","floor":30}],"player_experience":170627,"relics_obtained":[{"floor":9.0,"key":"Gremlin Horn"},{"floor":13.0,"key":"Whetstone"},{"floor":26.0,"key":"Tiny Chest"}],"event_choices":[{"damage_healed":0.0,"max_hp_gain":0.0,"max_hp_loss":0.0,"gold_gain":75.0,"event_name":"World of Goop","player_choice":"Gather Gold","floor":5.0,"gold_loss":0.0,"damage_taken":11.0},{"damage_healed":0.0,"max_hp_gain":0.0,"max_hp_loss":0.0,"gold_gain":0.0,"event_name":"Golden Idol","player_choice":"Take Damage","floor":7.0,"gold_loss":0.0,"damage_taken":20.0,"relics_obtained":["Golden Idol"]},{"damage_healed":0.0,"max_hp_gain":0.0,"max_hp_loss":0.0,"gold_gain":75.0,"event_name":"FaceTrader","player_choice":"Touch","floor":10.0,"gold_loss":0.0,"damage_taken":8.0},{"damage_healed":0.0,"max_hp_gain":0.0,"max_hp_loss":0.0,"gold_gain":0.0,"event_name":"Lab","player_choice":"Got Potions","floor":20.0,"gold_loss":0.0,"damage_taken":0.0},{"damage_healed":0,"gold_gain":0,"player_choice":"Opened","damage_taken":0,"relics_obtained":["Boot"],"max_hp_gain":0,"max_hp_loss":0,"event_name":"The Mausoleum","floor":31,"gold_loss":0}],"is_beta":false,"boss_relics":[{"not_picked":["Fusion Hammer","Cursed Key"],"picked":"SacredBark"}],"items_purged_floors":[14,25],"is_endless":false,"potions_floor_spawned":[3,13,19,21,22,30],"killed_by":"Collector","ascension_level":6}}