{"host":"few9iyaxiywls251","time":1611094531,"event":{"mods":["BaseMod","Bestiary","Curses Come First","Highlight Path","Minty Spire (QoL Compilation)","Shop Mod","StSLib","The Marked"],"gold_per_floor":[119,134,134,144,144,172,172,172,196,176,189,210,210,233,233,358,358,383,422,447,372,287,287,287],"floor_reached":23,"language":"ENG","playtime":2192,"items_purged":["Devotion"],"score":216,"play_id":"db0f4413-4f7a-4127-a584-646e8efe55d6","local_time":"20210119161531","is_ascension_mode":false,"campfire_choices":[{"data":"Eruption","floor":13,"key":"SMITH"},{"data":"Crescendo","floor":15,"key":"SMITH"}],"circlet_count":0,"master_deck":["Eruption+1","Vigilance","Wish","CutThroughFate","Crescendo+1","Wallop","Tantrum","Indignation","SandsOfTime","WheelKick","Scrawl","Perseverance","WreathOfFlame","Vengeance","MentalFortress","Adaptation"],"relics":["PureWater","White Beast Statue","Dream Catcher","Golden Idol","Mercury Hourglass","Regal Pillow","Pandora\u0027s Box","Red Mask","Pen Nib"],"acts_visited":["Exordium","TheCity"],"potions_floor_usage":[6,20],"damage_taken":[{"damage":1,"enemies":"Small Slimes","floor":1,"turns":4},{"damage":0,"enemies":"2 Louse","floor":2,"turns":2},{"damage":0,"enemies":"Cultist","floor":4,"turns":3},{"damage":0,"enemies":"Gremlin Nob","floor":6,"turns":2},{"damage":0,"enemies":"Exordium Wildlife","floor":11,"turns":2},{"damage":2,"enemies":"Looter","floor":12,"turns":2},{"damage":0,"enemies":"Gremlin Gang","floor":14,"turns":2},{"damage":30,"enemies":"The Guardian","floor":16,"turns":4},{"damage":20,"enemies":"2 Thieves","floor":18,"turns":3},{"damage":29,"enemies":"Masked Bandits","floor":19,"turns":5},{"damage":7,"enemies":"Shell Parasite","floor":20,"turns":4},{"damage":18,"enemies":"Book of Stabbing","floor":23,"turns":1}],"seed_played":"5791015359905436096","potions_obtained":[{"floor":1,"key":"Block Potion"},{"floor":4,"key":"Fire Potion"},{"floor":6,"key":"Weak Potion"},{"floor":10,"key":"SmokeBomb"},{"floor":14,"key":"Regen Potion"},{"floor":18,"key":"StancePotion"},{"floor":19,"key":"SteroidPotion"},{"floor":20,"key":"Block Potion"}],"is_trial":false,"path_per_floor":["M","M","?","M","?","E","?","T","T","?","M","M","R","M","R","B",null,"M","?","M","$","?","E"],"character_chosen":"WATCHER","items_purchased":[],"campfire_rested":0,"item_purchase_floors":[],"current_hp_per_floor":[50,50,43,43,67,67,49,49,49,49,49,47,47,47,47,17,72,52,23,16,16,16,0,0],"gold":287,"neow_bonus":"THREE_RARE_CARDS","is_daily":false,"chose_seed":false,"campfire_upgraded":2,"win_rate":0.0,"timestamp":1611094531,"path_taken":["M","M","?","M","?","E","?","?","T","?","?","M","R","M","R","BOSS","M","?","M","$","?","E"],"items_purchased_type":[],"build_version":"2020-12-22","purchased_purges":1,"victory":false,"max_hp_per_floor":[72,72,72,72,72,72,72,72,72,72,72,72,72,72,72,72,72,72,72,72,72,72,72,72],"card_choices":[{"not_picked":["Scrawl","Brilliance"],"picked":"Wish","floor":0},{"not_picked":["TalkToTheHand","SashWhip"],"picked":"CutThroughFate","floor":1},{"not_picked":["FearNoEvil","Protect"],"picked":"Crescendo","floor":2},{"not_picked":["EmptyFist","Halt"],"picked":"Wallop","floor":4},{"not_picked":["Weave","CutThroughFate"],"picked":"Tantrum","floor":6},{"not_picked":["ConjureBlade","Worship"],"picked":"Indignation","floor":11},{"not_picked":["Crescendo","SashWhip","FlyingSleeves"],"picked":"SKIP","floor":12},{"not_picked":["MasterReality","BowlingBash"],"picked":"SandsOfTime","floor":14},{"not_picked":["CrushJoints","Collect","FlyingSleeves"],"picked":"SKIP","floor":18},{"not_picked":["Protect","FollowUp","WreathOfFlame"],"picked":"SKIP","floor":20}],"player_experience":119710,"relics_obtained":[{"floor":6,"key":"Dream Catcher"},{"floor":8,"key":"Mercury Hourglass"},{"floor":9,"key":"Regal Pillow"},{"floor":19,"key":"Red Mask"}],"event_choices":[{"damage_healed":0,"gold_gain":0,"player_choice":"Success","damage_taken":7,"relics_obtained":["White Beast Statue"],"max_hp_gain":0,"max_hp_loss":0,"event_name":"Scrap Ooze","floor":3,"gold_loss":0},{"damage_healed":24,"gold_gain":0,"player_choice":"Banana","damage_taken":0,"max_hp_gain":0,"max_hp_loss":0,"event_name":"Big Fish","floor":5,"gold_loss":0},{"damage_healed":0,"gold_gain":0,"player_choice":"Take Damage","damage_taken":18,"relics_obtained":["Golden Idol"],"max_hp_gain":0,"max_hp_loss":0,"event_name":"Golden Idol","floor":7,"gold_loss":0},{"damage_healed":0,"gold_gain":0,"player_choice":"Bought 1 Potion","damage_taken":0,"max_hp_gain":0,"max_hp_loss":0,"event_name":"The Woman in Blue","floor":10,"gold_loss":0},{"damage_healed":0,"gold_gain":0,"player_choice":"Fought Bandits","damage_taken":0,"max_hp_gain":0,"max_hp_loss":0,"event_name":"Masked Bandits","floor":19,"gold_loss":0},{"damage_healed":0,"gold_gain":0,"player_choice":"Obtained Relic","damage_taken":0,"relics_obtained":["Pen Nib"],"max_hp_gain":0,"max_hp_loss":0,"event_name":"Addict","floor":22,"gold_loss":85}],"is_beta":false,"boss_relics":[{"not_picked":["Busted Crown","Fusion Hammer"],"picked":"Pandora\u0027s Box"}],"items_purged_floors":[21],"is_endless":false,"potions_floor_spawned":[1,4,6,11,12,14,16,18,19,20],"killed_by":"Book of Stabbing","ascension_level":0}}