{"host":"o3nki8hvugtioqst","time":1611080708,"event":{"mods":["AchievementEnabler","BaseMod","Colored Map","Colored Powertips","Hubris","Infinite Spire","Minty Spire (QoL Compilation)","Quick Restart","Rare Cards Sparkle","Replay The Spire","StSLib","SuperFastMode","everything is the same but u backflip on backflip"],"gold_per_floor":[114,128,128,108,125,159,159,159,159,159,287,337,19,30,30,108,108,128,144,155,45,160,191,208,208,235,260,260,280,280,280,280,353,353,367,385,385,405,419,453,468,487,487,519,519,135,146,146,146,146,146,146],"floor_reached":51,"language":"ENG","playtime":2159,"items_purged":["Vigilance","Pain"],"score":1639,"play_id":"3d503068-e66b-4777-83b8-63b78a78dd26","local_time":"20210119202508","is_ascension_mode":true,"campfire_choices":[{"data":"Eruption","floor":8.0,"key":"SMITH"},{"data":"Vault","floor":15.0,"key":"SMITH"},{"data":"Wallop","floor":28.0,"key":"SMITH"},{"floor":32.0,"key":"DIG"},{"data":"Devotion","floor":45.0,"key":"SMITH"},{"floor":49.0,"key":"DIG"}],"circlet_count":0,"master_deck":["AscendersBane","Strike_P","Strike_P","Strike_P","Strike_P","Defend_P","Defend_P","Defend_P","Eruption+1","FearNoEvil","LikeWater","Vault+1","Pot Of Greed","Pot Of Greed+1","Wallop+1","Devotion+1","FlurryOfBlows","CutThroughFate","Parasite","infinitespire:UltimateForm"],"relics":["PureWater","NeowsBlessing","Ring of Searing","Meat on the Bone","hubris:Icosahedron","Shuriken","hubris:Reverence","Grinning Jar","ClockworkSouvenir","hubris:RunicObelisk","Toy Ornithopter","Smiling Mask","InkBottle","MutagenicStrength","Damaru","hubris:Stopwatch","Replay:Ringing Soul","Bottled Flame","Bottled Tornado","Regal Pillow","hubris:Potato","infinitespire:CursedDice","Replay:Wax Seal"],"acts_visited":["Exordium","TheCity","TheBeyond"],"potions_floor_usage":[],"damage_taken":[{"damage":0.0,"enemies":"Small Slimes","floor":1.0,"turns":1.0},{"damage":0.0,"enemies":"Jaw Worm","floor":2.0,"turns":1.0},{"damage":0.0,"enemies":"Cultist","floor":5.0,"turns":1.0},{"damage":27.0,"enemies":"Gremlin Nob","floor":6.0,"turns":4.0},{"damage":15.0,"enemies":"3 Sentries","floor":11.0,"turns":6.0},{"damage":7.0,"enemies":"2 Fungi Beasts","floor":14.0,"turns":4.0},{"damage":31.0,"enemies":"Fading Forest","floor":16.0,"turns":14.0},{"damage":30.0,"enemies":"3 Byrds","floor":18.0,"turns":7.0},{"damage":0.0,"enemies":"Spheric Guardian","floor":19.0,"turns":3.0},{"damage":0.0,"enemies":"3 Cultists","floor":20.0,"turns":4.0},{"damage":12.0,"enemies":"Shelled Parasite and Fungi","floor":22.0,"turns":3.0},{"damage":35.0,"enemies":"Book of Stabbing","floor":23.0,"turns":4.0},{"damage":29.0,"enemies":"Snake Plant","floor":24.0,"turns":4.0},{"damage":8.0,"enemies":"Replay:Snechameleon","floor":27.0,"turns":3.0},{"damage":18.0,"enemies":"Snecko","floor":29.0,"turns":5.0},{"damage":20.0,"enemies":"Automaton","floor":33.0,"turns":5.0},{"damage":5.0,"enemies":"Orb Walker","floor":35.0,"turns":2.0},{"damage":18.0,"enemies":"3 Darklings","floor":38.0,"turns":5.0},{"damage":16.0,"enemies":"Sphere and 2 Shapes","floor":39.0,"turns":5.0},{"damage":0.0,"enemies":"Nemesis","floor":40.0,"turns":3.0},{"damage":16.0,"enemies":"Writhing Mass","floor":41.0,"turns":6.0},{"damage":5.0,"enemies":"Maw","floor":42.0,"turns":5.0},{"damage":12.0,"enemies":"Reptomancer","floor":44.0,"turns":4.0},{"damage":18.0,"enemies":"4 Shapes","floor":47.0,"turns":4.0},{"damage":37.0,"enemies":"hubris:GrandSnecko","floor":50.0,"turns":6.0},{"damage":32,"enemies":"Replay:Hell Engine","floor":51,"turns":8}],"seed_played":"8001871785122608520","potions_obtained":[{"floor":2.0,"key":"Languid Potion"},{"floor":4.0,"key":"BlessingOfTheForge"},{"floor":16.0,"key":"Dexterity Potion"},{"floor":23.0,"key":"Elixir"},{"floor":36.0,"key":"LiquidMemories"}],"is_trial":false,"path_per_floor":["M","M","?","?","M","E","?","R","T","?","E","?","$","M","R","B",null,"M","M","M","?","M","E","M","AVR","T","E","R","M","?","?","R_BF","B",null,"M","?","?","M","M","E","M","M","T","E","R","$","M","AVR","R_BF","B","B"],"character_chosen":"WATCHER","items_purchased":["Wallop","ClockworkSouvenir","hubris:Potato"],"campfire_rested":0,"item_purchase_floors":[13,13,46],"current_hp_per_floor":[61,61,61,61,61,34,34,34,34,34,31,31,31,36,36,25,57,39,39,39,39,39,16,39,39,39,43,43,37,37,37,37,48,63,58,58,58,43,42,42,41,48,48,41,41,41,35,38,38,18,0,0],"gold":146,"neow_bonus":"THREE_ENEMY_KILL","is_daily":false,"chose_seed":false,"campfire_upgraded":4,"win_rate":0.0,"timestamp":1611080708,"path_taken":["M","M","?","?","?","E","?","R","T","?","E","?","$","?","R","BOSS","M","?","M","?","M","E","M","AVR","T","E","R","?","?","?","R_BF","BOSS","M","?","?","M","M","E","M","?","T","E","R","$","M","AVR","R_BF","BOSS","BOSS"],"items_purchased_type":["Card","Relic","Relic"],"build_version":"2020-12-22","purchased_purges":2,"victory":false,"max_hp_per_floor":[68,68,68,68,68,68,68,68,68,68,68,68,68,68,68,68,68,68,68,68,68,68,68,68,68,68,68,68,68,68,68,68,68,68,68,68,68,71,74,74,77,77,77,77,77,77,77,80,80,80,80,80],"card_choices":[{"not_picked":["Meditate","CutThroughFate"],"picked":"FearNoEvil","floor":1.0},{"not_picked":["ClearTheMind","Study"],"picked":"LikeWater","floor":2.0},{"not_picked":["JustLucky","CutThroughFate"],"picked":"Vault","floor":5.0},{"not_picked":["ReachHeaven","Halt","Crescendo"],"picked":"SKIP","floor":6.0},{"not_picked":["Replay:AtTheReady","EmptyFist","Nirvana"],"picked":"SKIP","floor":11.0},{"not_picked":["EmptyBody","Replay:ManipulateFuture","LikeWater"],"picked":"SKIP","floor":14.0},{"not_picked":["FlurryOfBlows","Weave","Prostrate"],"picked":"SKIP","floor":18.0},{"not_picked":["Study","Wallop","SashWhip"],"picked":"SKIP","floor":19.0},{"not_picked":["Collect","LikeWater","WaveOfTheHand"],"picked":"SKIP","floor":20.0},{"not_picked":["Halt","MentalFortress","JustLucky"],"picked":"SKIP","floor":22.0},{"not_picked":["FollowUp","Tantrum","EmptyMind"],"picked":"SKIP","floor":23.0},{"not_picked":["Replay:Battleflow","PathToVictory","Evaluate"],"picked":"SKIP","floor":24.0},{"not_picked":["SashWhip","Replay:Vibes+1","FollowUp"],"picked":"SKIP","floor":27.0},{"not_picked":["Consecrate","Halt","CutThroughFate"],"picked":"SKIP","floor":29.0},{"not_picked":["Omniscience","Alpha"],"picked":"Devotion","floor":33.0},{"not_picked":["Replay:BluntJabs","SashWhip","Prostrate+1"],"picked":"SKIP","floor":35.0},{"not_picked":["SashWhip","CrushJoints"],"picked":"FlurryOfBlows","floor":38.0},{"not_picked":["ClearTheMind","BowlingBash"],"picked":"CutThroughFate","floor":39.0},{"not_picked":["Wireheading","Crescendo","FearNoEvil"],"picked":"SKIP","floor":40.0},{"not_picked":["TalkToTheHand","CarveReality","Replay:Vibes"],"picked":"SKIP","floor":41.0},{"not_picked":["ClearTheMind","CrushJoints","Consecrate+1"],"picked":"SKIP","floor":42.0},{"not_picked":["Replay:Hum","Worship+1","CrushJoints+1"],"picked":"SKIP","floor":44.0},{"not_picked":["Prostrate","Study","Replay:AtTheReady"],"picked":"SKIP","floor":47.0}],"player_experience":232790,"relics_obtained":[{"floor":3.0,"key":"Ring of Searing"},{"floor":6.0,"key":"Meat on the Bone"},{"floor":9.0,"key":"Shuriken"},{"floor":10.0,"key":"hubris:Reverence"},{"floor":11.0,"key":"Grinning Jar"},{"floor":23.0,"key":"Toy Ornithopter"},{"floor":26.0,"key":"Smiling Mask"},{"floor":27.0,"key":"InkBottle"},{"floor":32.0,"key":"Damaru"},{"floor":37.0,"key":"Replay:Ringing Soul"},{"floor":40.0,"key":"Bottled Flame"},{"floor":43.0,"key":"Bottled Tornado"},{"floor":44.0,"key":"Regal Pillow"},{"floor":49.0,"key":"Replay:Wax Seal"}],"event_choices":[{"damage_healed":0.0,"max_hp_gain":0.0,"max_hp_loss":0.0,"gold_gain":0.0,"event_name":"The Woman in Blue","player_choice":"Bought 1 Potion","floor":4.0,"gold_loss":0.0,"damage_taken":0.0},{"damage_healed":0.0,"max_hp_gain":0.0,"max_hp_loss":0.0,"gold_gain":50.0,"event_name":"Golden Shrine","player_choice":"Pray","floor":12.0,"gold_loss":0.0,"damage_taken":0.0},{"cards_removed":["Defend_P"],"damage_healed":0.0,"max_hp_gain":0.0,"max_hp_loss":0.0,"gold_gain":0.0,"event_name":"Designer","player_choice":"Upgrade and Remove","floor":21.0,"gold_loss":110.0,"damage_taken":0.0,"cards_upgraded":["Pot Of Greed"]},{"damage_healed":0.0,"max_hp_gain":0.0,"max_hp_loss":0.0,"gold_gain":0.0,"event_name":"Drug Dealer","player_choice":"Inject Mutagens","floor":30.0,"gold_loss":0.0,"damage_taken":0.0,"relics_obtained":["MutagenicStrength"]},{"damage_healed":0.0,"max_hp_gain":0.0,"max_hp_loss":0.0,"gold_gain":0.0,"event_name":"Wheel of Change","player_choice":"Relic","floor":37.0,"gold_loss":0.0,"damage_taken":0.0}],"is_beta":false,"boss_relics":[{"not_picked":["Runic Dome","Cursed Key"],"picked":"hubris:RunicObelisk"},{"not_picked":["hubris:VirtuousBlindfold","Abe\u0027s Treasure"],"picked":"hubris:Stopwatch"}],"items_purged_floors":[13,46],"is_endless":false,"potions_floor_spawned":[2,6,16,18,23,24,33,38,40,41,42,47],"killed_by":"Replay:Hell Engine","ascension_level":20}}