{"host":"yncvxcxtq9dkce9q","time":1611086212,"event":{"mods":["100% Spire Juice","ATMod(°¢èªMod)","AchievementEnabler","Act Like it!","Arknights The Spire","Ascension Reborn","Aspiration","Bard","BaseMod","BetterRewards","ChefMod","Colored Powertips","Conspire","Custom Start","Defuse TimeMaze Blight","Dota2Spire","Energized Spire","Friendly Minions","Gensokyo","GifTheSpireLib","Gremlin Mod","GungeonMod","Halation","Hermit","Hubris","Infinite Spire","Jedi Mod","Lobotomy","LobotomyExtend","Marisa£¨ìFÓê¡¡Ä§ÀíÉ³£©","Marked Mod","Minty Spire (QoL Compilation)","MostiFishMod","Pale of the Ancients","Potionbrewer","Rare Cards Sparkle","Reimu£¨²©ÀöÁéÃÎ£©","Relic Sorter","Replay The Spire","RumiaBox-Â¶Ã×æ«µÄÉñÃØºÐ×Ó","Shop Mod","Spicy Shops","StSLib","Stuff the Spire","TestMod","The Blue Laboratory","The Construct","The Gatherer","The Hayseed","The Jungle","The Marked","The Runesmith","The Servant 0.9.4","Waifu the Spire","Wandering Minibosses","Yakumo Yukari mod","Youmu£¨»êÆÇÑýÃÎ£©","[GremlinLeader]The Maniac","noobMod","vexMod","¡¾¹¦ÄÜMod¡¿»ìãçÖ®»·ÐÞ¸´²¹¶¡","¡¾ÒÅÎï¿¨ÅÆ¡¿REMEMod"],"gold_per_floor":[113,139,150,198,198,224,224,263,263,263,263,42,82,124,124,124,124],"floor_reached":16,"language":"ZHS","playtime":1544,"items_purged":[],"score":143,"play_id":"6883b416-7205-422d-aa42-57b2dd7435f4","local_time":"20210120035652","is_ascension_mode":true,"campfire_choices":[{"data":"AT_ChampionStep","floor":7.0,"key":"SMITH"},{"floor":15.0,"key":"DIG"}],"circlet_count":0,"master_deck":["Moonworks:Strike","Moonworks:Strike","Moonworks:Strike","Moonworks:Strike","Moonworks:Defend","Moonworks:Defend","Moonworks:Defend","Moonworks:Defend","Moonworks:Ambush","Moonworks:LongDistanceShot","AT_ChampionStep+1","AT_CaressingTears","Moonworks:BigMagnum","Moonworks:EvilSpyWorkPreparation","Moonworks:MiracleRedBeanIceCream","Pain","Moonworks:MetallicMonocoque","Moonworks:BackdoorTrade","Moonworks:TreasureThief"],"relics":["Moonworks:BrokenBomb","Moonworks:Homemark","DaveBox","testmod-TestBox","REME_ComplimentaryCards","AT_ATBox","ice","testmod-BlackFramedGlasses","ChiXiaoBlade","ReplayFunnel","SynthV:TestCard","LetterFromLob","Gensokyo:LunaticRedEyes","CeramicFish","DemoMod:GlassGuonStoneRelic","Mastiff:ReiMu","conspire:DecoderRing","Membership Card","halation:BlueSoulGem","AT_MibuBalloonWealth","Dota2Spire:PowerTreads"],"acts_visited":["Exordium"],"potions_floor_usage":[16,16,16],"damage_taken":[{"damage":1.0,"enemies":"Gensokyo:Python","floor":1.0,"turns":4.0},{"damage":7.0,"enemies":"Gensokyo:2_Kodama","floor":3.0,"turns":3.0},{"damage":5.0,"enemies":"Gensokyo:3_Fairies","floor":4.0,"turns":4.0},{"damage":22.0,"enemies":"Gensokyo:Cirno","floor":6.0,"turns":5.0},{"damage":36.0,"enemies":"Gensokyo:Aya","floor":8.0,"turns":7.0},{"damage":3.0,"enemies":"Gensokyo:LivingMonolith","floor":12.0,"turns":3.0},{"damage":0.0,"enemies":"Gensokyo:Mamizou","floor":13.0,"turns":6.0},{"damage":5.0,"enemies":"Gensokyo:Kitsune","floor":14.0,"turns":2.0},{"damage":3,"enemies":"Gensokyo:Kokoro","floor":16,"turns":5}],"seed_played":"8402872343248355567","potions_obtained":[{"floor":6.0,"key":"Explosive Potion"},{"floor":8.0,"key":"blueLaboratory:Moonshine"},{"floor":12.0,"key":"blueLaboratory:PhilterOfMotion"},{"floor":14.0,"key":"blueLaboratory:BottledHope"}],"is_trial":false,"path_per_floor":["M","T","M","M","?","E","R","E","T","?","?","M","E","M","R","B"],"character_chosen":"THE_STARBREAKER","items_purchased":[],"campfire_rested":0,"item_purchase_floors":[],"current_hp_per_floor":[60,60,55,54,54,43,43,19,19,19,19,24,37,34,34,42,42],"gold":124,"neow_bonus":"RANDOM_COMMON_RELIC","is_daily":false,"chose_seed":false,"campfire_upgraded":1,"win_rate":0.0,"timestamp":1611086212,"path_taken":["M","?","M","?","?","E","R","E","T","?","?","M","E","M","R","BOSS"],"items_purchased_type":[],"build_version":"2020-12-22","purchased_purges":0,"victory":false,"max_hp_per_floor":[60,60,60,60,60,60,60,60,60,60,60,60,60,60,60,60,60],"card_choices":[{"not_picked":["Moonworks:UnluckyCharm","Moonworks:CloudOfSeagulls"],"picked":"Moonworks:BigMagnum","floor":1.0},{"not_picked":["Moonworks:TacticalRetreat","Moonworks:SakisCookie","Moonworks:FinalSurgery","Moonworks:ImOnFire"],"picked":"Moonworks:EvilSpyWorkPreparation","floor":3.0},{"not_picked":["Moonworks:ImOnFire","Moonworks:IndiscriminateFireSupport","Moonworks:BigMagnum","Moonworks:DeployBits"],"picked":"Moonworks:MiracleRedBeanIceCream","floor":4.0},{"not_picked":["Moonworks:AngelHand","Moonworks:ImOnFire","Moonworks:MiracleWalker","Moonworks:LuckyCharm","Moonworks:DeployBits"],"picked":"SKIP","floor":6.0},{"not_picked":["Moonworks:ImOnFire","Moonworks:Assault","Moonworks:LulusLuckyEgg","Moonworks:IndiscriminateFireSupport"],"picked":"Moonworks:MetallicMonocoque","floor":8.0},{"not_picked":["Moonworks:ReproductionOfRecords","Moonworks:ImmovableObject","Moonworks:ImOnFire","Moonworks:Assault"],"picked":"Moonworks:BackdoorTrade","floor":12.0},{"not_picked":["Moonworks:Bloodlust","Moonworks:BindingChains","Moonworks:NicePresent","Moonworks:Assault"],"picked":"Moonworks:TreasureThief","floor":13.0},{"not_picked":["Moonworks:JonathanRush","Moonworks:AngelHand","Moonworks:BigMagnum","Moonworks:CloudOfSeagulls","Moonworks:BeyondHell"],"picked":"SKIP","floor":14.0}],"player_experience":431000,"relics_obtained":[{"floor":1.0,"key":"SynthV:TestCard"},{"floor":1.0,"key":"LetterFromLob"},{"floor":6.0,"key":"CeramicFish"},{"floor":8.0,"key":"Mastiff:ReiMu"},{"floor":9.0,"key":"conspire:DecoderRing"},{"floor":13.0,"key":"AT_MibuBalloonWealth"},{"floor":15.0,"key":"Dota2Spire:PowerTreads"}],"event_choices":[{"damage_healed":0.0,"max_hp_gain":0.0,"max_hp_loss":0.0,"gold_gain":0.0,"event_name":"¸ø×Ô¼ºµÄºÐ×Ó","player_choice":"Swap Relic","floor":10.0,"relics_lost":["DaveBox"],"gold_loss":0.0,"damage_taken":0.0,"relics_obtained":["DaveBox"]}],"is_beta":false,"boss_relics":[],"items_purged_floors":[],"is_endless":false,"potions_floor_spawned":[6,8,12,14],"killed_by":"Gensokyo:Kokoro","ascension_level":0}}