{"host":"cjhtzh7tp54jdfyv","time":1611017469,"event":{"mods":["AchievementEnabler","BaseMod","Colored Map","Colored Powertips","Curses Come First","DeckTracker","Filter the Spire","Minty Spire (QoL Compilation)","RNG Fix","Relic Sorter","Relic Stats","StSLib","UnlockEverythingMod","ojb\u0027s Better Paths Mod","ojb\u0027s Info Mod"],"gold_per_floor":[117,42,60,75,75,101,101,1,1,11,11,23,34,62,62,133,133,144,144,144,161,11,11,38,38,65,65,65],"floor_reached":27,"language":"ENG","playtime":1678,"items_purged":["Defend_P","Defend_P","Swivel"],"score":582,"play_id":"635a295f-e031-4e0e-b6c0-fa7e54d8512e","local_time":"20210118195109","is_ascension_mode":true,"campfire_choices":[{"data":"Eruption","floor":7,"key":"SMITH"},{"data":"MentalFortress","floor":15,"key":"SMITH"},{"floor":23,"key":"REST"},{"data":"Vigilance","floor":25,"key":"SMITH"}],"circlet_count":0,"master_deck":["AscendersBane","Strike_P+1","Strike_P+1","Strike_P+1","Strike_P+1","Defend_P+1","Eruption+1","Vigilance+1","CurseOfTheBell","CrushJoints+1","FollowUp+1","CutThroughFate+1","FlurryOfBlows+1","MentalFortress+1","Ragnarok+1","FlurryOfBlows+1","EmptyFist+1","BowlingBash+1"],"relics":["Calling Bell","Bag of Marbles","Molten Egg 2","StoneCalendar","Ancient Tea Set","Pear","TeardropLocket","SlaversCollar","Letter Opener"],"acts_visited":["Exordium","TheCity"],"potions_floor_usage":[14,16,21,27],"damage_taken":[{"damage":0,"enemies":"Cultist","floor":1,"turns":3},{"damage":2,"enemies":"Jaw Worm","floor":3,"turns":3},{"damage":1,"enemies":"Small Slimes","floor":4,"turns":2},{"damage":35,"enemies":"3 Sentries","floor":6,"turns":5},{"damage":0,"enemies":"Blue Slaver","floor":10,"turns":1},{"damage":4,"enemies":"3 Louse","floor":12,"turns":2},{"damage":6,"enemies":"Red Slaver","floor":13,"turns":2},{"damage":0,"enemies":"Lagavulin","floor":14,"turns":3},{"damage":30,"enemies":"The Guardian","floor":16,"turns":10},{"damage":3,"enemies":"2 Thieves","floor":18,"turns":2},{"damage":18,"enemies":"3 Byrds","floor":21,"turns":2},{"damage":0,"enemies":"Slavers","floor":24,"turns":1},{"damage":61,"enemies":"Book of Stabbing","floor":27,"turns":4}],"seed_played":"4641575704770110029","potions_obtained":[{"floor":3,"key":"SmokeBomb"},{"floor":6,"key":"FearPotion"},{"floor":12,"key":"AttackPotion"},{"floor":16,"key":"LiquidBronze"},{"floor":24,"key":"Regen Potion"}],"is_trial":false,"path_per_floor":["M","$","M","M","?","E","R","$","T","M","?","M","M","E","R","B",null,"M","?","?","M","$","R","E","R","T","E"],"character_chosen":"WATCHER","items_purchased":["EmptyFist+1"],"campfire_rested":1,"item_purchase_floors":[22],"current_hp_per_floor":[61,61,59,58,68,33,33,33,43,43,43,39,33,33,33,3,59,56,56,34,16,16,40,40,40,40,0,0],"gold":65,"neow_bonus":"BOSS_RELIC","is_daily":false,"chose_seed":false,"campfire_upgraded":3,"win_rate":0.0,"timestamp":1611017469,"path_taken":["M","$","M","M","?","E","R","?","T","M","?","M","M","E","R","BOSS","M","?","?","?","$","R","E","R","T","E"],"items_purchased_type":["Card"],"build_version":"2020-12-22","purchased_purges":3,"victory":false,"max_hp_per_floor":[68,68,68,68,68,68,68,68,78,78,78,78,78,78,78,78,78,78,78,83,83,83,83,83,83,83,83,83],"relic_stats":{"counters":[13,40],"StoneCalendar":[52],"Letter Opener":[0],"obtain_stats":[{"Calling Bell":0,"SlaversCollar":17,"Pear":9,"Molten Egg 2":0,"StoneCalendar":0,"Bag of Marbles":0,"TeardropLocket":14,"Letter Opener":24,"PureWater":0,"Ancient Tea Set":6},{"Calling Bell":0,"SlaversCollar":9,"Pear":4,"Molten Egg 2":0,"StoneCalendar":0,"Bag of Marbles":0,"TeardropLocket":8,"Letter Opener":12,"PureWater":0,"Ancient Tea Set":4},{"Calling Bell":0,"SlaversCollar":31,"Pear":13,"Molten Egg 2":0,"StoneCalendar":0,"Bag of Marbles":0,"TeardropLocket":21,"Letter Opener":36,"PureWater":0,"Ancient Tea Set":13}]},"card_choices":[{"not_picked":["EmptyBody","Study"],"picked":"CrushJoints+1","floor":1},{"not_picked":["Nirvana","Study"],"picked":"FollowUp+1","floor":3},{"not_picked":["FlyingSleeves+1","ForeignInfluence"],"picked":"CutThroughFate+1","floor":4},{"not_picked":["BattleHymn","Protect","Establishment"],"picked":"SKIP","floor":6},{"not_picked":["ThirdEye","Evaluate","Nirvana"],"picked":"SKIP","floor":10},{"not_picked":["Weave+1","ThirdEye"],"picked":"FlurryOfBlows+1","floor":12},{"not_picked":["SandsOfTime+1","ForeignInfluence","FlyingSleeves+1"],"picked":"SKIP","floor":13},{"not_picked":["SandsOfTime+1","ForeignInfluence","FlyingSleeves+1"],"picked":"SKIP","floor":13},{"not_picked":["Devotion","WaveOfTheHand"],"picked":"MentalFortress","floor":14},{"not_picked":["Alpha","ConjureBlade"],"picked":"Ragnarok+1","floor":16},{"not_picked":["FollowUp+1","SashWhip+1"],"picked":"FlurryOfBlows+1","floor":18},{"not_picked":["Prostrate","Crescendo","Protect"],"picked":"SKIP","floor":21},{"not_picked":["SandsOfTime+1","Consecrate+1"],"picked":"BowlingBash+1","floor":24}],"player_experience":4427513,"relics_obtained":[{"floor":0,"key":"Bag of Marbles"},{"floor":0,"key":"Molten Egg 2"},{"floor":0,"key":"StoneCalendar"},{"floor":6,"key":"Ancient Tea Set"},{"floor":9,"key":"Pear"},{"floor":14,"key":"TeardropLocket"},{"floor":24,"key":"Letter Opener"}],"event_choices":[{"damage_healed":10,"gold_gain":0,"player_choice":"Full Heal","damage_taken":0,"max_hp_gain":0,"max_hp_loss":0,"event_name":"Wheel of Change","floor":5,"gold_loss":0},{"damage_healed":0,"gold_gain":0,"cards_transformed":["Defend_P"],"player_choice":"Change","damage_taken":0,"max_hp_gain":0,"max_hp_loss":0,"event_name":"Living Wall","floor":11,"gold_loss":0,"cards_obtained":["Swivel"]},{"damage_healed":0,"gold_gain":0,"player_choice":"Simplicity","damage_taken":0,"max_hp_gain":0,"max_hp_loss":0,"event_name":"Back to Basics","floor":19,"gold_loss":0,"cards_upgraded":["Strike_P","Strike_P","Strike_P","Strike_P","Defend_P"]},{"damage_healed":0,"gold_gain":0,"player_choice":"Shed Blood","damage_taken":27,"max_hp_gain":5,"max_hp_loss":0,"event_name":"Forgotten Altar","floor":20,"gold_loss":0}],"is_beta":false,"boss_relics":[{"not_picked":["Runic Pyramid","Black Star"],"picked":"SlaversCollar"}],"items_purged_floors":[2,8,22],"is_endless":false,"potions_floor_spawned":[3,6,12,16,24],"killed_by":"Book of Stabbing","ascension_level":20}}