{"host":"xkfvvb2eqyo6l3km","time":1611086913,"event":{"mods":["AchievementEnabler","AlwaysNeverKeys","BaseMod","Better Third Choice","BetterRewards","Card Forge","Colored Map","Colored Powertips","DeckTracker","Energized Spire","Force Act Four","Jorbs\u0027s Wanderer Trilogy","Minty Spire (QoL Compilation)","Permanent Neow","Replay The Spire","Spicy Shops","StSLib","The Blackbeard","The Blue Laboratory","The Disciple","The Hierophant","The Necromancer","The Sage","The Valiant","vexMod"],"gold_per_floor":[119,119,119,137,156,156,182,202,247,272,272,300,68,96,96,196,196,136,136],"floor_reached":18,"language":"ENG","playtime":1221,"items_purged":["Eruption"],"score":224,"play_id":"26180b14-b66e-425f-bfff-5e261d44e7fb","local_time":"20210119180833","is_ascension_mode":true,"campfire_choices":[{"data":"FIFO Queue","floor":6.0,"key":"SMITH"},{"floor":15.0,"key":"REST"}],"circlet_count":0,"master_deck":["Strike_B","Strike_B","Strike_B","Defend_B","Defend_B+1","Defend_B+1","Defend_B","Glacier+1","FIFO Queue+1","Defragment","Coolheaded","Vigilance","Echo Form+1"],"relics":["Cracked Core","Ornamental Fan","Anchor","Replay:Wax Seal","Frozen Egg 2","Cauldron","Tiny Chest","SlaversCollar"],"acts_visited":["Exordium","TheCity"],"potions_floor_usage":[],"damage_taken":[{"damage":3.0,"enemies":"Jaw Worm","floor":1.0,"turns":4.0},{"damage":0.0,"enemies":"Small Slimes","floor":4.0,"turns":4.0},{"damage":0.0,"enemies":"2 Louse","floor":5.0,"turns":4.0},{"damage":21.0,"enemies":"3 Sentries","floor":7.0,"turns":10.0},{"damage":2.0,"enemies":"Blue Slaver","floor":8.0,"turns":5.0},{"damage":0.0,"enemies":"Lagavulin","floor":10.0,"turns":12.0},{"damage":7.0,"enemies":"3 Sentries","floor":12.0,"turns":18.0},{"damage":20.0,"enemies":"Gremlin Nob","floor":14.0,"turns":8.0},{"damage":32.0,"enemies":"Fading Forest","floor":16.0,"turns":11.0},{"damage":6,"enemies":"2 Thieves","floor":18,"turns":3}],"seed_played":"1051332950429954838","potions_obtained":[{"floor":1.0,"key":"AttackPotion"},{"floor":5.0,"key":"LiquidBronze"},{"floor":8.0,"key":"blueLaboratory:ForbiddenFruitJuice"},{"floor":13.0,"key":"FairyPotion"},{"floor":13.0,"key":"blueLaboratory:FruitPunch"},{"floor":14.0,"key":"Block Potion"}],"is_trial":false,"path_per_floor":["M","?","?","M","M","R","E","M","T","E","?","E","$","E","R","B",null,"M"],"character_chosen":"DEFECT","items_purchased":["Cauldron"],"campfire_rested":1,"item_purchase_floors":[13],"current_hp_per_floor":[72,72,57,57,57,57,36,34,34,34,34,27,27,9,32,10,77,71,71],"gold":136,"neow_bonus":"REMOVE_CARD","is_daily":false,"chose_seed":false,"campfire_upgraded":1,"win_rate":0.0,"timestamp":1611086913,"path_taken":["M","?","?","M","M","R","E","M","T","E","?","E","?","E","R","BOSS","M"],"items_purchased_type":["Relic"],"build_version":"2020-12-22","purchased_purges":1,"victory":false,"max_hp_per_floor":[75,75,75,75,75,75,75,75,75,75,75,75,75,77,77,77,77,77,77],"card_choices":[{"not_picked":["Tempest","Streamline"],"picked":"Glacier","floor":1.0},{"not_picked":["Coolheaded","Gash"],"picked":"FIFO Queue","floor":4.0},{"not_picked":["Scrape","Beam Cell","ReplayGash"],"picked":"SKIP","floor":5.0},{"not_picked":["Turbo","Ball Lightning"],"picked":"Defragment","floor":7.0},{"not_picked":["Reinforced Body","Hologram"],"picked":"Coolheaded","floor":8.0},{"not_picked":["Fission","Storm","Meteor Strike"],"picked":"SKIP","floor":10.0},{"not_picked":["BasicCrystalCard","ReplayGash","Gash"],"picked":"SKIP","floor":12.0},{"not_picked":["Scrape","FTL","Time Bomb"],"picked":"SKIP","floor":14.0},{"not_picked":["Seek","Thunder Strike"],"picked":"Echo Form+1","floor":16.0}],"player_experience":263779,"relics_obtained":[{"floor":7.0,"key":"Ornamental Fan"},{"floor":9.0,"key":"Anchor"},{"floor":10.0,"key":"Replay:Wax Seal"},{"floor":12.0,"key":"Frozen Egg 2"},{"floor":14.0,"key":"Tiny Chest"}],"event_choices":[{"damage_healed":0.0,"max_hp_gain":0.0,"max_hp_loss":0.0,"gold_gain":0.0,"event_name":"Living Wall","player_choice":"Grow","floor":2.0,"gold_loss":0.0,"damage_taken":0.0,"cards_upgraded":["Glacier"]},{"damage_healed":72.0,"max_hp_gain":0.0,"max_hp_loss":75.0,"gold_gain":0.0,"event_name":"betterThird:BetterShining","player_choice":"Upgrade","floor":3.0,"gold_loss":0.0,"damage_taken":15.0,"cards_upgraded":["Defend_B","Defend_B"]}],"is_beta":false,"boss_relics":[{"not_picked":["vexMod:FluxCapacitor","Replay:Wanted Poster"],"picked":"SlaversCollar"}],"items_purged_floors":[13],"is_endless":false,"potions_floor_spawned":[1,5,8,12,14],"killed_by":"2 Thieves","ascension_level":1}}