{"host":"bf9sa99gaumonoeu","time":1611095354,"event":{"mods":["AchievementEnabler","Act Like it!","Aspiration","BaseMod","Bestiary","Better Note","Block Reminder","Colored Map","Colored Powertips","Fox Events","Friendly Minions","Gensokyo","GifTheSpireLib","Googly Eyes","Hallownest","Hermit","Highlight Path","Jorbs\u0027s Wanderer Trilogy","KinomotoSakuraMod(????)","Koishi","Marisa????????","Minty Spire (QoL Compilation)","Rare Cards Sparkle","Relic Stats","Remilia??????","Replay The Spire","Spire Arcade","StSLib","The Administrix","The Animator","The Blue Laboratory","The Bug Knight","The Construct","The Cursed","The Hierophant","The Mystic","The Necromancer","The Poker Player","The Runesmith","The Senshi","The Servant 0.9.4","ojb\u0027s Info Mod"],"gold_per_floor":[359,234,284,297,297,307,28,62,62,97,117,131,147,158,158,158,158],"floor_reached":16,"language":"ENG","playtime":1207,"items_purged":["Shame"],"score":228,"play_id":"8e8e34bb-45c8-4be7-a88e-207d4f49b14b","local_time":"20210119202914","is_ascension_mode":true,"campfire_choices":[{"floor":15,"key":"REST"}],"circlet_count":0,"master_deck":["AscendersBane","Strike_G","Strike_G","Strike_G","Strike_G","Strike_G","Defend_G","Defend_G","Defend_G","Defend_G","Defend_G","Survivor","Neutralize","Calculated Gamble","Deflect","Bane","Dagger Throw","Glass Knife","Deadly Poison","Noxious Fumes","Dagger Spray","Wraith Form v2","Backflip","Die Die Die","PiercingWail","ReplayTheSpireMod:Speed Training"],"relics":["Ring of the Snake","Centennial Puzzle","Peace Pipe","Sundial"],"acts_visited":["Exordium"],"potions_floor_usage":[8,10,12,16,16],"damage_taken":[{"damage":6,"enemies":"Cultist","floor":1,"turns":4},{"damage":0,"enemies":"2 Louse","floor":4,"turns":6},{"damage":0,"enemies":"Jaw Worm","floor":6,"turns":4},{"damage":21,"enemies":"Lagavulin","floor":8,"turns":5},{"damage":12,"enemies":"3 Sentries","floor":10,"turns":6},{"damage":4,"enemies":"Gremlin Gang","floor":11,"turns":5},{"damage":1,"enemies":"Looter","floor":12,"turns":3},{"damage":0,"enemies":"Blue Slaver","floor":13,"turns":4},{"damage":7,"enemies":"Gremlin Gang","floor":14,"turns":2},{"damage":24,"enemies":"Hexaghost","floor":16,"turns":10}],"seed_played":"2771231951341377864","potions_obtained":[{"floor":1,"key":"blueLaboratory:FruitPunch"},{"floor":6,"key":"Reflective Coating"},{"floor":8,"key":"blueLaboratory:ArtistsPotion"},{"floor":11,"key":"blueLaboratory:StoneskinPotion"},{"floor":13,"key":"PowerPotion"}],"is_trial":false,"path_per_floor":["M","$","?","M","?","M","$","E","T","E","M","M","M","M","R","B"],"character_chosen":"THE_SILENT","items_purchased":["Deflect","Glass Knife","Deadly Poison","Noxious Fumes"],"campfire_rested":1,"item_purchase_floors":[2,7,7,7],"current_hp_per_floor":[53,53,47,47,47,47,47,28,28,16,12,11,11,4,24,0,0],"gold":158,"neow_bonus":"TWO_FIFTY_GOLD","is_daily":false,"chose_seed":false,"campfire_upgraded":0,"win_rate":0.0,"timestamp":1611095354,"path_taken":["M","?","?","?","?","M","$","E","T","E","M","M","M","?","R","BOSS"],"items_purchased_type":["Card","Card","Card","Card"],"build_version":"2020-12-22","purchased_purges":1,"victory":false,"max_hp_per_floor":[66,66,66,66,66,66,66,68,68,68,68,68,68,68,68,68,68],"relic_stats":{"Peace Pipe":0,"Centennial Puzzle":[15],"counters":[10,49],"Sundial":[2],"obtain_stats":[{"Peace Pipe":9,"Centennial Puzzle":8,"Sundial":10,"Ring of the Snake":0},{"Peace Pipe":4,"Centennial Puzzle":4,"Sundial":5,"Ring of the Snake":0},{"Peace Pipe":19,"Centennial Puzzle":19,"Sundial":25,"Ring of the Snake":0}],"Ring of the Snake":[20]},"card_choices":[{"not_picked":["Outmaneuver","Deflect"],"picked":"Calculated Gamble","floor":1},{"not_picked":["Cloak And Dagger","Outmaneuver"],"picked":"Bane","floor":4},{"not_picked":["Outmaneuver","Reflex"],"picked":"Dagger Throw","floor":6},{"not_picked":["Eviscerate","Dodge and Roll"],"picked":"Dagger Spray","floor":8},{"not_picked":["Expertise","Accuracy"],"picked":"Wraith Form v2","floor":10},{"not_picked":["Accuracy","ReplayTheSpireMod:Exploit Weakness"],"picked":"Backflip","floor":11},{"not_picked":["Sucker Punch","Underhanded Strike"],"picked":"Die Die Die","floor":12},{"not_picked":["Backflip","Eviscerate"],"picked":"PiercingWail","floor":13},{"not_picked":["Dagger Spray","Draining Mist"],"picked":"ReplayTheSpireMod:Speed Training","floor":14}],"player_experience":1003251,"relics_obtained":[{"floor":8,"key":"Centennial Puzzle"},{"floor":9,"key":"Peace Pipe"},{"floor":10,"key":"Sundial"}],"event_choices":[{"damage_healed":0,"gold_gain":50,"player_choice":"Touch","damage_taken":6,"max_hp_gain":0,"max_hp_loss":0,"event_name":"FaceTrader","floor":3,"gold_loss":0},{"damage_healed":0,"gold_gain":0,"player_choice":"0 cards matched","damage_taken":0,"max_hp_gain":0,"max_hp_loss":0,"event_name":"Match and Keep!","floor":5,"gold_loss":0,"cards_obtained":[]},{"damage_healed":0,"gold_gain":0,"player_choice":"0 cards matched","damage_taken":0,"max_hp_gain":0,"max_hp_loss":0,"event_name":"Match and Keep!","floor":5,"gold_loss":0,"cards_obtained":[]}],"is_beta":false,"boss_relics":[],"items_purged_floors":[2],"is_endless":false,"potions_floor_spawned":[1,6,8,11,13],"killed_by":"Hexaghost","ascension_level":20}}