{"host":"4bbalj7r5kimsnho","time":1611075157,"event":{"mods":["AchievementEnabler","BaseMod","Colored Powertips","Hermit","Minty Spire (QoL Compilation)","StSLib"],"gold_per_floor":[115,127,127,142,155,184,184,204,204,204,204,223,223,239,239,340,340,350,193,193,193,293,320,320,332,332,343,370,386,386,386],"floor_reached":30,"language":"ENG","playtime":1776,"items_purged":[],"score":272,"play_id":"0c230706-e868-4dc9-9c0f-4b1e96c56438","local_time":"20210119165237","is_ascension_mode":false,"campfire_choices":[{"data":"hermit:GoldenBullet","floor":7,"key":"SMITH"},{"floor":11,"key":"REST"},{"data":"hermit:Determination","floor":13,"key":"SMITH"},{"data":"hermit:Roughhouse","floor":15,"key":"SMITH"},{"data":"J.A.X.","floor":24,"key":"SMITH"}],"circlet_count":0,"master_deck":["hermit:Snapshot","hermit:Covet","hermit:Roughhouse+1","hermit:PistolWhip","hermit:Gestalt","hermit:TakeAim","hermit:GoldenBullet+1","hermit:Feint","hermit:Feint","hermit:Determination+1","hermit:Dive","hermit:Desperado","hermit:Gambit","hermit:RoundhouseKick","hermit:BodyArmor+1","hermit:Roughhouse+1","hermit:RoundhouseKick+1","hermit:Ricochet","hermit:LoneWolf","hermit:WideOpen","hermit:Glare+1","hermit:Coalescence+1","hermit:Desperado","J.A.X.+1","hermit:FlashPowder"],"relics":["hermit:Momento","Vajra","Astrolabe","Orrery","hermit:RedScarf","Question Card","Gambling Chip"],"acts_visited":["Exordium","TheCity"],"potions_floor_usage":[16,16,25],"damage_taken":[{"damage":6,"enemies":"Jaw Worm","floor":1,"turns":3},{"damage":0,"enemies":"Cultist","floor":2,"turns":2},{"damage":0,"enemies":"2 Louse","floor":4,"turns":3},{"damage":1,"enemies":"Red Slaver","floor":5,"turns":3},{"damage":12,"enemies":"Lagavulin","floor":6,"turns":9},{"damage":12,"enemies":"Gremlin Gang","floor":8,"turns":5},{"damage":9,"enemies":"Exordium Thugs","floor":12,"turns":5},{"damage":1,"enemies":"2 Fungi Beasts","floor":14,"turns":4},{"damage":27,"enemies":"The Guardian","floor":16,"turns":12},{"damage":0,"enemies":"Chosen","floor":18,"turns":3},{"damage":29,"enemies":"Slavers","floor":23,"turns":5},{"damage":14,"enemies":"Shell Parasite","floor":25,"turns":3},{"damage":1,"enemies":"Centurion and Healer","floor":27,"turns":4},{"damage":19,"enemies":"Book of Stabbing","floor":28,"turns":4},{"damage":3,"enemies":"3 Cultists","floor":29,"turns":6},{"damage":20,"enemies":"Sentry and Sphere","floor":30,"turns":5}],"seed_played":"-4329923178913647197","potions_obtained":[{"floor":6,"key":"SpeedPotion"},{"floor":8,"key":"Block Potion"},{"floor":12,"key":"GamblersBrew"},{"floor":14,"key":"Swift Potion"},{"floor":23,"key":"Fruit Juice"},{"floor":27,"key":"SpeedPotion"}],"is_trial":false,"path_per_floor":["M","M","?","M","M","E","R","M","T","?","R","M","R","M","R","B",null,"M","$","?","?","?","E","R","M","T","M","E","M","M"],"character_chosen":"HERMIT","items_purchased":["Orrery"],"campfire_rested":1,"item_purchase_floors":[19],"current_hp_per_floor":[48,48,48,48,47,35,35,23,23,16,38,29,29,28,28,1,75,75,75,75,75,75,46,46,37,37,36,17,14,0,0],"gold":386,"neow_bonus":"TRANSFORM_TWO_CARDS","is_daily":false,"chose_seed":false,"campfire_upgraded":4,"win_rate":0.0,"timestamp":1611075157,"path_taken":["M","M","?","?","M","E","R","M","T","?","R","M","R","M","R","BOSS","M","$","?","?","?","E","R","?","T","M","E","M","M"],"items_purchased_type":["Relic"],"build_version":"2020-12-22","purchased_purges":0,"victory":false,"max_hp_per_floor":[75,75,75,75,75,75,75,75,75,75,75,75,75,75,75,75,75,75,75,75,75,75,75,75,80,80,80,80,80,80,80],"card_choices":[{"not_picked":["hermit:HighCaliber","hermit:Coalescence"],"picked":"hermit:Gestalt","floor":1},{"not_picked":["hermit:Midnight","hermit:Glare"],"picked":"hermit:TakeAim","floor":2},{"not_picked":["hermit:Misfire","hermit:HighCaliber"],"picked":"hermit:Feint","floor":4},{"not_picked":["hermit:WideOpen","hermit:Misfire"],"picked":"hermit:Feint","floor":5},{"not_picked":["hermit:Coalescence","hermit:Roulette"],"picked":"hermit:Determination","floor":6},{"not_picked":["hermit:Grudge","hermit:Coalescence"],"picked":"hermit:Dive","floor":8},{"not_picked":["hermit:HoleUp","hermit:Quickdraw"],"picked":"hermit:Desperado","floor":12},{"not_picked":["hermit:Roulette","hermit:ShadowCloak"],"picked":"hermit:Gambit","floor":14},{"not_picked":["hermit:OverwhelmingPower","hermit:HeroicBravado"],"picked":"hermit:RoundhouseKick","floor":16},{"not_picked":["hermit:Quickdraw","hermit:Snipe+1"],"picked":"hermit:Ricochet","floor":18},{"not_picked":["hermit:Quickdraw","hermit:Coalescence"],"picked":"hermit:LoneWolf","floor":19},{"not_picked":["hermit:Glare","hermit:Manifest"],"picked":"hermit:WideOpen","floor":19},{"not_picked":["hermit:Quickdraw","hermit:Roughhouse"],"picked":"hermit:Glare+1","floor":19},{"not_picked":["hermit:Vantage+1","hermit:Gambit"],"picked":"hermit:Coalescence+1","floor":19},{"not_picked":["hermit:CalledShot","hermit:Coalescence+1"],"picked":"hermit:Desperado","floor":19},{"not_picked":["hermit:Adapt","hermit:Determination"],"picked":"hermit:FlashPowder","floor":23},{"not_picked":["hermit:Maintenance","hermit:CalledShot","hermit:Roulette"],"picked":"SKIP","floor":25},{"not_picked":["hermit:ItchyTrigger","hermit:BodyArmor","hermit:HighCaliber","hermit:WideOpen"],"picked":"SKIP","floor":27},{"not_picked":["hermit:Ricochet","hermit:Dive","hermit:HeroicBravado","hermit:Coalescence+1"],"picked":"SKIP","floor":28},{"not_picked":["hermit:Snipe+1","hermit:SprayPray+1","hermit:PistolWhip","hermit:Headshot"],"picked":"SKIP","floor":29}],"player_experience":95408,"relics_obtained":[{"floor":6,"key":"Vajra"},{"floor":23,"key":"hermit:RedScarf"},{"floor":26,"key":"Question Card"},{"floor":28,"key":"Gambling Chip"}],"event_choices":[{"damage_healed":0,"gold_gain":0,"cards_transformed":["hermit:Defend_Hermit"],"player_choice":"Transformed","damage_taken":0,"max_hp_gain":0,"max_hp_loss":0,"event_name":"Transmorgrifier","floor":3,"gold_loss":0,"cards_obtained":["hermit:GoldenBullet"]},{"cards_removed":["hermit:Defend_Hermit"],"damage_healed":0,"gold_gain":0,"player_choice":"Card Removal","damage_taken":7,"max_hp_gain":0,"max_hp_loss":0,"event_name":"Golden Wing","floor":10,"gold_loss":0},{"cards_removed":["hermit:Defend_Hermit"],"damage_healed":0,"gold_gain":0,"player_choice":"Elegance","damage_taken":0,"max_hp_gain":0,"max_hp_loss":0,"event_name":"Back to Basics","floor":20,"gold_loss":0},{"damage_healed":0,"gold_gain":0,"player_choice":"Obtain J.A.X.","damage_taken":0,"max_hp_gain":0,"max_hp_loss":0,"event_name":"Drug Dealer","floor":21,"gold_loss":0,"cards_obtained":["J.A.X."]},{"damage_healed":0,"gold_gain":100,"player_choice":"Pray","damage_taken":0,"max_hp_gain":0,"max_hp_loss":0,"event_name":"Golden Shrine","floor":22,"gold_loss":0}],"is_beta":false,"boss_relics":[{"not_picked":["Calling Bell","Ectoplasm"],"picked":"Astrolabe"}],"items_purged_floors":[],"is_endless":false,"potions_floor_spawned":[6,8,12,14,23,27],"killed_by":"Sentry and Sphere","ascension_level":0}}