{"host":"e1r14iqujvrv6qpf","time":1611042793,"event":{"mods":["AchievementEnabler","Act Like it!","BaseMod","BetterRewards","Colored Map","Colored Powertips","Conspire","Decade(王小明)","Friendly Minions","Googly Eyes","Highlight Path","KinomotoSakuraMod(木之本樱)","LagranYue(拉格朗・月)","Marisa（F雨　魔理沙）","Minty Spire (QoL Compilation)","Quick Restart","Reimu（博丽灵梦）","Remilia（蕾米莉亚）","Shop Mod","SuperFastMode","The Administrix","The Construct","The Disciple","The Servant 0.9.4","Waifu the Spire","Youmu（魂魄妖梦）","Yuyuko"],"gold_per_floor":[114,114,132,132,57,90,107,118,191,223,223,250,250,260,260,360,360,373,384,83,94,94,94,120,120,143,169,69,95,128,128,128,226,226,243,257,257,271,288,320,320,347,401,416,450,481,493,505,517,529],"floor_reached":51,"language":"ZHS","playtime":3605,"items_purged":["Strike_S","Defend_S"],"score":1104,"play_id":"13f90a18-700e-4725-8954-abbb756906b1","local_time":"20210119155313","is_ascension_mode":true,"campfire_choices":[{"data":"Moondial","floor":11.0,"key":"SMITH"},{"data":"KidneyShot","floor":15.0,"key":"SMITH"},{"data":"Solidify","floor":23.0,"key":"SMITH"},{"data":"Moonlight","floor":25.0,"key":"SMITH"},{"data":"Manipulate","floor":32.0,"key":"SMITH"},{"floor":41,"key":"RECALL"}],"circlet_count":0,"master_deck":["Strike_S","Strike_S","Defend_S","Defend_S","Defend_S","KidneyShot+1","Exchange","Ricochet","Comet","Moondial+1","Solidify+1","BottledTime+1","Moonlight+1","Ghostly","Ghostly","Ghostly","Ghostly","Ghostly","Advance","Manipulate+1","FloweringNight+1","Rearm+1","Shuttle","Moondial","Pain"],"relics":["Uniform","LagranYue:RandomDrawCardRelic","NeowsBlessing","Incense Burner","RuthlessExorcism:ReiMu","Pear","Shuriken","LagranYue:ReturningEmperorRelic","Coffee Dripper","Blood Vial","Toolbox","Toy Ornithopter","conspire:TopHat","HornCleat","Smiling Mask","LagranYue:MagicReflectiveArmorRelic","Fusion Hammer","Letter Opener","conspire:Dentures","Art of War","MawBank","WarpedTongs"],"acts_visited":["Exordium","TheCity","TheBeyond"],"potions_floor_usage":[45,50,50,50],"damage_taken":[{"damage":0.0,"enemies":"2 Louse","floor":1.0,"turns":1.0},{"damage":0.0,"enemies":"conspire:RoseBush","floor":3.0,"turns":1.0},{"damage":0.0,"enemies":"Gremlin Nob","floor":6.0,"turns":1.0},{"damage":0.0,"enemies":"Jaw Worm","floor":7.0,"turns":3.0},{"damage":3.0,"enemies":"2 Fungi Beasts","floor":8.0,"turns":2.0},{"damage":7.0,"enemies":"3 Sentries","floor":10.0,"turns":3.0},{"damage":8.0,"enemies":"Gremlin Nob","floor":12.0,"turns":4.0},{"damage":0.0,"enemies":"Gremlin Gang","floor":14.0,"turns":2.0},{"damage":13.0,"enemies":"Slime Boss","floor":16.0,"turns":9.0},{"damage":7.0,"enemies":"Spheric Guardian","floor":18.0,"turns":4.0},{"damage":3.0,"enemies":"2 Thieves","floor":19.0,"turns":3.0},{"damage":0.0,"enemies":"Centurion and Healer","floor":21.0,"turns":3.0},{"damage":5.0,"enemies":"Book of Stabbing","floor":24.0,"turns":5.0},{"damage":0.0,"enemies":"Slavers","floor":27.0,"turns":4.0},{"damage":3.0,"enemies":"conspire:Head Lice","floor":30.0,"turns":4.0},{"damage":10.0,"enemies":"conspire:MysteriousRune","floor":33.0,"turns":10.0},{"damage":1.0,"enemies":"Orb Walker","floor":35.0,"turns":2.0},{"damage":3.0,"enemies":"3 Shapes","floor":36.0,"turns":3.0},{"damage":0.0,"enemies":"Jaw Worm Horde","floor":38.0,"turns":2.0},{"damage":0,"enemies":"Writhing Mass","floor":39,"turns":5},{"damage":0,"enemies":"Reptomancer","floor":40,"turns":4},{"damage":0,"enemies":"Giant Head","floor":42,"turns":5},{"damage":0,"enemies":"4 Shapes","floor":44,"turns":1},{"damage":0,"enemies":"Nemesis","floor":45,"turns":5},{"damage":0,"enemies":"Spire Growth","floor":46,"turns":3},{"damage":6,"enemies":"Time Eater","floor":50,"turns":8}],"seed_played":"8685580102042971845","potions_obtained":[{"floor":1.0,"key":"construct:ShiftPotion"},{"floor":2.0,"key":"CultistPotion"},{"floor":2.0,"key":"AttackPotion"},{"floor":2.0,"key":"Fire Potion"},{"floor":12.0,"key":"Energy Potion"},{"floor":16.0,"key":"PowerPotion"},{"floor":24.0,"key":"Fire Potion"},{"floor":27.0,"key":"AttackPotion"},{"floor":45,"key":"MagicPotion:ReiMu"}],"is_trial":false,"path_per_floor":["M","?","M","?","$","E","M","M","T","E","R","E","?","M","R","B",null,"M","M","$","M","?","R","E","R","T","E","$","T","E","?","R","B",null,"M","M","?","M","M","E","R","E","T","M","E","M","R","?","R","B",null],"character_chosen":"THE_SERVANT","items_purchased":["Blood Vial","Toolbox"],"campfire_rested":0,"item_purchase_floors":[20,20],"current_hp_per_floor":[65,65,65,47,47,47,47,44,54,47,47,39,39,39,39,26,75,68,65,65,67,37,37,32,32,32,34,34,34,33,33,33,25,37,36,34,34,36,37,37,37,37,37,37,37,37,37,37,37,37],"gold":541,"neow_bonus":"THREE_ENEMY_KILL","is_daily":false,"chose_seed":false,"campfire_upgraded":5,"win_rate":0.0,"timestamp":1611042793,"path_taken":["M","?","?","?","$","E","M","M","T","E","R","E","?","M","R","BOSS","M","?","$","M","?","R","E","R","T","E","?","?","E","?","R","BOSS","M","M","?","M","M","E","R","E","T","?","E","M","R","?","R","BOSS"],"items_purchased_type":["Relic","Relic"],"build_version":"2020-12-22","purchased_purges":2,"victory":true,"max_hp_per_floor":[65,65,65,65,65,65,65,65,75,75,75,75,75,75,75,75,75,75,75,75,75,37,37,37,37,37,37,37,37,37,37,37,37,37,37,37,37,37,37,37,37,37,37,37,37,37,37,37,37,37],"card_choices":[{"not_picked":["DualDimension","BottledTime"],"picked":"Ricochet","floor":1.0},{"not_picked":["Replace","Shuttle","Alleviate"],"picked":"SKIP","floor":3.0},{"not_picked":["Foresight","Snipe"],"picked":"Comet","floor":6.0},{"not_picked":["Alleviate","Replace"],"picked":"Moondial","floor":7.0},{"not_picked":["Hightail","Reset","Starlight"],"picked":"SKIP","floor":8.0},{"not_picked":["Replace","MoonPhase","Ricochet"],"picked":"SKIP","floor":10.0},{"not_picked":["Potential","TrueSight","Rewind"],"picked":"SKIP","floor":12.0},{"not_picked":["Barrier","FastForward","Spin"],"picked":"SKIP","floor":14.0},{"not_picked":["Barrier","FastForward","Spin"],"picked":"SKIP","floor":14.0},{"not_picked":["Duplication","PendulumOfEternity"],"picked":"Solidify","floor":16.0},{"not_picked":["DoubleEdge","Alleviate"],"picked":"BottledTime+1","floor":18.0},{"not_picked":["Rewind","RealityMarble"],"picked":"Moonlight","floor":19.0},{"not_picked":["SurpressingFire+1","Rewind","Hightail"],"picked":"SKIP","floor":21.0},{"not_picked":["DoubleEdge","Defy"],"picked":"Advance","floor":24.0},{"not_picked":["ShatteredReality","DoubleEdge","Read"],"picked":"SKIP","floor":27.0},{"not_picked":["SpecialFormula","FastForward+1"],"picked":"Manipulate","floor":30.0},{"not_picked":["KillingDoll","MurderousAura"],"picked":"FloweringNight","floor":33.0},{"not_picked":["Unruled","DualDimension+1","Revamp+1"],"picked":"SKIP","floor":35.0},{"not_picked":["TimeWarp+1","GearUp+1"],"picked":"Rearm+1","floor":36.0},{"not_picked":["Ricochet+1","Spin","Sabotage+1"],"picked":"SKIP","floor":38.0},{"not_picked":["Collapse","Duplication"],"picked":"Shuttle","floor":39},{"not_picked":["DualDimension","Luminosity+1"],"picked":"Moondial","floor":40},{"not_picked":["TimeWarp+1","Misdirection","RealityMarble+1"],"picked":"SKIP","floor":42},{"not_picked":["Potential+1","ShatteredReality+1","TimeWarp"],"picked":"SKIP","floor":44},{"not_picked":["Rearm","Spin","GearUp+1"],"picked":"SKIP","floor":45},{"not_picked":["Alleviate+1","Collapse","Rewind+1"],"picked":"SKIP","floor":46}],"player_experience":274527,"relics_obtained":[{"floor":6.0,"key":"RuthlessExorcism:ReiMu"},{"floor":9.0,"key":"Pear"},{"floor":10.0,"key":"Shuriken"},{"floor":12.0,"key":"LagranYue:ReturningEmperorRelic"},{"floor":24.0,"key":"Toy Ornithopter"},{"floor":26.0,"key":"conspire:TopHat"},{"floor":27.0,"key":"HornCleat"},{"floor":29.0,"key":"Smiling Mask"},{"floor":30.0,"key":"LagranYue:MagicReflectiveArmorRelic"},{"floor":40,"key":"Letter Opener"},{"floor":42,"key":"conspire:Dentures"},{"floor":43,"key":"Art of War"},{"floor":45,"key":"MawBank"}],"event_choices":[{"damage_healed":0.0,"max_hp_gain":0.0,"max_hp_loss":0.0,"gold_gain":0.0,"event_name":"Lab","player_choice":"Got Potions","floor":2.0,"gold_loss":0.0,"damage_taken":0.0},{"damage_healed":0.0,"max_hp_gain":0.0,"max_hp_loss":0.0,"gold_gain":0.0,"event_name":"Scrap Ooze","player_choice":"Success","floor":4.0,"gold_loss":0.0,"damage_taken":18.0,"relics_obtained":["Incense Burner"]},{"cards_removed":["Strike_S"],"damage_healed":0.0,"max_hp_gain":0.0,"max_hp_loss":0.0,"gold_gain":0.0,"event_name":"Bonfire Elementals","player_choice":"Offered Basic","floor":13.0,"gold_loss":0.0,"damage_taken":0.0},{"damage_healed":0.0,"max_hp_gain":0.0,"max_hp_loss":38.0,"gold_gain":0.0,"event_name":"Ghosts","player_choice":"Became a Ghost","floor":22.0,"gold_loss":0.0,"damage_taken":0.0,"cards_obtained":["Ghostly","Ghostly","Ghostly","Ghostly","Ghostly"]},{"damage_healed":0.0,"max_hp_gain":0.0,"max_hp_loss":0.0,"gold_gain":0.0,"event_name":"Vampires","player_choice":"Ignored","floor":31.0,"gold_loss":0.0,"damage_taken":0.0},{"damage_healed":0.0,"max_hp_gain":0.0,"max_hp_loss":0.0,"gold_gain":0.0,"event_name":"Upgrade Shrine","player_choice":"Upgraded","floor":37.0,"gold_loss":0.0,"damage_taken":0.0,"cards_upgraded":["FloweringNight"]},{"damage_healed":0,"gold_gain":0,"player_choice":"Rummage","damage_taken":0,"relics_obtained":["WarpedTongs"],"max_hp_gain":0,"max_hp_loss":0,"event_name":"Accursed Blacksmith","floor":48,"gold_loss":0,"cards_obtained":["Pain"]}],"is_beta":false,"boss_relics":[{"not_picked":["SplendidAttire","Empty Cage"],"picked":"Coffee Dripper"},{"not_picked":["Busted Crown","Snecko Eye"],"picked":"Fusion Hammer"}],"items_purged_floors":[5,28],"is_endless":false,"potions_floor_spawned":[1,6,7,12,16,24,27,30,33,36,38,42,44,45],"ascension_level":3}}