{"host":"fuszjwm6fqgjjp4d","time":1611032507,"event":{"mods":["BaseMod","Bestiary","Colored Map","DeckTracker","Minty Spire (QoL Compilation)","Permanent Neow","Relic Sorter","Relic Stats","StSLib"],"gold_per_floor":[111,111,135,135,155,186,26,26,73,73,87,126,126,0,0,120,120,135,135,135,188,266,266,335,356,403,403,403],"floor_reached":27,"language":"ENG","playtime":842,"items_purged":["Strike_P"],"score":446,"play_id":"f9097f42-5953-465b-abce-e68c157f6831","local_time":"20210118230147","is_ascension_mode":true,"campfire_choices":[{"data":"FlyingSleeves","floor":8.0,"key":"SMITH"},{"data":"Eruption","floor":10.0,"key":"SMITH"},{"data":"Wish","floor":13.0,"key":"SMITH"},{"data":"Perseverance","floor":15.0,"key":"SMITH"},{"data":"Omniscience","floor":23,"key":"SMITH"}],"circlet_count":0,"master_deck":["AscendersBane","Strike_P","Strike_P","Strike_P+1","Defend_P","Defend_P","Eruption+1","Vigilance+1","Perseverance+1","Evaluate","Conclude","FlyingSleeves+1","CutThroughFate","Wish+1","FollowUp","Omniscience+1","Evaluate","Wallop"],"relics":["Empty Cage","Golden Idol","Vajra","Akabeko","Omamori","Eternal Feather","Coffee Dripper","Letter Opener","CeramicFish"],"acts_visited":["Exordium","TheCity"],"potions_floor_usage":[16,24,25],"damage_taken":[{"damage":2.0,"enemies":"2 Louse","floor":1.0,"turns":3.0},{"damage":0.0,"enemies":"Small Slimes","floor":3.0,"turns":4.0},{"damage":0.0,"enemies":"Jaw Worm","floor":5.0,"turns":3.0},{"damage":6.0,"enemies":"3 Sentries","floor":6.0,"turns":5.0},{"damage":0.0,"enemies":"Blue Slaver","floor":11.0,"turns":2.0},{"damage":8.0,"enemies":"Lagavulin","floor":12.0,"turns":4.0},{"damage":20,"enemies":"Hexaghost","floor":16,"turns":8},{"damage":0,"enemies":"Chosen","floor":18,"turns":4},{"damage":24,"enemies":"3 Byrds","floor":21,"turns":7},{"damage":0,"enemies":"Centurion and Healer","floor":22,"turns":4},{"damage":33,"enemies":"Gremlin Leader","floor":24,"turns":10},{"damage":7,"enemies":"Snecko","floor":25,"turns":8},{"damage":14,"enemies":"Book of Stabbing","floor":27,"turns":2}],"seed_played":"-4380861712231576978","potions_obtained":[{"floor":3.0,"key":"SkillPotion"},{"floor":6.0,"key":"BlessingOfTheForge"},{"floor":11.0,"key":"Regen Potion"},{"floor":12.0,"key":"DistilledChaos"},{"floor":18,"key":"Strength Potion"},{"floor":19,"key":"StancePotion"},{"floor":24,"key":"Block Potion"}],"is_trial":false,"path_per_floor":["M","?","M","?","M","E","$","R","T","R","M","E","R","$","R","B",null,"M","?","$","M","M","R","E","M","T","E"],"character_chosen":"WATCHER","items_purchased":["Akabeko","FollowUp"],"campfire_rested":0,"item_purchase_floors":[7,14],"current_hp_per_floor":[59,59,59,40,40,34,34,34,34,34,34,38,47,47,56,36,56,56,56,56,32,32,41,8,1,1,0,0],"gold":403,"neow_bonus":"BOSS_RELIC","is_daily":false,"chose_seed":false,"campfire_upgraded":5,"win_rate":0.0,"timestamp":1611032507,"path_taken":["M","?","M","?","M","E","?","R","T","R","M","E","R","?","R","BOSS","M","?","?","M","?","R","E","M","T","E"],"items_purchased_type":["Relic","Card"],"build_version":"2020-12-22","purchased_purges":1,"victory":false,"max_hp_per_floor":[68,62,62,62,62,62,62,62,62,62,62,62,62,62,62,62,62,62,62,62,62,62,62,62,62,62,62,62],"relic_stats":{"counters":[13,64],"Golden Idol":68,"CeramicFish":0,"Eternal Feather":27,"Letter Opener":[10],"obtain_stats":[{"Golden Idol":2,"CeramicFish":26,"Vajra":6,"Eternal Feather":12,"Omamori":9,"Coffee Dripper":17,"Letter Opener":24,"PureWater":0,"Empty Cage":0,"Akabeko":7},{"Golden Idol":1,"CeramicFish":12,"Vajra":4,"Eternal Feather":6,"Omamori":4,"Coffee Dripper":7,"Letter Opener":11,"PureWater":0,"Empty Cage":0,"Akabeko":4},{"Golden Idol":3,"CeramicFish":62,"Vajra":15,"Eternal Feather":21,"Omamori":15,"Coffee Dripper":29,"Letter Opener":54,"PureWater":0,"Empty Cage":0,"Akabeko":15}]},"card_choices":[{"not_picked":["Protect","Halt"],"picked":"Perseverance","floor":1.0},{"not_picked":["FlurryOfBlows","CrushJoints"],"picked":"Evaluate","floor":3.0},{"not_picked":["ThirdEye","EmptyFist"],"picked":"Conclude","floor":5.0},{"not_picked":["EmptyBody","CrushJoints"],"picked":"FlyingSleeves","floor":6.0},{"not_picked":["Adaptation","ClearTheMind"],"picked":"CutThroughFate","floor":11.0},{"not_picked":["CarveReality","CrushJoints"],"picked":"Wish","floor":12.0},{"not_picked":["Blasphemy","Devotion"],"picked":"Omniscience","floor":16},{"not_picked":["EmptyFist","Indignation"],"picked":"Evaluate","floor":18},{"not_picked":["Halt","Pray","Crescendo"],"picked":"SKIP","floor":21},{"not_picked":["Prostrate","Protect","Vengeance"],"picked":"SKIP","floor":22},{"not_picked":["SignatureMove","PathToVictory"],"picked":"Wallop","floor":24},{"not_picked":["WaveOfTheHand","CrushJoints","FlyingSleeves"],"picked":"SKIP","floor":25}],"player_experience":1297739,"relics_obtained":[{"floor":6.0,"key":"Vajra"},{"floor":9.0,"key":"Omamori"},{"floor":12.0,"key":"Eternal Feather"},{"floor":24,"key":"Letter Opener"},{"floor":26,"key":"CeramicFish"}],"event_choices":[{"damage_healed":0.0,"max_hp_gain":0.0,"max_hp_loss":6.0,"gold_gain":0.0,"event_name":"Golden Idol","player_choice":"Lose Max HP","floor":2.0,"gold_loss":0.0,"damage_taken":0.0,"relics_obtained":["Golden Idol"]},{"damage_healed":0.0,"max_hp_gain":0.0,"max_hp_loss":0.0,"gold_gain":0.0,"event_name":"Shining Light","player_choice":"Entered Light","floor":4.0,"gold_loss":0.0,"damage_taken":19.0,"cards_upgraded":["Vigilance","Strike_P"]},{"damage_healed":0,"gold_gain":0,"player_choice":"Got Potions","damage_taken":0,"max_hp_gain":0,"max_hp_loss":0,"event_name":"Lab","floor":19,"gold_loss":0}],"is_beta":false,"boss_relics":[{"not_picked":["Philosopher\u0027s Stone","Pandora\u0027s Box"],"picked":"Coffee Dripper"}],"items_purged_floors":[14],"is_endless":false,"potions_floor_spawned":[3,6,11,12,18,24],"killed_by":"Book of Stabbing","ascension_level":17}}