{"host":"kq2g769nefmuyn7c","time":1611041232,"event":{"mods":["ATMod(°¢èªMod)","Act Like it!","BaseMod","Gensokyo","Koishi","Minty Spire (QoL Compilation)","Remilia£¨ÀÙÃ×ÀòÑÇ£©","Replay The Spire","StSLib","The Servant 0.9.4"],"gold_per_floor":[116,46,46,56,66,91,91,119,119,146,162,162,162,196,196,299,299,317,567,567,585,599,599,610,645,645,745,780,798,268,297,297,393,393,410,410,410,420,437,464,484,484,510,535,535,535,535,563,563,563],"floor_reached":51,"language":"ZHS","playtime":3190,"items_purged":[],"score":1713,"play_id":"0ae6acef-a297-4c44-9faa-32dee5b6868e","local_time":"20210119152712","is_ascension_mode":true,"campfire_choices":[{"data":"AT_FamilyPortrait","floor":7.0,"key":"SMITH"},{"data":"Luminosity","floor":15.0,"key":"SMITH"},{"data":"Hightail","floor":23.0,"key":"SMITH"},{"data":"Strike_S","floor":32.0,"key":"PURGE"},{"data":"Collapse","floor":42,"key":"SMITH"},{"data":"BottledTime","floor":46,"key":"SMITH"},{"data":"InstantArmor","floor":46,"key":"SMITH"},{"data":"Master of Strategy","floor":49,"key":"SMITH"},{"data":"ShiftingGears","floor":49,"key":"SMITH"}],"circlet_count":0,"master_deck":["Strike_S","Defend_S","Defend_S","Defend_S","Defend_S","KidneyShot","Exchange","AT_FamilyPortrait+1","Master of Strategy+1","SpecialFormula","Manipulate","GearUp","InstantArmor+1","Orbit","Collapse+1","Duplication","Reinforced Body","BottledTime+1","Hightail+1","BottledTime+1","Dilation","ShiftingGears+1","Rearm+1","FlawlessForm","TimeTheft+1","Misdirection+1","Sabotage+1","Replace+1","Alleviate+1","DancingSilver+1","ForgedInTime+1","Luminosity+1","BestPractice+1","SilverMatrix","Gouge+1","Defy+1"],"relics":["Uniform","AT_ATBox","Gremlin Food","Ring of Misfortune","ReplayTheSpireMod:Ring of Addiction","Chameleon Ring","Potion Belt","Bronze Scales","Bottled Tornado","Juzu Bracelet","Ornamental Fan","Pear","Pondfish Scales","AT_TrinityForce","Simple Rune","Prayer Wheel","Mango","StoneCalendar","Toxic Egg 2","Pan","Orrery","Blood Vial","ChewingGum","Pantograph","Bird Faced Urn","AT_BladeRuinedKing","Letter Opener","Replay:Arrowhead","RomanBracelet"],"acts_visited":["Gensokyo:Gensokyo","Gensokyo:Gensokyoer","Gensokyo:Gensokyoest"],"potions_floor_usage":[35,38,41,44,47],"damage_taken":[{"damage":8.0,"enemies":"Gensokyo:3_Fairies","floor":1.0,"turns":4.0},{"damage":2.0,"enemies":"Gensokyo:2_Kodama","floor":4.0,"turns":5.0},{"damage":13.0,"enemies":"Gensokyo:Python","floor":5.0,"turns":4.0},{"damage":22.0,"enemies":"Gensokyo:Aya","floor":6.0,"turns":9.0},{"damage":22.0,"enemies":"Gensokyo:Cirno","floor":8.0,"turns":5.0},{"damage":8.0,"enemies":"Gensokyo:Aya","floor":10.0,"turns":6.0},{"damage":0.0,"enemies":"Gensokyo:VengefulSpirit","floor":11.0,"turns":7.0},{"damage":0.0,"enemies":"Gensokyo:Cirno","floor":14.0,"turns":6.0},{"damage":0.0,"enemies":"Gensokyo:Reimu","floor":16.0,"turns":9.0},{"damage":0.0,"enemies":"Gensokyo:2_Gloops","floor":18.0,"turns":1.0},{"damage":0.0,"enemies":"Gensokyo:Chomper","floor":21.0,"turns":3.0},{"damage":0.0,"enemies":"Gensokyo:Monolith_and_Dog","floor":22.0,"turns":2.0},{"damage":10.0,"enemies":"Gensokyo:Slime_Group","floor":24.0,"turns":3.0},{"damage":0.0,"enemies":"Gensokyo:Reisen","floor":25.0,"turns":8.0},{"damage":0.0,"enemies":"Gensokyo:Reisen","floor":27.0,"turns":5.0},{"damage":0.0,"enemies":"Gensokyo:Koishi","floor":28.0,"turns":6.0},{"damage":0.0,"enemies":"Gensokyo:3_Gloops","floor":29.0,"turns":3.0},{"damage":0.0,"enemies":"Gensokyo:Tenshi","floor":31.0,"turns":7.0},{"damage":0,"enemies":"Gensokyo:Eternal_Rivals","floor":33,"turns":7},{"damage":0,"enemies":"Gensokyo:3_Bats","floor":35,"turns":1},{"damage":0,"enemies":"Gensokyo:3_Boulders","floor":38,"turns":7},{"damage":0,"enemies":"Gensokyo:Dusk_and_Dawn","floor":39,"turns":5},{"damage":0,"enemies":"Gensokyo:Kasen","floor":40,"turns":6},{"damage":0,"enemies":"Gensokyo:4_Bats","floor":41,"turns":2},{"damage":0,"enemies":"Gensokyo:Doremy","floor":44,"turns":2},{"damage":0,"enemies":"Gensokyo:Kasen","floor":48,"turns":4},{"damage":0,"enemies":"Gensokyo:Shinki","floor":50,"turns":5}],"seed_played":"-6343322406293702830","potions_obtained":[{"floor":1.0,"key":"Fire Potion"},{"floor":3.0,"key":"FearPotion"},{"floor":3.0,"key":"BlessingOfTheForge"},{"floor":3.0,"key":"Block Potion"},{"floor":4.0,"key":"FairyPotion"},{"floor":8.0,"key":"GamblersBrew"},{"floor":10.0,"key":"Regen Potion"},{"floor":14.0,"key":"PowerPotion"},{"floor":21.0,"key":"Dexterity Potion"},{"floor":22.0,"key":"Explosive Potion"},{"floor":27.0,"key":"Adrenaline Potion"},{"floor":29.0,"key":"AttackPotion"},{"floor":33,"key":"Weak Potion"},{"floor":35,"key":"Elixir"},{"floor":38,"key":"Explosive Potion"},{"floor":40,"key":"Energy Potion"},{"floor":44,"key":"Fruit Juice"}],"is_trial":false,"path_per_floor":["M","?","?","M","M","E","R","E","T","E","M","?","?","E","R","B",null,"M","?","?","M","M","R","M","E","T","?","E","M","COS","E","R","B",null,"M","?","?","M","M","E","M","R","T","E","?","R","?","E","R","B",null],"character_chosen":"THE_SERVANT","items_purchased":[],"campfire_rested":0,"item_purchase_floors":[],"current_hp_per_floor":[36,36,36,34,26,9,9,27,27,24,56,51,51,59,59,64,71,73,69,69,69,69,69,59,64,64,83,83,83,83,83,83,83,83,83,83,83,83,83,83,83,83,83,83,50,50,45,58,58,90],"gold":563,"neow_bonus":"RANDOM_COLORLESS_2","is_daily":false,"chose_seed":false,"campfire_upgraded":8,"win_rate":0.0,"timestamp":1611041232,"path_taken":["M","?","?","M","?","E","R","E","T","E","M","?","?","E","R","BOSS","M","?","?","M","M","R","M","E","T","?","E","M","COS","E","R","BOSS","M","?","?","M","M","E","M","R","T","E","?","R","?","E","R","BOSS"],"items_purchased_type":[],"build_version":"2020-12-22","purchased_purges":0,"victory":true,"max_hp_per_floor":[65,65,65,65,65,65,65,65,65,63,63,73,73,73,73,73,73,73,69,69,69,69,69,69,69,69,83,83,83,83,83,83,83,83,83,83,83,83,83,83,83,83,83,83,83,83,90,90,90,90],"card_choices":[{"not_picked":["AT_BreakingExtremeWeapon","HandOfGreed"],"picked":"Master of Strategy","floor":0.0},{"not_picked":["DoubleEdge","BottledTime"],"picked":"SpecialFormula","floor":1.0},{"not_picked":["Snipe","Replace"],"picked":"Manipulate","floor":4.0},{"not_picked":["Barrier","Desolation"],"picked":"GearUp","floor":5.0},{"not_picked":["BottledTime","Unruled"],"picked":"Luminosity","floor":6.0},{"not_picked":["Ricochet","TimeWarp","ShatteredReality"],"picked":"SKIP","floor":8.0},{"not_picked":["Moonlight","Ricochet"],"picked":"InstantArmor","floor":10.0},{"not_picked":["ShatteredReality","Replace"],"picked":"Orbit","floor":11.0},{"not_picked":["FloweringNight","SilverBlades"],"picked":"Collapse","floor":14.0},{"not_picked":["Embodiment","KillingDoll"],"picked":"Duplication","floor":16.0},{"not_picked":["DoubleEdge","Manipulate","TimeWarp"],"picked":"SKIP","floor":18.0},{"not_picked":["Starlight","Ricochet"],"picked":"BottledTime+1","floor":21.0},{"not_picked":["Rewind+1","Rearm+1"],"picked":"Hightail","floor":22.0},{"not_picked":["Unruled","Alleviate"],"picked":"BottledTime","floor":24.0},{"not_picked":["Spin","Starlight"],"picked":"Dilation","floor":25.0},{"not_picked":["Unruled","Rearm"],"picked":"ShiftingGears","floor":27.0},{"not_picked":["TrueSight","PendulumOfEternity"],"picked":"Rearm+1","floor":28.0},{"not_picked":["Desolation","Orbit","ShatteredReality"],"picked":"SKIP","floor":29.0},{"not_picked":["Desolation","Collapse","Spin"],"picked":"SKIP","floor":29.0},{"not_picked":["Barrier+1","Spin"],"picked":"FlawlessForm","floor":30.0},{"not_picked":["Revamp+1","ShatteredReality"],"picked":"TimeTheft+1","floor":30.0},{"not_picked":["Revamp+1","Starlight"],"picked":"Misdirection+1","floor":30.0},{"not_picked":["FastForward+1","Snipe"],"picked":"Sabotage+1","floor":30.0},{"not_picked":["Spin+1","DoubleEdge"],"picked":"Replace+1","floor":30.0},{"not_picked":["DoubleEdge+1","Rearm+1"],"picked":"Alleviate+1","floor":31.0},{"not_picked":["Unruled","FastForward+1"],"picked":"DancingSilver+1","floor":31.0},{"not_picked":["Embodiment","MurderousAura"],"picked":"ForgedInTime+1","floor":33},{"not_picked":["Defy+1","Unruled"],"picked":"Luminosity+1","floor":35},{"not_picked":["Barrier+1","Misdirection+1"],"picked":"BestPractice+1","floor":35},{"not_picked":["Rearm+1","Potential+1","Unruled+1"],"picked":"SKIP","floor":38},{"not_picked":["Potential","TimeWarp","ReturningBlade"],"picked":"SKIP","floor":38},{"not_picked":["LightFlow","SoulSculpture"],"picked":"SilverMatrix","floor":39},{"not_picked":["Hightail+1","Shuttle+1","ShatteredReality"],"picked":"SKIP","floor":39},{"not_picked":["Starlight","TimeWarp+1","Replace+1"],"picked":"SKIP","floor":39},{"not_picked":["Sunlight","Orbit+1","ReturningBlade+1"],"picked":"SKIP","floor":40},{"not_picked":["DoubleEdge+1","Spin+1"],"picked":"Gouge+1","floor":41},{"not_picked":["FastForward+1","ShatteredReality+1"],"picked":"Defy+1","floor":41},{"not_picked":["Revamp+1","StarChef","Potential+1"],"picked":"SKIP","floor":44},{"not_picked":["Hightail+1","Spin+1","Misdirection+1"],"picked":"SKIP","floor":48}],"player_experience":264356,"relics_obtained":[{"floor":3.0,"key":"Ring of Misfortune"},{"floor":3.0,"key":"ReplayTheSpireMod:Ring of Addiction"},{"floor":3.0,"key":"Chameleon Ring"},{"floor":3.0,"key":"Potion Belt"},{"floor":6.0,"key":"Bronze Scales"},{"floor":8.0,"key":"Bottled Tornado"},{"floor":9.0,"key":"Juzu Bracelet"},{"floor":10.0,"key":"Ornamental Fan"},{"floor":14.0,"key":"Pondfish Scales"},{"floor":25.0,"key":"Simple Rune"},{"floor":26.0,"key":"Prayer Wheel"},{"floor":27.0,"key":"Mango"},{"floor":27.0,"key":"StoneCalendar"},{"floor":28.0,"key":"Toxic Egg 2"},{"floor":31.0,"key":"Blood Vial"},{"floor":40,"key":"AT_BladeRuinedKing"},{"floor":44,"key":"Letter Opener"},{"floor":48,"key":"RomanBracelet"}],"event_choices":[],"is_beta":false,"boss_relics":[{"not_picked":["Sozu","Velvet Choker"],"picked":"AT_TrinityForce"},{"not_picked":["Replay:Bronze Core","SacredBark"],"picked":"ChewingGum"}],"items_purged_floors":[],"is_endless":false,"potions_floor_spawned":[1,4,8,10,14,21,22,27,29,33,35,38,40,44],"ascension_level":8}}