{"host":"2lo6hma6kymb0g9i","time":1611031304,"event":{"mods":["BaseMod","Colored Map","DeckTracker","Minty Spire (QoL Compilation)"],"gold_per_floor":[115,265,25,25,36,66,66,85,85,85,85,112,92,106,106,177,177,193,93,109,109,143,143,143,143,169,169,169,169,188,63,63,134,134,153,169,185,35,60,60,74,296,296,296,308,308,308],"floor_reached":46,"language":"JPN","playtime":3913,"items_purged":["Doubt","Zap","Defragment","Capacitor"],"score":952,"play_id":"110c7d11-b11e-4fc6-8e57-3ad655096feb","local_time":"20210119134144","is_ascension_mode":true,"campfire_choices":[{"data":"Recycle","floor":7,"key":"SMITH"},{"data":"Hyperbeam","floor":11,"key":"SMITH"},{"data":"Streamline","floor":15,"key":"SMITH"},{"floor":23,"key":"REST"},{"data":"Reprogram","floor":25,"key":"SMITH"},{"data":"Hologram","floor":27,"key":"SMITH"},{"data":"Hyperbeam","floor":29,"key":"SMITH"},{"data":"Beam Cell","floor":32,"key":"SMITH"},{"data":"Leap","floor":40,"key":"SMITH"}],"circlet_count":0,"master_deck":["AscendersBane","Hyperbeam+1","Recycle+1","Leap","Streamline+1","Auto Shields","Core Surge","Hyperbeam+1","Scrape","Leap+1","Rip and Tear","Skim","BootSequence","Hologram+1","Reprogram+1","Beam Cell+1","Seek","Double Energy+1"],"relics":["Cracked Core","NeowsBlessing","Potion Belt","Letter Opener","Boot","Akabeko","Gremlin Horn","Pandora\u0027s Box","Red Mask","Pen Nib","SlaversCollar","Incense Burner","Smiling Mask"],"acts_visited":["Exordium","TheCity","TheBeyond"],"potions_floor_usage":[16,33,44,44,46],"damage_taken":[{"damage":0,"enemies":"Small Slimes","floor":1,"turns":1},{"damage":0,"enemies":"Jaw Worm","floor":5,"turns":1},{"damage":0,"enemies":"3 Sentries","floor":6,"turns":1},{"damage":0,"enemies":"Cultist","floor":8,"turns":3},{"damage":21,"enemies":"Lagavulin","floor":12,"turns":6},{"damage":0,"enemies":"2 Fungi Beasts","floor":14,"turns":2},{"damage":28,"enemies":"The Guardian","floor":16,"turns":14},{"damage":30,"enemies":"3 Byrds","floor":18,"turns":3},{"damage":3,"enemies":"2 Thieves","floor":20,"turns":2},{"damage":0,"enemies":"Masked Bandits","floor":22,"turns":1},{"damage":0,"enemies":"Centurion and Healer","floor":30,"turns":4},{"damage":48,"enemies":"Automaton","floor":33,"turns":9},{"damage":0,"enemies":"Orb Walker","floor":35,"turns":2},{"damage":0,"enemies":"3 Shapes","floor":36,"turns":1},{"damage":0,"enemies":"Sphere and 2 Shapes","floor":37,"turns":3},{"damage":25,"enemies":"Mind Bloom Boss Battle","floor":39,"turns":5},{"damage":39,"enemies":"Spire Growth","floor":41,"turns":5},{"damage":0,"enemies":"Writhing Mass","floor":44,"turns":2},{"damage":0,"enemies":"Transient","floor":45,"turns":6},{"damage":13,"enemies":"Nemesis","floor":46,"turns":2}],"seed_played":"-4428888592875054416","potions_obtained":[{"floor":1,"key":"Energy Potion"},{"floor":6,"key":"ColorlessPotion"},{"floor":13,"key":"SneckoOil"},{"floor":18,"key":"SmokeBomb"},{"floor":33,"key":"Swift Potion"},{"floor":36,"key":"Strength Potion"},{"floor":45,"key":"FearPotion"}],"is_trial":false,"path_per_floor":["M","?","$","?","M","E","R","M","T","?","R","E","?","M","R","B",null,"M","$","M","?","?","R","?","R","T","R","?","R","M","$","R","B",null,"M","M","M","$","?","R","M","?","T","M","M","E"],"character_chosen":"DEFECT","items_purchased":["Potion Belt"],"campfire_rested":1,"item_purchase_floors":[3],"current_hp_per_floor":[64,64,64,64,64,64,64,64,64,53,53,32,32,32,32,4,54,24,24,21,21,21,42,42,42,42,42,81,81,81,81,81,33,69,69,69,69,69,44,44,5,5,5,5,5,0,0],"gold":308,"neow_bonus":"THREE_ENEMY_KILL","is_daily":false,"chose_seed":false,"campfire_upgraded":8,"win_rate":0.0,"timestamp":1611031304,"path_taken":["M","?","$","?","?","E","R","M","T","?","R","E","?","?","R","BOSS","M","$","M","?","?","R","?","R","T","R","?","R","M","$","R","BOSS","M","M","M","?","?","R","M","?","T","M","M","E"],"items_purchased_type":["Relic"],"build_version":"2020-12-22","purchased_purges":4,"victory":false,"max_hp_per_floor":[71,71,71,71,71,71,71,71,71,71,71,71,71,71,71,71,71,71,71,71,71,71,71,71,71,71,71,81,81,81,81,81,81,81,81,81,81,81,81,81,81,81,81,81,81,81,81],"card_choices":[{"not_picked":["Undo","Sweeping Beam"],"picked":"Defragment","floor":1},{"not_picked":["Beam Cell","Fusion","Compile Driver"],"picked":"SKIP","floor":5},{"not_picked":["Lockon","Steam"],"picked":"Recycle","floor":6},{"not_picked":["Storm","Turbo"],"picked":"Leap","floor":8},{"not_picked":["Aggregate","Scrape"],"picked":"Streamline","floor":12},{"not_picked":["Steam","Barrage"],"picked":"Auto Shields","floor":14},{"not_picked":["Multi-Cast","Thunder Strike"],"picked":"Core Surge","floor":16},{"not_picked":["Ball Lightning","Barrage"],"picked":"BootSequence","floor":18},{"not_picked":["Leap","Lockon"],"picked":"Hologram","floor":20},{"not_picked":["Ball Lightning","Turbo"],"picked":"Beam Cell","floor":30},{"not_picked":["Hyperbeam","Reboot"],"picked":"Seek","floor":33},{"not_picked":["Chill","Ball Lightning"],"picked":"Double Energy+1","floor":35},{"not_picked":["Sweeping Beam","Barrage","Static Discharge"],"picked":"SKIP","floor":36},{"not_picked":["Rebound","Steam","Redo"],"picked":"SKIP","floor":37},{"not_picked":["Undo","Genetic Algorithm+1","Static Discharge"],"picked":"SKIP","floor":41},{"not_picked":["Streamline","Hologram","Recycle"],"picked":"SKIP","floor":45}],"player_experience":1094210,"relics_obtained":[{"floor":6,"key":"Letter Opener"},{"floor":9,"key":"Boot"},{"floor":12,"key":"Gremlin Horn"},{"floor":22,"key":"Red Mask"},{"floor":26,"key":"Pen Nib"},{"floor":39,"key":"Incense Burner"},{"floor":43,"key":"Smiling Mask"}],"event_choices":[{"damage_healed":0,"gold_gain":150,"player_choice":"AGREE","damage_taken":0,"max_hp_gain":0,"max_hp_loss":0,"event_name":"Liars Game","floor":2,"gold_loss":0,"cards_obtained":["Doubt"]},{"damage_healed":0,"gold_gain":0,"cards_transformed":["Strike_B"],"player_choice":"Change","damage_taken":0,"max_hp_gain":0,"max_hp_loss":0,"event_name":"Living Wall","floor":4,"gold_loss":0,"cards_obtained":["Hyperbeam"]},{"damage_healed":0,"gold_gain":0,"player_choice":"Success","damage_taken":11,"relics_obtained":["Akabeko"],"max_hp_gain":0,"max_hp_loss":0,"event_name":"Scrap Ooze","floor":10,"gold_loss":0},{"damage_healed":0,"gold_gain":0,"player_choice":"Bought 1 Potion","damage_taken":0,"max_hp_gain":0,"max_hp_loss":0,"event_name":"The Woman in Blue","floor":13,"gold_loss":0},{"cards_removed":["Dualcast"],"damage_healed":0,"gold_gain":0,"player_choice":"Elegance","damage_taken":0,"max_hp_gain":0,"max_hp_loss":0,"event_name":"Back to Basics","floor":21,"gold_loss":0},{"damage_healed":0,"gold_gain":0,"player_choice":"Fought Bandits","damage_taken":0,"max_hp_gain":0,"max_hp_loss":0,"event_name":"Masked Bandits","floor":22,"gold_loss":0},{"damage_healed":0,"gold_gain":0,"player_choice":"Read","damage_taken":0,"max_hp_gain":0,"max_hp_loss":0,"event_name":"The Library","floor":24,"gold_loss":0,"cards_obtained":["Reprogram"]},{"cards_removed":["Biased Cognition"],"damage_healed":29,"gold_gain":0,"player_choice":"Offered Rare","damage_taken":0,"max_hp_gain":10,"max_hp_loss":0,"event_name":"Bonfire Elementals","floor":28,"gold_loss":0},{"damage_healed":0,"gold_gain":0,"player_choice":"Fight","damage_taken":0,"max_hp_gain":0,"max_hp_loss":0,"event_name":"MindBloom","floor":39,"gold_loss":0},{"damage_healed":0,"gold_gain":222,"player_choice":"Wore Mask","damage_taken":0,"max_hp_gain":0,"max_hp_loss":0,"event_name":"Tomb of Lord Red Mask","floor":42,"gold_loss":0}],"is_beta":false,"boss_relics":[{"not_picked":["SacredBark","Inserter"],"picked":"Pandora\u0027s Box"},{"not_picked":["Runic Dome","Calling Bell"],"picked":"SlaversCollar"}],"items_purged_floors":[3,19,31,38],"is_endless":false,"potions_floor_spawned":[1,6,18,33,36,37,44,45],"killed_by":"Nemesis","ascension_level":20}}