{"host":"sc0o2qwpf9j16a4i","time":1611068557,"event":{"mods":["AchievementEnabler","BaseMod","BetterRewards","Block Reminder","Colored Map","Colored Powertips","Custom Start","Highlight Path","Minty Spire (QoL Compilation)","Relic Stats"],"gold_per_floor":[117,117,136,150,163,163,198,198,198,198,216,216,6,21,21,95,95,108,108,108,122,32,32,367,385,385,410,449,461,499,611,623,635,635],"floor_reached":33,"language":"ENG","playtime":1278,"items_purged":["Pain","Strike_P"],"score":810,"play_id":"1bf27d88-cef2-43c5-ab9a-01eeba349094","local_time":"20210119170237","is_ascension_mode":true,"campfire_choices":[{"floor":6,"key":"REST"},{"floor":8,"key":"REST"},{"data":"MentalFortress","floor":15,"key":"SMITH"},{"floor":23,"key":"REST"},{"floor":29,"key":"REST"},{"floor":32,"key":"REST"}],"circlet_count":0,"master_deck":["AscendersBane","Strike_P","Strike_P","Defend_P","Defend_P","Defend_P","Defend_P","Eruption","Vigilance","Tantrum","FearNoEvil","FollowUp","ThirdEye","MentalFortress+1","CutThroughFate","ThirdEye","FlurryOfBlows","FlurryOfBlows","DevaForm","WheelKick","SandsOfTime","Wallop","SashWhip","DeceiveReality","Nirvana","Wireheading"],"relics":["PureWater","WarpedTongs","MealTicket","Ornamental Fan","Membership Card","Snecko Eye","Old Coin","MawBank","Smiling Mask","Pear","Peace Pipe","Gremlin Horn"],"acts_visited":["Exordium","TheCity"],"potions_floor_usage":[7,11,25,30,31,31],"damage_taken":[{"damage":0,"enemies":"2 Louse","floor":1,"turns":2},{"damage":0,"enemies":"Cultist","floor":3,"turns":1},{"damage":0,"enemies":"Small Slimes","floor":4,"turns":2},{"damage":42,"enemies":"Exordium Thugs","floor":5,"turns":6},{"damage":27,"enemies":"3 Sentries","floor":7,"turns":11},{"damage":0,"enemies":"Exordium Wildlife","floor":11,"turns":2},{"damage":0,"enemies":"3 Louse","floor":14,"turns":3},{"damage":22,"enemies":"Hexaghost","floor":16,"turns":9},{"damage":38,"enemies":"3 Byrds","floor":18,"turns":7},{"damage":0,"enemies":"Chosen","floor":21,"turns":4},{"damage":25,"enemies":"Gremlin Leader","floor":24,"turns":3},{"damage":0,"enemies":"Snake Plant","floor":25,"turns":3},{"damage":0,"enemies":"Snecko","floor":27,"turns":2},{"damage":20,"enemies":"Book of Stabbing","floor":28,"turns":5},{"damage":1,"enemies":"Gremlin Leader","floor":30,"turns":5},{"damage":23,"enemies":"Colosseum Slavers","floor":31,"turns":3},{"damage":23,"enemies":"Colosseum Nobs","floor":31,"turns":4},{"damage":38,"enemies":"Champ","floor":33,"turns":8}],"seed_played":"1113464432089837856","potions_obtained":[{"floor":4,"key":"StancePotion"},{"floor":7,"key":"StancePotion"},{"floor":11,"key":"Ancient Potion"},{"floor":14,"key":"BottledMiracle"},{"floor":18,"key":"ColorlessPotion"},{"floor":28,"key":"GamblersBrew"},{"floor":30,"key":"SteroidPotion"}],"is_trial":false,"path_per_floor":["M","?","M","M","M","R","E","R","T","?","M","?","$","M","R","B",null,"M","?","?","M","$","R","E","M","T","M","E","R","E","?","R","B"],"character_chosen":"WATCHER","items_purchased":["Tantrum","FearNoEvil","Membership Card","FlurryOfBlows","SandsOfTime"],"campfire_rested":5,"item_purchase_floors":[0,0,13,13,22],"current_hp_per_floor":[57,57,57,57,15,35,8,28,28,28,28,28,43,43,43,21,56,18,18,32,32,47,67,42,42,42,42,22,42,51,5,28,0,0],"gold":635,"neow_bonus":"","is_daily":false,"chose_seed":false,"campfire_upgraded":1,"win_rate":0.0,"timestamp":1611068557,"path_taken":["M","?","?","M","M","R","E","R","T","?","M","?","$","M","R","BOSS","M","?","?","M","?","R","E","M","T","M","E","R","E","?","R","BOSS"],"items_purchased_type":["Card","Card","Relic","Card","Card"],"build_version":"2020-12-22","purchased_purges":2,"victory":false,"max_hp_per_floor":[68,68,68,68,68,68,68,68,68,68,68,68,68,68,68,68,68,68,68,68,68,68,68,68,68,68,68,68,68,78,78,78,78,78],"relic_stats":{"Peace Pipe":0,"Gremlin Horn":[0,0],"counters":[33,162],"Ornamental Fan":[164],"Snecko Eye":[90,76,82,84],"MealTicket":30,"MawBank":84,"Smiling Mask":0,"obtain_stats":[{"Pear":30,"Gremlin Horn":31,"Golden Idol":8,"Oddly Smooth Stone":7,"PreservedInsect":9,"Whetstone":6,"Ancient Tea Set":0,"GoldenEye":8,"MawBank":26,"Smiling Mask":28,"WarpedTongs":2,"Old Coin":24,"Peace Pipe":31,"Dream Catcher":0,"Ornamental Fan":9,"Pantograph":9,"Snecko Eye":17,"MealTicket":7,"Membership Card":13,"PureWater":0},{"Pear":30,"Gremlin Horn":32,"Golden Idol":11,"Oddly Smooth Stone":11,"PreservedInsect":11,"Whetstone":4,"Ancient Tea Set":0,"GoldenEye":5,"MawBank":27,"Smiling Mask":29,"WarpedTongs":16,"Old Coin":26,"Peace Pipe":32,"Dream Catcher":7,"Ornamental Fan":20,"Pantograph":5,"Snecko Eye":23,"MealTicket":20,"Membership Card":21,"PureWater":0},{"Pear":147,"Gremlin Horn":154,"Golden Idol":57,"Oddly Smooth Stone":57,"PreservedInsect":57,"Whetstone":15,"Ancient Tea Set":0,"GoldenEye":22,"MawBank":135,"Smiling Mask":142,"WarpedTongs":84,"Old Coin":132,"Peace Pipe":154,"Dream Catcher":28,"Ornamental Fan":104,"Pantograph":22,"Snecko Eye":118,"MealTicket":104,"Membership Card":106,"PureWater":0}],"WarpedTongs":[75]},"card_choices":[{"not_picked":["Consecrate","Halt"],"picked":"FollowUp","floor":1},{"not_picked":["ForeignInfluence","SignatureMove"],"picked":"ThirdEye","floor":3},{"not_picked":["JustLucky","FollowUp"],"picked":"MentalFortress","floor":4},{"not_picked":["Nirvana","Sanctity"],"picked":"CutThroughFate","floor":5},{"not_picked":["WreathOfFlame","PathToVictory","FollowUp"],"picked":"SKIP","floor":7},{"not_picked":["SignatureMove","Collect"],"picked":"ThirdEye","floor":11},{"not_picked":["Weave","Crescendo"],"picked":"FlurryOfBlows","floor":14},{"not_picked":["SpiritShield","Blasphemy"],"picked":"DevaForm","floor":16},{"not_picked":["ClearTheMind+1","Prostrate","CutThroughFate"],"picked":"SKIP","floor":18},{"not_picked":["SashWhip","Conclude"],"picked":"WheelKick","floor":21},{"not_picked":["Prostrate","EmptyFist"],"picked":"Wallop","floor":24},{"not_picked":["FollowUp","PathToVictory"],"picked":"SashWhip","floor":25},{"not_picked":["SashWhip","Crescendo+1"],"picked":"DeceiveReality","floor":27},{"not_picked":["WreathOfFlame","ClearTheMind"],"picked":"Nirvana","floor":28},{"not_picked":["WindmillStrike","Prostrate"],"picked":"Wireheading","floor":30}],"player_experience":751620,"relics_obtained":[{"floor":7,"key":"MealTicket"},{"floor":9,"key":"Ornamental Fan"},{"floor":24,"key":"Old Coin"},{"floor":26,"key":"MawBank"},{"floor":28,"key":"Smiling Mask"},{"floor":30,"key":"Pear"},{"floor":31,"key":"Peace Pipe"},{"floor":31,"key":"Gremlin Horn"}],"event_choices":[{"damage_healed":0,"gold_gain":0,"player_choice":"Rummage","damage_taken":0,"relics_obtained":["WarpedTongs"],"max_hp_gain":0,"max_hp_loss":0,"event_name":"Accursed Blacksmith","floor":2,"gold_loss":0,"cards_obtained":["Pain"]},{"damage_healed":0,"gold_gain":0,"player_choice":"Ignored","damage_taken":0,"max_hp_gain":0,"max_hp_loss":0,"event_name":"Shining Light","floor":10,"gold_loss":0},{"cards_removed":["Strike_P"],"damage_healed":0,"gold_gain":0,"player_choice":"Offered Basic","damage_taken":0,"max_hp_gain":0,"max_hp_loss":0,"event_name":"Bonfire Elementals","floor":12,"gold_loss":0},{"damage_healed":0,"gold_gain":0,"player_choice":"Ignored","damage_taken":0,"max_hp_gain":0,"max_hp_loss":0,"event_name":"Ghosts","floor":19,"gold_loss":0},{"damage_healed":14,"gold_gain":0,"player_choice":"Heal","damage_taken":0,"max_hp_gain":0,"max_hp_loss":0,"event_name":"The Library","floor":20,"gold_loss":0},{"damage_healed":0,"gold_gain":0,"player_choice":"Fight","damage_taken":0,"max_hp_gain":0,"max_hp_loss":0,"event_name":"Colosseum","floor":31,"gold_loss":0},{"damage_healed":0,"gold_gain":0,"player_choice":"Fought Nobs","damage_taken":0,"max_hp_gain":0,"max_hp_loss":0,"event_name":"Colosseum","floor":31,"gold_loss":0}],"is_beta":false,"boss_relics":[{"not_picked":["Sozu","Velvet Choker"],"picked":"Snecko Eye"}],"items_purged_floors":[13,22],"is_endless":false,"potions_floor_spawned":[4,7,11,14,18,28,30,31],"killed_by":"Champ","ascension_level":20}}