{"host":"leop","time":1611019128,"event":{"mods":["ATMod(∞¢Ë™Mod)","Act Like it!","BaseMod","Conspire","GifTheSpireLib","HumanHunterMod(π÷ŒÔ…±»Àmod)","Minty Spire (QoL Compilation)","MostiFishMod","Shop Mod","Spicy Shops","StSLib","TestMod","The Alterego","[IsaacMod]“‘»ˆº‚À˛","°æ“≈ŒÔø®≈∆°øREMEMod"],"gold_per_floor":[118,130,202,212,253,253,253],"floor_reached":6,"language":"ZHS","playtime":342,"items_purged":[],"score":40,"play_id":"41798452-911d-4055-ae90-f92d647715c5","local_time":"20210119091848","is_ascension_mode":true,"campfire_choices":[],"circlet_count":0,"master_deck":["alterego_mod:Strike","alterego_mod:Strike","alterego_mod:Strike","alterego_mod:Strike","alterego_mod:Defend","alterego_mod:Defend","alterego_mod:Defend","alterego_mod:Defend","alterego_mod:Impale","alterego_mod:BigMeatyClaws","alterego_mod:BrynhildrsRune","AT_FamilyPortrait","alterego_mod:Venus","alterego_mod:1TonWallop"],"relics":["testmod-TestBox","DaveBox","REME_ComplimentaryCards","AT_ATBox","HushsDoor","testmod-Prudence","SteamSale","OrangePellets","testmod-IndustrialRevolution","SynthV:TestCard","Bronze Scales"],"acts_visited":["Exordium"],"potions_floor_usage":[6],"damage_taken":[{"damage":0.0,"enemies":"Small Slimes","floor":1.0,"turns":3.0},{"damage":5.0,"enemies":"Cultist","floor":2.0,"turns":4.0},{"damage":7.0,"enemies":"conspire:RoseBush","floor":4.0,"turns":3.0},{"damage":15.0,"enemies":"conspire:MimicChest","floor":5.0,"turns":5.0},{"damage":39,"enemies":"3 Sentries","floor":6,"turns":6}],"seed_played":"-3251084064649173395","potions_obtained":[{"floor":1.0,"key":"SpeedPotion"}],"is_trial":false,"path_per_floor":["M","M","?","M","?","E"],"character_chosen":"The_Alterego","items_purchased":[],"campfire_rested":0,"item_purchase_floors":[],"current_hp_per_floor":[70,65,50,43,28,0,0],"gold":253,"neow_bonus":"BOSS_RELIC","is_daily":false,"chose_seed":false,"campfire_upgraded":0,"win_rate":0.0,"timestamp":1611019128,"path_taken":["M","M","?","M","?","E"],"items_purchased_type":[],"build_version":"2020-12-18","purchased_purges":0,"victory":false,"max_hp_per_floor":[70,70,70,70,70,70,70],"card_choices":[{"not_picked":["alterego_mod:Undulate","alterego_mod:Maid","alterego_mod:BiFurious"],"picked":"SKIP","floor":1.0},{"not_picked":["alterego_mod:Exercise","alterego_mod:Cooking","alterego_mod:Mirror","alterego_mod:ChallengeComplete"],"picked":"alterego_mod:Venus","floor":2.0},{"not_picked":["alterego_mod:GoddessCore","alterego_mod:Bounce","alterego_mod:Complex","alterego_mod:Weigh"],"picked":"alterego_mod:1TonWallop","floor":4.0}],"player_experience":1119938,"relics_obtained":[{"floor":1.0,"key":"SynthV:TestCard"},{"floor":5.0,"key":"Bronze Scales"}],"event_choices":[],"is_beta":true,"boss_relics":[],"items_purged_floors":[],"is_endless":false,"potions_floor_spawned":[1],"killed_by":"3 Sentries","ascension_level":2}}