{"host":"mydft8i2zzydgggw","time":1611073144,"event":{"mods":["AchievementEnabler","BaseMod","BetterRewards","Colored Map","Colored Powertips","DeckTracker","Keyboard Shortcuts","Minty Spire (QoL Compilation)","Rare Cards Sparkle","StSLib","SuperFastMode","everything is the same but u backflip on backflip"],"gold_per_floor":[115,134,134,146,168,180,211,237,249,261,302,60,60,92,92,194,194,175,193,193,193],"floor_reached":20,"language":"KOR","playtime":457,"items_purged":[],"score":285,"play_id":"8bce8919-bdd6-46cc-9802-9e41b8899d11","local_time":"20210120011904","is_ascension_mode":true,"campfire_choices":[{"data":"Dualcast","floor":6,"key":"SMITH"},{"data":"Fusion","floor":10,"key":"SMITH"},{"floor":13,"key":"REST"},{"data":"Coolheaded","floor":15,"key":"SMITH"}],"circlet_count":0,"master_deck":["AscendersBane","Strike_B","Strike_B","Strike_B","Strike_B","Defend_B","Defend_B","Defend_B","Defend_B","Zap","Dualcast+1","Sweeping Beam","Turbo","Leap","Fusion+1","Compile Driver","Seek","Coolheaded+1","Electrodynamics","Aggregate+1"],"relics":["Cracked Core","MawBank","Strawberry","StrikeDummy","Gremlin Horn","Omamori","Nuclear Battery"],"acts_visited":["Exordium","TheCity"],"potions_floor_usage":[16],"damage_taken":[{"damage":2,"enemies":"2 Louse","floor":1,"turns":3},{"damage":1,"enemies":"Cultist","floor":2,"turns":4},{"damage":18,"enemies":"Jaw Worm","floor":5,"turns":4},{"damage":8,"enemies":"Looter","floor":7,"turns":3},{"damage":1,"enemies":"2 Fungi Beasts","floor":8,"turns":3},{"damage":29,"enemies":"Gremlin Nob","floor":11,"turns":4},{"damage":20,"enemies":"3 Sentries","floor":14,"turns":5},{"damage":16,"enemies":"Slime Boss","floor":16,"turns":10},{"damage":20,"enemies":"2 Thieves","floor":18,"turns":4},{"damage":0,"enemies":"3 Byrds","floor":19,"turns":3},{"damage":50,"enemies":"Snecko","floor":20,"turns":5}],"seed_played":"-6189352967185273718","potions_obtained":[{"floor":11,"key":"Ancient Potion"},{"floor":14,"key":"FearPotion"},{"floor":16,"key":"PotionOfCapacity"}],"is_trial":false,"path_per_floor":["M","M","?","$","M","R","M","M","T","R","E","$","R","E","R","B",null,"M","M","M"],"character_chosen":"DEFECT","items_purchased":["Gremlin Horn"],"campfire_rested":1,"item_purchase_floors":[12],"current_hp_per_floor":[66,65,65,65,47,47,39,38,45,45,16,16,40,20,20,4,63,43,43,0,0],"gold":193,"neow_bonus":"THREE_CARDS","is_daily":false,"chose_seed":false,"campfire_upgraded":3,"win_rate":0.0,"timestamp":1611073144,"path_taken":["M","M","?","$","M","R","?","M","T","R","E","$","R","E","R","BOSS","M","?","M"],"items_purchased_type":["Relic"],"build_version":"2020-12-22","purchased_purges":0,"victory":false,"max_hp_per_floor":[75,75,75,75,75,75,75,75,82,82,82,82,82,82,82,82,82,82,82,82,82],"card_choices":[{"not_picked":["Gash","BootSequence"],"picked":"Sweeping Beam","floor":0},{"not_picked":["Barrage","Melter"],"picked":"Turbo","floor":1},{"not_picked":["BootSequence","Ball Lightning"],"picked":"Darkness","floor":2},{"not_picked":["Barrage","Beam Cell"],"picked":"Leap","floor":5},{"not_picked":["Leap","Genetic Algorithm"],"picked":"Fusion","floor":7},{"not_picked":["Steam","Hologram"],"picked":"Compile Driver","floor":8},{"not_picked":["Leap","Beam Cell"],"picked":"Seek","floor":11},{"not_picked":["Streamline","Hologram"],"picked":"Coolheaded","floor":14},{"not_picked":["Meteor Strike","Biased Cognition"],"picked":"Electrodynamics","floor":16},{"not_picked":["Steam","Go for the Eyes"],"picked":"Aggregate+1","floor":18},{"not_picked":["White Noise","Fusion","Lockon+1"],"picked":"SKIP","floor":19}],"player_experience":186145,"relics_obtained":[{"floor":9,"key":"Strawberry"},{"floor":11,"key":"StrikeDummy"},{"floor":14,"key":"Omamori"}],"event_choices":[{"cards_removed":["Darkness"],"damage_healed":0,"gold_gain":0,"player_choice":"Gave Card","damage_taken":0,"relics_obtained":["MawBank"],"max_hp_gain":0,"max_hp_loss":0,"event_name":"WeMeetAgain","floor":3,"gold_loss":0}],"is_beta":false,"boss_relics":[{"not_picked":["Tiny House","Sozu"],"picked":"Nuclear Battery"}],"items_purged_floors":[],"is_endless":false,"potions_floor_spawned":[11,14,16,18],"killed_by":"Snecko","ascension_level":11}}