{"host":"drk0p5jtlzl1xmwe","time":1611087589,"event":{"mods":["2.2 Compatiblity","AchievementEnabler","Act Like it!","Bard","BaseMod","Better Note","Better Vampires","Ekko","Friendly Minions","Hermit","Hubris","Infinite Spire","Luminous","Marisa????????","Minty Spire (QoL Compilation)","Rare Cards Sparkle","Relic Stats","Replay The Spire","Shade Mod","StSLib","The Animator","The Bug Knight","The Cursed","The Disciple","The Gatherer","The Servant 0.9.4","The Spell Scribe"],"gold_per_floor":[119,119,119,134,150,193,193,207,207,227,227,266,282,307,307,438,438,454,454,97,97,117,150,150,170,193,193,246,262,297,318,318,447,447,462,481,481,7,32,68,87,87,111,111,132,132,156,281,281,281],"floor_reached":51,"language":"ENG","playtime":2281,"items_purged":["Strike_G"],"score":952,"play_id":"a010cc01-58e3-46bc-ac82-73ac8c9628a2","local_time":"20210119201949","is_ascension_mode":true,"campfire_choices":[{"data":"Survivor","floor":7.0,"key":"SMITH"},{"floor":15.0,"key":"REST"},{"data":"Envenom","floor":27.0,"key":"SMITH"},{"floor":32.0,"key":"REST"},{"data":"Terror","floor":42.0,"key":"SMITH"},{"data":"Neutralize","floor":46.0,"key":"SMITH"},{"floor":49,"key":"REST"}],"circlet_count":0,"master_deck":["Defend_G","Defend_G","Defend_G","Defend_G","Defend_G","Survivor+1","Neutralize+1","Fluid Movement+1","Blade Dance","Terror+1","Storm of Steel","Accuracy","Prepared","Underhanded Strike","Hidden Blade","Envenom+1","A Thousand Cuts","ReplayTheSpireMod:Shiv Toss+1","Prepared+1","Sucker Punch+1","Cloak And Dagger+1","infinitespire:Neurotoxin","Hidden Blade","Prepared+1","Backstab+1","Cloak And Dagger+1","Cloak And Dagger+1","Unload","infinitespire:Execution"],"relics":["Ring of the Snake","Golden Idol","infinitespire:Lucky Rock","HornCleat","infinitespire:ShieldingShard","WristBlade","Anchor","hubris:ToyBattleship","Vajra","Mercury Hourglass","infinitespire:Golems Mask","Painkiller Herb","Membership Card","Turnip","HollowMod:LifeEnderRelic","Vampiric Spirits","Ancient Tea Set","Counterbalance"],"acts_visited":["Exordium","TheCity","TheBeyond"],"potions_floor_usage":[50],"damage_taken":[{"damage":0.0,"enemies":"Jaw Worm","floor":1.0,"turns":4.0},{"damage":7.0,"enemies":"Small Slimes","floor":4.0,"turns":5.0},{"damage":0.0,"enemies":"Cultist","floor":5.0,"turns":4.0},{"damage":36.0,"enemies":"Lagavulin","floor":6.0,"turns":7.0},{"damage":0.0,"enemies":"Blue Slaver","floor":8.0,"turns":4.0},{"damage":2.0,"enemies":"Red Slaver","floor":10.0,"turns":4.0},{"damage":11.0,"enemies":"Replay:BlueRogue","floor":12.0,"turns":3.0},{"damage":4.0,"enemies":"Looter","floor":13.0,"turns":4.0},{"damage":0.0,"enemies":"Large Slime","floor":14.0,"turns":4.0},{"damage":17.0,"enemies":"Slime Boss","floor":16.0,"turns":4.0},{"damage":0.0,"enemies":"3 Byrds","floor":18.0,"turns":5.0},{"damage":0.0,"enemies":"Chosen","floor":22.0,"turns":3.0},{"damage":10.0,"enemies":"Slavers","floor":23.0,"turns":5.0},{"damage":0.0,"enemies":"Snecko","floor":25.0,"turns":3.0},{"damage":0.0,"enemies":"3 Cultists","floor":29.0,"turns":3.0},{"damage":2.0,"enemies":"Book of Stabbing","floor":30.0,"turns":4.0},{"damage":0.0,"enemies":"Centurion and Healer","floor":31.0,"turns":3.0},{"damage":38.0,"enemies":"Collector","floor":33.0,"turns":5.0},{"damage":0.0,"enemies":"Orb Walker","floor":35.0,"turns":2.0},{"damage":0.0,"enemies":"3 Shapes","floor":36.0,"turns":4.0},{"damage":0.0,"enemies":"Jaw Worm Horde","floor":39.0,"turns":4.0},{"damage":0.0,"enemies":"Reptomancer","floor":40.0,"turns":1.0},{"damage":0.0,"enemies":"Transient","floor":41.0,"turns":5.0},{"damage":0.0,"enemies":"3 Darklings","floor":45.0,"turns":3.0},{"damage":0.0,"enemies":"Jaw Worm Horde","floor":47.0,"turns":4.0},{"damage":0.0,"enemies":"infinitespire:Three Voidlings","floor":48.0,"turns":2.0},{"damage":30.0,"enemies":"Nightmare_Alpha","floor":48.0,"turns":10.0},{"damage":7,"enemies":"infinitespire:MassOfShapes","floor":50,"turns":4}],"seed_played":"9068307051644945010","potions_obtained":[{"floor":1.0,"key":"ColorlessPotion"},{"floor":6.0,"key":"Elixir"},{"floor":8.0,"key":"PowerPotion"},{"floor":14.0,"key":"Weak Potion"},{"floor":21.0,"key":"CunningPotion"},{"floor":21.0,"key":"Swift Potion"},{"floor":23.0,"key":"BlessingOfTheForge"},{"floor":28.0,"key":"Doom Potion"},{"floor":29.0,"key":"Reflective Coating"},{"floor":31.0,"key":"Fire Potion"},{"floor":33.0,"key":"SteroidPotion"},{"floor":35.0,"key":"Block Potion"},{"floor":40.0,"key":"FearPotion"},{"floor":45.0,"key":"GamblersBrew"},{"floor":47.0,"key":"SpeedPotion"},{"floor":48,"key":"ColorlessPotion"}],"is_trial":false,"path_per_floor":["M","?","?","M","M","E","R","M","T","M","?","E","M","M","R","B",null,"M","?","$","?","M","E","?","M","T","R","?","M","E","M","R","B",null,"?","?","?","T","?","E","?","T","T","?","?","T","?","?","T","B",null],"character_chosen":"THE_SILENT","items_purchased":["Envenom","Anchor","Energy Potion","Membership Card","Turnip","HollowMod:LifeEnderRelic"],"campfire_rested":3,"item_purchase_floors":[20,20,20,38,38,38],"current_hp_per_floor":[70,65,65,58,58,22,22,22,22,20,20,9,5,5,24,7,65,65,65,65,65,65,55,40,40,40,40,24,24,22,22,41,3,65,65,65,65,65,65,65,65,65,65,65,65,65,65,35,54,58],"gold":281,"neow_bonus":"REMOVE_CARD","is_daily":false,"chose_seed":false,"campfire_upgraded":4,"win_rate":0.0,"timestamp":1611087589,"path_taken":["M","?","?","M","M","E","R","M","T","?","?","E","?","M","R","BOSS","M","?","$","?","?","E","?","M","T","R","?","M","E","M","R","BOSS","?","?","?","T","?","E","?","T","T","?","?","T","?","?","T","BOSS"],"items_purchased_type":["Card","Relic","Potion","Relic","Relic","Relic"],"build_version":"2020-12-22","purchased_purges":1,"victory":true,"max_hp_per_floor":[70,65,65,65,65,65,65,65,65,65,65,65,65,65,65,65,65,65,65,65,65,65,65,65,65,65,65,65,65,65,65,65,65,65,65,65,65,65,65,65,65,65,65,65,65,65,65,65,65,65],"relic_stats":{"counters":[28,113],"Golden Idol":240,"Turnip":[0],"obtain_stats":[{"HollowMod:LifeEnderRelic":38,"Golden Idol":2,"Vampiric Spirits":40,"Counterbalance":48,"Vajra":26,"Painkiller Herb":34,"infinitespire:Lucky Rock":6,"Ancient Tea Set":43,"Mercury Hourglass":28,"Anchor":20,"HornCleat":9,"infinitespire:ShieldingShard":12,"WristBlade":17,"infinitespire:Golems Mask":30,"Turnip":38,"hubris:ToyBattleship":23,"Membership Card":38,"Ring of the Snake":0},{"HollowMod:LifeEnderRelic":20,"Golden Idol":1,"Vampiric Spirits":22,"Counterbalance":27,"Vajra":14,"Painkiller Herb":18,"infinitespire:Lucky Rock":4,"Ancient Tea Set":23,"Mercury Hourglass":14,"Anchor":11,"HornCleat":5,"infinitespire:ShieldingShard":7,"WristBlade":10,"infinitespire:Golems Mask":16,"Turnip":20,"hubris:ToyBattleship":13,"Membership Card":20,"Ring of the Snake":0},{"HollowMod:LifeEnderRelic":80,"Golden Idol":4,"Vampiric Spirits":85,"Counterbalance":109,"Vajra":59,"Painkiller Herb":74,"infinitespire:Lucky Rock":20,"Ancient Tea Set":90,"Mercury Hourglass":59,"Anchor":48,"HornCleat":24,"infinitespire:ShieldingShard":31,"WristBlade":43,"infinitespire:Golems Mask":66,"Turnip":80,"hubris:ToyBattleship":56,"Membership Card":80,"Ring of the Snake":0}],"Ring of the Snake":[56],"Mercury Hourglass":[208]},"card_choices":[{"not_picked":["Backflip","Heel Hook"],"picked":"Fluid Movement","floor":1.0},{"not_picked":["Bane","Flechettes"],"picked":"Blade Dance","floor":4.0},{"not_picked":["ReplayTheSpireMod:Speed Training","Flechettes"],"picked":"Terror","floor":5.0},{"not_picked":["Fluid Movement","Acrobatics"],"picked":"Storm of Steel","floor":6.0},{"not_picked":["Heel Hook","Crippling Poison"],"picked":"Accuracy","floor":8.0},{"not_picked":["Outmaneuver","Flying Knee"],"picked":"Prepared","floor":10.0},{"not_picked":["Outmaneuver","PiercingWail"],"picked":"Underhanded Strike","floor":12.0},{"not_picked":["Quick Slash","Finisher","Acrobatics"],"picked":"SKIP","floor":13.0},{"not_picked":["Outmaneuver","Poisoned Stab"],"picked":"Hidden Blade","floor":14.0},{"not_picked":["Bane","hubris:SlightOfHand+1","Deflect+1"],"picked":"SKIP","floor":18.0},{"not_picked":["Deadly Poison","hubris:TrickCloak","Calculated Gamble+1"],"picked":"SKIP","floor":22.0},{"not_picked":["Noxious Fumes","Slice"],"picked":"A Thousand Cuts","floor":23.0},{"not_picked":["Replay:Fractal Strike","hubris:Rewind"],"picked":"infinitespire:SealOfDarkness+","floor":24.0},{"not_picked":["Crippling Poison","hubris:Counter"],"picked":"ReplayTheSpireMod:Shiv Toss+1","floor":25.0},{"not_picked":["Backflip+1","Dodge and Roll"],"picked":"Prepared+1","floor":28.0},{"not_picked":["All Out Attack+1","Bane"],"picked":"Sucker Punch+1","floor":29.0},{"not_picked":["Dagger Spray","Bouncing Flask"],"picked":"Cloak And Dagger","floor":30.0},{"not_picked":["PiercingWail","Grand Finale","Backflip"],"picked":"SKIP","floor":31.0},{"not_picked":["Night Terror","Venomology"],"picked":"infinitespire:Neurotoxin","floor":33.0},{"not_picked":["ReplayTheSpireMod:Tripwire","Quick Slash+1"],"picked":"Hidden Blade","floor":35.0},{"not_picked":["Crippling Poison","Catalyst"],"picked":"Prepared+1","floor":36.0},{"not_picked":["Riddle With Holes+1","Dagger Spray+1"],"picked":"Backstab+1","floor":39.0},{"not_picked":["Glass Knife","Expertise+1"],"picked":"Cloak And Dagger+1","floor":40.0},{"not_picked":["Bane+1","Poisoned Stab"],"picked":"Cloak And Dagger+1","floor":41.0},{"not_picked":["hubris:TrickCloak","Quick Slash"],"picked":"Unload","floor":45.0},{"not_picked":["PiercingWail+1","Riddle With Holes","Dagger Throw+1"],"picked":"SKIP","floor":47.0},{"not_picked":["hubris:InfiniteBlow","ReplayTheSpireMod:Black Plague"],"picked":"infinitespire:Execution","floor":48}],"player_experience":670182,"relics_obtained":[{"floor":6.0,"key":"infinitespire:Lucky Rock"},{"floor":9.0,"key":"HornCleat"},{"floor":12.0,"key":"infinitespire:ShieldingShard"},{"floor":23.0,"key":"hubris:ToyBattleship"},{"floor":26.0,"key":"Vajra"},{"floor":28.0,"key":"Mercury Hourglass"},{"floor":30.0,"key":"infinitespire:Golems Mask"},{"floor":40.0,"key":"Vampiric Spirits"},{"floor":43.0,"key":"Ancient Tea Set"},{"floor":48,"key":"Counterbalance"}],"event_choices":[{"damage_healed":0.0,"max_hp_gain":0.0,"max_hp_loss":5.0,"gold_gain":0.0,"event_name":"Golden Idol","player_choice":"Lose Max HP","floor":2.0,"gold_loss":0.0,"damage_taken":0.0,"relics_obtained":["Golden Idol"]},{"damage_healed":0.0,"max_hp_gain":0.0,"max_hp_loss":0.0,"gold_gain":0.0,"event_name":"Upgrade Shrine","player_choice":"Upgraded","floor":3.0,"gold_loss":0.0,"damage_taken":0.0,"cards_upgraded":["Fluid Movement"]},{"cards_removed":["Strike_G"],"damage_healed":0.0,"max_hp_gain":0.0,"max_hp_loss":0.0,"gold_gain":0.0,"event_name":"Purifier","player_choice":"Purged","floor":11.0,"gold_loss":0.0,"damage_taken":0.0},{"damage_healed":0.0,"max_hp_gain":0.0,"max_hp_loss":0.0,"gold_gain":0.0,"event_name":"Vampires","player_choice":"Ignored","floor":19.0,"gold_loss":0.0,"damage_taken":0.0},{"damage_healed":0.0,"max_hp_gain":0.0,"max_hp_loss":0.0,"gold_gain":0.0,"event_name":"Lab","player_choice":"Got Potions","floor":21.0,"gold_loss":0.0,"damage_taken":0.0},{"cards_removed":["Strike_G"],"damage_healed":0.0,"max_hp_gain":0.0,"max_hp_loss":0.0,"gold_gain":0.0,"event_name":"Purifier","player_choice":"Purged","floor":37.0,"gold_loss":0.0,"damage_taken":0.0},{"cards_removed":["Strike_G"],"damage_healed":0,"gold_gain":0,"player_choice":"Purged","damage_taken":0,"max_hp_gain":0,"max_hp_loss":0,"event_name":"Purifier","floor":48,"gold_loss":0}],"is_beta":false,"boss_relics":[{"not_picked":["hubris:VirtuousBlindfold","SlaversCollar"],"picked":"WristBlade"},{"not_picked":["Runic Dome","Cursed Key"],"picked":"Painkiller Herb"}],"items_purged_floors":[38],"is_endless":false,"potions_floor_spawned":[1,6,8,14,22,23,29,31,33,35,40,45,47,48],"ascension_level":4}}