{"host":"qqgw5gp46oujbhdl","time":1611048197,"event":{"mods":["Aspiration","BaseMod","BetterRewards","CatGirl Mod","Downfall","Hermit","Infinite Spire","Melee Mod","Minty Spire (QoL Compilation)","StSLib","The Death Knight","The Disciple","The Forsaken","The Hayseed","The Hierophant","The Marked","The Servant 0.9.4","The Spell Scribe","The Valiant","TheBandit","TheVacant","Wandering Minibosses"],"gold_per_floor":[117,117,117,19,37,37,71,71,141,156,141,216,251,265,265,362,362,382,395,413,413,427,427,427,427],"floor_reached":24,"language":"POL","playtime":2049,"items_purged":[],"score":208,"play_id":"3857f992-8caf-4743-8b5f-bf1536560870","local_time":"20210119102317","is_ascension_mode":false,"campfire_choices":[{"data":"theCatGirl:ClawStrike","floor":6,"key":"SMITH"},{"data":"theCatGirl:Parry","floor":8,"key":"SMITH"},{"floor":15,"key":"REST"},{"floor":23,"key":"REST"}],"circlet_count":0,"master_deck":["theCatGirl:Strike","theCatGirl:Strike","theCatGirl:Strike","theCatGirl:Strike","theCatGirl:Defend","theCatGirl:Defend","theCatGirl:Defend","theCatGirl:ClawStrike+1","theCatGirl:Evasion","Blind","theCatGirl:Growl","theCatGirl:Parry+1","theCatGirl:PlayAround","theCatGirl:Beastification","theCatGirl:AdventurersInsight","theCatGirl:AllIn","theCatGirl:PlayAround","theCatGirl:KeepAlert"],"relics":["theCatGirl:TrainedRelic","DeathKnight:PutricidesVial","Meat on the Bone","infinitespire:BottledMercury","Matryoshka","Regal Pillow","Empty Cage","MutagenicStrength"],"acts_visited":["Exordium","TheCity"],"potions_floor_usage":[13,16,18,20,22,24],"damage_taken":[{"damage":3,"enemies":"Jaw Worm","floor":1,"turns":6},{"damage":0,"enemies":"2 Louse","floor":5,"turns":3},{"damage":20,"enemies":"Gremlin Nob","floor":7,"turns":5},{"damage":0,"enemies":"Small Slimes","floor":10,"turns":3},{"damage":1,"enemies":"Exordium Thugs","floor":11,"turns":4},{"damage":12,"enemies":"3 Sentries","floor":13,"turns":7},{"damage":15,"enemies":"Exordium Wildlife","floor":14,"turns":6},{"damage":31,"enemies":"Slime Boss","floor":16,"turns":13},{"damage":12,"enemies":"Shell Parasite","floor":18,"turns":6},{"damage":17,"enemies":"Spheric Guardian","floor":19,"turns":6},{"damage":11,"enemies":"Shelled Parasite and Fungi","floor":20,"turns":8},{"damage":29,"enemies":"Centurion and Healer","floor":22,"turns":11},{"damage":74,"enemies":"Gremlin Leader","floor":24,"turns":8}],"seed_played":"-8281620567309473983","potions_obtained":[{"floor":5,"key":"SpeedPotion"},{"floor":11,"key":"Fire Potion"},{"floor":16,"key":"Energy Potion"},{"floor":19,"key":"LiquidMemories"},{"floor":20,"key":"DeathKnight:RimePotion"}],"is_trial":false,"path_per_floor":["M","?","?","$","M","R","E","R","T","M","M","?","E","M","R","B",null,"M","M","M","?","M","R","E"],"character_chosen":"THE_CATGIRL","items_purchased":["Blind"],"campfire_rested":2,"item_purchase_floors":[4],"current_hp_per_floor":[74,74,67,67,67,67,47,47,47,47,46,35,35,32,70,42,77,65,48,49,49,32,70,0,0],"gold":427,"neow_bonus":"TEN_PERCENT_HP_BONUS","is_daily":false,"chose_seed":false,"campfire_upgraded":2,"win_rate":0.0,"timestamp":1611048197,"path_taken":["M","?","?","$","M","R","E","R","T","M","M","?","E","M","R","BOSS","M","M","M","?","M","R","E"],"items_purchased_type":["Card"],"build_version":"2020-12-22","purchased_purges":0,"victory":false,"max_hp_per_floor":[77,77,77,77,77,77,77,77,77,77,77,77,77,77,77,77,77,77,77,77,77,77,77,77,77],"card_choices":[{"not_picked":["theCatGirl:ShockedWitness","theCatGirl:Stalk"],"picked":"theCatGirl:GoddessOfMisfortune","floor":1},{"not_picked":["theCatGirl:EmergencyParry","theCatGirl:RageClaws"],"picked":"theCatGirl:Growl","floor":5},{"not_picked":["theCatGirl:ElegantStrike","theCatGirl:FumblingBlow"],"picked":"theCatGirl:Parry","floor":7},{"not_picked":["theCatGirl:BloodScent","theCatGirl:FocusedStrike"],"picked":"theCatGirl:PlayAround","floor":10},{"not_picked":["theCatGirl:Claws","theCatGirl:EmergencyParry","theCatGirl:Growl"],"picked":"SKIP","floor":11},{"not_picked":["theCatGirl:BodyBlow","theCatGirl:FocusedStrike"],"picked":"theCatGirl:Beastification","floor":13},{"not_picked":["theCatGirl:ClawScratch","theCatGirl:GoddessOfMisfortune","theCatGirl:Stalk"],"picked":"SKIP","floor":14},{"not_picked":["theCatGirl:PoiseStance","theCatGirl:SevenLives"],"picked":"theCatGirl:AdventurersInsight","floor":16},{"not_picked":["theCatGirl:TwoStep","theCatGirl:SmellFear"],"picked":"theCatGirl:AllIn","floor":18},{"not_picked":["theCatGirl:ElegantStrike+1","theCatGirl:TryingMyBest"],"picked":"theCatGirl:PlayAround","floor":19},{"not_picked":["theCatGirl:RunningWithDaggers+1","theCatGirl:BloodBath+1"],"picked":"theCatGirl:KeepAlert","floor":20},{"not_picked":["theCatGirl:PlayAround","theCatGirl:SearchBackpack","theCatGirl:UnrelentingAssault"],"picked":"SKIP","floor":22}],"player_experience":405303,"relics_obtained":[{"floor":2,"key":"DeathKnight:PutricidesVial"},{"floor":7,"key":"infinitespire:BottledMercury"},{"floor":9,"key":"Matryoshka"},{"floor":13,"key":"Regal Pillow"}],"event_choices":[{"damage_healed":0,"gold_gain":0,"player_choice":"Success","damage_taken":7,"relics_obtained":["Meat on the Bone"],"max_hp_gain":0,"max_hp_loss":0,"event_name":"Scrap Ooze","floor":3,"gold_loss":0},{"damage_healed":0,"gold_gain":75,"player_choice":"Gather Gold","damage_taken":11,"max_hp_gain":0,"max_hp_loss":0,"event_name":"World of Goop","floor":12,"gold_loss":0},{"damage_healed":0,"gold_gain":0,"player_choice":"Inject Mutagens","damage_taken":0,"relics_obtained":["MutagenicStrength"],"max_hp_gain":0,"max_hp_loss":0,"event_name":"Drug Dealer","floor":21,"gold_loss":0}],"is_beta":false,"boss_relics":[{"not_picked":["aspiration:PoetsPen_weak","Calling Bell"],"picked":"Empty Cage"}],"items_purged_floors":[],"is_endless":false,"potions_floor_spawned":[5,11,16,19,20],"killed_by":"Gremlin Leader","ascension_level":0}}