{"host":"nn0usk9aafse27ii","time":1611086596,"event":{"mods":["BaseMod","Colored Map","Highlight Path","Minty Spire (QoL Compilation)","Robot Space Explorer","Shop Mod","StSLib"],"gold_per_floor":[117,132,142,156,156,156,169,169,169,169,193,43,43,68,68,193,193,208,222,222,0,0,0,40,61,61,74,74,74,23,23,23,154,154,174,174,174,190,41,82,95,21,47,47,47],"floor_reached":44,"language":"ENG","playtime":3257,"items_purged":["RobotSpaceExplorer:Strike+1"],"score":448,"play_id":"47959434-f904-4411-be36-62d8827c9712","local_time":"20210119120316","is_ascension_mode":false,"campfire_choices":[{"data":"RobotSpaceExplorer:DoubleFind","floor":6.0,"key":"SMITH"},{"data":"RobotSpaceExplorer:StarDust","floor":8.0,"key":"SMITH"},{"data":"RobotSpaceExplorer:PowerGlove","floor":10.0,"key":"SMITH"},{"data":"RobotSpaceExplorer:Pulsar","floor":13.0,"key":"SMITH"},{"data":"RobotSpaceExplorer:Discharger","floor":15.0,"key":"SMITH"},{"floor":23,"key":"RECALL"},{"floor":29,"key":"REST"},{"floor":32,"key":"REST"}],"circlet_count":0,"master_deck":["RobotSpaceExplorer:Strike+1","RobotSpaceExplorer:Strike+1","RobotSpaceExplorer:Strike+1","RobotSpaceExplorer:Defend+1","RobotSpaceExplorer:Defend+1","RobotSpaceExplorer:Defend+1","RobotSpaceExplorer:Defend+1","RobotSpaceExplorer:Scan","RobotSpaceExplorer:MiniLasers","RobotSpaceExplorer:HighVoltage","RobotSpaceExplorer:Pulsar+1","RobotSpaceExplorer:DoubleFind+1","RobotSpaceExplorer:PowerGlove+1","RobotSpaceExplorer:StarDust+1","RobotSpaceExplorer:FreezeRay","RobotSpaceExplorer:Discharger+1","RobotSpaceExplorer:Multitool","RobotSpaceExplorer:Jetpack+1","RobotSpaceExplorer:SurgingShield+1","RobotSpaceExplorer:PlasmaMissile+1","RobotSpaceExplorer:Electropulse+1","Necronomicurse","RobotSpaceExplorer:Comet","RobotSpaceExplorer:RigExplosive+1","Blind","RobotSpaceExplorer:PlasmaMissile+1","RobotSpaceExplorer:GearShield+1"],"relics":["RobotSpaceExplorer:TurboCore","Golden Idol","Pear","MealTicket","Philosopher\u0027s Stone","ClockworkSouvenir","Nunchaku","Happy Flower","Necronomicon","Darkstone Periapt","Membership Card","Potion Belt","Bronze Scales"],"acts_visited":["Exordium","TheCity","TheBeyond"],"potions_floor_usage":[24,24,27,27,38,38,40,40,40,41,44],"damage_taken":[{"damage":8.0,"enemies":"Cultist","floor":1.0,"turns":3.0},{"damage":0.0,"enemies":"2 Louse","floor":2.0,"turns":1.0},{"damage":2.0,"enemies":"Small Slimes","floor":3.0,"turns":3.0},{"damage":0.0,"enemies":"Blue Slaver","floor":4.0,"turns":3.0},{"damage":0.0,"enemies":"Red Slaver","floor":7.0,"turns":5.0},{"damage":2.0,"enemies":"Large Slime","floor":11.0,"turns":3.0},{"damage":0.0,"enemies":"Lots of Slimes","floor":14.0,"turns":1.0},{"damage":26.0,"enemies":"Hexaghost","floor":16.0,"turns":8.0},{"damage":12.0,"enemies":"2 Thieves","floor":18.0,"turns":4.0},{"damage":11.0,"enemies":"Spheric Guardian","floor":19.0,"turns":4.0},{"damage":37,"enemies":"Gremlin Leader","floor":24,"turns":6},{"damage":8,"enemies":"Snecko","floor":25,"turns":4},{"damage":10,"enemies":"Snake Plant","floor":27,"turns":4},{"damage":51,"enemies":"Collector","floor":33,"turns":7},{"damage":2,"enemies":"3 Shapes","floor":35,"turns":1},{"damage":0,"enemies":"Orb Walker","floor":38,"turns":2},{"damage":36,"enemies":"Nemesis","floor":40,"turns":5},{"damage":28,"enemies":"Writhing Mass","floor":41,"turns":3},{"damage":42,"enemies":"Giant Head","floor":44,"turns":6}],"seed_played":"5508935951210374666","potions_obtained":[{"floor":1.0,"key":"GamblersBrew"},{"floor":3.0,"key":"SteroidPotion"},{"floor":4.0,"key":"FearPotion"},{"floor":16.0,"key":"RobotSpaceExplorer:PlasmaFlask"},{"floor":24,"key":"Regen Potion"},{"floor":25,"key":"AttackPotion"},{"floor":33,"key":"Fire Potion"},{"floor":35,"key":"RobotSpaceExplorer:PlasmaFlask"},{"floor":40,"key":"BlessingOfTheForge"}],"is_trial":false,"path_per_floor":["M","M","M","M","?","R","M","R","T","R","M","$","R","M","R","B",null,"M","M","?","$","?","R","E","M","T","M","?","R","$","?","R","B",null,"M","?","?","M","$","E","M","$","T","E"],"character_chosen":"RobotSpaceExplorer","items_purchased":["MealTicket","ClockworkSouvenir","Block Potion","Membership Card","Bronze Scales"],"campfire_rested":2,"item_purchase_floors":[12,21,30,39,42],"current_hp_per_floor":[67,67,65,65,47,47,47,47,57,57,55,55,55,55,55,29,85,73,62,62,77,77,77,40,32,32,34,18,43,58,58,83,32,85,83,83,83,83,85,49,21,36,36,0,0],"gold":47,"neow_bonus":"ONE_RANDOM_RARE_CARD","is_daily":false,"chose_seed":false,"campfire_upgraded":5,"win_rate":0.0,"timestamp":1611086596,"path_taken":["M","M","M","M","?","R","M","R","T","R","M","$","R","M","R","BOSS","M","M","?","$","?","R","E","M","T","M","?","R","$","?","R","BOSS","M","?","?","M","$","E","?","?","T","E"],"items_purchased_type":["Relic","Relic","Potion","Relic","Relic"],"build_version":"2020-12-22","purchased_purges":1,"victory":false,"max_hp_per_floor":[75,75,75,75,75,75,75,75,85,85,85,85,85,85,85,85,85,85,85,85,85,85,85,85,85,85,85,85,85,85,85,85,85,85,85,85,85,85,85,85,85,85,85,85,85],"card_choices":[{"not_picked":["RobotSpaceExplorer:FranticSearch","RobotSpaceExplorer:GlueShot"],"picked":"RobotSpaceExplorer:Pulsar","floor":1.0},{"not_picked":["RobotSpaceExplorer:Probe","RobotSpaceExplorer:StunGrenade"],"picked":"RobotSpaceExplorer:DoubleFind","floor":2.0},{"not_picked":["RobotSpaceExplorer:SwiftStep","RobotSpaceExplorer:Calculate"],"picked":"RobotSpaceExplorer:PowerGlove","floor":3.0},{"not_picked":["RobotSpaceExplorer:SlimeMissile","RobotSpaceExplorer:SwiftStep"],"picked":"RobotSpaceExplorer:StarDust","floor":4.0},{"not_picked":["RobotSpaceExplorer:DoubleBlock","RobotSpaceExplorer:Probe","RobotSpaceExplorer:ImprovisedAttack"],"picked":"SKIP","floor":7.0},{"not_picked":["RobotSpaceExplorer:Explosion","RobotSpaceExplorer:Counterblock"],"picked":"RobotSpaceExplorer:FreezeRay","floor":11.0},{"not_picked":["RobotSpaceExplorer:ImprovisedAttack","RobotSpaceExplorer:SurgingStrike"],"picked":"RobotSpaceExplorer:Discharger","floor":14.0},{"not_picked":["RobotSpaceExplorer:Asteroid","RobotSpaceExplorer:Explosion"],"picked":"RobotSpaceExplorer:Multitool","floor":16.0},{"not_picked":["RobotSpaceExplorer:ExhaustFan","RobotSpaceExplorer:Ammunition+1"],"picked":"RobotSpaceExplorer:Jetpack+1","floor":18.0},{"not_picked":["RobotSpaceExplorer:FranticSearch","RobotSpaceExplorer:FrostMissile"],"picked":"RobotSpaceExplorer:SurgingShield+1","floor":19.0},{"not_picked":["RobotSpaceExplorer:Multitool","RobotSpaceExplorer:DualCore","RobotSpaceExplorer:ShovelStrike"],"picked":"SKIP","floor":24},{"not_picked":["RobotSpaceExplorer:PowerGlove+1","RobotSpaceExplorer:FrostMissile+1"],"picked":"RobotSpaceExplorer:PlasmaMissile+1","floor":25},{"not_picked":["RobotSpaceExplorer:GlueShot","RobotSpaceExplorer:LaserBurst"],"picked":"RobotSpaceExplorer:Electropulse+1","floor":27},{"not_picked":["RobotSpaceExplorer:Multitool","RobotSpaceExplorer:Explosion"],"picked":"RobotSpaceExplorer:Comet","floor":33},{"not_picked":["RobotSpaceExplorer:Counterblock","RobotSpaceExplorer:ImprovisedAttack"],"picked":"RobotSpaceExplorer:RigExplosive+1","floor":35},{"not_picked":["Trip","Sadistic Nature"],"picked":"Blind","floor":36},{"not_picked":["RobotSpaceExplorer:StunGrenade+1","RobotSpaceExplorer:Pulsar+1","RobotSpaceExplorer:ShovelStrike"],"picked":"SKIP","floor":38},{"not_picked":["RobotSpaceExplorer:Calculate+1","RobotSpaceExplorer:Counterblock+1"],"picked":"RobotSpaceExplorer:GearShield+1","floor":40},{"not_picked":["RobotSpaceExplorer:ToxicBomb+1","RobotSpaceExplorer:Probe","RobotSpaceExplorer:SwiftStep"],"picked":"SKIP","floor":41}],"player_experience":351977,"relics_obtained":[{"floor":9.0,"key":"Pear"},{"floor":24,"key":"Nunchaku"},{"floor":26,"key":"Happy Flower"},{"floor":28,"key":"Necronomicon"},{"floor":40,"key":"Potion Belt"}],"event_choices":[{"damage_healed":0.0,"max_hp_gain":0.0,"max_hp_loss":0.0,"gold_gain":0.0,"event_name":"Golden Idol","player_choice":"Take Damage","floor":5.0,"gold_loss":0.0,"damage_taken":18.0,"relics_obtained":["Golden Idol"]},{"damage_healed":0.0,"max_hp_gain":0.0,"max_hp_loss":0.0,"gold_gain":0.0,"event_name":"Back to Basics","player_choice":"Simplicity","floor":20.0,"gold_loss":0.0,"damage_taken":0.0,"cards_upgraded":["RobotSpaceExplorer:Strike","RobotSpaceExplorer:Strike","RobotSpaceExplorer:Strike","RobotSpaceExplorer:Strike","RobotSpaceExplorer:Defend","RobotSpaceExplorer:Defend","RobotSpaceExplorer:Defend","RobotSpaceExplorer:Defend"]},{"damage_healed":0.0,"max_hp_gain":0.0,"max_hp_loss":0.0,"gold_gain":0.0,"event_name":"Vampires","player_choice":"Ignored","floor":22.0,"gold_loss":0.0,"damage_taken":0.0},{"damage_healed":0,"gold_gain":0,"player_choice":"Obtained Book","damage_taken":16,"max_hp_gain":0,"max_hp_loss":0,"event_name":"Cursed Tome","floor":28,"gold_loss":0},{"damage_healed":0,"gold_gain":0,"player_choice":"Opened","damage_taken":0,"relics_obtained":["Darkstone Periapt"],"max_hp_gain":0,"max_hp_loss":0,"event_name":"The Mausoleum","floor":31,"gold_loss":0},{"damage_healed":0,"gold_gain":0,"player_choice":"Memory 1","damage_taken":0,"max_hp_gain":0,"max_hp_loss":0,"event_name":"SensoryStone","floor":36,"gold_loss":0},{"damage_healed":0,"gold_gain":0,"player_choice":"Copied","damage_taken":0,"max_hp_gain":0,"max_hp_loss":0,"event_name":"Duplicator","floor":37,"gold_loss":0,"cards_obtained":["RobotSpaceExplorer:PlasmaMissile"]}],"is_beta":false,"boss_relics":[{"not_picked":["Tiny House","Runic Dome"],"picked":"Philosopher\u0027s Stone"},{"not_picked":["RobotSpaceExplorer:Reprocessor","Fusion Hammer"],"picked":"RobotSpaceExplorer:TurboCore"}],"items_purged_floors":[21],"is_endless":false,"potions_floor_spawned":[1,3,4,16,18,24,25,33,35,40],"killed_by":"Giant Head","ascension_level":0}}