{"host":"few9iyaxiywls251","time":1611028290,"event":{"mods":["BaseMod","Bestiary","Curses Come First","Highlight Path","Minty Spire (QoL Compilation)","Shop Mod","StSLib","The Marked"],"gold_per_floor":[113,113,127,138,213,246,246,246,270,289,31,48,79,79,79,178,178,192,209,209,209,219,219,219,45,45,45,56,56,74,93,93,93,93],"floor_reached":33,"language":"ENG","playtime":2389,"items_purged":["Defend_P","Strike_P"],"score":327,"play_id":"1bbaf546-e7ef-4fe2-ab45-442126df9843","local_time":"20210118215130","is_ascension_mode":false,"campfire_choices":[{"floor":15,"key":"REST"},{"data":"Crescendo","floor":24,"key":"SMITH"},{"data":"Eruption","floor":27,"key":"SMITH"},{"data":"CutThroughFate","floor":29,"key":"SMITH"},{"data":"CarveReality","floor":32,"key":"SMITH"}],"circlet_count":0,"master_deck":["Strike_P","Strike_P+1","Strike_P+1","Eruption+1","Vigilance+1","FlyingSleeves","Collect","Protect","DevaForm","CutThroughFate+1","CarveReality+1","Crescendo+1","Halt","LessonLearned","Sanctity+1","Ragnarok+1","FearNoEvil"],"relics":["PureWater","Oddly Smooth Stone","Anchor","Akabeko","Bag of Preparation","StoneCalendar","Coffee Dripper","Nilry\u0027s Codex","Frozen Egg 2"],"acts_visited":["Exordium","TheCity"],"potions_floor_usage":[4,18,23,23,33],"damage_taken":[{"damage":5,"enemies":"2 Louse","floor":1,"turns":2},{"damage":0,"enemies":"Small Slimes","floor":3,"turns":1},{"damage":0,"enemies":"Cultist","floor":4,"turns":2},{"damage":28,"enemies":"Gremlin Nob","floor":6,"turns":3},{"damage":3,"enemies":"Red Slaver","floor":10,"turns":4},{"damage":8,"enemies":"2 Fungi Beasts","floor":12,"turns":2},{"damage":9,"enemies":"Lagavulin","floor":13,"turns":5},{"damage":0,"enemies":"Slime Boss","floor":16,"turns":5},{"damage":21,"enemies":"2 Thieves","floor":18,"turns":3},{"damage":0,"enemies":"Chosen","floor":19,"turns":3},{"damage":0,"enemies":"Snake Plant","floor":22,"turns":3},{"damage":35,"enemies":"Slavers","floor":23,"turns":3},{"damage":3,"enemies":"Centurion and Healer","floor":28,"turns":3},{"damage":1,"enemies":"Cultist and Chosen","floor":30,"turns":6},{"damage":0,"enemies":"Snake Plant","floor":31,"turns":1},{"damage":1,"enemies":"Automaton","floor":33,"turns":2}],"seed_played":"-648130865386546124","potions_obtained":[{"floor":1,"key":"AttackPotion"},{"floor":4,"key":"ColorlessPotion"},{"floor":6,"key":"Explosive Potion"},{"floor":16,"key":"GamblersBrew"},{"floor":28,"key":"Swift Potion"}],"is_trial":false,"path_per_floor":["M","?","M","M","?","E","?","?","T","M","$","M","E","T","R","B",null,"M","M","?","?","M","E","R","$","T","R","M","R","M","M","R","B"],"character_chosen":"WATCHER","items_purchased":["CarveReality","Akabeko","FearNoEvil"],"campfire_rested":1,"item_purchase_floors":[11,11,25],"current_hp_per_floor":[67,72,72,72,61,33,26,26,26,23,23,15,6,6,29,29,77,56,56,40,40,40,5,5,5,5,5,2,2,1,1,1,0,0],"gold":93,"neow_bonus":"REMOVE_CARD","is_daily":false,"chose_seed":false,"campfire_upgraded":4,"win_rate":0.0,"timestamp":1611028290,"path_taken":["M","?","M","M","?","E","?","?","T","M","?","?","E","?","R","BOSS","M","M","?","?","M","E","R","$","T","R","?","R","M","M","R","BOSS"],"items_purchased_type":["Card","Relic","Card"],"build_version":"2020-12-22","purchased_purges":2,"victory":false,"max_hp_per_floor":[72,77,77,77,77,77,77,77,77,77,77,77,77,77,77,77,77,77,77,77,77,77,77,77,77,77,77,77,77,77,77,77,77,77],"card_choices":[{"not_picked":["SignatureMove","Worship"],"picked":"FlyingSleeves","floor":1},{"not_picked":["JustLucky","Halt"],"picked":"Collect","floor":3},{"not_picked":["LikeWater","Perseverance"],"picked":"Protect","floor":4},{"not_picked":["Omniscience","ReachHeaven"],"picked":"DevaForm","floor":6},{"not_picked":["BowlingBash","JustLucky"],"picked":"CutThroughFate","floor":10},{"not_picked":["SandsOfTime","Protect"],"picked":"Crescendo","floor":12},{"not_picked":["Worship","Protect"],"picked":"Halt","floor":13},{"not_picked":["Brilliance","Vault"],"picked":"LessonLearned","floor":16},{"not_picked":["Pray","Consecrate"],"picked":"Sanctity+1","floor":18},{"not_picked":["Perseverance","Protect","MentalFortress"],"picked":"SKIP","floor":19},{"not_picked":["MentalFortress","ForeignInfluence+1","Swivel"],"picked":"SKIP","floor":22},{"not_picked":["Halt+1","Swivel","CrushJoints"],"picked":"SKIP","floor":23},{"not_picked":["EmptyFist","Crescendo","Nirvana+1"],"picked":"SKIP","floor":28},{"not_picked":["CutThroughFate","Ragnarok","FlyingSleeves"],"picked":"SKIP","floor":30},{"not_picked":["PathToVictory","Worship","Fasting2+1"],"picked":"SKIP","floor":31}],"player_experience":117321,"relics_obtained":[{"floor":6,"key":"Oddly Smooth Stone"},{"floor":9,"key":"Anchor"},{"floor":13,"key":"Bag of Preparation"},{"floor":14,"key":"StoneCalendar"},{"floor":20,"key":"Nilry\u0027s Codex"},{"floor":26,"key":"Frozen Egg 2"}],"event_choices":[{"damage_healed":0,"gold_gain":0,"player_choice":"Donut","damage_taken":0,"max_hp_gain":5,"max_hp_loss":0,"event_name":"Big Fish","floor":2,"gold_loss":0},{"damage_healed":0,"gold_gain":75,"player_choice":"Gather Gold","damage_taken":11,"max_hp_gain":0,"max_hp_loss":0,"event_name":"World of Goop","floor":5,"gold_loss":0},{"cards_removed":["Defend_P"],"damage_healed":0,"gold_gain":0,"player_choice":"Card Removal","damage_taken":7,"max_hp_gain":0,"max_hp_loss":0,"event_name":"Golden Wing","floor":7,"gold_loss":0},{"damage_healed":0,"gold_gain":0,"player_choice":"Ignored","damage_taken":0,"max_hp_gain":0,"max_hp_loss":0,"event_name":"Liars Game","floor":8,"gold_loss":0},{"damage_healed":0,"gold_gain":0,"player_choice":"Obtained Book","damage_taken":16,"max_hp_gain":0,"max_hp_loss":0,"event_name":"Cursed Tome","floor":20,"gold_loss":0},{"damage_healed":0,"gold_gain":0,"cards_transformed":["Defend_P"],"player_choice":"Transformed","damage_taken":0,"max_hp_gain":0,"max_hp_loss":0,"event_name":"Transmorgrifier","floor":21,"gold_loss":0,"cards_obtained":["Ragnarok"]}],"is_beta":false,"boss_relics":[{"not_picked":["Black Star","SacredBark"],"picked":"Coffee Dripper"}],"items_purged_floors":[11,25],"is_endless":false,"potions_floor_spawned":[1,4,6,12,16,28,30,31],"killed_by":"Automaton","ascension_level":0}}