{"host":"g907ck67u7c3hrs6","time":1611047777,"event":{"mods":["BaseMod","Colored Map","DeckTracker","Highlight Path","Keyboard Shortcuts","Minty Spire (QoL Compilation)","Permanent Neow","Say the Spire","SuperFastMode"],"gold_per_floor":[144,144,144,104,149,149,194,194,219,309,354,399,489,534,534,834,834,879,924,626,671,716,716,806,806,831,831,876,476,476,566,566,866,866,866],"floor_reached":34,"language":"KOR","playtime":1057,"items_purged":["Strike_P","Strike_P"],"score":452,"play_id":"6f29fc09-1d22-4d53-be46-811abce88c5b","local_time":"20210119181617","daily_mods":["Allstar","Time Dilation","Midas"],"is_ascension_mode":false,"campfire_choices":[{"floor":6,"key":"REST"},{"floor":8,"key":"REST"},{"floor":15,"key":"REST"},{"floor":23,"key":"REST"},{"floor":25,"key":"REST"},{"floor":27,"key":"REST"},{"floor":30,"key":"REST"},{"floor":32,"key":"REST"}],"circlet_count":0,"master_deck":["Strike_P","Strike_P","Defend_P","Defend_P","Defend_P","Defend_P","Eruption","Vigilance","Impatience","Transmutation","Mind Blast+1","Secret Technique","Bandage Up","SandsOfTime","Swivel","FollowUp","CutThroughFate","BattleHymn","ReachHeaven","Protect","Collect","Tantrum","MasterReality","Crescendo","Prostrate","Apotheosis","LikeWater","Adaptation","EmptyBody+1","Establishment","Study","Omniscience","Blasphemy"],"relics":["HolyWater","Boot","Damaru","Lantern","Velvet Choker","Ornamental Fan","Orichalcum","Ancient Tea Set","Pen Nib","Dead Branch"],"acts_visited":["Exordium","TheCity","TheBeyond"],"potions_floor_usage":[31],"damage_taken":[{"damage":0.0,"enemies":"Small Slimes","floor":1.0,"turns":3.0},{"damage":1,"enemies":"Jaw Worm","floor":5,"turns":3},{"damage":0,"enemies":"2 Louse","floor":7,"turns":2},{"damage":43,"enemies":"3 Sentries","floor":10,"turns":11},{"damage":5,"enemies":"2 Fungi Beasts","floor":11,"turns":4},{"damage":7,"enemies":"Blue Slaver","floor":12,"turns":2},{"damage":16,"enemies":"Lagavulin","floor":13,"turns":6},{"damage":3,"enemies":"Red Slaver","floor":14,"turns":3},{"damage":34,"enemies":"Hexaghost","floor":16,"turns":10},{"damage":22,"enemies":"Spheric Guardian","floor":18,"turns":4},{"damage":5,"enemies":"3 Byrds","floor":19,"turns":4},{"damage":18,"enemies":"Shelled Parasite and Fungi","floor":21,"turns":5},{"damage":30,"enemies":"Snake Plant","floor":22,"turns":4},{"damage":22,"enemies":"Gremlin Leader","floor":24,"turns":7},{"damage":21,"enemies":"Sentry and Sphere","floor":28,"turns":5},{"damage":11,"enemies":"Slavers","floor":31,"turns":4},{"damage":14,"enemies":"Champ","floor":33,"turns":8}],"seed_played":"3706737729498028133","potions_obtained":[{"floor":1.0,"key":"Strength Potion"},{"floor":11,"key":"Ancient Potion"},{"floor":12,"key":"Explosive Potion"}],"is_trial":false,"path_per_floor":["M","?","?","$","M","R","M","R","T","E","M","M","E","M","R","B",null,"M","M","$","M","M","R","E","R","T","R","M","$","R","E","R","B",null],"character_chosen":"WATCHER","items_purchased":["Swivel","Apotheosis","LikeWater","Ancient Tea Set","Pen Nib"],"campfire_rested":8,"item_purchase_floors":[4,20,20,29,29],"current_hp_per_floor":[72,77,77,77,76,77,77,77,77,40,39,32,20,17,40,10,77,55,54,54,40,16,39,21,44,44,67,50,50,73,66,77,69,77,77],"gold":866,"neow_bonus":"","is_daily":true,"chose_seed":false,"campfire_upgraded":0,"win_rate":0.0,"timestamp":1611047777,"path_taken":["M","?","?","?","M","R","M","R","T","E","M","M","E","M","R","BOSS","M","M","$","M","M","R","E","R","T","R","M","$","R","E","R","BOSS"],"items_purchased_type":["Card","Card","Card","Relic","Relic"],"build_version":"2020-12-22","purchased_purges":2,"victory":false,"max_hp_per_floor":[72,77,77,77,77,77,77,77,77,77,77,77,77,77,77,77,77,77,77,77,77,77,77,77,77,77,77,77,77,77,77,77,77,77,77],"card_choices":[{"not_picked":["Prostrate","Evaluate"],"picked":"SandsOfTime","floor":1.0},{"not_picked":["ClearTheMind","Evaluate"],"picked":"FollowUp","floor":5},{"not_picked":["FollowUp","SignatureMove"],"picked":"CutThroughFate","floor":7},{"not_picked":["ThirdEye","EmptyBody"],"picked":"BattleHymn","floor":10},{"not_picked":["Vengeance","Evaluate"],"picked":"ReachHeaven","floor":11},{"not_picked":["JustLucky","Conclude"],"picked":"Protect","floor":12},{"not_picked":["Perseverance","Weave"],"picked":"Collect","floor":13},{"not_picked":["Crescendo","FlurryOfBlows"],"picked":"Tantrum","floor":14},{"not_picked":["Ragnarok","DeusExMachina"],"picked":"MasterReality","floor":16},{"not_picked":["CutThroughFate+1","FollowUp"],"picked":"Crescendo","floor":18},{"not_picked":["Halt","CutThroughFate"],"picked":"Prostrate","floor":19},{"not_picked":["FollowUp","ClearTheMind"],"picked":"Adaptation","floor":21},{"not_picked":["CutThroughFate","Halt"],"picked":"EmptyBody+1","floor":22},{"not_picked":["ThirdEye","Halt"],"picked":"Establishment","floor":24},{"not_picked":["Halt+1","EmptyFist"],"picked":"Study","floor":28},{"not_picked":["SandsOfTime","Vengeance"],"picked":"Omniscience","floor":31},{"not_picked":["MasterReality","Alpha"],"picked":"Blasphemy","floor":33}],"player_experience":216980,"relics_obtained":[{"floor":9,"key":"Boot"},{"floor":10,"key":"Damaru"},{"floor":13,"key":"Lantern"},{"floor":24,"key":"Ornamental Fan"},{"floor":26,"key":"Orichalcum"},{"floor":31,"key":"Dead Branch"}],"event_choices":[{"damage_healed":0.0,"max_hp_gain":5.0,"max_hp_loss":0.0,"gold_gain":0.0,"event_name":"Big Fish","player_choice":"Donut","floor":2.0,"gold_loss":0.0,"damage_taken":0.0},{"damage_healed":0.0,"max_hp_gain":0.0,"max_hp_loss":0.0,"gold_gain":0.0,"event_name":"Living Wall","player_choice":"Grow","floor":3.0,"gold_loss":0.0,"damage_taken":0.0,"cards_upgraded":["Mind Blast"]}],"is_beta":false,"boss_relics":[{"not_picked":["Runic Pyramid","Black Star"],"picked":"Velvet Choker"},{"not_picked":["VioletLotus","Pandora\u0027s Box"],"picked":"HolyWater"}],"items_purged_floors":[20,29],"is_endless":false,"potions_floor_spawned":[1,11,12,13,16,19],"ascension_level":0}}