{"host":"w01zow3jg16g8jdh","time":1611072772,"event":{"mods":["AchievementEnabler","BaseMod","DeckTracker","Keyboard Shortcuts","Minty Spire (QoL Compilation)","Permanent Neow","StSLib","SuperFastMode"],"gold_per_floor":[113,129,148,108,126,161,161,176,176,176,8,8,22,36,36,109,109,128,43,93,93,18,18,50,50,50,64,64,91,105,118,118,189,189,206,96,108,118,129,129,177,210,210,210,223,233,233,233],"floor_reached":47,"language":"KOR","playtime":1237,"items_purged":["Strike_G"],"score":1077,"play_id":"fa30cde8-ee35-4ee4-911b-2d7294fb7ef0","local_time":"20210120011252","is_ascension_mode":true,"campfire_choices":[{"data":"Cloak And Dagger","floor":12.0,"key":"SMITH"},{"data":"Eviscerate","floor":15.0,"key":"SMITH"},{"data":"Accuracy","floor":23.0,"key":"SMITH"},{"floor":28.0,"key":"REST"},{"floor":32.0,"key":"REST"},{"data":"Acrobatics","floor":40.0,"key":"SMITH"},{"data":"Adrenaline","floor":44,"key":"SMITH"}],"circlet_count":0,"master_deck":["AscendersBane","Strike_G","Strike_G","Strike_G","Defend_G","Defend_G","Defend_G","Defend_G","Survivor","Neutralize","Cloak And Dagger+1","Eviscerate+1","Cloak And Dagger+1","Corpse Explosion+1","Crippling Poison","Acrobatics+1","Adrenaline+1","Prepared","Malaise","Accuracy+1","Parasite","Calculated Gamble+1","Terror+1","After Image","Footwork","Doubt"],"relics":["Ring of the Snake","Potion Belt","Boot","Lee\u0027s Waffle","Cursed Key","Tiny Chest","Bronze Scales","InkBottle","Question Card","Busted Crown","Paper Crane"],"acts_visited":["Exordium","TheCity","TheBeyond"],"potions_floor_usage":[],"damage_taken":[{"damage":1.0,"enemies":"Cultist","floor":1.0,"turns":5.0},{"damage":0.0,"enemies":"Small Slimes","floor":2.0,"turns":3.0},{"damage":0.0,"enemies":"2 Louse","floor":3.0,"turns":3.0},{"damage":1.0,"enemies":"Exordium Thugs","floor":4.0,"turns":5.0},{"damage":9.0,"enemies":"Blue Slaver","floor":5.0,"turns":4.0},{"damage":35.0,"enemies":"Lagavulin","floor":6.0,"turns":10.0},{"damage":7.0,"enemies":"Large Slime","floor":8.0,"turns":4.0},{"damage":14.0,"enemies":"Exordium Wildlife","floor":13.0,"turns":4.0},{"damage":2.0,"enemies":"Lots of Slimes","floor":14.0,"turns":2.0},{"damage":44.0,"enemies":"Slime Boss","floor":16.0,"turns":9.0},{"damage":11.0,"enemies":"Chosen","floor":18.0,"turns":5.0},{"damage":27.0,"enemies":"Book of Stabbing","floor":24.0,"turns":7.0},{"damage":6.0,"enemies":"Spheric Guardian","floor":27.0,"turns":3.0},{"damage":12.0,"enemies":"Gremlin Leader","floor":29.0,"turns":6.0},{"damage":4.0,"enemies":"Centurion and Healer","floor":30.0,"turns":3.0},{"damage":12.0,"enemies":"Snecko","floor":31.0,"turns":4.0},{"damage":6.0,"enemies":"Automaton","floor":33.0,"turns":6.0},{"damage":0.0,"enemies":"3 Shapes","floor":35.0,"turns":4.0},{"damage":5.0,"enemies":"3 Darklings","floor":37.0,"turns":3.0},{"damage":6.0,"enemies":"Sphere and 2 Shapes","floor":38.0,"turns":4.0},{"damage":16.0,"enemies":"Transient","floor":39.0,"turns":6.0},{"damage":8.0,"enemies":"Reptomancer","floor":42.0,"turns":5.0},{"damage":4,"enemies":"3 Darklings","floor":45,"turns":4},{"damage":9,"enemies":"Maw","floor":46,"turns":8},{"damage":17,"enemies":"Giant Head","floor":47,"turns":6}],"seed_played":"2395709574313818844","potions_obtained":[{"floor":2.0,"key":"SteroidPotion"},{"floor":3.0,"key":"Dexterity Potion"},{"floor":4.0,"key":"Fire Potion"},{"floor":8.0,"key":"DuplicationPotion"},{"floor":18.0,"key":"BlessingOfTheForge"},{"floor":27.0,"key":"Ancient Potion"},{"floor":31.0,"key":"GamblersBrew"},{"floor":33.0,"key":"PowerPotion"},{"floor":35.0,"key":"Explosive Potion"},{"floor":42.0,"key":"Strength Potion"},{"floor":45,"key":"Strength Potion"}],"is_trial":false,"path_per_floor":["M","M","M","M","M","E","?","M","T","?","$","R","M","M","R","B",null,"M","?","?","T","$","R","E","T","T","M","R","E","M","M","R","B",null,"M","?","M","M","M","R","T","E","T","R","M","M","E"],"character_chosen":"THE_SILENT","items_purchased":["Lee\u0027s Waffle"],"campfire_rested":2,"item_purchase_floors":[11],"current_hp_per_floor":[58,58,58,57,48,13,13,6,6,6,73,73,59,57,57,13,58,47,47,47,47,47,47,20,20,20,14,35,23,19,7,28,22,60,60,60,55,49,33,33,33,25,25,25,21,12,0,0],"gold":233,"neow_bonus":"THREE_CARDS","is_daily":false,"chose_seed":false,"campfire_upgraded":5,"win_rate":0.0,"timestamp":1611072772,"path_taken":["M","M","M","?","?","E","?","?","T","?","?","R","M","M","R","BOSS","M","?","?","?","?","R","E","?","T","?","R","E","M","M","R","BOSS","M","?","M","M","?","R","?","E","T","R","M","M","E"],"items_purchased_type":["Relic"],"build_version":"2020-12-22","purchased_purges":1,"victory":false,"max_hp_per_floor":[66,66,66,66,66,66,66,66,66,66,73,73,73,73,73,73,73,73,73,73,73,73,73,73,73,73,73,73,73,73,73,73,73,73,73,73,73,73,73,73,73,73,73,73,73,73,73,73],"card_choices":[{"not_picked":["Terror","Dodge and Roll"],"picked":"Cloak And Dagger","floor":0.0},{"not_picked":["Underhanded Strike","Bane"],"picked":"Eviscerate","floor":1.0},{"not_picked":["Flechettes","Blur"],"picked":"Cloak And Dagger","floor":2.0},{"not_picked":["Outmaneuver","Bane","Deadly Poison"],"picked":"SKIP","floor":3.0},{"not_picked":["Distraction","Deflect","Bane"],"picked":"SKIP","floor":4.0},{"not_picked":["Well Laid Plans","Deadly Poison"],"picked":"Corpse Explosion","floor":5.0},{"not_picked":["Poisoned Stab","Heel Hook"],"picked":"Crippling Poison","floor":6.0},{"not_picked":["Dagger Spray","Deflect"],"picked":"Acrobatics","floor":8.0},{"not_picked":["Noxious Fumes","Reflex"],"picked":"Adrenaline","floor":13.0},{"not_picked":["Poisoned Stab","Blade Dance"],"picked":"Prepared","floor":14.0},{"not_picked":["Envenom","Night Terror"],"picked":"Malaise","floor":16.0},{"not_picked":["Outmaneuver","Dodge and Roll"],"picked":"Accuracy","floor":18.0},{"not_picked":["Eviscerate","Backflip","Sucker Punch"],"picked":"SKIP","floor":24.0},{"not_picked":["Well Laid Plans","Underhanded Strike"],"picked":"Calculated Gamble+1","floor":27.0},{"not_picked":["Escape Plan","Bane","Dash"],"picked":"SKIP","floor":29.0},{"not_picked":["Dagger Spray","Dodge and Roll","Deflect+1"],"picked":"Terror+1","floor":30.0},{"not_picked":["Escape Plan","Poisoned Stab","Expertise+1","Flying Knee"],"picked":"SKIP","floor":31.0},{"not_picked":["Die Die Die","Bullet Time","Doppelganger"],"picked":"After Image","floor":33.0},{"not_picked":["Finisher","Leg Sweep+1"],"picked":"SKIP","floor":35.0},{"not_picked":["Prepared"],"picked":"Footwork","floor":37.0},{"not_picked":["Footwork","Slice+1"],"picked":"SKIP","floor":38.0},{"not_picked":["Dagger Throw+1","Footwork"],"picked":"SKIP","floor":39.0},{"not_picked":["Underhanded Strike","Unload"],"picked":"SKIP","floor":42.0},{"not_picked":["Poisoned Stab","Caltrops"],"picked":"SKIP","floor":45},{"not_picked":["PiercingWail","Bane"],"picked":"SKIP","floor":46}],"player_experience":307766,"relics_obtained":[{"floor":6.0,"key":"Potion Belt"},{"floor":9.0,"key":"Boot"},{"floor":24.0,"key":"Bronze Scales"},{"floor":25.0,"key":"InkBottle"},{"floor":29.0,"key":"Question Card"},{"floor":42.0,"key":"Paper Crane"}],"event_choices":[{"cards_removed":["Defend_G"],"damage_healed":0.0,"max_hp_gain":0.0,"max_hp_loss":0.0,"gold_gain":0.0,"event_name":"Purifier","player_choice":"Purged","floor":7.0,"gold_loss":0.0,"damage_taken":0.0},{"damage_healed":0.0,"max_hp_gain":0.0,"max_hp_loss":0.0,"gold_gain":0.0,"event_name":"Accursed Blacksmith","player_choice":"Forge","floor":10.0,"gold_loss":0.0,"damage_taken":0.0,"cards_upgraded":["Cloak And Dagger"]},{"damage_healed":0.0,"max_hp_gain":0.0,"max_hp_loss":0.0,"gold_gain":0.0,"event_name":"Addict","player_choice":"Obtained Relic","floor":19.0,"gold_loss":85.0,"damage_taken":0.0,"relics_obtained":["Tiny Chest"]},{"damage_healed":0.0,"max_hp_gain":0.0,"max_hp_loss":0.0,"gold_gain":50.0,"event_name":"Nest","player_choice":"Stole From Cult","floor":20.0,"gold_loss":0.0,"damage_taken":0.0},{"cards_removed":["Strike_G"],"damage_healed":0.0,"max_hp_gain":0.0,"max_hp_loss":0.0,"gold_gain":0.0,"event_name":"Designer","player_choice":"Upgrade and Remove","floor":36.0,"gold_loss":110.0,"damage_taken":0.0,"cards_upgraded":["Corpse Explosion"]}],"is_beta":false,"boss_relics":[{"not_picked":["Ectoplasm","Empty Cage"],"picked":"Cursed Key"},{"not_picked":["Ring of the Serpent","Snecko Eye"],"picked":"Busted Crown"}],"items_purged_floors":[22],"is_endless":false,"potions_floor_spawned":[2,3,4,5,8,18,27,31,33,35,37,42,45],"killed_by":"Giant Head","ascension_level":20}}