{"host":"f0gpob8hq9vgebej","time":1611030434,"event":{"mods":["AchievementEnabler","BaseMod","Minty Spire (QoL Compilation)","Quick Restart","SuperFastMode"],"gold_per_floor":[316,241,241,261,273,307,307,326,351,351,379,379,399,251,251,353,353,368,243,259,278,278,278,312,325,351,351,351,351],"floor_reached":28,"language":"KOR","playtime":622,"items_purged":["Strike_R","Strike_R","Strike_R"],"score":372,"play_id":"ebe42f3b-a087-4817-a869-1bbfe2f9e1d9","local_time":"20210119132714","is_ascension_mode":true,"campfire_choices":[{"data":"Carnage","floor":7.0,"key":"SMITH"},{"data":"Shrug It Off","floor":10.0,"key":"SMITH"},{"data":"Flex","floor":15.0,"key":"SMITH"},{"data":"Demon Form","floor":23.0,"key":"SMITH"}],"circlet_count":0,"master_deck":["AscendersBane","Strike_R+1","Defend_R","Defend_R","Defend_R","Bash+1","Pommel Strike","Seeing Red","Carnage+1","Shrug It Off+1","Pummel","Offering","Searing Blow","Flex+1","Demon Form+1","Heavy Blade","Intimidate","Double Tap"],"relics":["Burning Blood","Old Coin","Bronze Scales","Whetstone","Art of War","SacredBark","Pear","PreservedInsect"],"acts_visited":["Exordium","TheCity"],"potions_floor_usage":[24,24],"damage_taken":[{"damage":12.0,"enemies":"2 Louse","floor":1.0,"turns":5.0},{"damage":10.0,"enemies":"Small Slimes","floor":4.0,"turns":5.0},{"damage":6.0,"enemies":"Cultist","floor":5.0,"turns":3.0},{"damage":25.0,"enemies":"3 Sentries","floor":6.0,"turns":8.0},{"damage":6.0,"enemies":"Red Slaver","floor":8.0,"turns":2.0},{"damage":13.0,"enemies":"Lagavulin","floor":11.0,"turns":4.0},{"damage":6.0,"enemies":"Looter","floor":13.0,"turns":3.0},{"damage":12.0,"enemies":"Hexaghost","floor":16.0,"turns":9.0},{"damage":6.0,"enemies":"Spheric Guardian","floor":18.0,"turns":1.0},{"damage":24.0,"enemies":"Shell Parasite","floor":20.0,"turns":3.0},{"damage":12.0,"enemies":"Sentry and Sphere","floor":21.0,"turns":3.0},{"damage":25,"enemies":"Gremlin Leader","floor":24,"turns":5},{"damage":23,"enemies":"3 Cultists","floor":25,"turns":5},{"damage":16,"enemies":"Snecko","floor":28,"turns":3}],"seed_played":"-7117579895907055491","potions_obtained":[{"floor":5.0,"key":"Block Potion"},{"floor":6.0,"key":"AttackPotion"},{"floor":8.0,"key":"BlessingOfTheForge"},{"floor":11.0,"key":"SkillPotion"},{"floor":16.0,"key":"AttackPotion"},{"floor":21.0,"key":"Fire Potion"},{"floor":25,"key":"CultistPotion"}],"is_trial":false,"path_per_floor":["M","$","?","M","M","E","R","M","T","R","E","?","M","$","R","B",null,"M","$","M","M","?","R","E","M","T","?","M"],"character_chosen":"IRONCLAD","items_purchased":["Dexterity Potion"],"campfire_rested":0,"item_purchase_floors":[14],"current_hp_per_floor":[66,66,59,55,55,36,36,36,36,36,29,29,29,29,29,23,66,66,66,48,42,42,42,33,16,16,16,0,0],"gold":351,"neow_bonus":"ONE_RARE_RELIC","is_daily":false,"chose_seed":false,"campfire_upgraded":4,"win_rate":0.0,"timestamp":1611030434,"path_taken":["M","$","?","M","M","E","R","M","T","R","E","?","M","$","R","BOSS","M","$","M","M","?","R","E","?","T","?","M"],"items_purchased_type":["Potion"],"build_version":"2020-12-22","purchased_purges":3,"victory":false,"max_hp_per_floor":[80,80,80,80,80,80,80,80,80,80,80,80,80,80,80,80,80,80,80,80,80,80,80,90,90,90,90,90,90],"card_choices":[{"not_picked":["Flex","Searing Blow"],"picked":"Pommel Strike","floor":1.0},{"not_picked":["Flex","Headbutt"],"picked":"Seeing Red","floor":4.0},{"not_picked":["Bloodletting","Flex"],"picked":"Carnage","floor":5.0},{"not_picked":["Headbutt","Pommel Strike"],"picked":"Shrug It Off","floor":6.0},{"not_picked":["Headbutt","Warcry"],"picked":"Pummel","floor":8.0},{"not_picked":["Cleave","Wild Strike"],"picked":"Offering","floor":11.0},{"not_picked":["Pommel Strike","Anger"],"picked":"Flex","floor":13.0},{"not_picked":["Offering","Fiend Fire"],"picked":"Demon Form","floor":16.0},{"not_picked":["Headbutt","Metallicize+1","Cleave"],"picked":"SKIP","floor":18.0},{"not_picked":["Havoc","Dark Embrace"],"picked":"Heavy Blade","floor":20.0},{"not_picked":["Wild Strike","Seeing Red"],"picked":"Intimidate","floor":21.0},{"not_picked":["Rupture","True Grit"],"picked":"Double Tap","floor":24},{"not_picked":["Headbutt","Evolve","Warcry"],"picked":"SKIP","floor":25}],"player_experience":177478,"relics_obtained":[{"floor":6.0,"key":"Bronze Scales"},{"floor":9.0,"key":"Whetstone"},{"floor":11.0,"key":"Art of War"},{"floor":24,"key":"Pear"},{"floor":26,"key":"PreservedInsect"}],"event_choices":[{"cards_removed":["Strike_R"],"damage_healed":0.0,"max_hp_gain":0.0,"max_hp_loss":0.0,"gold_gain":0.0,"event_name":"Golden Wing","player_choice":"Card Removal","floor":3.0,"gold_loss":0.0,"damage_taken":7.0},{"damage_healed":0.0,"max_hp_gain":0.0,"max_hp_loss":0.0,"gold_gain":0.0,"cards_transformed":["Defend_R"],"event_name":"Transmorgrifier","player_choice":"Transformed","floor":12.0,"gold_loss":0.0,"damage_taken":0.0,"cards_obtained":["Searing Blow"]},{"damage_healed":0.0,"max_hp_gain":0.0,"max_hp_loss":0.0,"gold_gain":0.0,"event_name":"Match and Keep!","player_choice":"0 cards matched","floor":22.0,"gold_loss":0.0,"damage_taken":0.0,"cards_obtained":[]},{"damage_healed":0,"gold_gain":0,"player_choice":"Ignored","damage_taken":0,"max_hp_gain":0,"max_hp_loss":0,"event_name":"Cursed Tome","floor":27,"gold_loss":0}],"is_beta":false,"boss_relics":[{"not_picked":["Fusion Hammer","Busted Crown"],"picked":"SacredBark"}],"items_purged_floors":[2,14,19],"is_endless":false,"potions_floor_spawned":[5,6,8,11,16,21,25],"killed_by":"Snecko","ascension_level":10}}