{"host":"wonp23fsqqcu31ie","time":1611057813,"event":{"mods":["2.2 Compatiblity","AchievementEnabler","Aspiration","BaseMod","Bestiary","Better Altar","Better Match","Better Sensory Stone","Better Skull","Better Third Choice","BetterRewards","Block Reminder","Colored Map","Colored Powertips","Conspire","Curses Come First","DeckTracker","Displayed Cursed Tome","Downfall","Energized Spire","Evolution","Hermit","Highlight Path","Hubris","Infinite Spire","Marisa????????","Minty Spire (QoL Compilation)","Permanent Neow","Prisma Mod","Quick Restart","Rare Cards Sparkle","Relic Stats","Robot Space Explorer","Shade Mod","Shop Mod","StSLib","SuperFastMode","The Animator","The Bug Knight","The Construct","The Cursed","The Disciple","The Dragon Tamer","The Gatherer","The Hierophant","The Marked","The Necromancer","The Poker Player","The Runesmith","The Saiyan","The Servant 0.9.4","TheBandit"],"gold_per_floor":[91,91,91,106,56,56,88,88,88,108,208,228,243,261,261,261,261],"floor_reached":16,"language":"ENG","playtime":484,"items_purged":[],"score":127,"play_id":"50db22fe-9c88-4973-941b-ed8f8a6c7d27","local_time":"20210119230333","is_ascension_mode":false,"campfire_choices":[{"floor":6,"key":"RECALL"},{"data":"Saiyan:DrainingStrike","floor":8,"key":"SMITH"},{"floor":15,"key":"REST"}],"circlet_count":0,"master_deck":["Saiyan:SAIYA_Strike","Saiyan:SAIYA_Strike","Saiyan:SAIYA_Strike","Saiyan:SAIYA_Strike","Saiyan:SAIYA_Defend","Saiyan:SAIYA_Defend","Saiyan:SAIYA_Defend","Saiyan:SAIYA_Defend","Saiyan:EnergyBlast","Saiyan:KaioKen","Saiyan:RuthlessBlow","Saiyan:GenkiDama","Saiyan:BigBangAttack","Saiyan:Makankosappo","Saiyan:MeteorDash","Saiyan:DrainingStrike+1","Saiyan:FingerParry","Saiyan:PowerUp","Saiyan:Expend"],"relics":["SaiyanSoul","SaiyanHeart","EVO:Axolotl","hubris:Icosahedron","Letter Opener"],"acts_visited":["Exordium"],"potions_floor_usage":[12,16],"damage_taken":[{"damage":8,"enemies":"Small Slimes","floor":1,"turns":3},{"damage":16,"enemies":"Jaw Worm","floor":4,"turns":2},{"damage":17,"enemies":"HollowMod:MossKnight","floor":7,"turns":9},{"damage":0,"enemies":"Cultist","floor":10,"turns":2},{"damage":17,"enemies":"Large Slime","floor":12,"turns":3},{"damage":0,"enemies":"Blue Slaver","floor":13,"turns":3},{"damage":1,"enemies":"conspire:2 RoseBushes","floor":14,"turns":3},{"damage":47,"enemies":"Hexaghost","floor":16,"turns":7}],"seed_played":"4750691920574637907","potions_obtained":[{"floor":7,"key":"Ancient Potion"},{"floor":12,"key":"sneckomod:MuddlingPotion"}],"is_trial":false,"path_per_floor":["M","?","?","M","$","R","E","R","T","M","?","M","M","M","R","B"],"character_chosen":"SAIYAJIN","items_purchased":["Saiyan:MeteorDash"],"campfire_rested":1,"item_purchase_floors":[5],"current_hp_per_floor":[53,53,58,44,44,44,29,29,29,29,29,13,15,18,41,0,0],"gold":261,"neow_bonus":"ONE_RANDOM_RARE_CARD","is_daily":false,"chose_seed":false,"campfire_upgraded":1,"win_rate":0.0,"timestamp":1611057813,"path_taken":["M","?","?","M","?","R","E","R","T","M","?","?","M","M","R","BOSS"],"items_purchased_type":["Card"],"build_version":"2020-12-22","purchased_purges":0,"victory":false,"max_hp_per_floor":[61,61,66,68,68,68,70,70,70,70,70,71,73,77,77,78,78],"relic_stats":{"counters":[19,93],"Letter Opener":[5],"obtain_stats":[{"Guardian:PickAxe":0,"Anchor":6,"hubris:Icosahedron":2,"aspiration:Nostalgia":0,"Golden Idol":4,"Pantograph":11,"SaiyanSoul":0,"SaiyanHeart":0,"Uniform":0,"Letter Opener":7},{"Guardian:PickAxe":0,"Anchor":7,"hubris:Icosahedron":12,"aspiration:Nostalgia":4,"Golden Idol":5,"Pantograph":8,"SaiyanSoul":0,"SaiyanHeart":0,"Uniform":4,"Letter Opener":14},{"Guardian:PickAxe":0,"Anchor":31,"hubris:Icosahedron":64,"aspiration:Nostalgia":16,"Golden Idol":19,"Pantograph":36,"SaiyanSoul":0,"SaiyanHeart":0,"Uniform":16,"Letter Opener":75}]},"card_choices":[{"not_picked":["Saiyan:ReverberatingForce","Saiyan:RemoveWeights"],"picked":"Saiyan:BigBangAttack","floor":1},{"not_picked":["Saiyan:Kienzan","Saiyan:TurtleShell"],"picked":"Saiyan:Makankosappo","floor":4},{"not_picked":["Saiyan:ReverberatingForce","Saiyan:BigBangAttack"],"picked":"Saiyan:DrainingStrike","floor":7},{"not_picked":["Saiyan:Flurry","Saiyan:Honing"],"picked":"Saiyan:FingerParry","floor":10},{"not_picked":["Saiyan:DragonFist","Saiyan:ThirstForFight","Saiyan:UltraInstinct"],"picked":"SKIP","floor":12},{"not_picked":["Saiyan:RemoveWeights","Saiyan:Kienzan"],"picked":"Saiyan:PowerUp","floor":13},{"not_picked":["Saiyan:BigBangAttack","Saiyan:Fly"],"picked":"Saiyan:Expend","floor":14}],"player_experience":556609,"relics_obtained":[{"floor":7,"key":"Letter Opener"}],"event_choices":[{"damage_healed":0,"gold_gain":0,"player_choice":"Donut","damage_taken":0,"max_hp_gain":5,"max_hp_loss":0,"event_name":"Big Fish","floor":3,"gold_loss":0},{"damage_healed":0,"gold_gain":100,"player_choice":"Pray","damage_taken":0,"max_hp_gain":0,"max_hp_loss":0,"event_name":"Golden Shrine","floor":11,"gold_loss":0}],"is_beta":false,"boss_relics":[],"items_purged_floors":[],"is_endless":false,"potions_floor_spawned":[7,12],"killed_by":"Hexaghost","ascension_level":0}}