{"host":"52m1o8iwwagurbjs","time":1611022012,"event":{"mods":["AchievementEnabler","BaseMod","Bestiary","Colored Powertips","GifTheSpireLib","Minty Spire (QoL Compilation)","Quick Restart","RNG Fix","Relic Stats","StSLib"],"gold_per_floor":[116,25,25,35,45,78,78,90,117,129,155,179,191,223,235,342,354,381,407,431,460,142,142,157,157,157,3,18,35,35,50,50,148,148,165,175,175,175,193,225,27,46,70,70,120,120,137,49,49,49,49,49,23,23,23],"floor_reached":54,"language":"ENG","playtime":2160,"items_purged":["Strike_G","Defend_G","Defend_G"],"score":725,"play_id":"c4cbecf5-218b-4e9e-b4f2-08ded3293816","local_time":"20210118210652","is_ascension_mode":false,"campfire_choices":[{"data":"Blade Dance","floor":7.0,"key":"SMITH"},{"data":"Crippling Poison","floor":10.0,"key":"SMITH"},{"data":"Footwork","floor":13.0,"key":"SMITH"},{"data":"Well Laid Plans","floor":15.0,"key":"SMITH"},{"data":"Envenom","floor":23.0,"key":"SMITH"},{"data":"Catalyst","floor":25.0,"key":"SMITH"},{"data":"Finisher","floor":30.0,"key":"SMITH"},{"floor":32.0,"key":"REST"},{"floor":44.0,"key":"RECALL"},{"floor":49.0,"key":"REST"},{"data":"Dark Shackles","floor":52.0,"key":"SMITH"}],"circlet_count":0,"master_deck":["Strike_G","Defend_G","Defend_G","Survivor","Neutralize","Finisher+1","Blade Dance+1","Sucker Punch","Crippling Poison+1","Backstab","Dagger Throw","Catalyst+1","Footwork","Footwork+1","Well Laid Plans+1","Envenom+1","Storm of Steel+1","Bullet Time+1","After Image+1","Crippling Poison+1","Dodge and Roll","Dodge and Roll","Cloak And Dagger+1","Noxious Fumes","Blur+1","Deflect","Acrobatics","Dagger Spray+1","Dark Shackles+1","Deflect+1","Cloak And Dagger","PiercingWail"],"relics":["Ring of the Snake","Anchor","MawBank","Astrolabe","Orichalcum","Singing Bowl","Membership Card","SacredBark","Bag of Marbles","Lee\u0027s Waffle","The Specimen"],"acts_visited":[],"potions_floor_usage":[],"damage_taken":[{"damage":0.0,"enemies":"2 Louse","floor":1.0,"turns":3.0},{"damage":0.0,"enemies":"Cultist","floor":4.0,"turns":3.0},{"damage":0.0,"enemies":"Small Slimes","floor":5.0,"turns":2.0},{"damage":13.0,"enemies":"Gremlin Nob","floor":6.0,"turns":4.0},{"damage":0.0,"enemies":"Blue Slaver","floor":8.0,"turns":2.0},{"damage":0.0,"enemies":"3 Louse","floor":11.0,"turns":2.0},{"damage":0.0,"enemies":"Looter","floor":12.0,"turns":2.0},{"damage":0.0,"enemies":"2 Fungi Beasts","floor":14.0,"turns":2.0},{"damage":0.0,"enemies":"Slime Boss","floor":16.0,"turns":6.0},{"damage":0.0,"enemies":"Shell Parasite","floor":18.0,"turns":7.0},{"damage":0.0,"enemies":"3 Byrds","floor":19.0,"turns":3.0},{"damage":0.0,"enemies":"Centurion and Healer","floor":20.0,"turns":6.0},{"damage":0.0,"enemies":"Chosen and Byrds","floor":21.0,"turns":6.0},{"damage":22.0,"enemies":"Snake Plant","floor":24.0,"turns":4.0},{"damage":0.0,"enemies":"Shelled Parasite and Fungi","floor":28.0,"turns":5.0},{"damage":13.0,"enemies":"Cultist and Chosen","floor":29.0,"turns":7.0},{"damage":7.0,"enemies":"3 Cultists","floor":31.0,"turns":5.0},{"damage":23.0,"enemies":"Collector","floor":33.0,"turns":10.0},{"damage":11.0,"enemies":"Orb Walker","floor":35.0,"turns":6.0},{"damage":18.0,"enemies":"3 Darklings","floor":36.0,"turns":5.0},{"damage":0.0,"enemies":"4 Shapes","floor":39.0,"turns":7.0},{"damage":31.0,"enemies":"Nemesis","floor":40.0,"turns":9.0},{"damage":16.0,"enemies":"Sphere and 2 Shapes","floor":42.0,"turns":6.0},{"damage":0.0,"enemies":"Mind Bloom Boss Battle","floor":45.0,"turns":6.0},{"damage":33.0,"enemies":"Spire Growth","floor":47.0,"turns":6.0},{"damage":25.0,"enemies":"Donu and Deca","floor":50.0,"turns":11.0},{"damage":0,"enemies":"Shield and Spear","floor":54,"turns":1}],"seed_played":"-2082532437323807698","potions_obtained":[{"floor":1.0,"key":"Poison Potion"},{"floor":3.0,"key":"Dexterity Potion"},{"floor":3.0,"key":"DuplicationPotion"},{"floor":8.0,"key":"Energy Potion"},{"floor":11.0,"key":"Ancient Potion"},{"floor":12.0,"key":"Fire Potion"},{"floor":19.0,"key":"Fire Potion"},{"floor":24.0,"key":"SneckoOil"},{"floor":29.0,"key":"Energy Potion"},{"floor":31.0,"key":"DuplicationPotion"},{"floor":33.0,"key":"Energy Potion"},{"floor":35.0,"key":"Block Potion"},{"floor":36.0,"key":"GamblersBrew"},{"floor":39.0,"key":"CunningPotion"},{"floor":45.0,"key":"SpeedPotion"}],"is_trial":false,"path_per_floor":["M","$","?","M","M","E","R","M","T","R","M","M","R","M","R","B",null,"M","M","M","M","$","R","M","R","T","$","M","M","R","M","R","B",null,"M","M","?","?","M","E","$","M","T","R","?","?","M","$","R","B",null,"R","$","E"],"character_chosen":"THE_SILENT","items_purchased":["Blade Dance","Sucker Punch","AttackPotion","ColorlessPotion","Orichalcum","Membership Card","Lee\u0027s Waffle","PowerPotion","Deflect","Acrobatics","Cloak And Dagger","PiercingWail"],"campfire_rested":2,"item_purchase_floors":[2,2,22,22,22,27,41,41,41,41,48,53],"current_hp_per_floor":[77,77,77,77,77,64,64,64,64,64,64,64,64,64,64,64,77,77,77,77,77,77,77,55,55,55,55,57,44,44,39,63,42,83,74,56,56,56,58,29,96,80,80,80,82,82,49,49,78,53,98,98,98,98,98],"gold":23,"neow_bonus":"TEN_PERCENT_HP_BONUS","is_daily":false,"chose_seed":false,"campfire_upgraded":8,"win_rate":0.0,"timestamp":1611022012,"path_taken":["M","$","?","M","M","E","R","M","T","R","M","M","R","M","R","BOSS","M","M","?","M","?","R","M","R","T","$","M","?","R","M","R","BOSS","M","M","?","?","M","E","$","M","T","R","?","?","M","?","R","BOSS","R","$","E"],"items_purchased_type":["Card","Card","Potion","Potion","Relic","Relic","Relic","Potion","Card","Card","Card","Card"],"build_version":"2020-12-22","purchased_purges":3,"victory":false,"max_hp_per_floor":[77,77,77,77,77,77,77,77,77,77,77,77,77,77,77,77,77,77,77,77,77,77,77,77,77,77,77,79,79,79,81,81,83,83,85,85,85,85,87,89,96,96,96,96,98,98,98,98,98,98,98,98,98,98,98],"relic_stats":{"Lee\u0027s Waffle":0,"Singing Bowl":0,"counters":[1,1],"Astrolabe":[],"Orichalcum":[0],"MawBank":0,"obtain_stats":[{"Anchor":0,"Lee\u0027s Waffle":0,"Singing Bowl":0,"The Specimen":0,"Astrolabe":0,"SacredBark":0,"Bag of Marbles":0,"Membership Card":0,"Orichalcum":0,"MawBank":0,"Ring of the Snake":0},{"Anchor":0,"Lee\u0027s Waffle":0,"Singing Bowl":0,"The Specimen":0,"Astrolabe":0,"SacredBark":0,"Bag of Marbles":0,"Membership Card":0,"Orichalcum":0,"MawBank":0,"Ring of the Snake":0},{"Anchor":0,"Lee\u0027s Waffle":0,"Singing Bowl":0,"The Specimen":0,"Astrolabe":0,"SacredBark":0,"Bag of Marbles":0,"Membership Card":0,"Orichalcum":0,"MawBank":0,"Ring of the Snake":0}],"Ring of the Snake":[2]},"card_choices":[{"not_picked":["Skewer","Setup"],"picked":"Finisher","floor":1.0},{"not_picked":["Blur","Flechettes"],"picked":"Crippling Poison","floor":4.0},{"not_picked":["Choke","Deadly Poison"],"picked":"Backstab","floor":5.0},{"not_picked":["Prepared","Infinite Blades"],"picked":"Dagger Throw","floor":6.0},{"not_picked":["Slice","Flying Knee"],"picked":"Catalyst","floor":8.0},{"not_picked":["Flying Knee","Acrobatics"],"picked":"Footwork","floor":11.0},{"not_picked":["Slice","Dodge and Roll"],"picked":"Footwork","floor":12.0},{"not_picked":["Dash","Distraction"],"picked":"Well Laid Plans","floor":14.0},{"not_picked":["Unload","Storm of Steel"],"picked":"Envenom","floor":16.0},{"not_picked":["Dodge and Roll","Tactician"],"picked":"Crippling Poison+1","floor":18.0},{"not_picked":["Prepared","Sucker Punch","Slice+1"],"picked":"SKIP","floor":19.0},{"not_picked":["Concentrate+1","Outmaneuver"],"picked":"Dodge and Roll","floor":20.0},{"not_picked":["Bane","Blade Dance"],"picked":"Dodge and Roll","floor":21.0},{"not_picked":["Bane","Footwork+1"],"picked":"Cloak And Dagger+1","floor":24.0},{"not_picked":["Dash+1","Deadly Poison","Doppelganger"],"picked":"Singing Bowl","floor":28.0},{"not_picked":["Dagger Throw+1","Expertise"],"picked":"Noxious Fumes","floor":29.0},{"not_picked":["Skewer+1","Deadly Poison+1","Infinite Blades"],"picked":"Singing Bowl","floor":31.0},{"not_picked":["Glass Knife","Storm of Steel","Grand Finale"],"picked":"Singing Bowl","floor":33.0},{"not_picked":["Accuracy","Deadly Poison+1","Slice"],"picked":"Singing Bowl","floor":35.0},{"not_picked":["Dodge and Roll+1","Underhanded Strike+1"],"picked":"Blur+1","floor":36.0},{"not_picked":["Masterful Stab+1","Sucker Punch","Quick Slash+1"],"picked":"Singing Bowl","floor":39.0},{"not_picked":["Dagger Throw+1","Quick Slash+1","Bane+1"],"picked":"Singing Bowl","floor":40.0},{"not_picked":["Tactician","Die Die Die"],"picked":"Dagger Spray+1","floor":42.0},{"not_picked":["Blade Dance","Slice","Dagger Throw"],"picked":"Singing Bowl","floor":45.0},{"not_picked":["PanicButton","Jack Of All Trades"],"picked":"Dark Shackles","floor":46.0},{"not_picked":["Bane+1","Bouncing Flask"],"picked":"Deflect+1","floor":47.0}],"player_experience":1132676,"relics_obtained":[{"floor":6.0,"key":"Anchor"},{"floor":9.0,"key":"MawBank"},{"floor":26.0,"key":"Singing Bowl"},{"floor":40.0,"key":"Bag of Marbles"},{"floor":45.0,"key":"The Specimen"}],"event_choices":[{"damage_healed":0.0,"max_hp_gain":0.0,"max_hp_loss":0.0,"gold_gain":0.0,"event_name":"Lab","player_choice":"Got Potions","floor":3.0,"gold_loss":0.0,"damage_taken":0.0},{"cards_removed":["Strike_G"],"damage_healed":0.0,"max_hp_gain":0.0,"max_hp_loss":0.0,"gold_gain":0.0,"event_name":"Falling","player_choice":"Removed Attack","floor":37.0,"gold_loss":0.0,"damage_taken":0.0},{"damage_healed":0.0,"max_hp_gain":0.0,"max_hp_loss":0.0,"gold_gain":0.0,"event_name":"Tomb of Lord Red Mask","player_choice":"Ignored","floor":38.0,"gold_loss":0.0,"damage_taken":0.0},{"damage_healed":0.0,"max_hp_gain":0.0,"max_hp_loss":0.0,"gold_gain":0.0,"event_name":"MindBloom","player_choice":"Fight","floor":45.0,"gold_loss":0.0,"damage_taken":0.0},{"damage_healed":0.0,"max_hp_gain":0.0,"max_hp_loss":0.0,"gold_gain":0.0,"event_name":"SensoryStone","player_choice":"Memory 1","floor":46.0,"gold_loss":0.0,"damage_taken":0.0}],"is_beta":false,"boss_relics":[{"not_picked":["WristBlade","Ectoplasm"],"picked":"Astrolabe"},{"not_picked":["Philosopher\u0027s Stone","Ring of the Serpent"],"picked":"SacredBark"}],"items_purged_floors":[22,41,48],"is_endless":false,"potions_floor_spawned":[1,8,11,12,14,19,24,29,31,33,35,36,39,45],"killed_by":"Shield and Spear","ascension_level":0}}