{"host":"neshiy0twyn5josp","time":1611057295,"event":{"mods":["AchievementEnabler","Act Like it!","AlwaysNeverKeys","Aspiration","BaseMod","Better Note","Better Silent Start","Better Third Choice","Challenge The Spire","Colored Powertips","Conspire","Emptier Cage","Energized Spire","GifTheSpireLib","Hubris","Minty Spire (QoL Compilation)","Pale of the Ancients","Permanent Neow","Quick Restart","Rare Cards Sparkle","Replay The Spire","Reworked Bosses","StSLib","Stuff the Spire"],"gold_per_floor":[110,110,110,128,146,178,178,103,103,103,103],"floor_reached":10,"language":"ENG","playtime":474,"items_purged":["Defend_G"],"score":69,"play_id":"ee8e3715-8fa7-4845-8881-c234a8bc0852","local_time":"20210119035455","is_ascension_mode":true,"campfire_choices":[{"data":"StuffTheSpire:FinalStruggle","floor":7,"key":"SMITH"}],"circlet_count":0,"master_deck":["Strike_G","Strike_G","Strike_G","Strike_G+1","Defend_G","Defend_G","Defend_G","Survivor","Neutralize+1","StuffTheSpire:FinalStruggle+1","Sneak Up"],"relics":["Ring of the Snake","aspiration:HatOfInfinitePower","Whetstone"],"acts_visited":["Exordium"],"potions_floor_usage":[6],"damage_taken":[{"damage":45,"enemies":"2 Louse","floor":1,"turns":3},{"damage":30,"enemies":"Cultist","floor":4,"turns":4},{"damage":20,"enemies":"Jaw Worm","floor":5,"turns":4},{"damage":56,"enemies":"3 Sentries","floor":6,"turns":14},{"damage":32,"enemies":"Lagavulin","floor":10,"turns":3}],"seed_played":"-4314066310455440991","potions_obtained":[{"floor":4,"key":"Elixir"}],"is_trial":false,"path_per_floor":["M","$","?","M","M","E","R","$","T","E"],"character_chosen":"THE_SILENT","items_purchased":[],"campfire_rested":0,"item_purchase_floors":[],"current_hp_per_floor":[70,70,63,63,63,32,32,32,32,0,0],"gold":103,"neow_bonus":"ONE_RANDOM_RARE_CARD","is_daily":false,"chose_seed":false,"campfire_upgraded":1,"win_rate":0.0,"timestamp":1611057295,"path_taken":["M","$","?","?","M","E","R","?","T","E"],"items_purchased_type":[],"build_version":"2020-12-22","purchased_purges":1,"victory":false,"max_hp_per_floor":[70,70,70,70,70,70,70,70,70,70,70],"card_choices":[{"not_picked":["StuffTheSpire:Python","Backflip","Cloak And Dagger"],"picked":"SKIP","floor":1},{"not_picked":["Toxin Wave","Hidden Blade","StuffTheSpire:Shiver"],"picked":"SKIP","floor":4},{"not_picked":["Reflex","StuffTheSpire:Injection","Sucker Punch"],"picked":"SKIP","floor":5},{"not_picked":["Quick Slash","hubris:Sniper"],"picked":"Sneak Up","floor":6}],"player_experience":298698,"relics_obtained":[{"floor":6,"key":"aspiration:HatOfInfinitePower"},{"floor":9,"key":"Whetstone"}],"event_choices":[{"damage_healed":0,"gold_gain":0,"player_choice":"Damaged","damage_taken":7,"max_hp_gain":0,"max_hp_loss":0,"event_name":"Wheel of Change","floor":3,"gold_loss":0}],"is_beta":false,"boss_relics":[],"items_purged_floors":[8],"is_endless":false,"potions_floor_spawned":[4],"killed_by":"Lagavulin","ascension_level":1}}