{"host":"21h5e52imz35vo8g","time":1611067266,"event":{"mods":["AchievementEnabler","BaseMod","Colored Map","Colored Powertips","Googly Eyes","Minty Spire (QoL Compilation)","Quick Restart","Rare Cards Sparkle","StSLib"],"gold_per_floor":[117,117,48,60,60,60,95,22,68,395,409,145,145,164,164,260,260,279,289,308,308,407,407,431,431,454,464,145,172,60,74,74,170,170,186,186,203,221,303,303,328,328,351,363,154,204,129,160,160,160],"floor_reached":51,"language":"ZHS","playtime":2264,"items_purged":["Regret","Strike_B","Strike_B","Defend_B"],"score":945,"play_id":"0e5e982f-a2ad-4381-ae19-bcd228cc6074","local_time":"20210119224106","is_ascension_mode":true,"campfire_choices":[{"data":"Storm","floor":6.0,"key":"SMITH"},{"floor":15.0,"key":"REST"},{"floor":23.0,"key":"REST"},{"data":"Static Discharge","floor":25.0,"key":"SMITH"},{"floor":32.0,"key":"REST"},{"data":"Echo Form","floor":40.0,"key":"SMITH"},{"data":"Fission","floor":42.0,"key":"SMITH"},{"data":"Double Energy","floor":49,"key":"SMITH"}],"circlet_count":0,"master_deck":["Defend_B","Defend_B","Defend_B+1","Zap","Storm+1","Heatsinks","Force Field","Genetic Algorithm","Loop","White Noise","Static Discharge+1","BootSequence+1","Buffer","Conserve Battery+1","Undo+1","Static Discharge","Echo Form+1","Double Energy+1","Storm","Fission+1","Loop","Thunder Strike"],"relics":["Cracked Core","NeowsBlessing","Tiny Chest","Oddly Smooth Stone","StrikeDummy","Ancient Tea Set","Old Coin","Membership Card","Sundial","Philosopher\u0027s Stone","Enchiridion","PreservedInsect","Art of War","Strange Spoon","Regal Pillow","Matryoshka","Symbiotic Virus","HandDrill","Empty Cage","Centennial Puzzle","Mummified Hand","DataDisk","Juzu Bracelet","War Paint","Lee\u0027s Waffle","Torii","Thread and Needle"],"acts_visited":["Exordium","TheCity","TheBeyond"],"potions_floor_usage":[],"damage_taken":[{"damage":0.0,"enemies":"Jaw Worm","floor":1.0,"turns":1.0},{"damage":0.0,"enemies":"Cultist","floor":4.0,"turns":1.0},{"damage":0.0,"enemies":"Gremlin Nob","floor":7.0,"turns":1.0},{"damage":33.0,"enemies":"3 Sentries","floor":10.0,"turns":8.0},{"damage":6.0,"enemies":"2 Louse","floor":11.0,"turns":3.0},{"damage":5.0,"enemies":"Large Slime","floor":14.0,"turns":3.0},{"damage":4.0,"enemies":"Slime Boss","floor":16.0,"turns":9.0},{"damage":12.0,"enemies":"Shell Parasite","floor":18.0,"turns":5.0},{"damage":22.0,"enemies":"3 Byrds","floor":19.0,"turns":4.0},{"damage":25.0,"enemies":"Snake Plant","floor":20.0,"turns":4.0},{"damage":0.0,"enemies":"Shelled Parasite and Fungi","floor":27.0,"turns":6.0},{"damage":13.0,"enemies":"Gremlin Leader","floor":29.0,"turns":5.0},{"damage":0.0,"enemies":"Snecko","floor":31.0,"turns":3.0},{"damage":10.0,"enemies":"Automaton","floor":33.0,"turns":6.0},{"damage":0.0,"enemies":"3 Shapes","floor":35.0,"turns":3.0},{"damage":15.0,"enemies":"3 Darklings","floor":37.0,"turns":4.0},{"damage":7.0,"enemies":"4 Shapes","floor":38.0,"turns":3.0},{"damage":23.0,"enemies":"Nemesis","floor":41.0,"turns":3.0},{"damage":0,"enemies":"Sphere and 2 Shapes","floor":44,"turns":3},{"damage":0,"enemies":"Mind Bloom Boss Battle","floor":46,"turns":3},{"damage":0,"enemies":"Reptomancer","floor":48,"turns":3},{"damage":0,"enemies":"Time Eater","floor":50,"turns":3}],"seed_played":"8366537843707986663","potions_obtained":[{"floor":1.0,"key":"FairyPotion"},{"floor":7.0,"key":"Energy Potion"},{"floor":19.0,"key":"FairyPotion"},{"floor":20.0,"key":"ColorlessPotion"},{"floor":29.0,"key":"Explosive Potion"},{"floor":33.0,"key":"Weak Potion"},{"floor":35.0,"key":"ColorlessPotion"},{"floor":41.0,"key":"CultistPotion"},{"floor":44,"key":"Swift Potion"}],"is_trial":false,"path_per_floor":["M","?","$","M","?","R","E","$","T","E","M","$","T","M","R","B",null,"M","M","M","?","?","R","T","R","T","M","$","E","$","M","R","B",null,"M","?","M","M","T","R","E","R","T","M","$","?","$","E","R","B",null],"character_chosen":"DEFECT","items_purchased":["Heatsinks","Genetic Algorithm","Membership Card","Static Discharge","BootSequence","Strange Spoon","Regal Pillow","Matryoshka","Double Energy","HandDrill","War Paint","Lee\u0027s Waffle"],"campfire_rested":3,"item_purchase_floors":[3,8,12,12,12,28,28,28,30,30,45,45],"current_hp_per_floor":[75,57,57,57,57,57,57,57,57,24,18,18,18,13,35,31,75,63,41,16,22,22,44,44,44,44,44,44,31,31,31,68,58,75,75,75,60,53,53,53,30,30,30,30,82,82,82,82,82,82],"gold":160,"neow_bonus":"THREE_ENEMY_KILL","is_daily":false,"chose_seed":false,"campfire_upgraded":5,"win_rate":0.0,"timestamp":1611067266,"path_taken":["M","?","$","M","?","R","E","?","T","E","?","$","?","M","R","BOSS","M","M","?","?","?","R","?","R","T","?","$","E","$","M","R","BOSS","M","?","M","?","?","R","E","R","T","M","$","?","$","E","R","BOSS"],"items_purchased_type":["Card","Card","Relic","Card","Card","Relic","Relic","Relic","Card","Relic","Relic","Relic"],"build_version":"2020-12-22","purchased_purges":4,"victory":true,"max_hp_per_floor":[75,75,75,75,75,75,75,75,75,75,75,75,75,75,75,75,75,75,75,75,75,75,75,75,75,75,75,75,75,75,75,75,75,75,75,75,75,75,75,75,75,75,75,75,82,82,82,82,82,82],"card_choices":[{"not_picked":["Self Repair","Genetic Algorithm"],"picked":"Storm","floor":1.0},{"not_picked":["Leap","Aggregate","Rebound"],"picked":"SKIP","floor":4.0},{"not_picked":["Coolheaded","Go for the Eyes"],"picked":"Force Field","floor":7.0},{"not_picked":["Rip and Tear","Cold Snap"],"picked":"Loop","floor":10.0},{"not_picked":["Auto Shields","Go for the Eyes"],"picked":"White Noise","floor":11.0},{"not_picked":["Cold Snap","Stack","Barrage"],"picked":"SKIP","floor":14.0},{"not_picked":["Seek","Machine Learning"],"picked":"Buffer","floor":16.0},{"not_picked":["Redo","Doom and Gloom+1"],"picked":"Conserve Battery+1","floor":18.0},{"not_picked":["Go for the Eyes+1","Barrage+1"],"picked":"Undo+1","floor":19.0},{"not_picked":["Leap","Sweeping Beam"],"picked":"Static Discharge","floor":20.0},{"not_picked":["Beam Cell+1","Gash+1","Steam Power+1"],"picked":"SKIP","floor":27.0},{"not_picked":["Reprogram+1","Conserve Battery"],"picked":"Echo Form","floor":29.0},{"not_picked":["Sweeping Beam","Sunder+1"],"picked":"Storm","floor":31.0},{"not_picked":["Rainbow","Echo Form"],"picked":"Fission","floor":33.0},{"not_picked":["Cold Snap","Storm+1","Beam Cell"],"picked":"SKIP","floor":35.0},{"not_picked":["Darkness+1","Ball Lightning+1","Rebound+1"],"picked":"SKIP","floor":37.0},{"not_picked":["Go for the Eyes","Barrage+1","Gash"],"picked":"SKIP","floor":38.0},{"not_picked":["BootSequence","Cold Snap+1","Consume+1"],"picked":"SKIP","floor":41.0},{"not_picked":["Cold Snap","Turbo+1"],"picked":"Thunder Strike","floor":44},{"not_picked":["Stack","Cold Snap","Gash+1"],"picked":"SKIP","floor":48}],"player_experience":335510,"relics_obtained":[{"floor":7.0,"key":"StrikeDummy"},{"floor":9.0,"key":"Ancient Tea Set"},{"floor":10.0,"key":"Old Coin"},{"floor":13.0,"key":"Sundial"},{"floor":21.0,"key":"Enchiridion"},{"floor":24.0,"key":"PreservedInsect"},{"floor":26.0,"key":"Art of War"},{"floor":29.0,"key":"Symbiotic Virus"},{"floor":39.0,"key":"Centennial Puzzle"},{"floor":39.0,"key":"Mummified Hand"},{"floor":41.0,"key":"DataDisk"},{"floor":43,"key":"Juzu Bracelet"},{"floor":46,"key":"Torii"},{"floor":48,"key":"Thread and Needle"}],"event_choices":[{"damage_healed":0.0,"max_hp_gain":0.0,"max_hp_loss":0.0,"gold_gain":0.0,"event_name":"Scrap Ooze","player_choice":"Success","floor":2.0,"gold_loss":0.0,"damage_taken":18.0,"relics_obtained":["Tiny Chest"]},{"damage_healed":0.0,"max_hp_gain":0.0,"max_hp_loss":0.0,"gold_gain":0.0,"event_name":"Big Fish","player_choice":"Box","floor":5.0,"gold_loss":0.0,"damage_taken":0.0,"relics_obtained":["Oddly Smooth Stone"],"cards_obtained":["Regret"]},{"damage_healed":0.0,"max_hp_gain":0.0,"max_hp_loss":0.0,"gold_gain":0.0,"event_name":"Cursed Tome","player_choice":"Obtained Book","floor":21.0,"gold_loss":0.0,"damage_taken":16.0},{"damage_healed":0.0,"max_hp_gain":0.0,"max_hp_loss":0.0,"gold_gain":99.0,"event_name":"Nest","player_choice":"Stole From Cult","floor":22.0,"gold_loss":0.0,"damage_taken":0.0},{"damage_healed":0.0,"max_hp_gain":0.0,"max_hp_loss":0.0,"gold_gain":0.0,"cards_transformed":["Strike_B"],"event_name":"Transmorgrifier","player_choice":"Transformed","floor":36.0,"gold_loss":0.0,"damage_taken":0.0,"cards_obtained":["Loop"]},{"damage_healed":0,"gold_gain":0,"player_choice":"Fight","damage_taken":0,"max_hp_gain":0,"max_hp_loss":0,"event_name":"MindBloom","floor":46,"gold_loss":0}],"is_beta":false,"boss_relics":[{"not_picked":["Runic Dome","Fusion Hammer"],"picked":"Philosopher\u0027s Stone"},{"not_picked":["Velvet Choker","Pandora\u0027s Box"],"picked":"Empty Cage"}],"items_purged_floors":[12,28,45,47],"is_endless":false,"potions_floor_spawned":[1,7,19,20,29,33,35,41,44],"ascension_level":1}}