{"host":"3j2m8n0ywf988fwb","time":1611041335,"event":{"mods":["BaseMod","Colored Map","Colored Powertips","Downfall","Highlight Path","Minty Spire (QoL Compilation)","Spire Arcade","StSLib"],"gold_per_floor":[99,111,127,127,127,141,164,176,6,0,16,49,11,31,51,51,51],"floor_reached":16,"language":"ENG","playtime":849,"items_purged":["Regret"],"score":104,"play_id":"58418285-e009-4a29-b2c0-7574816b893d","local_time":"20210119012855","is_ascension_mode":false,"campfire_choices":[{"data":"bronze:Replicate","floor":1,"key":"SMITH"}],"circlet_count":0,"master_deck":["bronze:Strike","bronze:Strike","bronze:Strike","bronze:Strike","bronze:Defend","bronze:Defend","bronze:Defend","bronze:Defend","bronze:Replicate+1","bronze:Goto","bronze:BitShift","bronze:Iterate","bronze:DarkDash","bronze:DelayedSlice","bronze:ChosenStrike","bronze:NullPointer","bronze:BitShift","bronze:Break","bronze:DelayedSlice","bronze:WhirlingStrike","bronze:WhirlingStrike"],"relics":["bronze:BronzeCore","Boot","Ancient Tea Set","Centennial Puzzle"],"acts_visited":["Exordium"],"potions_floor_usage":[13],"damage_taken":[{"damage":0,"enemies":"Small Slimes","floor":2,"turns":4},{"damage":5,"enemies":"Cultist","floor":3,"turns":4},{"damage":0,"enemies":"2 Louse","floor":6,"turns":2},{"damage":3,"enemies":"2 Fungi Beasts","floor":8,"turns":4},{"damage":2,"enemies":"downfall:FleeingMerchant","floor":9,"turns":4},{"damage":2,"enemies":"downfall:FleeingMerchant","floor":10,"turns":4},{"damage":0,"enemies":"Large Slime","floor":11,"turns":4},{"damage":18,"enemies":"3 Sentries","floor":12,"turns":5},{"damage":0,"enemies":"downfall:FleeingMerchant","floor":13,"turns":4},{"damage":0,"enemies":"Exordium Thugs","floor":14,"turns":1},{"damage":6,"enemies":"Lots of Slimes","floor":15,"turns":2},{"damage":42,"enemies":"WA_ARCHETYPE_RETAIN","floor":16,"turns":4}],"seed_played":"-2175676862346406599","potions_obtained":[{"floor":3,"key":"Weak Potion"},{"floor":5,"key":"LiquidBronze"},{"floor":5,"key":"hexamod:SoulburnPotion"},{"floor":5,"key":"Guardian:BlockOnCardUsePotion"}],"is_trial":false,"path_per_floor":["R","M","M","?","?","M","T","M","$","$","M","E","$","M","M","B"],"character_chosen":"THE_AUTOMATON","items_purchased":["bronze:ChosenStrike","bronze:DelayedSlice"],"campfire_rested":0,"item_purchase_floors":[9,13],"current_hp_per_floor":[77,77,72,72,72,72,72,69,67,65,65,47,47,47,41,0,0],"gold":51,"neow_bonus":"TEN_PERCENT_HP_BONUS","is_daily":false,"chose_seed":false,"campfire_upgraded":1,"win_rate":0.0,"timestamp":1611041335,"path_taken":["R","M","M","?","?","?","T","?","?","$","M","E","$","M","M","BOSS"],"items_purchased_type":["Card","Card"],"build_version":"2020-12-22","purchased_purges":1,"victory":false,"max_hp_per_floor":[77,77,77,77,77,77,77,77,77,77,77,77,77,77,77,77,77],"card_choices":[{"not_picked":["bronze:ChildClass","bronze:BronzeArmor"],"picked":"bronze:BitShift","floor":2},{"not_picked":["bronze:GetLatest","bronze:DelayedGuard"],"picked":"bronze:Iterate","floor":3},{"not_picked":["bronze:ForLoop","bronze:OilSpill"],"picked":"bronze:DarkDash","floor":6},{"not_picked":["bronze:ChildClass","bronze:CutThrough"],"picked":"bronze:DelayedSlice","floor":8},{"not_picked":["bronze:Allocate","bronze:MaxOutput","bronze:Overheat"],"picked":"SKIP","floor":9},{"not_picked":["bronze:Overheat","bronze:BitShift","bronze:Backtrace"],"picked":"SKIP","floor":10},{"not_picked":["bronze:Iterate","bronze:ClassDefault"],"picked":"bronze:NullPointer","floor":11},{"not_picked":["bronze:OilSpill","bronze:WildBeam"],"picked":"bronze:BitShift","floor":12},{"not_picked":["bronze:Overheat","bronze:Turbo"],"picked":"bronze:Break","floor":13},{"not_picked":["bronze:CutThrough","bronze:Deprecate"],"picked":"bronze:WhirlingStrike","floor":14},{"not_picked":["bronze:DelayedSlice","bronze:Iterate"],"picked":"bronze:WhirlingStrike","floor":15}],"player_experience":975719,"relics_obtained":[{"floor":7,"key":"Ancient Tea Set"},{"floor":12,"key":"Centennial Puzzle"}],"event_choices":[{"damage_healed":0,"gold_gain":0,"player_choice":"Box","damage_taken":0,"relics_obtained":["Boot"],"max_hp_gain":0,"max_hp_loss":0,"event_name":"Big Fish","floor":4,"gold_loss":0,"cards_obtained":["Regret"]},{"damage_healed":0,"gold_gain":0,"player_choice":"Got Potions","damage_taken":0,"max_hp_gain":0,"max_hp_loss":0,"event_name":"Lab","floor":5,"gold_loss":0}],"is_beta":false,"boss_relics":[],"items_purged_floors":[9],"is_endless":false,"potions_floor_spawned":[3,6,11,12],"killed_by":"WA_ARCHETYPE_RETAIN","ascension_level":0}}