{"host":"928gv66myv2vlnsd","time":1611080499,"event":{"mods":["BaseMod","Minty Spire (QoL Compilation)","StSLib"],"gold_per_floor":[117,129,139,153,168,168,195,195,221,253,253,264,264,7,7,108,108,128,141,141,152,77,77,77],"floor_reached":23,"language":"ENG","playtime":2052,"items_purged":["Strike_G"],"score":365,"play_id":"d1f3d9c3-9b48-48aa-acf9-9938f86005ad","local_time":"20210119132139","is_ascension_mode":true,"campfire_choices":[{"data":"Tools of the Trade","floor":6.0,"key":"SMITH"},{"floor":8.0,"key":"REST"},{"floor":11.0,"key":"REST"},{"data":"Footwork","floor":15.0,"key":"SMITH"}],"circlet_count":0,"master_deck":["AscendersBane","Strike_G","Strike_G","Defend_G","Defend_G","Defend_G","Defend_G","Defend_G","Survivor","Neutralize","Tools of the Trade+1","Escape Plan","Dagger Spray","Concentrate","Corpse Explosion","Escape Plan","Unload","Well Laid Plans","Footwork+1","Burst","Bouncing Flask","Eviscerate","Catalyst","Underhanded Strike"],"relics":["Ring of the Snake","Bronze Scales","Regal Pillow","Juzu Bracelet","OrangePellets","Black Star"],"acts_visited":[],"potions_floor_usage":[21,23],"damage_taken":[{"damage":3.0,"enemies":"Cultist","floor":1.0,"turns":5.0},{"damage":1.0,"enemies":"Small Slimes","floor":2.0,"turns":6.0},{"damage":2.0,"enemies":"Jaw Worm","floor":3.0,"turns":6.0},{"damage":0.0,"enemies":"Blue Slaver","floor":4.0,"turns":7.0},{"damage":8.0,"enemies":"Exordium Wildlife","floor":5.0,"turns":3.0},{"damage":26.0,"enemies":"Gremlin Nob","floor":7.0,"turns":4.0},{"damage":20.0,"enemies":"3 Sentries","floor":10.0,"turns":3.0},{"damage":4.0,"enemies":"2 Fungi Beasts","floor":12.0,"turns":3.0},{"damage":14.0,"enemies":"Hexaghost","floor":16.0,"turns":14.0},{"damage":14,"enemies":"2 Thieves","floor":18,"turns":4},{"damage":4,"enemies":"3 Byrds","floor":19,"turns":2},{"damage":14,"enemies":"Cultist and Chosen","floor":21,"turns":4},{"damage":52,"enemies":"Book of Stabbing","floor":23,"turns":6}],"seed_played":"-186590356417133143","potions_obtained":[{"floor":2.0,"key":"LiquidBronze"},{"floor":3.0,"key":"Fire Potion"},{"floor":10.0,"key":"SteroidPotion"},{"floor":16.0,"key":"DuplicationPotion"},{"floor":19,"key":"Regen Potion"}],"is_trial":false,"path_per_floor":["M","M","M","M","M","R","E","R","T","E","R","M","?","$","R","B",null,"M","M","?","M","?","E"],"character_chosen":"THE_SILENT","items_purchased":["OrangePellets","Footwork"],"campfire_rested":2,"item_purchase_floors":[14,14],"current_hp_per_floor":[60,59,57,57,49,49,23,41,41,21,54,50,43,43,43,29,55,41,37,37,23,23,0,0],"gold":77,"neow_bonus":"THREE_RARE_CARDS","is_daily":false,"chose_seed":false,"campfire_upgraded":2,"win_rate":0.0,"timestamp":1611080499,"path_taken":["M","M","M","M","?","R","E","R","T","E","R","M","?","$","R","BOSS","M","M","?","M","?","E"],"items_purchased_type":["Relic","Card"],"build_version":"2020-12-22","purchased_purges":1,"victory":false,"max_hp_per_floor":[63,63,63,63,63,63,63,63,63,63,63,63,63,63,63,63,63,63,63,63,63,63,63,63],"card_choices":[{"not_picked":["A Thousand Cuts","Storm of Steel"],"picked":"Tools of the Trade","floor":0.0},{"not_picked":["Slice","Outmaneuver"],"picked":"Escape Plan","floor":1.0},{"not_picked":["Quick Slash","Choke"],"picked":"Dagger Spray","floor":2.0},{"not_picked":["Prepared","Backflip"],"picked":"Concentrate","floor":3.0},{"not_picked":["Blur","Poisoned Stab"],"picked":"Corpse Explosion","floor":4.0},{"not_picked":["PiercingWail","Acrobatics"],"picked":"Escape Plan","floor":5.0},{"not_picked":["Dodge and Roll","Distraction"],"picked":"Unload","floor":7.0},{"not_picked":["Masterful Stab","Slice"],"picked":"Well Laid Plans","floor":10.0},{"not_picked":["Poisoned Stab","Cloak And Dagger","Prepared"],"picked":"SKIP","floor":12.0},{"not_picked":["Storm of Steel","Doppelganger"],"picked":"Burst","floor":16.0},{"not_picked":["Bane","Dagger Spray"],"picked":"Bouncing Flask","floor":18},{"not_picked":["Dagger Throw","All Out Attack+1"],"picked":"Eviscerate","floor":19},{"not_picked":["Sucker Punch","Blade Dance"],"picked":"Underhanded Strike","floor":21}],"player_experience":1252763,"relics_obtained":[{"floor":7.0,"key":"Bronze Scales"},{"floor":9.0,"key":"Regal Pillow"},{"floor":10.0,"key":"Juzu Bracelet"}],"event_choices":[{"cards_removed":["Strike_G"],"damage_healed":0.0,"max_hp_gain":0.0,"max_hp_loss":0.0,"gold_gain":0.0,"event_name":"Golden Wing","player_choice":"Card Removal","floor":13.0,"gold_loss":0.0,"damage_taken":7.0},{"damage_healed":0,"gold_gain":0,"player_choice":"Read","damage_taken":0,"max_hp_gain":0,"max_hp_loss":0,"event_name":"The Library","floor":20,"gold_loss":0,"cards_obtained":["Catalyst"]},{"cards_removed":["Strike_G"],"damage_healed":0,"gold_gain":0,"player_choice":"Gave Gold","damage_taken":0,"max_hp_gain":0,"max_hp_loss":0,"event_name":"Beggar","floor":22,"gold_loss":75}],"is_beta":false,"boss_relics":[{"not_picked":["Calling Bell","Busted Crown"],"picked":"Black Star"}],"items_purged_floors":[14],"is_endless":false,"potions_floor_spawned":[2,3,10,16,19],"killed_by":"Book of Stabbing","ascension_level":12}}