{"host":"4qt77pm52ljaz00q","time":1611069148,"event":{"mods":["2.2 Compatiblity","BaseMod","Colored Map","Downfall","Minty Spire (QoL Compilation)","Relic Sorter","StSLib","Unknown Chances"],"gold_per_floor":[99,99,119,130,149,49,75,103,115,141,160,60,81,145,160,272,272,172,190,199,199,210,210,234,248,248,282,72,72,103,103,122,234,234,234,248,248,269,195,230,230,230,287,287,296,307,46,66,81,81,81,124,71,71,71,71],"floor_reached":57,"language":"ENG","playtime":7192,"items_purged":[],"score":1332,"play_id":"480a7d53-433b-4764-a439-b7afee3c1490","local_time":"20210119101228","is_ascension_mode":false,"campfire_choices":[{"floor":1.0,"key":"RECALL"},{"data":"bronze:CloningBeam","floor":6.0,"key":"SMITH"},{"floor":12.0,"key":"REST"},{"data":"bronze:Fortify","floor":18.0,"key":"SMITH"},{"data":"bronze:Terminator","floor":23.0,"key":"SMITH"},{"data":"bronze:Goto","floor":26.0,"key":"SMITH"},{"data":"bronze:FineTuning","floor":29,"key":"SMITH"},{"data":"bronze:Return","floor":35,"key":"SMITH"},{"data":"bronze:HardenedForm","floor":42,"key":"SMITH"},{"floor":44,"key":"REST"},{"data":"bronze:Shell","floor":54,"key":"SMITH"}],"circlet_count":0,"master_deck":["bronze:Strike","bronze:Strike","bronze:Strike","bronze:Strike","bronze:Defend","bronze:Defend","bronze:Defend","bronze:Defend","bronze:Replicate","bronze:Goto+1","bronze:CloningBeam+1","bronze:BronzeOrb","bronze:Return+1","bronze:GetLatest","bronze:Flail","bronze:Fortify+1","bronze:Separator","bronze:HardenedForm+1","bronze:Terminator+1","bronze:FineTuning+1","bronze:Format","bronze:Overload+1","bronze:Return+1","bronze:Fortify","bronze:Format","bronze:FineTuning","bronze:Virus","bronze:Shell+1"],"relics":["bronze:BronzeCore","CaptainsWheel","downfall:ShatteredFragment","downfall:HeartBlessingRed","Bag of Marbles","CeramicFish","downfall:HeartBlessingBlue","Toy Ornithopter","Busted Crown","downfall:HeartBlessingGreen","Bag of Preparation","Dead Branch","Chemical X","Oddly Smooth Stone","Philosopher\u0027s Stone","Bottled Tornado","Anchor","Mummified Hand","The Courier","Lizard Tail","FossilizedHelix","Pear"],"acts_visited":["Exordium","TheCity","TheBeyond","TheEnding"],"potions_floor_usage":[28,38,39,52,55],"damage_taken":[{"damage":1.0,"enemies":"Jaw Worm","floor":3.0,"turns":3.0},{"damage":3.0,"enemies":"Small Slimes","floor":4.0,"turns":3.0},{"damage":5.0,"enemies":"2 Louse","floor":5.0,"turns":2.0},{"damage":18.0,"enemies":"Lagavulin","floor":8.0,"turns":6.0},{"damage":6.0,"enemies":"Large Slime","floor":9.0,"turns":6.0},{"damage":0.0,"enemies":"3 Sentries","floor":10.0,"turns":6.0},{"damage":0.0,"enemies":"Blue Slaver","floor":11.0,"turns":2.0},{"damage":0.0,"enemies":"Exordium Thugs","floor":13.0,"turns":1.0},{"damage":0.0,"enemies":"Gremlin Nob","floor":14.0,"turns":2.0},{"damage":5.0,"enemies":"Large Slime","floor":15.0,"turns":3.0},{"damage":50.0,"enemies":"DF_ARCHETYPE_STREAMLINE","floor":16.0,"turns":9.0},{"damage":0.0,"enemies":"3 Byrds","floor":19.0,"turns":2.0},{"damage":2.0,"enemies":"Spheric Guardian","floor":22.0,"turns":3.0},{"damage":17.0,"enemies":"Snake Plant","floor":25.0,"turns":4.0},{"damage":0.0,"enemies":"Slavers","floor":27.0,"turns":1.0},{"damage":4,"enemies":"downfall:FleeingMerchant","floor":28,"turns":4},{"damage":9,"enemies":"Gremlin Leader","floor":30,"turns":4},{"damage":0,"enemies":"Centurion and Healer","floor":32,"turns":1},{"damage":22,"enemies":"IC_MUSHROOM_ARCHETYPE","floor":33,"turns":6},{"damage":15,"enemies":"Orb Walker","floor":36,"turns":3},{"damage":0,"enemies":"3 Darklings","floor":38,"turns":2},{"damage":0,"enemies":"downfall:FleeingMerchant","floor":39,"turns":1},{"damage":13,"enemies":"Nemesis","floor":40,"turns":3},{"damage":40,"enemies":"2 Orb Walkers","floor":43,"turns":3},{"damage":0,"enemies":"Jaw Worm Horde","floor":46,"turns":2},{"damage":0,"enemies":"Transient","floor":48,"turns":5},{"damage":0,"enemies":"Maw","floor":49,"turns":5},{"damage":19,"enemies":"SI_POISON_ARCHETYPE","floor":50,"turns":8},{"damage":20,"enemies":"downfall:CharBossMerchant","floor":52,"turns":9},{"damage":0,"enemies":"downfall:NeowBoss","floor":55,"turns":12},{"damage":40,"enemies":"downfall:NeowBossFinal","floor":56,"turns":12}],"seed_played":"-2991070510748742047","potions_obtained":[{"floor":3.0,"key":"Energy Potion"},{"floor":4.0,"key":"Block Potion"},{"floor":5.0,"key":"FairyPotion"},{"floor":10.0,"key":"SteroidPotion"},{"floor":16.0,"key":"sneckomod:MuddlingPotion"},{"floor":30,"key":"ColorlessPotion"},{"floor":38,"key":"bronze:FreeFunctionsPotion"},{"floor":40,"key":"Weak Potion"},{"floor":43,"key":"bronze:CleanCodePotion"},{"floor":52,"key":"ColorlessPotion"}],"is_trial":false,"path_per_floor":["R","?","M","M","M","R","T","E","M","E","M","R","M","?","M","B",null,"R","M","?","?","M","R","T","M","R","E","$","R","E","?","M","B",null,"R","M","?","M","$","E","T","R","?","R","?","M","$","M","M","B",null,"E","$","R","B","B",null],"character_chosen":"THE_AUTOMATON","items_purchased":["Chemical X","bronze:FineTuning","Bottled Tornado","Anchor","FossilizedHelix","bronze:FineTuning","bronze:Shell"],"campfire_rested":2,"item_purchase_floors":[28,28,39,39,47,47,53],"current_hp_per_floor":[63,42,41,38,33,33,33,15,9,9,9,40,40,40,35,11,73,73,73,73,73,71,71,71,54,54,54,55,55,46,46,46,24,73,73,58,58,63,68,55,55,55,15,36,36,36,36,36,36,17,73,63,63,63,68,28],"gold":71,"neow_bonus":"ONE_RARE_RELIC","is_daily":false,"chose_seed":false,"campfire_upgraded":8,"win_rate":0.0,"timestamp":1611069148,"path_taken":["R","?","M","M","M","R","T","E","M","E","M","R","M","?","M","BOSS","R","M","?","?","M","R","T","M","R","E","$","R","E","?","M","BOSS","R","M","?","M","$","E","T","R","?","R","?","M","$","M","M","BOSS","E","$","R","BOSS","BOSS"],"items_purchased_type":["Relic","Card","Relic","Relic","Relic","Card","Card"],"build_version":"2020-12-22","purchased_purges":0,"victory":true,"max_hp_per_floor":[63,63,63,63,63,63,63,63,63,63,63,73,73,73,73,73,73,73,73,73,73,73,73,73,73,73,73,73,73,73,73,73,73,73,73,73,73,73,73,73,73,73,73,73,73,73,73,73,73,73,73,83,83,83,83,83],"card_choices":[{"not_picked":["bronze:ChildClass","bronze:Separator"],"picked":"bronze:CloningBeam","floor":3.0},{"not_picked":["bronze:Branch","bronze:Return"],"picked":"bronze:BronzeOrb","floor":4.0},{"not_picked":["bronze:BuggyMess","bronze:ChildClass","bronze:Overload"],"picked":"SKIP","floor":5.0},{"not_picked":["bronze:ItsAFeature","bronze:CutThrough"],"picked":"bronze:Return","floor":8.0},{"not_picked":["bronze:Shield","bronze:DelayedGuard"],"picked":"bronze:GetLatest","floor":9.0},{"not_picked":["bronze:Branch","bronze:Return","bronze:Shell"],"picked":"SKIP","floor":10.0},{"not_picked":["bronze:NullPointer","bronze:DelayedSlice"],"picked":"bronze:Flail","floor":11.0},{"not_picked":["bronze:MaxOutput","bronze:BugBarrage"],"picked":"bronze:Fortify","floor":13.0},{"not_picked":["bronze:Virus","bronze:Turbo"],"picked":"bronze:Separator","floor":14.0},{"not_picked":["bronze:Shield","bronze:Overheat","bronze:ForLoop"],"picked":"SKIP","floor":15.0},{"not_picked":["bronze:CleanCode","bronze:SpaghettiCode"],"picked":"bronze:HardenedForm","floor":16.0},{"not_picked":["bronze:BugBarrage"],"picked":"SKIP","floor":19.0},{"not_picked":["bronze:Deprecate"],"picked":"SKIP","floor":22.0},{"not_picked":["bronze:CutThrough"],"picked":"SKIP","floor":25.0},{"not_picked":["bronze:NullPointer+1"],"picked":"SKIP","floor":27.0},{"not_picked":["bronze:Invalidate+1"],"picked":"SKIP","floor":28},{"not_picked":["bronze:WildBeam"],"picked":"SKIP","floor":30},{"not_picked":["bronze:GetLatest"],"picked":"SKIP","floor":32},{"not_picked":[],"picked":"bronze:Format","floor":33},{"not_picked":["bronze:WildBeam+1"],"picked":"SKIP","floor":36},{"not_picked":[],"picked":"bronze:Overload+1","floor":38},{"not_picked":[],"picked":"bronze:Return+1","floor":39},{"not_picked":["bronze:ChosenStrike+1"],"picked":"SKIP","floor":40},{"not_picked":[],"picked":"bronze:Fortify","floor":43},{"not_picked":["bronze:BronzeOrb+1"],"picked":"SKIP","floor":46},{"not_picked":["bronze:Turbo+1"],"picked":"SKIP","floor":48},{"not_picked":["bronze:BugBarrage+1"],"picked":"SKIP","floor":49},{"not_picked":[],"picked":"bronze:Virus","floor":52}],"player_experience":197220,"relics_obtained":[{"floor":8.0,"key":"Bag of Marbles"},{"floor":10.0,"key":"CeramicFish"},{"floor":14.0,"key":"Toy Ornithopter"},{"floor":24.0,"key":"Bag of Preparation"},{"floor":27.0,"key":"Dead Branch"},{"floor":30,"key":"Oddly Smooth Stone"},{"floor":40,"key":"Mummified Hand"},{"floor":41,"key":"The Courier"},{"floor":43,"key":"Lizard Tail"},{"floor":52,"key":"Pear"}],"event_choices":[{"damage_healed":0.0,"max_hp_gain":0.0,"max_hp_loss":0.0,"gold_gain":0.0,"event_name":"The Library","player_choice":"Read","floor":20.0,"gold_loss":0.0,"damage_taken":0.0,"cards_obtained":["bronze:Terminator"]},{"damage_healed":0,"gold_gain":0,"player_choice":"Fight","damage_taken":0,"max_hp_gain":0,"max_hp_loss":0,"event_name":"Mysterious Sphere","floor":43,"gold_loss":0}],"is_beta":false,"boss_relics":[{"not_picked":["Runic Pyramid","Fusion Hammer"],"picked":"Busted Crown"},{"not_picked":["Snecko Eye","Astrolabe"],"picked":"Philosopher\u0027s Stone"}],"items_purged_floors":[],"is_endless":false,"potions_floor_spawned":[3,4,5,10,13,16,25,27,30,38,40,43,48,52],"ascension_level":0}}