{"host":"3498uni0c31c9bdm","time":1611063403,"event":{"mods":["BaseMod","Better Third Choice","Minty Spire (QoL Compilation)","Replay The Spire","StSLib"],"gold_per_floor":[219,64,64,81,137,167,167,197,197,207,207,239,32,32,32,133,133,150,197,48,59,59,59,86,86,86,106,118,188,200,211,211,316,316,331,331,331,0,12,53,53,0,24,74,83,92,101,125,134,134,134,143,29,72,72,72],"floor_reached":55,"language":"ENG","playtime":3354,"items_purged":["Voices"],"score":1174,"play_id":"277b2c10-cf73-42c9-a05a-c3131180064e","local_time":"20210120003643","is_ascension_mode":true,"campfire_choices":[{"floor":7,"key":"REST"},{"floor":11,"key":"REST"},{"floor":15,"key":"RECALL"},{"floor":23,"key":"REST"},{"floor":25,"key":"REST"},{"floor":32,"key":"REST"},{"floor":41,"key":"REST"},{"floor":45,"key":"REST"},{"floor":49,"key":"REST"},{"floor":52,"key":"REST"}],"circlet_count":0,"master_deck":["Strike_P","Strike_P","Strike_P","Strike_P","Defend_P","Defend_P","Defend_P","Defend_P","Eruption","Vigilance","PathToVictory","Static Discharge+1","Protect","ReplayTheSpireMod:Splinters","CutThroughFate","FlurryOfBlows","Perseverance","Replay:AtTheReady","Prostrate","Pot Of Greed","Pot Of Greed","FollowUp","FearNoEvil+1","DeusExMachina+1","FollowUp+1","PathToVictory","Pot Of Greed","Consecrate","EmptyMind+1","BattleHymn","Protect+1","TalkToTheHand+1","DevaForm+1","FlurryOfBlows+1","CrushJoints","Alpha","CommonCold","CurseOfTheBell","Parasite","Pot Of Greed","ForeignInfluence","Decay","PathToVictory+1","Judgement+1","PathToVictory+1","Pain","DeusExMachina+1","MentalFortress+1","EmptyFist+1","Replay:ManipulateFuture","Apotheosis+1","Pot Of Greed+1","Fasting2+1","Replay:ManipulateFuture+1","Normality","TalkToTheHand+1"],"relics":["PureWater","Tiny Chest","ReplayTheSpireMod:Shallot","Blue Candle","Mummified Hand","ReplayTheSpireMod:Lightbulb","Grinning Jar","Damaru","Ring of Chaos","Dream Catcher","Lee\u0027s Waffle","The Courier","ReplayFunnel","Replay:Ringing Soul","Replay:Ancient Bell","Juzu Bracelet","Golden Egg","CloakClasp","ReplayTheSpireMod:Ring of Addiction","ReplayTheSpireMod:Ring of Collecting","White Beast Statue","Chameleon Ring","Membership Card","Iron Hammer","CeramicFish","Bronze Scales","Red Mask","Blue Doll","Ring of Greed","Replay:Wax Seal","MealTicket","Bottled Lightning","WarpedTongs","Guide Book","Lantern"],"acts_visited":["Exordium","TheCity","TheBeyond","TheEnding"],"potions_floor_usage":[8,24,24,31,31,39,40,55,55],"damage_taken":[{"damage":1,"enemies":"2 Louse","floor":1,"turns":2},{"damage":0,"enemies":"Jaw Worm","floor":4,"turns":4},{"damage":19,"enemies":"3 Sentries","floor":6,"turns":6},{"damage":35,"enemies":"Gremlin Nob","floor":8,"turns":4},{"damage":0,"enemies":"Cultist","floor":10,"turns":3},{"damage":9,"enemies":"Lagavulin","floor":12,"turns":6},{"damage":39,"enemies":"Fading Forest","floor":16,"turns":11},{"damage":27,"enemies":"3 Byrds","floor":18,"turns":6},{"damage":19,"enemies":"2 Thieves","floor":21,"turns":3},{"damage":49,"enemies":"Slavers","floor":24,"turns":6},{"damage":22,"enemies":"Snecko","floor":27,"turns":5},{"damage":10,"enemies":"Shelled Parasite and Fungi","floor":28,"turns":5},{"damage":2,"enemies":"Cultist and Chosen","floor":30,"turns":7},{"damage":1,"enemies":"Sentry and Sphere","floor":31,"turns":5},{"damage":44,"enemies":"Automaton","floor":33,"turns":7},{"damage":9,"enemies":"Orb Walker","floor":35,"turns":5},{"damage":26,"enemies":"3 Darklings","floor":39,"turns":4},{"damage":41,"enemies":"Nemesis","floor":40,"turns":7},{"damage":31,"enemies":"Spire Growth","floor":48,"turns":5},{"damage":87,"enemies":"Time Eater","floor":50,"turns":13},{"damage":72,"enemies":"Shield and Spear","floor":54,"turns":7},{"damage":90,"enemies":"The Heart","floor":55,"turns":5}],"seed_played":"3261045659466579205","potions_obtained":[{"floor":4,"key":"Toxic Potion"},{"floor":6,"key":"Elixir"},{"floor":8,"key":"EssenceOfSteel"},{"floor":16,"key":"Death Potion"},{"floor":18,"key":"SkillPotion"},{"floor":21,"key":"Fire Potion"},{"floor":28,"key":"BottledMiracle"},{"floor":30,"key":"Milkshake"},{"floor":36,"key":"SpeedPotion"},{"floor":36,"key":"FairyPotion"},{"floor":36,"key":"CultistPotion"},{"floor":39,"key":"Fire Potion"},{"floor":40,"key":"Venom Potion"},{"floor":48,"key":"DistilledChaos"}],"is_trial":false,"path_per_floor":["M","$","?","M","?","E","R","E","T","M","R","E","$","?","R","B",null,"M","T","$","M","?","R","E","R","T","M","M","T","M","M","R","B",null,"M","?","?","$","M","E","R","?","T","T","R","?","?","M","R","B",null,"R","$","E","B"],"character_chosen":"WATCHER","items_purchased":["Tiny Chest","Damaru","FearNoEvil+1","Lee\u0027s Waffle","Membership Card","Iron Hammer","PathToVictory","CeramicFish","Guide Book","Apotheosis","Fasting2+1","Replay:ManipulateFuture"],"campfire_rested":9,"item_purchase_floors":[2,13,13,20,38,38,38,38,53,53,53,53],"current_hp_per_floor":[71,71,59,59,59,40,61,26,26,26,47,38,38,62,62,23,60,33,33,79,60,60,79,30,53,53,31,21,21,22,24,52,11,74,68,71,74,77,51,13,45,45,45,45,80,83,86,58,96,9,91,121,122,53,0,0],"gold":72,"neow_bonus":"HUNDRED_GOLD","is_daily":false,"chose_seed":false,"campfire_upgraded":0,"win_rate":0.0,"timestamp":1611063403,"path_taken":["M","$","?","M","?","E","R","E","T","M","R","E","$","?","R","BOSS","M","?","?","M","?","R","E","R","T","?","M","?","M","M","R","BOSS","M","?","?","$","M","E","R","?","T","?","R","?","?","M","R","BOSS","R","$","E","BOSS"],"items_purchased_type":["Relic","Relic","Card","Relic","Relic","Relic","Card","Relic","Relic","Card","Card","Card"],"build_version":"2020-12-22","purchased_purges":1,"victory":false,"max_hp_per_floor":[72,72,72,72,72,72,72,72,72,72,72,72,72,72,72,72,72,72,72,79,79,79,79,79,79,79,79,79,79,82,85,88,91,94,97,100,103,106,106,109,109,109,109,107,110,113,114,117,120,118,118,121,122,125,125,125],"card_choices":[{"not_picked":["EmptyBody","Replay:Anticipation"],"picked":"PathToVictory","floor":1},{"not_picked":["ThirdEye","Replay:BluntJabs"],"picked":"Protect","floor":4},{"not_picked":["InnerPeace","CrushJoints"],"picked":"CutThroughFate","floor":5},{"not_picked":["WheelKick","Halt"],"picked":"FlurryOfBlows","floor":5},{"not_picked":["Protect","FlurryOfBlows"],"picked":"Perseverance","floor":6},{"not_picked":["Scrawl","Replay:Cycle"],"picked":"Replay:AtTheReady","floor":8},{"not_picked":["Protect","LikeWater"],"picked":"Prostrate","floor":10},{"not_picked":["Sanctity","FlurryOfBlows"],"picked":"FollowUp","floor":12},{"not_picked":["DevaForm","Alpha"],"picked":"DeusExMachina","floor":16},{"not_picked":["CrushJoints","FearNoEvil+1"],"picked":"FollowUp+1","floor":18},{"not_picked":["Crescendo+1","Conclude"],"picked":"PathToVictory","floor":21},{"not_picked":["ThirdEye+1","Swivel"],"picked":"Consecrate","floor":23},{"not_picked":["Perseverance","Vengeance+1"],"picked":"EmptyMind+1","floor":24},{"not_picked":["FlurryOfBlows","ThirdEye"],"picked":"BattleHymn","floor":25},{"not_picked":["Crescendo+1","JustLucky"],"picked":"Protect+1","floor":27},{"not_picked":["Consecrate","EmptyMind"],"picked":"TalkToTheHand+1","floor":28},{"not_picked":["SandsOfTime","Study"],"picked":"DevaForm","floor":30},{"not_picked":["Wallop","Adaptation"],"picked":"FlurryOfBlows+1","floor":31},{"not_picked":["Protect","Crescendo"],"picked":"CrushJoints","floor":32},{"not_picked":["DevaForm","Replay:LoomingThreat"],"picked":"Alpha","floor":33},{"not_picked":["Replay:Hysterical Blindness","ReplayTheSpireMod:Faulty Equipment"],"picked":"CommonCold","floor":34},{"not_picked":["Spreading Infection","Languid"],"picked":"CurseOfTheBell","floor":34},{"not_picked":["Languid","Writhe"],"picked":"Parasite","floor":34},{"not_picked":["Swivel+1","WheelKick+1"],"picked":"ForeignInfluence","floor":35},{"not_picked":["JustLucky+1","Halt","Protect+1"],"picked":"SKIP","floor":39},{"not_picked":["Study","Replay:BluntJabs+1"],"picked":"Judgement","floor":40},{"not_picked":["CrushJoints+1","Worship"],"picked":"PathToVictory+1","floor":45},{"not_picked":["Replay:BluntJabs+1","FlyingSleeves"],"picked":"MentalFortress+1","floor":48},{"not_picked":["Replay:Cycle+1","Consecrate"],"picked":"EmptyFist+1","floor":49},{"not_picked":["EmptyBody","Replay:BluntJabs+1"],"picked":"Replay:ManipulateFuture","floor":52},{"not_picked":["ThirdEye+1","Crescendo"],"picked":"TalkToTheHand+1","floor":54}],"player_experience":715096,"relics_obtained":[{"floor":5,"key":"Blue Candle"},{"floor":6,"key":"Mummified Hand"},{"floor":8,"key":"ReplayTheSpireMod:Lightbulb"},{"floor":12,"key":"Grinning Jar"},{"floor":19,"key":"Dream Catcher"},{"floor":24,"key":"The Courier"},{"floor":26,"key":"ReplayFunnel"},{"floor":29,"key":"Replay:Ringing Soul"},{"floor":36,"key":"ReplayTheSpireMod:Ring of Addiction"},{"floor":36,"key":"ReplayTheSpireMod:Ring of Collecting"},{"floor":36,"key":"White Beast Statue"},{"floor":36,"key":"Chameleon Ring"},{"floor":40,"key":"Bronze Scales"},{"floor":43,"key":"Blue Doll"},{"floor":44,"key":"Ring of Greed"},{"floor":44,"key":"Replay:Wax Seal"},{"floor":44,"key":"MealTicket"},{"floor":44,"key":"Bottled Lightning"},{"floor":54,"key":"Lantern"}],"event_choices":[{"damage_healed":24,"gold_gain":0,"player_choice":"Banana","damage_taken":0,"max_hp_gain":0,"max_hp_loss":0,"event_name":"Big Fish","floor":14,"gold_loss":0},{"damage_healed":0,"gold_gain":0,"player_choice":"Ignored","damage_taken":0,"max_hp_gain":0,"max_hp_loss":0,"event_name":"Vampires","floor":22,"gold_loss":0},{"damage_healed":0,"gold_gain":0,"player_choice":"Cursed","damage_taken":0,"max_hp_gain":0,"max_hp_loss":0,"event_name":"Wheel of Change","floor":37,"gold_loss":0,"cards_obtained":["Decay"]},{"damage_healed":0,"gold_gain":0,"player_choice":"Paid","damage_taken":0,"relics_obtained":["Red Mask"],"max_hp_gain":0,"max_hp_loss":0,"event_name":"Tomb of Lord Red Mask","floor":42,"gold_loss":53},{"damage_healed":0,"gold_gain":0,"player_choice":"Rummage","damage_taken":0,"relics_obtained":["WarpedTongs"],"max_hp_gain":0,"max_hp_loss":0,"event_name":"Accursed Blacksmith","floor":46,"gold_loss":0,"cards_obtained":["Pain"]},{"damage_healed":0,"gold_gain":0,"player_choice":"Copied","damage_taken":0,"max_hp_gain":0,"max_hp_loss":0,"event_name":"Duplicator","floor":47,"gold_loss":0,"cards_obtained":["DeusExMachina"]}],"is_beta":false,"boss_relics":[{"not_picked":["Philosopher\u0027s Stone","Coffee Dripper"],"picked":"Ring of Chaos"},{"not_picked":["Calling Bell","Honey Jar"],"picked":"Replay:Ancient Bell"},{"not_picked":["War Paint","Smiling Mask"],"picked":"Juzu Bracelet"},{"not_picked":["Quantum Egg","Mirror"],"picked":"Golden Egg"},{"not_picked":["Prayer Wheel","Replay:Towering Pillar of Hats"],"picked":"CloakClasp"}],"items_purged_floors":[38],"is_endless":false,"potions_floor_spawned":[4,6,8,16,18,21,28,30,39,40,48,54],"killed_by":"The Heart","ascension_level":5}}