{"host":"rgcz6yx3duq0lh14","time":1611059482,"event":{"mods":["100% Spire Juice","ATMod(à¢‡ıMod)","AchievementEnabler","Act Like it!","Aspiration","Astrologer","BaseMod","CapriCore","Chen","Colored Map","Decade(â§è¨ñæ)","Friendly Minions","Gensokyo","GungeonMod","Hallownest","Hermit","Jedi Mod","KinomotoSakuraMod(ñÿîVñ{?)","Koishi","Mari Mod (Legacy)","Mari\u0027s V1 Patch","MarisaÅiñ∂âJÅ@ñÇóùçπÅj","Minty Spire (QoL Compilation)","MostiFishMod","Pale of the Ancients","Permanent Neow","Potionbrewer","Prisma Mod","Quarter Circle Forward PUNCH!","Quick Restart","ReimuÅiîé??öÎÅj","Replay The Spire","Robot Space Explorer","RumiaBox-òIïƒ?ìIê_îÈ·¥éq","SIMod","Spicy Shops","StSLib","The Alterego","The Animator","The Bug Knight","The Cursed","The Dragon Tamer","The Forsaken","The Gatherer","The Immortal","The Marked","The Mystic","The Poker Player","The Runesmith","The Servant 0.9.4","TheWitcher","Yakumo Yukari mod","YoumuÅiç∞ÈÆódöÎÅj","Åy?ï®?îvÅzREMEMod"],"gold_per_floor":[117,71,85,85,100,100,114,139,164,183,91,16,33,113,113,209,89,59,72,72,91,91,91,104,137,137,27,27,27,46,73,73,170,50,67,67,87,104,117,117,149,29,29,29,84,84,84,118,118,141,141,141,41,117,165],"floor_reached":56,"language":"ZHS","playtime":2953,"items_purged":["Moonworks:Defend","Moonworks:Defend"],"score":1506,"play_id":"02e36b05-cdf0-4961-8e21-3e964fc5eca9","local_time":"20210119203122","is_ascension_mode":false,"campfire_choices":[{"data":"Moonworks:x16BigRocket","floor":6.0,"key":"SMITH"},{"data":"Moonworks:Strike","floor":15,"key":"PURGE"},{"data":"Moonworks:Encore","floor":23,"key":"SMITH"},{"data":"Moonworks:AccelHyper","floor":28,"key":"SMITH"},{"data":"Moonworks:TreasureThief","floor":32,"key":"SMITH"},{"data":"Moonworks:CrystalBarrier","floor":40,"key":"SMITH"},{"data":"Moonworks:ReflectiveShell","floor":42,"key":"SMITH"},{"data":"Moonworks:RedAndBlue","floor":44,"key":"SMITH"},{"data":"Moonworks:x16BigRocket+1","floor":47,"key":"SMITH"},{"floor":49,"key":"RECALL"},{"data":"Moonworks:MetallicMonocoque","floor":52,"key":"SMITH"}],"circlet_count":0,"master_deck":["Moonworks:Strike","Moonworks:Strike","Moonworks:Defend","Moonworks:Defend","Moonworks:Ambush","Moonworks:LongDistanceShot","Moonworks:JonathanRush","Moonworks:JonathanRush","Moonworks:SweetBattle+1","Moonworks:x16BigRocket+2","Moonworks:CrystalBarrier+1","Moonworks:JonathanRush","Moonworks:RedAndBlue+1","Moonworks:NicePresent","Moonworks:Encore+1","Moonworks:DeployBits+1","Moonworks:TreasureThief+1","Moonworks:NicePresent","Moonworks:JonathanRush+1","Moonworks:AccelHyper+1","Moonworks:MiracleWalker","Moonworks:JonathanRush+1","Moonworks:MetallicMonocoque+1","Moonworks:ReflectiveShell+1","Moonworks:Dash+1","Moonworks:UnpaidWork+1","Moonworks:RedAndBlue+1"],"relics":["Moonworks:BrokenBomb","Moonworks:Homemark","AT_ATBox","DaveBox","REME_ComplimentaryCards","EGODaCapo","SynthV:TestCard","DemoMod:Antibody","AT_BellDemon","White Beast Statue","potionbrewer:Torch","Ginger","Coffee Dripper","aspiration:ChemicalBlood","DemoMod:GlassGuonStoneRelic","DemoMod:SevenLeafClover","Thread and Needle","Garlic","Mirror","qcfpunch:Dark_Gi","jedi:arcanewood","Runesmith:Nanobots","REME_PuzzleBoxRelic","Incense Burner","Replay:Bandana","DemoMod:PinkGuonStone","DianPoetry","CombinedTypeHook","AT_BellowingDragoncrestRing","AT_ChloranthyRing","qcfpunch:Broken_Tusk"],"acts_visited":["Exordium","TheCity","TheBeyond","TheEnding"],"potions_floor_usage":[7,8,11,16,19,25,31,35,37,48,50,55,55,55],"damage_taken":[{"damage":3.0,"enemies":"Jaw Worm","floor":1.0,"turns":5.0},{"damage":0.0,"enemies":"Cultist","floor":3.0,"turns":3.0},{"damage":0.0,"enemies":"2 Louse","floor":5.0,"turns":2.0},{"damage":5,"enemies":"Gremlin Gang","floor":7,"turns":6},{"damage":0,"enemies":"Lagavulin","floor":8,"turns":7},{"damage":0,"enemies":"Looter","floor":10,"turns":3},{"damage":0,"enemies":"Gremlin Nob","floor":11,"turns":5},{"damage":47,"enemies":"Exordium Wildlife","floor":13,"turns":4},{"damage":21,"enemies":"Hexaghost","floor":16,"turns":10},{"damage":56,"enemies":"2 Thieves","floor":18,"turns":5},{"damage":5,"enemies":"Spheric Guardian","floor":19,"turns":3},{"damage":0,"enemies":"Snecko","floor":21,"turns":5},{"damage":0,"enemies":"3 Cultists","floor":24,"turns":5},{"damage":11,"enemies":"REME_1_Revenger","floor":25,"turns":5},{"damage":0,"enemies":"Centurion and Healer","floor":27,"turns":6},{"damage":1,"enemies":"Sentry and Sphere","floor":30,"turns":4},{"damage":0,"enemies":"Slavers","floor":31,"turns":4},{"damage":0,"enemies":"Champ","floor":33,"turns":7},{"damage":0,"enemies":"Orb Walker","floor":35,"turns":2},{"damage":0,"enemies":"3 Darklings","floor":37,"turns":4},{"damage":0,"enemies":"4 Shapes","floor":38,"turns":4},{"damage":0,"enemies":"Transient","floor":39,"turns":5},{"damage":0,"enemies":"Reptomancer","floor":41,"turns":3},{"damage":0,"enemies":"Maw","floor":45,"turns":3},{"damage":0,"enemies":"Jaw Worm Horde","floor":48,"turns":2},{"damage":0,"enemies":"Time Eater","floor":50,"turns":4},{"damage":0,"enemies":"Shield and Spear","floor":54,"turns":2},{"damage":1,"enemies":"The Heart","floor":55,"turns":5}],"seed_played":"-8820898770008175967","potions_obtained":[{"floor":1.0,"key":"Dexterity Potion"},{"floor":5.0,"key":"PowerPotion"},{"floor":7,"key":"Adrenaline Potion"},{"floor":13,"key":"EssenceOfSteel"},{"floor":16,"key":"potionbrewer:BarricadePotion"},{"floor":18,"key":"ZuzhouPotion:ReiMu"},{"floor":19,"key":"Energy Potion"},{"floor":21,"key":"ZuzhouPotion:ReiMu"},{"floor":24,"key":"SkillPotion"},{"floor":25,"key":"potionbrewer:CleansingPotion"},{"floor":27,"key":"Adrenaline Potion"},{"floor":31,"key":"potionbrewer:EndurancePotion"},{"floor":35,"key":"SteroidPotion"},{"floor":37,"key":"Explosive Potion"},{"floor":38,"key":"potionbrewer:DiscountPotion"},{"floor":39,"key":"Block Potion"},{"floor":48,"key":"potionbrewer:MidasPotion"},{"floor":54,"key":"Milkshake"}],"is_trial":false,"path_per_floor":["M","$","M","?","M","R","M","E","T","M","E","$","M","?","R_BF","B",null,"M","M","?","M","?","R","M","E","T","M","R","$","M","E","R","B",null,"M","?","M","M","M","R","E","R","T","R","M","?","R","M","R_BF","B",null,"R","$","E","B",null],"character_chosen":"THE_STARBREAKER","items_purchased":["Moonworks:JonathanRush"],"campfire_rested":0,"item_purchase_floors":[2],"current_hp_per_floor":[57,57,57,57,60,60,58,64,64,69,69,69,28,28,28,7,72,39,50,50,62,62,62,68,67,67,75,75,75,77,77,77,78,51,51,51,51,54,54,54,61,61,61,61,61,61,61,61,61,61,61,61,61,61,61],"gold":165,"neow_bonus":"REMOVE_CARD","is_daily":false,"chose_seed":false,"campfire_upgraded":9,"win_rate":0.0,"timestamp":1611059482,"path_taken":["M","$","M","?","?","R","M","E","T","M","E","$","M","?","R_BF","BOSS","M","M","?","M","?","R","?","E","T","M","R","$","M","E","R","BOSS","M","?","?","M","M","R","E","R","T","R","M","?","R","M","R_BF","BOSS","R","$","E","BOSS"],"items_purchased_type":["Card"],"build_version":"2020-12-22","purchased_purges":2,"victory":true,"max_hp_per_floor":[60,60,60,60,63,63,66,66,66,69,69,69,72,72,72,72,72,75,75,75,75,75,75,78,78,78,78,78,78,78,78,78,78,51,51,51,51,54,54,54,61,61,61,61,61,61,61,61,61,61,61,61,61,61,61],"card_choices":[{"not_picked":["Moonworks:LulusLuckyEgg","Moonworks:DeployBits"],"picked":"Moonworks:JonathanRush","floor":1.0},{"not_picked":["Moonworks:EvilSpyWorkPreparation","Moonworks:BigMagnum","Moonworks:BindingChains","Moonworks:DeployBits"],"picked":"Moonworks:SweetBattle","floor":3.0},{"not_picked":["Moonworks:UnpaidWork","Moonworks:Assault","Moonworks:LulusLuckyEgg","Moonworks:SweetBattle"],"picked":"Moonworks:x16BigRocket","floor":5.0},{"not_picked":["Moonworks:ScrambledEve","Moonworks:CloudOfSeagulls","Moonworks:JonathanRush","Moonworks:FullSpeedAlicianrone"],"picked":"Moonworks:CrystalBarrier","floor":7},{"not_picked":["Moonworks:SakisCookie","Moonworks:IndiscriminateFireSupport","Moonworks:DeployBits","Moonworks:EvilSpyWorkPreparation"],"picked":"Moonworks:JonathanRush","floor":8},{"not_picked":["Moonworks:SakisCookie","Moonworks:DeployBits","Moonworks:Assault","Moonworks:RocketCannon"],"picked":"Moonworks:RedAndBlue","floor":10},{"not_picked":["Moonworks:JonathanRush","Moonworks:SakisCookie","Moonworks:ForcedRevival","Moonworks:ImOnFire","Moonworks:BigMagnum"],"picked":"SKIP","floor":11},{"not_picked":["Moonworks:BindingChains","Moonworks:BigMagnum","Moonworks:SelfDestruct","Moonworks:EvilSpyWorkPreparation"],"picked":"Moonworks:NicePresent","floor":13},{"not_picked":["Moonworks:MeltingMemories","Moonworks:SinkOrSwim","Moonworks:AnotherUltimateWeapon","Moonworks:CrystalBarrier"],"picked":"Moonworks:Encore","floor":16},{"not_picked":["Moonworks:SakisCookie","Moonworks:Assault","Moonworks:DeployBits","Moonworks:NicePresent","Moonworks:ImOnFire"],"picked":"SKIP","floor":18},{"not_picked":["Moonworks:IndiscriminateFireSupport","Moonworks:LulusLuckyEgg","Moonworks:BigMagnum","Moonworks:SealedMemories"],"picked":"Moonworks:DeployBits+1","floor":19},{"not_picked":["Moonworks:IntelligenceOfficer","Moonworks:ScrambledEve","Moonworks:Gamble","Moonworks:CompletionReward"],"picked":"Moonworks:TreasureThief","floor":21},{"not_picked":["Moonworks:DeployBits","Moonworks:SakisCookie","Moonworks:SweetBattle","Moonworks:IndiscriminateFireSupport+1","Moonworks:LulusLuckyEgg"],"picked":"SKIP","floor":24},{"not_picked":["Moonworks:Assault","Moonworks:RagingMadness","Moonworks:IndiscriminateFireSupport","Moonworks:LulusLuckyEgg"],"picked":"Moonworks:JonathanRush+1","floor":25},{"not_picked":["Moonworks:LeapThroughSpace","Moonworks:AnotherUltimateWeapon"],"picked":"Moonworks:AccelHyper","floor":26},{"not_picked":["Moonworks:DeployBits","Moonworks:SelfDestruct+1","Moonworks:BigMagnum","Moonworks:CloudOfSeagulls+1"],"picked":"Moonworks:MiracleWalker","floor":27},{"not_picked":["Moonworks:NicePresent","Moonworks:DeployBits","Moonworks:IndiscriminateFireSupport","Moonworks:BeyondHell"],"picked":"Moonworks:JonathanRush+1","floor":30},{"not_picked":["Moonworks:SakisCookie","Moonworks:Heat300Percent","Moonworks:CloudOfSeagulls","Moonworks:ImOnFire"],"picked":"Moonworks:MetallicMonocoque","floor":31},{"not_picked":["Moonworks:LeapThroughSpace","Moonworks:RocketCannon","Moonworks:EvilMastermind","Moonworks:Gamble"],"picked":"Moonworks:ReflectiveShell","floor":33},{"not_picked":["Moonworks:FullSpeedAlicianrone","Moonworks:RagingMadness","Moonworks:LulusLuckyEgg","Moonworks:SakisCookie"],"picked":"Moonworks:Dash+1","floor":35},{"not_picked":["Moonworks:BigMagnum","Moonworks:UnluckyCharm","Moonworks:CloudOfSeagulls+1","Moonworks:IndiscriminateFireSupport","Moonworks:Heat300Percent+1"],"picked":"SKIP","floor":37},{"not_picked":["Moonworks:x16BigRocket","Moonworks:LulusLuckyEgg+1","Moonworks:Bloodlust","Moonworks:SakisCookie","Moonworks:JonathanRush"],"picked":"SKIP","floor":38},{"not_picked":["Moonworks:Accelerator","Moonworks:DeployBits+1","Moonworks:NicePresent","Moonworks:EvilSpyWorkPreparation","Moonworks:Dash"],"picked":"SKIP","floor":39},{"not_picked":["Moonworks:IntelligenceOfficer+1","Moonworks:CloudOfSeagulls+1","Moonworks:LulusLuckyEgg","Moonworks:EvilSpyWorkPreparation+1","Moonworks:StarBlastingFuse"],"picked":"SKIP","floor":41},{"not_picked":["Moonworks:ReflectiveShell","Moonworks:FinalBattle","Moonworks:AnotherUltimateWeapon"],"picked":"SKIP","floor":43},{"not_picked":["Moonworks:BigMagnum+1","Moonworks:NicePresent","Moonworks:Poppoformation","Moonworks:ForcedRevival"],"picked":"Moonworks:UnpaidWork+1","floor":45},{"not_picked":["Moonworks:IndiscriminateFireSupport+1","Moonworks:LulusLuckyEgg+1","Moonworks:x16BigRocket","Moonworks:DeployBits","Moonworks:NicePresent"],"picked":"SKIP","floor":48},{"not_picked":["Moonworks:BigMagnum","Moonworks:IndiscriminateFireSupport+1","Moonworks:ImmovableObject+1","Moonworks:CastOff"],"picked":"Moonworks:RedAndBlue+1","floor":54}],"player_experience":948662,"relics_obtained":[{"floor":1.0,"key":"SynthV:TestCard"},{"floor":8,"key":"DemoMod:Antibody"},{"floor":9,"key":"AT_BellDemon"},{"floor":11,"key":"White Beast Statue"},{"floor":13,"key":"potionbrewer:Torch"},{"floor":16,"key":"Ginger"},{"floor":18,"key":"aspiration:ChemicalBlood"},{"floor":25,"key":"DemoMod:SevenLeafClover"},{"floor":26,"key":"Thread and Needle"},{"floor":26,"key":"Garlic"},{"floor":31,"key":"Mirror"},{"floor":35,"key":"jedi:arcanewood"},{"floor":37,"key":"Runesmith:Nanobots"},{"floor":38,"key":"REME_PuzzleBoxRelic"},{"floor":39,"key":"Incense Burner"},{"floor":41,"key":"Replay:Bandana"},{"floor":41,"key":"DemoMod:PinkGuonStone"},{"floor":43,"key":"DianPoetry"},{"floor":45,"key":"CombinedTypeHook"},{"floor":48,"key":"AT_BellowingDragoncrestRing"},{"floor":54,"key":"AT_ChloranthyRing"},{"floor":54,"key":"qcfpunch:Broken_Tusk"}],"event_choices":[{"damage_healed":0.0,"max_hp_gain":0.0,"max_hp_loss":0.0,"gold_gain":0.0,"event_name":"Upgrade Shrine","player_choice":"Upgraded","floor":4.0,"gold_loss":0.0,"damage_taken":0.0,"cards_upgraded":["Moonworks:SweetBattle"]},{"damage_healed":0,"gold_gain":0,"player_choice":"Copied","damage_taken":0,"max_hp_gain":0,"max_hp_loss":0,"event_name":"Duplicator","floor":22,"gold_loss":0,"cards_obtained":["Moonworks:NicePresent"]},{"cards_removed":["Feed"],"damage_healed":0,"gold_gain":0,"player_choice":"Removed Attack","damage_taken":0,"max_hp_gain":0,"max_hp_loss":0,"event_name":"Falling","floor":46,"gold_loss":0}],"is_beta":false,"boss_relics":[{"not_picked":["BloodWine","Velvet Choker"],"picked":"Coffee Dripper"},{"not_picked":["Transparent","EasyGame_NEW"],"picked":"qcfpunch:Dark_Gi"}],"items_purged_floors":[12,53],"is_endless":false,"potions_floor_spawned":[1,5,7,13,16,18,19,21,24,25,27,30,31,33,35,37,38,39,41,45,48,54],"ascension_level":0}}