{"host":"neshiy0twyn5josp","time":1611065020,"event":{"mods":["AchievementEnabler","Act Like it!","AlwaysNeverKeys","Aspiration","BaseMod","Better Note","Better Silent Start","Better Third Choice","Challenge The Spire","Colored Powertips","Conspire","Emptier Cage","Energized Spire","GifTheSpireLib","Hubris","Minty Spire (QoL Compilation)","Permanent Neow","Quick Restart","Rare Cards Sparkle","Replay The Spire","Reworked Bosses","Spicy Shops","StS++","StSLib","Stuff the Spire"],"gold_per_floor":[113,132,132,57,57,87,29,54,104,124,457,457,477,323,323,423,423,437,437,470,486,486,486,486],"floor_reached":23,"language":"ENG","playtime":1344,"items_purged":["Strike_G"],"score":207,"play_id":"64100687-1da4-4be7-8d42-60ac92f40660","local_time":"20210119060340","is_ascension_mode":true,"campfire_choices":[{"floor":12.0,"key":"REST"},{"data":"StuffTheSpire:Incursion","floor":15.0,"key":"SMITH"}],"circlet_count":0,"master_deck":["Strike_G","Strike_G","Strike_G","Defend_G+1","Defend_G","Defend_G","Defend_G","Survivor","Neutralize","StuffTheSpire:Shiver","Infinite Blades","Dagger Spray","Infinite Blades","Blade Dance","StuffTheSpire:Incursion+1","hubris:Counter","Replay:Bag of Tricks","StuffTheSpire:Incursion+1"],"relics":["Ring of the Snake","Anchor","hubris:Towel","Gremlin Food","hubris:Icosahedron","Replay:Wax Seal","ReplayFunnel","Regal Pillow","Old Coin","WristBlade","Red Mask"],"acts_visited":["Exordium","TheCity"],"potions_floor_usage":[],"damage_taken":[{"damage":2.0,"enemies":"Small Slimes","floor":1.0,"turns":5.0},{"damage":5.0,"enemies":"Jaw Worm","floor":2.0,"turns":5.0},{"damage":14.0,"enemies":"3 Sentries","floor":6.0,"turns":9.0},{"damage":16.0,"enemies":"Gremlin Nob","floor":8.0,"turns":4.0},{"damage":0.0,"enemies":"2 Louse","floor":10.0,"turns":3.0},{"damage":42.0,"enemies":"conspire:MimicChest","floor":11.0,"turns":8.0},{"damage":6.0,"enemies":"Exordium Wildlife","floor":13.0,"turns":3.0},{"damage":34.0,"enemies":"Hexaghost","floor":16.0,"turns":9.0},{"damage":0.0,"enemies":"3 Byrds","floor":18.0,"turns":3.0},{"damage":46.0,"enemies":"Masked Bandits","floor":20.0,"turns":5.0},{"damage":13,"enemies":"Spheric Guardian","floor":21,"turns":4},{"damage":0,"enemies":"Book of Stabbing","floor":23,"turns":1}],"seed_played":"-4829319316681995408","potions_obtained":[{"floor":2.0,"key":"Explosive Potion"},{"floor":8.0,"key":"Ancient Potion"},{"floor":16.0,"key":"Elixir"},{"floor":18.0,"key":"LifebloodPotion"}],"is_trial":false,"path_per_floor":["M","M","?","$","?","E","$","E","T","M","?","R","M","$","R","B",null,"M","$","?","M","?","E"],"character_chosen":"THE_SILENT","items_purchased":["Gremlin Food","Infinite Blades","hubris:Counter"],"campfire_rested":1,"item_purchase_floors":[4,7,14],"current_hp_per_floor":[68,63,63,63,63,49,49,60,60,60,18,54,48,48,48,14,70,70,70,24,11,4,4,4],"gold":486,"neow_bonus":"RANDOM_COMMON_RELIC","is_daily":false,"chose_seed":false,"campfire_upgraded":1,"win_rate":0.0,"timestamp":1611065020,"path_taken":["M","M","?","$","?","E","$","E","T","M","?","R","M","?","R","BOSS","M","$","?","M","?","E"],"items_purchased_type":["Relic","Card","Card"],"build_version":"2020-12-22","purchased_purges":1,"victory":false,"max_hp_per_floor":[70,70,70,70,70,70,70,70,70,70,70,70,70,70,70,70,70,70,70,70,70,70,70,70],"card_choices":[{"not_picked":["Bane","PiercingWail"],"picked":"StuffTheSpire:Shiver","floor":1.0},{"not_picked":["StSpp:Throw","StuffTheSpire:BumpUp"],"picked":"Infinite Blades","floor":2.0},{"not_picked":["Dodge and Roll","Underhanded Strike"],"picked":"Dagger Spray","floor":6.0},{"not_picked":["Noxious Fumes","Skewer","Masterful Stab"],"picked":"SKIP","floor":8.0},{"not_picked":["StSpp:StrikeFirst","StuffTheSpire:Injection"],"picked":"Blade Dance","floor":10.0},{"not_picked":["StSpp:SpareBlade","StuffTheSpire:Python"],"picked":"StuffTheSpire:Incursion","floor":13.0},{"not_picked":["aspiration:Lunge","Tools of the Trade"],"picked":"Replay:Bag of Tricks","floor":16.0},{"not_picked":["StuffTheSpire:Repulse","StuffTheSpire:Injection"],"picked":"StuffTheSpire:Incursion+1","floor":18.0},{"not_picked":["Deadly Poison","PiercingWail","Choke"],"picked":"SKIP","floor":21}],"player_experience":299172,"relics_obtained":[{"floor":6.0,"key":"Replay:Wax Seal"},{"floor":8.0,"key":"ReplayFunnel"},{"floor":9.0,"key":"Regal Pillow"},{"floor":11.0,"key":"Old Coin"},{"floor":20.0,"key":"Red Mask"}],"event_choices":[{"damage_healed":0.0,"max_hp_gain":0.0,"max_hp_loss":0.0,"gold_gain":0.0,"event_name":"Masked Bandits","player_choice":"Fought Bandits","floor":20.0,"gold_loss":0.0,"damage_taken":0.0},{"damage_healed":0,"gold_gain":0,"player_choice":"Damaged","damage_taken":7,"max_hp_gain":0,"max_hp_loss":0,"event_name":"Wheel of Change","floor":22,"gold_loss":0}],"is_beta":false,"boss_relics":[{"not_picked":["energizedSpire:NeverEndingSparkler","Snecko Eye"],"picked":"WristBlade"}],"items_purged_floors":[14],"is_endless":false,"potions_floor_spawned":[2,8,11,16,18],"killed_by":"Book of Stabbing","ascension_level":1}}