{"host":"opg65mucj6ra7dr1","time":1611065084,"event":{"mods":["BaseMod","DeckTracker","Keyboard Shortcuts","Minty Spire (QoL Compilation)","Permanent Neow","Quick Restart","everything is the same but u backflip on backflip"],"gold_per_floor":[113,0,11,11,11,38,49,49,97,97,130,140,140,155,155,257,257,276,276,276],"floor_reached":19,"language":"KOR","playtime":562,"items_purged":[],"score":261,"play_id":"91565831-1bed-4700-8f63-78497bfe8bb3","local_time":"20210119230444","is_ascension_mode":true,"campfire_choices":[{"data":"Creative AI","floor":13.0,"key":"SMITH"},{"data":"Recycle","floor":15.0,"key":"SMITH"}],"circlet_count":0,"master_deck":["Strike_B","Strike_B","Strike_B","Defend_B","Defend_B","Defend_B","Defend_B","Zap","Dualcast","Leap","Capacitor","Skim","Creative AI+1","Machine Learning","Melter","Stack","Undo","Recycle+1","Machine Learning","Ball Lightning"],"relics":["Cracked Core","NeowsBlessing","Strawberry","Anchor","Art of War","Sozu"],"acts_visited":["Exordium","TheCity"],"potions_floor_usage":[],"damage_taken":[{"damage":0.0,"enemies":"Jaw Worm","floor":1.0,"turns":1.0},{"damage":0.0,"enemies":"Small Slimes","floor":3.0,"turns":1.0},{"damage":0.0,"enemies":"Gremlin Nob","floor":6.0,"turns":1.0},{"damage":3.0,"enemies":"2 Louse","floor":7.0,"turns":4.0},{"damage":0.0,"enemies":"3 Sentries","floor":11.0,"turns":2.0},{"damage":15.0,"enemies":"Gremlin Gang","floor":12.0,"turns":5.0},{"damage":1.0,"enemies":"Looter","floor":14.0,"turns":2.0},{"damage":20.0,"enemies":"Hexaghost","floor":16.0,"turns":9.0},{"damage":42.0,"enemies":"Chosen","floor":18.0,"turns":7.0},{"damage":25,"enemies":"3 Byrds","floor":19,"turns":5}],"seed_played":"-4549947878129498248","potions_obtained":[{"floor":6.0,"key":"Fire Potion"},{"floor":7.0,"key":"PowerPotion"},{"floor":12.0,"key":"AttackPotion"},{"floor":14.0,"key":"LiquidMemories"}],"is_trial":false,"path_per_floor":["M","$","M","?","?","E","M","$","T","$","E","M","R","M","R","B",null,"M","M"],"character_chosen":"DEFECT","items_purchased":["Capacitor","Skim"],"campfire_rested":0,"item_purchase_floors":[2,2],"current_hp_per_floor":[75,75,75,80,80,87,84,84,84,84,84,69,69,68,68,48,87,45,20,20],"gold":276,"neow_bonus":"THREE_ENEMY_KILL","is_daily":false,"chose_seed":false,"campfire_upgraded":2,"win_rate":0.0,"timestamp":1611065084,"path_taken":["M","$","M","?","?","E","M","$","T","$","E","M","R","M","R","BOSS","M","M"],"items_purchased_type":["Card","Card"],"build_version":"2020-12-22","purchased_purges":0,"victory":false,"max_hp_per_floor":[75,75,75,80,80,87,87,87,87,87,87,87,87,87,87,87,87,87,87,87],"card_choices":[{"not_picked":["Stack","Barrage"],"picked":"Leap","floor":1.0},{"not_picked":["Redo","Ball Lightning"],"picked":"Creative AI","floor":3.0},{"not_picked":["Recycle","Genetic Algorithm"],"picked":"Machine Learning","floor":6.0},{"not_picked":["Turbo","Aggregate"],"picked":"Melter","floor":7.0},{"not_picked":["Rebound","Fission"],"picked":"Stack","floor":11.0},{"not_picked":["FTL","Redo"],"picked":"Undo","floor":12.0},{"not_picked":["Sweeping Beam","Ball Lightning"],"picked":"Recycle","floor":14.0},{"not_picked":["Core Surge","Reboot"],"picked":"Machine Learning","floor":16.0},{"not_picked":["Beam Cell","Rip and Tear"],"picked":"Ball Lightning","floor":18.0}],"player_experience":144138,"relics_obtained":[{"floor":6.0,"key":"Strawberry"},{"floor":9.0,"key":"Anchor"},{"floor":11.0,"key":"Art of War"}],"event_choices":[{"damage_healed":0.0,"max_hp_gain":5.0,"max_hp_loss":0.0,"gold_gain":0.0,"event_name":"Big Fish","player_choice":"Donut","floor":4.0,"gold_loss":0.0,"damage_taken":0.0},{"cards_removed":["Strike_B"],"damage_healed":0.0,"max_hp_gain":0.0,"max_hp_loss":0.0,"gold_gain":0.0,"event_name":"Living Wall","player_choice":"Forget","floor":5.0,"gold_loss":0.0,"damage_taken":0.0}],"is_beta":false,"boss_relics":[{"not_picked":["SlaversCollar","Snecko Eye"],"picked":"Sozu"}],"items_purged_floors":[],"is_endless":false,"potions_floor_spawned":[6,7,12,14,18],"killed_by":"3 Byrds","ascension_level":3}}