{"host":"oi6p1guiqfwwvxym","time":1611032646,"event":{"mods":["BaseMod","Colored Map","Minty Spire (QoL Compilation)"],"gold_per_floor":[118,118,129,41,55,81,81,110,410,422,438,65,96,96,96,170,170,190,202,117,127,154,189,189,189,189,219,219,219,219],"floor_reached":29,"language":"ENG","playtime":1675,"items_purged":["Strike_R"],"score":612,"play_id":"2ef37f93-ad7a-465f-aecf-15d4c93dd3ff","local_time":"20210118210406","is_ascension_mode":true,"campfire_choices":[{"floor":7,"key":"REST"},{"floor":15,"key":"REST"},{"floor":24,"key":"REST"},{"floor":25,"key":"REST"}],"circlet_count":0,"master_deck":["AscendersBane","Strike_R","Strike_R","Strike_R","Strike_R","Defend_R","Defend_R","Defend_R","Defend_R","Bash","CurseOfTheBell","Pommel Strike","Metallicize+1","Berserk+1","Twin Strike","Cleave","Rampage","Whirlwind","Sever Soul","Brutality+1","Immolate","Spot Weakness","Shrug It Off","Burning Pact","Spot Weakness","Rage","Ghostly","Ghostly","Ghostly"],"relics":["Calling Bell","MealTicket","Frozen Egg 2","Torii","Meat on the Bone","Incense Burner","Old Coin","Ancient Tea Set","Peace Pipe","WingedGreaves","Fusion Hammer","Dream Catcher","Red Mask","Bag of Preparation","Darkstone Periapt","Ginger"],"acts_visited":["Exordium","TheCity"],"potions_floor_usage":[11,16,16,27],"damage_taken":[{"damage":8,"enemies":"Small Slimes","floor":1,"turns":4},{"damage":7,"enemies":"Cultist","floor":3,"turns":4},{"damage":15,"enemies":"Jaw Worm","floor":5,"turns":4},{"damage":28,"enemies":"3 Sentries","floor":6,"turns":13},{"damage":41,"enemies":"Gremlin Nob","floor":8,"turns":5},{"damage":10,"enemies":"Blue Slaver","floor":10,"turns":5},{"damage":1,"enemies":"Large Slime","floor":11,"turns":4},{"damage":22,"enemies":"Lagavulin","floor":13,"turns":6},{"damage":5,"enemies":"Slime Boss","floor":16,"turns":6},{"damage":4,"enemies":"3 Byrds","floor":18,"turns":3},{"damage":6,"enemies":"Chosen","floor":19,"turns":5},{"damage":20,"enemies":"Centurion and Healer","floor":21,"turns":6},{"damage":0,"enemies":"Masked Bandits","floor":22,"turns":2},{"damage":38,"enemies":"Gremlin Leader","floor":23,"turns":7},{"damage":29,"enemies":"Slavers","floor":27,"turns":5},{"damage":37,"enemies":"Gremlin Leader","floor":29,"turns":6}],"seed_played":"574957568068763366","potions_obtained":[{"floor":1,"key":"SmokeBomb"},{"floor":8,"key":"HeartOfIron"},{"floor":10,"key":"DistilledChaos"},{"floor":13,"key":"AttackPotion"},{"floor":23,"key":"Dexterity Potion"},{"floor":27,"key":"LiquidBronze"}],"is_trial":false,"path_per_floor":["M","?","M","$","M","E","R","E","T","M","M","$","E","?","R","B",null,"M","M","?","M","?","E","R","R","T","E","?","E"],"character_chosen":"IRONCLAD","items_purchased":["Metallicize+1","SteroidPotion","Ancient Tea Set","Sever Soul"],"campfire_rested":4,"item_purchase_floors":[4,12,12,12],"current_hp_per_floor":[60,65,58,73,58,30,52,23,23,25,36,51,41,36,58,53,70,66,60,60,40,40,14,36,58,58,41,37,0,0],"gold":219,"neow_bonus":"BOSS_RELIC","is_daily":false,"chose_seed":false,"campfire_upgraded":0,"win_rate":0.0,"timestamp":1611032646,"path_taken":["M","?","?","?","M","E","R","E","T","M","M","?","E","?","R","BOSS","M","M","?","M","?","E","R","R","T","E","?","E"],"items_purchased_type":["Card","Potion","Relic","Card"],"build_version":"2020-12-22","purchased_purges":1,"victory":false,"max_hp_per_floor":[75,75,75,75,75,75,75,75,75,75,75,75,75,75,75,75,75,75,75,75,75,75,75,75,75,75,75,37,37,37],"card_choices":[{"not_picked":["Rage","Armaments"],"picked":"Anger","floor":1},{"not_picked":["Havoc","Heavy Blade"],"picked":"Pommel Strike","floor":3},{"not_picked":["Pommel Strike","Headbutt"],"picked":"Berserk+1","floor":5},{"not_picked":["Warcry","Fire Breathing+1"],"picked":"Twin Strike","floor":6},{"not_picked":["Twin Strike","Armaments"],"picked":"Cleave","floor":8},{"not_picked":["Metallicize+1","Armaments"],"picked":"Rampage","floor":10},{"not_picked":["Dark Embrace+1","Havoc"],"picked":"Whirlwind","floor":11},{"not_picked":["Iron Wave","Twin Strike"],"picked":"Brutality+1","floor":13},{"not_picked":["Limit Break","Juggernaut+1"],"picked":"Immolate","floor":16},{"not_picked":["Dark Embrace+1","Headbutt","Flex"],"picked":"SKIP","floor":18},{"not_picked":["Wild Strike","True Grit"],"picked":"Spot Weakness","floor":19},{"not_picked":["Twin Strike","Anger"],"picked":"Shrug It Off","floor":21},{"not_picked":["Clothesline","Perfected Strike"],"picked":"Burning Pact","floor":22},{"not_picked":["Carnage","Power Through"],"picked":"Spot Weakness","floor":23},{"not_picked":["Body Slam","Hemokinesis"],"picked":"Rage","floor":24},{"not_picked":["Hemokinesis","Flex","Intimidate"],"picked":"SKIP","floor":27}],"player_experience":370248,"relics_obtained":[{"floor":0,"key":"MealTicket"},{"floor":0,"key":"Frozen Egg 2"},{"floor":0,"key":"Torii"},{"floor":6,"key":"Meat on the Bone"},{"floor":8,"key":"Incense Burner"},{"floor":9,"key":"Old Coin"},{"floor":13,"key":"Peace Pipe"},{"floor":22,"key":"Red Mask"},{"floor":23,"key":"Bag of Preparation"},{"floor":26,"key":"Darkstone Periapt"},{"floor":27,"key":"Ginger"}],"event_choices":[{"cards_removed":["Anger"],"damage_healed":5,"gold_gain":0,"player_choice":"Offered Common","damage_taken":0,"max_hp_gain":0,"max_hp_loss":0,"event_name":"Bonfire Elementals","floor":2,"gold_loss":0},{"cards_removed":["Anger"],"damage_healed":5,"gold_gain":0,"player_choice":"Offered Special","damage_taken":0,"max_hp_gain":0,"max_hp_loss":0,"event_name":"Bonfire Elementals","floor":2,"gold_loss":0},{"damage_healed":0,"gold_gain":0,"player_choice":"Success","damage_taken":5,"relics_obtained":["WingedGreaves"],"max_hp_gain":0,"max_hp_loss":0,"event_name":"Scrap Ooze","floor":14,"gold_loss":0},{"damage_healed":0,"gold_gain":0,"player_choice":"Obtained Relic","damage_taken":0,"relics_obtained":["Dream Catcher"],"max_hp_gain":0,"max_hp_loss":0,"event_name":"Addict","floor":20,"gold_loss":85},{"damage_healed":0,"gold_gain":0,"player_choice":"Fought Bandits","damage_taken":0,"max_hp_gain":0,"max_hp_loss":0,"event_name":"Masked Bandits","floor":22,"gold_loss":0},{"damage_healed":0,"gold_gain":0,"player_choice":"Became a Ghost","damage_taken":0,"max_hp_gain":0,"max_hp_loss":38,"event_name":"Ghosts","floor":28,"gold_loss":0,"cards_obtained":["Ghostly","Ghostly","Ghostly"]}],"is_beta":false,"boss_relics":[{"not_picked":["Snecko Eye","Philosopher\u0027s Stone"],"picked":"Fusion Hammer"}],"items_purged_floors":[12],"is_endless":false,"potions_floor_spawned":[1,8,10,13,23,27],"killed_by":"Gremlin Leader","ascension_level":17}}