{"host":"x7xd4wkamhrqrrvw","time":1611097150,"event":{"mods":["AchievementEnabler","BaseMod","Minty Spire (QoL Compilation)","StSLib"],"gold_per_floor":[111,127,140,160,180,180,214,233,233,264,264,283,283,294,294,366,366,379,379,119,138,38,38,70,70,151,186,186,186,213,232,232,311,311,326,201,201,215,62,94,105,134,158,158,158],"floor_reached":44,"language":"ENG","playtime":3211,"items_purged":["Strike_B","Strike_B","FTL"],"score":881,"play_id":"e40dc766-fd24-4387-8fbb-27d2693694a4","local_time":"20210119205910","is_ascension_mode":true,"campfire_choices":[{"data":"Zap","floor":6,"key":"SMITH"},{"floor":11,"key":"REST"},{"data":"Defragment","floor":15,"key":"SMITH"},{"data":"Creative AI","floor":23,"key":"SMITH"},{"data":"Glacier","floor":25,"key":"SMITH"},{"data":"Creative AI","floor":29,"key":"SMITH"},{"floor":32,"key":"REST"}],"circlet_count":0,"master_deck":["AscendersBane","Defend_B","Defend_B","Defend_B","Defend_B+1","Zap+1","Sweeping Beam","Defragment+1","Auto Shields+1","White Noise","Glacier+1","FTL","Creative AI+1","RitualDagger","Self Repair","BootSequence","Reinforced Body+1","Creative AI+1","Seek","Sweeping Beam"],"relics":["Empty Cage","Happy Flower","Mercury Hourglass","Nunchaku","Velvet Choker","War Paint","StrikeDummy","Cables","Anchor","Toy Ornithopter","Snecko Eye","OrangePellets","Oddly Smooth Stone","MealTicket"],"acts_visited":["Exordium","TheCity","TheBeyond"],"potions_floor_usage":[4,7,7,7,8,16,16,24,40,40,42,44],"damage_taken":[{"damage":4,"enemies":"Cultist","floor":1,"turns":5},{"damage":3,"enemies":"Jaw Worm","floor":2,"turns":4},{"damage":10,"enemies":"2 Louse","floor":3,"turns":3},{"damage":4,"enemies":"2 Fungi Beasts","floor":4,"turns":4},{"damage":11,"enemies":"Blue Slaver","floor":5,"turns":5},{"damage":15,"enemies":"3 Sentries","floor":7,"turns":5},{"damage":2,"enemies":"Exordium Wildlife","floor":8,"turns":2},{"damage":14,"enemies":"Gremlin Nob","floor":10,"turns":4},{"damage":16,"enemies":"Exordium Thugs","floor":12,"turns":4},{"damage":1,"enemies":"Looter","floor":14,"turns":3},{"damage":2,"enemies":"The Guardian","floor":16,"turns":12},{"damage":8,"enemies":"Spheric Guardian","floor":18,"turns":5},{"damage":0,"enemies":"Chosen","floor":21,"turns":8},{"damage":38,"enemies":"Slavers","floor":24,"turns":7},{"damage":2,"enemies":"Book of Stabbing","floor":27,"turns":8},{"damage":13,"enemies":"3 Cultists","floor":31,"turns":5},{"damage":13,"enemies":"Champ","floor":33,"turns":13},{"damage":13,"enemies":"3 Shapes","floor":35,"turns":6},{"damage":0,"enemies":"3 Darklings","floor":38,"turns":10},{"damage":36,"enemies":"Reptomancer","floor":40,"turns":9},{"damage":14,"enemies":"Maw","floor":41,"turns":12},{"damage":17,"enemies":"Nemesis","floor":42,"turns":11},{"damage":28,"enemies":"Reptomancer","floor":44,"turns":2}],"seed_played":"9089265154605965436","potions_obtained":[{"floor":2,"key":"Energy Potion"},{"floor":3,"key":"Block Potion"},{"floor":5,"key":"EntropicBrew"},{"floor":7,"key":"AttackPotion"},{"floor":10,"key":"Swift Potion"},{"floor":14,"key":"ColorlessPotion"},{"floor":21,"key":"DuplicationPotion"},{"floor":31,"key":"Block Potion"},{"floor":35,"key":"DuplicationPotion"},{"floor":41,"key":"AttackPotion"},{"floor":42,"key":"ColorlessPotion"}],"is_trial":false,"path_per_floor":["M","M","M","M","M","R","E","M","T","E","R","M","?","M","R","B",null,"M","?","$","M","$","R","E","R","T","E","?","R","T","M","R","B",null,"M","$","?","M","$","E","M","E","T","E"],"character_chosen":"DEFECT","items_purchased":["Self Repair","War Paint","OrangePellets"],"campfire_rested":2,"item_purchase_floors":[20,20,39],"current_hp_per_floor":[60,57,47,43,32,32,17,15,15,1,22,6,6,5,5,3,54,46,40,40,47,47,47,16,16,16,28,28,28,28,22,43,37,63,57,57,57,57,57,31,24,19,19,0,0],"gold":158,"neow_bonus":"BOSS_RELIC","is_daily":false,"chose_seed":false,"campfire_upgraded":5,"win_rate":0.0,"timestamp":1611097150,"path_taken":["M","M","M","M","M","R","E","M","T","E","R","?","?","M","R","BOSS","M","?","$","M","$","R","E","R","T","E","?","R","?","?","R","BOSS","M","$","?","M","?","E","M","E","T","E"],"items_purchased_type":["Card","Relic","Relic"],"build_version":"2020-12-22","purchased_purges":3,"victory":false,"max_hp_per_floor":[71,71,71,71,71,71,71,71,71,71,71,71,71,71,71,71,71,71,71,71,71,71,71,71,71,71,71,71,71,71,71,71,71,71,71,71,71,71,71,71,71,71,71,71,71],"card_choices":[{"not_picked":["Stack","Gash"],"picked":"Scrape","floor":1},{"not_picked":["Double Energy","Recycle","Redo"],"picked":"SKIP","floor":2},{"not_picked":["Force Field","Turbo"],"picked":"Sweeping Beam","floor":3},{"not_picked":["Aggregate","Heatsinks"],"picked":"Defragment","floor":4},{"not_picked":["Streamline","Darkness"],"picked":"Auto Shields","floor":5},{"not_picked":["BootSequence","Ball Lightning"],"picked":"White Noise","floor":7},{"not_picked":["Doom and Gloom","Gash"],"picked":"Glacier","floor":8},{"not_picked":["Hologram","Amplify","Sweeping Beam"],"picked":"SKIP","floor":10},{"not_picked":["Steam","Cold Snap"],"picked":"FTL","floor":12},{"not_picked":["Hologram","Genetic Algorithm","Turbo"],"picked":"SKIP","floor":14},{"not_picked":["Meteor Strike","Hyperbeam"],"picked":"Creative AI","floor":16},{"not_picked":["Hologram","Genetic Algorithm","Sweeping Beam"],"picked":"SKIP","floor":18},{"not_picked":["Barrage","Beam Cell"],"picked":"BootSequence","floor":21},{"not_picked":["Turbo","Scrape","Barrage"],"picked":"SKIP","floor":24},{"not_picked":["Ball Lightning","Barrage+1"],"picked":"Reinforced Body+1","floor":27},{"not_picked":["Leap","Cold Snap","Coolheaded"],"picked":"SKIP","floor":31},{"not_picked":["Multi-Cast","Rainbow"],"picked":"Seek","floor":33},{"not_picked":["FTL","Capacitor","Sunder"],"picked":"SKIP","floor":35},{"not_picked":["Beam Cell+1","Steam","Gash"],"picked":"SKIP","floor":38},{"not_picked":["Beam Cell+1","Steam","Gash"],"picked":"SKIP","floor":38},{"not_picked":["Steam","White Noise","Darkness"],"picked":"SKIP","floor":40},{"not_picked":["Cold Snap","Go for the Eyes","Storm"],"picked":"SKIP","floor":41},{"not_picked":["Creative AI","Auto Shields+1","Self Repair"],"picked":"SKIP","floor":42}],"player_experience":340642,"relics_obtained":[{"floor":7,"key":"Happy Flower"},{"floor":9,"key":"Mercury Hourglass"},{"floor":10,"key":"Nunchaku"},{"floor":24,"key":"StrikeDummy"},{"floor":26,"key":"Cables"},{"floor":27,"key":"Anchor"},{"floor":30,"key":"Toy Ornithopter"},{"floor":40,"key":"Oddly Smooth Stone"},{"floor":42,"key":"MealTicket"}],"event_choices":[{"damage_healed":0,"gold_gain":0,"player_choice":"Ignored","damage_taken":0,"max_hp_gain":0,"max_hp_loss":0,"event_name":"Shining Light","floor":13,"gold_loss":0},{"damage_healed":0,"gold_gain":0,"player_choice":"Joined the Cult","damage_taken":6,"max_hp_gain":0,"max_hp_loss":0,"event_name":"Nest","floor":19,"gold_loss":0,"cards_obtained":["RitualDagger"]},{"damage_healed":0,"gold_gain":0,"cards_transformed":["Scrape","Dualcast"],"player_choice":"Became Test Subject","damage_taken":0,"max_hp_gain":0,"max_hp_loss":0,"event_name":"Drug Dealer","floor":28,"gold_loss":0,"cards_obtained":["Creative AI","FTL"]},{"damage_healed":0,"gold_gain":0,"player_choice":"Copied","damage_taken":0,"max_hp_gain":0,"max_hp_loss":0,"event_name":"Duplicator","floor":37,"gold_loss":0,"cards_obtained":["Sweeping Beam"]}],"is_beta":false,"boss_relics":[{"not_picked":["Calling Bell","Ectoplasm"],"picked":"Velvet Choker"},{"not_picked":["Nuclear Battery","Tiny House"],"picked":"Snecko Eye"}],"items_purged_floors":[20,22,36],"is_endless":false,"potions_floor_spawned":[2,3,5,7,10,14,21,31,35,41,42],"killed_by":"Reptomancer","ascension_level":14}}