{"host":"ecaj4hn004xnnrw9","time":1611096286,"event":{"mods":["AchievementEnabler","BaseMod","Better Third Choice","Card Forge","Hermit","Hubris","Infinite Spire","Jorbs\u0027s Wanderer Trilogy","Minty Spire (QoL Compilation)","Quick Restart","Relic Stats","Shop Mod","StSLib","The Construct","The Jungle","The Runesmith"],"gold_per_floor":[137,137,137,158,218,218,287,331,409,409,440,440,483,408,408,503,503,516,516,516,516,565,565,621,669,669,669,719,719,738,738,834,834,849,874,179,179,179,179,179,179,179,193,224,239,239,239],"floor_reached":51,"language":"ENG","playtime":2536,"items_purged":["Strike_R","Strike_R","Bash"],"score":1450,"play_id":"27ad2608-baa6-4f6e-a6d2-057a86327048","local_time":"20210119224446","is_ascension_mode":true,"campfire_choices":[{"data":"HandOfGreed","floor":6.0,"key":"SMITH"},{"data":"Corruption","floor":10.0,"key":"SMITH"},{"data":"Spot Weakness","floor":12.0,"key":"SMITH"},{"data":"Dual Wield","floor":15.0,"key":"SMITH"},{"data":"infinitespire:Punishment","floor":23,"key":"SMITH"},{"floor":27,"key":"REST"},{"floor":29,"key":"REST"},{"data":"Metallicize","floor":32,"key":"SMITH"},{"data":"True Grit","floor":40,"key":"SMITH"},{"data":"Shrug It Off","floor":42,"key":"SMITH"},{"data":"Shrug It Off","floor":49,"key":"SMITH"}],"circlet_count":0,"master_deck":["AscendersBane","infinitespire:Punishment+1","Defend_R","Defend_R","Defend_R","Defend_R","HandOfGreed+1","Spot Weakness+1","Dual Wield+1","Corruption+1","Shrug It Off+1","infinitespire:Punishment+1","Metallicize+1","Exhume","Shrug It Off+1","True Grit+1","Havoc+1","Secret Weapon"],"relics":["Burning Blood","Hammer of Thor","Seething Fire","Anvil of the Gods","Golden Idol","Calipers","infinitespire:EmpoweringShard","hubris:Teleporter","hubris:Backtick","Dead Branch","hubris:SlimyHat","Empty Cage","Sling","Smiling Mask","PreservedInsect","Runic Pyramid","Ornamental Fan","hubris:HerbalPaste","infinitespire:Lucky Rock","hubris:Towel","infinitespire:Golems Mask"],"acts_visited":["Exordium","TheCity","TheBeyond"],"potions_floor_usage":[24,33,50],"damage_taken":[{"damage":2.0,"enemies":"Jaw Worm","floor":1.0,"turns":2.0},{"damage":0.0,"enemies":"Cultist","floor":4.0,"turns":2.0},{"damage":10.0,"enemies":"Small Slimes","floor":5.0,"turns":3.0},{"damage":16.0,"enemies":"Gremlin Nob","floor":7.0,"turns":3.0},{"damage":0.0,"enemies":"2 Fungi Beasts","floor":8.0,"turns":1.0},{"damage":8.0,"enemies":"3 Sentries","floor":11.0,"turns":4.0},{"damage":9.0,"enemies":"Exordium Thugs","floor":13.0,"turns":3.0},{"damage":30.0,"enemies":"The Guardian","floor":16.0,"turns":7.0},{"damage":20,"enemies":"Shell Parasite","floor":18,"turns":4},{"damage":16,"enemies":"3 Byrds","floor":22,"turns":4},{"damage":34,"enemies":"Slavers","floor":24,"turns":4},{"damage":27,"enemies":"Snake Plant","floor":25,"turns":4},{"damage":0,"enemies":"Snecko","floor":28,"turns":3},{"damage":10,"enemies":"3 Cultists","floor":31,"turns":5},{"damage":45,"enemies":"Collector","floor":33,"turns":8},{"damage":3,"enemies":"3 Shapes","floor":35,"turns":3},{"damage":29,"enemies":"3 Darklings","floor":37,"turns":4},{"damage":0,"enemies":"Sphere and 2 Shapes","floor":46,"turns":2},{"damage":0,"enemies":"Reptomancer","floor":47,"turns":2},{"damage":0,"enemies":"Jaw Worm Horde","floor":48,"turns":2},{"damage":10,"enemies":"Donu and Deca","floor":50,"turns":6}],"seed_played":"-1485634433495268039","potions_obtained":[{"floor":7.0,"key":"Block Potion"},{"floor":8.0,"key":"Fruit Juice"},{"floor":13.0,"key":"Dexterity Potion"},{"floor":16.0,"key":"SteroidPotion"},{"floor":22,"key":"infinitespire:BlackPotion"},{"floor":28,"key":"FearPotion"},{"floor":35,"key":"SkillPotion"}],"is_trial":false,"path_per_floor":["M","?","?","M","M","R","E","M","T","R","E","R","M","?","R","B",null,"M","?","T","AVR","M","R","E","M","T","R","M","R","M","R","B",null,"M","M","$","R","AVR","R","T","?","?","M","E","M","R","B",null],"character_chosen":"IRONCLAD","items_purchased":["Secret Weapon","Ornamental Fan","hubris:HerbalPaste"],"campfire_rested":2,"item_purchase_floors":[38,38,38],"current_hp_per_floor":[68,45,45,51,47,47,37,43,43,43,41,41,43,43,43,19,60,46,46,46,46,36,36,24,9,9,30,36,57,73,73,48,67,70,59,59,59,59,59,59,59,59,68,73,73,73,72],"gold":239,"neow_bonus":"RANDOM_COLORLESS_2","is_daily":false,"chose_seed":false,"campfire_upgraded":9,"win_rate":0.0,"timestamp":1611096286,"path_taken":["M","?","?","?","M","R","E","M","T","R","E","R","M","?","R","BOSS","M","?","?","AVR","M","R","E","M","T","R","M","R","?","R","BOSS","M","M","$","R","AVR","R","T","?","?","M","E","M","R","BOSS"],"items_purchased_type":["Card","Relic","Relic"],"build_version":"2020-12-22","purchased_purges":3,"victory":true,"max_hp_per_floor":[68,68,68,68,68,68,68,68,68,68,68,68,73,73,73,73,73,73,73,73,73,73,73,73,73,73,73,73,73,73,73,73,73,73,73,73,73,73,73,73,73,73,73,73,73,73,73],"relic_stats":{"counters":[21,76],"Golden Idol":137,"Ornamental Fan":[28],"Dead Branch":[100],"PreservedInsect":61,"Smiling Mask":25,"obtain_stats":[{"Calipers":7,"hubris:Teleporter":11,"Golden Idol":2,"Dead Branch":17,"Hammer of Thor":0,"PreservedInsect":26,"hubris:SlimyHat":20,"Seething Fire":0,"infinitespire:Lucky Rock":43,"hubris:Towel":44,"Empty Cage":21,"Sling":21,"Smiling Mask":24,"Burning Blood":0,"hubris:Backtick":17,"hubris:HerbalPaste":38,"Anvil of the Gods":0,"Ornamental Fan":38,"infinitespire:Golems Mask":47,"infinitespire:EmpoweringShard":9,"Runic Pyramid":34},{"Calipers":4,"hubris:Teleporter":6,"Golden Idol":1,"Dead Branch":8,"Hammer of Thor":0,"PreservedInsect":12,"hubris:SlimyHat":9,"Seething Fire":0,"infinitespire:Lucky Rock":17,"hubris:Towel":17,"Empty Cage":9,"Sling":9,"Smiling Mask":11,"Burning Blood":0,"hubris:Backtick":8,"hubris:HerbalPaste":17,"Anvil of the Gods":0,"Ornamental Fan":17,"infinitespire:Golems Mask":19,"infinitespire:EmpoweringShard":5,"Runic Pyramid":15},{"Calipers":10,"hubris:Teleporter":15,"Golden Idol":2,"Dead Branch":25,"Hammer of Thor":0,"PreservedInsect":41,"hubris:SlimyHat":29,"Seething Fire":0,"infinitespire:Lucky Rock":64,"hubris:Towel":64,"Empty Cage":29,"Sling":29,"Smiling Mask":37,"Burning Blood":0,"hubris:Backtick":25,"hubris:HerbalPaste":64,"Anvil of the Gods":0,"Ornamental Fan":64,"infinitespire:Golems Mask":68,"infinitespire:EmpoweringShard":11,"Runic Pyramid":57}],"Burning Blood":106},"card_choices":[{"not_picked":["Magnetism","Panache"],"picked":"HandOfGreed","floor":0.0},{"not_picked":["Anger","Metallicize"],"picked":"Spot Weakness","floor":1.0},{"not_picked":["True Grit","Sword Boomerang","Warcry"],"picked":"SKIP","floor":4.0},{"not_picked":["Pommel Strike","Havoc"],"picked":"Dual Wield","floor":5.0},{"not_picked":["Sword Boomerang","Anger"],"picked":"Corruption","floor":7.0},{"not_picked":["Iron Wave","Heavy Blade","Wild Strike"],"picked":"SKIP","floor":8.0},{"not_picked":["Berserk","Power Through","Wild Strike"],"picked":"SKIP","floor":11.0},{"not_picked":["Power Through","Anger","Combust"],"picked":"SKIP","floor":13.0},{"not_picked":["Brutality","Fiend Fire"],"picked":"Reaper","floor":16.0},{"not_picked":["Reckless Charge","Wild Strike"],"picked":"Shrug It Off","floor":18},{"not_picked":["Sword Boomerang","Fire Breathing"],"picked":"Metallicize","floor":22},{"not_picked":["Sword Boomerang","Iron Wave+1"],"picked":"Exhume","floor":24},{"not_picked":["Iron Wave","Barricade"],"picked":"Shrug It Off","floor":25},{"not_picked":["infinitespire:OneForAll","Infernal Blade","Flex"],"picked":"SKIP","floor":28},{"not_picked":["Flex","Warcry","Carnage"],"picked":"SKIP","floor":31},{"not_picked":["Flex","Iron Wave"],"picked":"True Grit","floor":35},{"not_picked":["Iron Wave","infinitespire:OneForAll"],"picked":"Havoc+1","floor":37},{"not_picked":["Shrug It Off","Flex","Armaments"],"picked":"SKIP","floor":46},{"not_picked":["Inflame","Shrug It Off","hubris:ReadiedAction"],"picked":"SKIP","floor":47},{"not_picked":["Shockwave","Ghostly Armor","Power Through"],"picked":"SKIP","floor":48}],"player_experience":392540,"relics_obtained":[{"floor":7.0,"key":"Calipers"},{"floor":9.0,"key":"infinitespire:EmpoweringShard"},{"floor":11.0,"key":"hubris:Teleporter"},{"floor":20,"key":"hubris:SlimyHat"},{"floor":24,"key":"Smiling Mask"},{"floor":26,"key":"PreservedInsect"},{"floor":43,"key":"infinitespire:Lucky Rock"},{"floor":47,"key":"infinitespire:Golems Mask"}],"event_choices":[{"damage_healed":0.0,"max_hp_gain":0.0,"max_hp_loss":0.0,"gold_gain":0.0,"event_name":"Golden Idol","player_choice":"Take Damage","floor":2.0,"gold_loss":0.0,"damage_taken":23.0,"relics_obtained":["Golden Idol"]},{"damage_healed":0.0,"max_hp_gain":0.0,"max_hp_loss":0.0,"gold_gain":0.0,"event_name":"Match and Keep!","player_choice":"0 cards matched","floor":3.0,"gold_loss":0.0,"damage_taken":0.0,"cards_obtained":[]},{"cards_removed":["Strike_R"],"damage_healed":0.0,"max_hp_gain":0.0,"max_hp_loss":0.0,"gold_gain":0.0,"event_name":"The Cleric","player_choice":"Card Removal","floor":14.0,"gold_loss":75.0,"damage_taken":0.0},{"cards_removed":["Reaper"],"damage_healed":0,"gold_gain":0,"player_choice":"Removed Attack","damage_taken":0,"max_hp_gain":0,"max_hp_loss":0,"event_name":"Falling","floor":45,"gold_loss":0}],"is_beta":false,"boss_relics":[{"not_picked":["Mark of Pain","Tiny House"],"picked":"hubris:Backtick"},{"not_picked":["construct:WeddingRing","Velvet Choker"],"picked":"Runic Pyramid"}],"items_purged_floors":[21,38,41],"is_endless":false,"potions_floor_spawned":[7,8,13,16,22,28,35,46,47],"ascension_level":16}}