{"host":"7qqg3hyzrz6apiso","time":1611075116,"event":{"mods":["AchievementEnabler","BaseMod","Better Debug","Colored Map","Colored Powertips","KOR Keyword Fix","Keyboard Shortcuts","Minty Spire (QoL Compilation)","Permanent Neow","Quick Restart","StSLib","SuperFastMode"],"gold_per_floor":[111,36,55,55,69,69,34,34,61,78,78,78,28,59,59,190,190,213,213,61,86,1,32,32,57,57,57,81,81,99,99,99,99,99],"floor_reached":33,"language":"KOR","playtime":1310,"items_purged":["Strike_B","Injury"],"score":342,"play_id":"b6ca4c5a-fadf-4431-ba82-1620854618e5","local_time":"20210120015156","is_ascension_mode":true,"campfire_choices":[{"data":"Mayhem","floor":6,"key":"SMITH"},{"data":"Coolheaded","floor":8,"key":"SMITH"},{"floor":15,"key":"REST"},{"floor":24,"key":"REST"},{"floor":27,"key":"REST"},{"data":"Thunder Strike","floor":29,"key":"SMITH"},{"floor":32,"key":"REST"}],"circlet_count":0,"master_deck":["Defend_B","Defend_B","Defend_B","Zap","Dualcast","Mayhem+1","Melter","Ball Lightning","Coolheaded+1","Storm","Leap","Thunder Strike+1","Go for the Eyes","Genetic Algorithm","Blizzard","Cold Snap","Auto Shields+1","Gash"],"relics":["Cracked Core","Nunchaku","Golden Idol","PreservedInsect","Tiny Chest","Busted Crown","Boot","Regal Pillow","Ornamental Fan","Question Card"],"acts_visited":["Exordium","TheCity"],"potions_floor_usage":[14,16,30,30],"damage_taken":[{"damage":6,"enemies":"Cultist","floor":1,"turns":4},{"damage":2,"enemies":"Jaw Worm","floor":3,"turns":4},{"damage":8,"enemies":"2 Louse","floor":5,"turns":3},{"damage":6,"enemies":"Exordium Wildlife","floor":10,"turns":3},{"damage":6,"enemies":"3 Sentries","floor":14,"turns":5},{"damage":28,"enemies":"The Guardian","floor":16,"turns":11},{"damage":30,"enemies":"3 Byrds","floor":18,"turns":5},{"damage":0,"enemies":"Spheric Guardian","floor":21,"turns":3},{"damage":21,"enemies":"Book of Stabbing","floor":23,"turns":6},{"damage":22,"enemies":"Snake Plant","floor":25,"turns":6},{"damage":8,"enemies":"3 Cultists","floor":28,"turns":6},{"damage":17,"enemies":"Cultist and Chosen","floor":30,"turns":6},{"damage":66,"enemies":"Collector","floor":33,"turns":5}],"seed_played":"-8517716497315105471","potions_obtained":[{"floor":10,"key":"Strength Potion"},{"floor":14,"key":"DistilledChaos"},{"floor":25,"key":"Ancient Potion"},{"floor":28,"key":"AttackPotion"}],"is_trial":false,"path_per_floor":["M","$","M","?","M","R","$","R","T","M","?","T","?","E","R","B",null,"M","?","$","M","?","E","R","M","T","R","M","R","M","T","R","B"],"character_chosen":"DEFECT","items_purchased":["Storm","Cold Snap"],"campfire_rested":4,"item_purchase_floors":[7,20],"current_hp_per_floor":[62,62,60,53,45,45,45,45,45,39,39,39,39,33,53,25,57,27,27,27,27,27,6,41,19,19,54,46,46,29,29,64,0,0],"gold":99,"neow_bonus":"RANDOM_COLORLESS_2","is_daily":false,"chose_seed":false,"campfire_upgraded":3,"win_rate":0.0,"timestamp":1611075116,"path_taken":["M","?","M","?","?","R","$","R","T","M","?","?","?","E","R","BOSS","M","?","$","M","?","E","R","M","T","R","M","R","?","?","R","BOSS"],"items_purchased_type":["Card","Card"],"build_version":"2020-12-22","purchased_purges":2,"victory":false,"max_hp_per_floor":[68,68,68,68,68,68,68,68,68,68,68,68,68,68,68,68,68,68,68,68,68,68,68,68,68,68,68,68,68,68,68,68,68,68],"card_choices":[{"not_picked":["Chrysalis","Panache"],"picked":"Mayhem","floor":0},{"not_picked":["Glacier","Cold Snap"],"picked":"Melter","floor":1},{"not_picked":["Go for the Eyes","Steam"],"picked":"Ball Lightning","floor":3},{"not_picked":["Barrage","Fusion"],"picked":"Coolheaded","floor":5},{"not_picked":["Ball Lightning","Barrage","Double Energy"],"picked":"SKIP","floor":10},{"not_picked":["Fusion","Gash"],"picked":"Leap","floor":14},{"not_picked":["Amplify","Fission"],"picked":"Thunder Strike","floor":16},{"not_picked":[],"picked":"Go for the Eyes","floor":18},{"not_picked":[],"picked":"Auto Shields+1","floor":21},{"not_picked":["Tempest"],"picked":"SKIP","floor":23},{"not_picked":[],"picked":"Gash","floor":25},{"not_picked":["Leap+1"],"picked":"SKIP","floor":28},{"not_picked":["Biased Cognition"],"picked":"SKIP","floor":30}],"player_experience":239717,"relics_obtained":[{"floor":9,"key":"Nunchaku"},{"floor":12,"key":"PreservedInsect"},{"floor":14,"key":"Tiny Chest"},{"floor":23,"key":"Regal Pillow"},{"floor":26,"key":"Ornamental Fan"},{"floor":31,"key":"Question Card"}],"event_choices":[{"cards_removed":["Strike_B"],"damage_healed":0,"gold_gain":0,"player_choice":"Card Removal","damage_taken":7,"max_hp_gain":0,"max_hp_loss":0,"event_name":"Golden Wing","floor":4,"gold_loss":0},{"damage_healed":0,"gold_gain":0,"player_choice":"Take Wound","damage_taken":0,"relics_obtained":["Golden Idol"],"max_hp_gain":0,"max_hp_loss":0,"event_name":"Golden Idol","floor":11,"gold_loss":0,"cards_obtained":["Injury"]},{"cards_removed":["Strike_B"],"damage_healed":0,"gold_gain":0,"player_choice":"Card Removal","damage_taken":0,"max_hp_gain":0,"max_hp_loss":0,"event_name":"The Cleric","floor":13,"gold_loss":50},{"damage_healed":0,"gold_gain":0,"cards_transformed":["Strike_B","Defend_B"],"player_choice":"Became Test Subject","damage_taken":0,"max_hp_gain":0,"max_hp_loss":0,"event_name":"Drug Dealer","floor":19,"gold_loss":0,"cards_obtained":["Genetic Algorithm","Blizzard"]},{"damage_healed":0,"gold_gain":0,"player_choice":"Obtained Relic","damage_taken":0,"relics_obtained":["Boot"],"max_hp_gain":0,"max_hp_loss":0,"event_name":"Addict","floor":22,"gold_loss":85}],"is_beta":false,"boss_relics":[{"not_picked":["Sozu","Runic Dome"],"picked":"Busted Crown"}],"items_purged_floors":[2,20],"is_endless":false,"potions_floor_spawned":[10,14,25,28],"killed_by":"Collector","ascension_level":6}}