{"host":"qxeepl7ydvsgmfdb","time":1611036070,"event":{"mods":["AchievementEnabler","BaseMod","Colored Powertips","Minty Spire (QoL Compilation)","Quick Restart","slay the spire mod where everything is the same but ironclad has a cowboy hat"],"gold_per_floor":[111,129,129,129,16,16,48,60,60,60,60,74,74,74,74,172,172,185,115,130,145,155,155,155],"floor_reached":23,"language":"ENG","playtime":590,"items_purged":[],"score":238,"play_id":"af01fc56-2ac5-41f6-907a-ffb93b0741e0","local_time":"20210119010110","is_ascension_mode":true,"campfire_choices":[{"data":"Fusion","floor":6.0,"key":"SMITH"},{"data":"Zap","floor":10.0,"key":"SMITH"},{"data":"Aggregate","floor":15.0,"key":"SMITH"}],"circlet_count":0,"master_deck":["Strike_B","Strike_B","Strike_B","Defend_B","Defend_B","Defend_B","Defend_B","Zap+1","Dualcast","Melter","Sweeping Beam","Darkness","Fusion+1","Lockon+1","Ball Lightning","Biased Cognition","Redo","Capacitor","Ball Lightning"],"relics":["Cracked Core","NeowsBlessing","Shuriken","Blue Candle","Ornamental Fan","Empty Cage"],"acts_visited":["Exordium","TheCity"],"potions_floor_usage":[22],"damage_taken":[{"damage":0.0,"enemies":"Small Slimes","floor":1.0,"turns":1.0},{"damage":0.0,"enemies":"2 Louse","floor":2.0,"turns":1.0},{"damage":0.0,"enemies":"3 Sentries","floor":7.0,"turns":1.0},{"damage":0.0,"enemies":"Cultist","floor":8.0,"turns":3.0},{"damage":6.0,"enemies":"2 Fungi Beasts","floor":12.0,"turns":2.0},{"damage":58.0,"enemies":"The Guardian","floor":16.0,"turns":9.0},{"damage":19.0,"enemies":"2 Thieves","floor":18.0,"turns":3.0},{"damage":7.0,"enemies":"Chosen","floor":20.0,"turns":4.0},{"damage":22.0,"enemies":"Centurion and Healer","floor":21.0,"turns":5.0},{"damage":13,"enemies":"Cultist and Chosen","floor":22,"turns":4},{"damage":0,"enemies":"Gremlin Leader","floor":23,"turns":3}],"seed_played":"-423679625171595042","potions_obtained":[{"floor":1.0,"key":"EssenceOfDarkness"},{"floor":8.0,"key":"Strength Potion"},{"floor":16.0,"key":"Explosive Potion"},{"floor":22,"key":"Fire Potion"}],"is_trial":false,"path_per_floor":["M","M","?","?","$","R","E","M","T","R","?","M","$","?","R","B",null,"M","$","M","M","M","E"],"character_chosen":"DEFECT","items_purchased":["Darkness","Fusion","Capacitor"],"campfire_rested":0,"item_purchase_floors":[5,5,19],"current_hp_per_floor":[75,75,75,68,68,68,68,68,68,68,68,62,62,62,62,4,75,56,56,49,27,14,14,14],"gold":155,"neow_bonus":"THREE_ENEMY_KILL","is_daily":false,"chose_seed":false,"campfire_upgraded":3,"win_rate":0.0,"timestamp":1611036070,"path_taken":["M","M","?","?","$","R","E","M","T","R","?","M","$","?","R","BOSS","M","$","?","M","M","E"],"items_purchased_type":["Card","Card","Card"],"build_version":"2020-12-22","purchased_purges":0,"victory":false,"max_hp_per_floor":[75,75,75,75,75,75,75,75,75,75,75,75,75,75,75,75,75,75,75,75,75,75,75,75],"card_choices":[{"not_picked":["Gash","Go for the Eyes"],"picked":"Melter","floor":1.0},{"not_picked":["Self Repair","Biased Cognition"],"picked":"Sweeping Beam","floor":2.0},{"not_picked":["Barrage","Echo Form","Blizzard"],"picked":"SKIP","floor":7.0},{"not_picked":["Barrage","Double Energy"],"picked":"Lockon","floor":8.0},{"not_picked":["Beam Cell","Barrage"],"picked":"Ball Lightning","floor":12.0},{"not_picked":["Force Field","Undo"],"picked":"Redo","floor":18.0},{"not_picked":["Hologram+1","Streamline","Steam Power"],"picked":"SKIP","floor":20.0},{"not_picked":["Reprogram","Skim"],"picked":"Ball Lightning","floor":21.0},{"not_picked":["Doom and Gloom","Turbo","Rebound+1"],"picked":"SKIP","floor":22}],"player_experience":175212,"relics_obtained":[{"floor":7.0,"key":"Blue Candle"},{"floor":9.0,"key":"Ornamental Fan"}],"event_choices":[{"damage_healed":0.0,"max_hp_gain":0.0,"max_hp_loss":0.0,"gold_gain":0.0,"event_name":"Big Fish","player_choice":"Box","floor":3.0,"gold_loss":0.0,"damage_taken":0.0,"relics_obtained":["Shuriken"],"cards_obtained":["Regret"]},{"cards_removed":["Regret"],"damage_healed":0.0,"max_hp_gain":0.0,"max_hp_loss":0.0,"gold_gain":0.0,"event_name":"Golden Wing","player_choice":"Card Removal","floor":4.0,"gold_loss":0.0,"damage_taken":7.0},{"damage_healed":0.0,"max_hp_gain":0.0,"max_hp_loss":0.0,"gold_gain":0.0,"event_name":"Living Wall","player_choice":"Grow","floor":11.0,"gold_loss":0.0,"damage_taken":0.0,"cards_upgraded":["Lockon"]},{"damage_healed":0.0,"max_hp_gain":0.0,"max_hp_loss":0.0,"gold_gain":0.0,"event_name":"Match and Keep!","player_choice":"2 cards matched","floor":14.0,"gold_loss":0.0,"damage_taken":0.0,"cards_obtained":["Aggregate","Biased Cognition"]}],"is_beta":false,"boss_relics":[{"not_picked":["Philosopher\u0027s Stone","Fusion Hammer"],"picked":"Empty Cage"}],"items_purged_floors":[],"is_endless":false,"potions_floor_spawned":[1,8,16,22],"killed_by":"Gremlin Leader","ascension_level":2}}