{"host":"vyjryxuuuxkt43k4","time":1611073952,"event":{"mods":["AchievementEnabler","BaseMod","Colored Map","DeckTracker","Keyboard Shortcuts","Minty Spire (QoL Compilation)","Permanent Neow","Quick Restart","Rare Cards Sparkle","StSLib","SuperFastMode","everything is the same but u backflip on backflip"],"gold_per_floor":[111,128,148,166,181,181,198,227,227,227,238,17,46,46,46,149,149,161,175,188,208,223,223,241,261,261,275,275,307,319,73,73,177,177,188,208,208,208,208],"floor_reached":38,"language":"KOR","playtime":2268,"items_purged":["Strike_G"],"score":562,"play_id":"504f14ec-b3cf-4b43-a614-7c7d94a9f5e9","local_time":"20210120013232","is_ascension_mode":true,"campfire_choices":[{"data":"Glass Knife","floor":6.0,"key":"SMITH"},{"floor":10.0,"key":"REST"},{"data":"Footwork","floor":15.0,"key":"SMITH"},{"data":"Concentrate","floor":23,"key":"SMITH"},{"floor":28,"key":"REST"},{"data":"Tactician","floor":30,"key":"SMITH"},{"floor":32,"key":"REST"}],"circlet_count":0,"master_deck":["Strike_G","Strike_G","Strike_G","Strike_G","Defend_G","Defend_G","Defend_G","Defend_G","Defend_G","Survivor","Neutralize","Glass Knife+1","Backflip","Poisoned Stab","Footwork+1","Noxious Fumes","Reflex","Dagger Throw","Concentrate+1","Calculated Gamble","PiercingWail","After Image","Acrobatics","Outmaneuver+1","Tactician+1","Venomology","Dodge and Roll","Caltrops+1","Blur","Choke","Malaise","Prepared+1","Underhanded Strike+1"],"relics":["Ring of the Snake","TungstenRod","Omamori","Lee\u0027s Waffle","Sundial","Cursed Key","MawBank","Kunai","Coffee Dripper"],"acts_visited":["Exordium","TheCity","TheBeyond"],"potions_floor_usage":[24,24,24,24,24,25,27,27,27,29,29,33,33,36,37,37],"damage_taken":[{"damage":0.0,"enemies":"Cultist","floor":1.0,"turns":3.0},{"damage":1.0,"enemies":"Small Slimes","floor":2.0,"turns":3.0},{"damage":0.0,"enemies":"2 Louse","floor":3.0,"turns":2.0},{"damage":13.0,"enemies":"Blue Slaver","floor":4.0,"turns":5.0},{"damage":17.0,"enemies":"Exordium Wildlife","floor":5.0,"turns":7.0},{"damage":0.0,"enemies":"Large Slime","floor":7.0,"turns":6.0},{"damage":15.0,"enemies":"Gremlin Nob","floor":8.0,"turns":4.0},{"damage":12.0,"enemies":"Exordium Thugs","floor":11.0,"turns":5.0},{"damage":15.0,"enemies":"3 Sentries","floor":13.0,"turns":8.0},{"damage":28.0,"enemies":"The Guardian","floor":16.0,"turns":11.0},{"damage":0.0,"enemies":"3 Byrds","floor":18.0,"turns":5.0},{"damage":0.0,"enemies":"Chosen","floor":19.0,"turns":4.0},{"damage":11.0,"enemies":"Centurion and Healer","floor":20.0,"turns":9.0},{"damage":13,"enemies":"Shelled Parasite and Fungi","floor":21,"turns":5},{"damage":4,"enemies":"Snecko","floor":22,"turns":6},{"damage":3,"enemies":"Cultist and Chosen","floor":24,"turns":7},{"damage":12,"enemies":"Snake Plant","floor":25,"turns":6},{"damage":6,"enemies":"Shelled Parasite and Fungi","floor":27,"turns":6},{"damage":34,"enemies":"Slavers","floor":29,"turns":6},{"damage":24,"enemies":"Collector","floor":33,"turns":16},{"damage":16,"enemies":"Orb Walker","floor":35,"turns":6},{"damage":19,"enemies":"3 Darklings","floor":36,"turns":6},{"damage":3,"enemies":"Writhing Mass","floor":37,"turns":2},{"damage":28,"enemies":"Jaw Worm Horde","floor":38,"turns":1}],"seed_played":"-4562565497164429640","potions_obtained":[{"floor":3.0,"key":"SteroidPotion"},{"floor":7.0,"key":"Dexterity Potion"},{"floor":8.0,"key":"Strength Potion"},{"floor":11.0,"key":"PowerPotion"},{"floor":16.0,"key":"Ancient Potion"},{"floor":19.0,"key":"EntropicBrew"},{"floor":25,"key":"Swift Potion"},{"floor":29,"key":"PowerPotion"},{"floor":36,"key":"SneckoOil"}],"is_trial":false,"path_per_floor":["M","M","M","M","M","R","M","E","T","R","M","$","E","?","R","B",null,"M","M","M","M","M","R","M","M","T","M","R","E","R","$","R","B",null,"M","M","M","M"],"character_chosen":"THE_SILENT","items_purchased":["Lee\u0027s Waffle","Kunai"],"campfire_rested":3,"item_purchase_floors":[12,31],"current_hp_per_floor":[63,62,62,49,32,32,32,17,17,38,26,77,62,56,56,28,65,65,65,54,41,37,37,34,22,22,16,39,5,5,5,28,4,59,43,24,21,0,0],"gold":208,"neow_bonus":"ONE_RANDOM_RARE_CARD","is_daily":false,"chose_seed":false,"campfire_upgraded":4,"win_rate":0.0,"timestamp":1611073952,"path_taken":["M","M","M","M","?","R","M","E","T","R","M","?","E","?","R","BOSS","M","M","M","M","?","R","M","M","T","M","R","E","R","$","R","BOSS","M","M","M","M"],"items_purchased_type":["Relic","Relic"],"build_version":"2020-12-22","purchased_purges":1,"victory":false,"max_hp_per_floor":[70,70,70,70,70,70,70,70,70,70,70,77,77,77,77,77,77,77,77,77,77,77,77,77,77,77,77,77,77,77,77,77,77,77,77,77,77,77,77],"card_choices":[{"not_picked":["PiercingWail","Deadly Poison"],"picked":"Backflip","floor":1.0},{"not_picked":["Expertise","Quick Slash"],"picked":"Poisoned Stab","floor":2.0},{"not_picked":["Cloak And Dagger","Eviscerate"],"picked":"Footwork","floor":3.0},{"not_picked":["Distraction","All Out Attack"],"picked":"Noxious Fumes","floor":4.0},{"not_picked":["Poisoned Stab","Flying Knee"],"picked":"Reflex","floor":5.0},{"not_picked":["Slice","Quick Slash"],"picked":"Dagger Throw","floor":7.0},{"not_picked":["Poisoned Stab","Deadly Poison"],"picked":"Concentrate","floor":8.0},{"not_picked":["Night Terror","Deflect"],"picked":"Calculated Gamble","floor":11.0},{"not_picked":["Slice","Quick Slash"],"picked":"PiercingWail","floor":13.0},{"not_picked":["Corpse Explosion","Malaise"],"picked":"After Image","floor":16.0},{"not_picked":["Flying Knee+1","Blade Dance"],"picked":"Acrobatics","floor":18.0},{"not_picked":["Heel Hook+1","Flying Knee","Bane+1"],"picked":"SKIP","floor":19.0},{"not_picked":["Flying Knee","Accuracy+1"],"picked":"Outmaneuver+1","floor":20.0},{"not_picked":["Riddle With Holes","Underhanded Strike"],"picked":"Tactician","floor":21},{"not_picked":["Slice+1","Poisoned Stab"],"picked":"Venomology","floor":22},{"not_picked":["Bane","Prepared"],"picked":"Dodge and Roll","floor":24},{"not_picked":["Finisher","Outmaneuver"],"picked":"Caltrops+1","floor":25},{"not_picked":["Deadly Poison","Quick Slash"],"picked":"Blur","floor":27},{"not_picked":["Dodge and Roll","Backstab+1"],"picked":"Choke","floor":29},{"not_picked":["Venomology","Doppelganger"],"picked":"Malaise","floor":33},{"not_picked":["Slice","Catalyst+1"],"picked":"Prepared+1","floor":35},{"not_picked":["Calculated Gamble+1","Backflip"],"picked":"Underhanded Strike+1","floor":36}],"player_experience":360134,"relics_obtained":[{"floor":8.0,"key":"TungstenRod"},{"floor":9.0,"key":"Omamori"},{"floor":13.0,"key":"Sundial"},{"floor":29,"key":"MawBank"}],"event_choices":[{"damage_healed":0.0,"max_hp_gain":0.0,"max_hp_loss":0.0,"gold_gain":0.0,"event_name":"Wheel of Change","player_choice":"Damaged","floor":14.0,"gold_loss":0.0,"damage_taken":7.0}],"is_beta":false,"boss_relics":[{"not_picked":["Astrolabe","Velvet Choker"],"picked":"Cursed Key"},{"not_picked":["Snecko Eye","SacredBark"],"picked":"Coffee Dripper"}],"items_purged_floors":[12],"is_endless":false,"potions_floor_spawned":[3,7,8,11,16,19,21,25,29,36],"killed_by":"Jaw Worm Horde","ascension_level":7}}