{"host":"tyeg9214rgutn7tb","time":1611072157,"event":{"mods":["BaseMod","Colored Map","Custom Start","Downfall","Minty Spire (QoL Compilation)","StSLib"],"gold_per_floor":[99,99,99,99,199,212,212,244,244,264,281,293,310,341,359,455,455,255,273,273,283,233,233,233,143,172,192,226,226,261,279,279,279,279],"floor_reached":32,"language":"ENG","playtime":1100,"items_purged":["downfall:Haunted"],"score":552,"play_id":"9d40d4cc-624b-4876-8faa-565a1ad92563","local_time":"20210119170237","is_ascension_mode":true,"campfire_choices":[{"floor":1.0,"key":"RECALL"},{"data":"bronze:ShipIt","floor":18,"key":"SMITH"},{"data":"bronze:Turbo","floor":23,"key":"SMITH"}],"circlet_count":0,"master_deck":["bronze:Strike","bronze:Strike","bronze:Strike","bronze:Defend","bronze:Defend","bronze:Defend","bronze:Defend","bronze:Replicate","bronze:Goto","bronze:Turbo+1","bronze:Optimize","downfall:Icky","Clumsy","bronze:Library","Clumsy","bronze:Iterate","downfall:Aged","Shame","bronze:ForLoop","bronze:Iterate","bronze:Repair","bronze:ShipIt+1"],"relics":["bronze:BronzeCore","downfall:HeartsMalice","Du-Vu Doll","Singing Bowl","Pantograph","Sozu","downfall:HeartBlessingBlue","downfall:HeartBlessingRed","CultistMask","Ornamental Fan","Darkstone Periapt","downfall:RedIOU","Question Card"],"acts_visited":["Exordium","TheCity"],"potions_floor_usage":[15,16],"damage_taken":[{"damage":0.0,"enemies":"2 Louse","floor":2.0,"turns":1.0},{"damage":0.0,"enemies":"Jaw Worm","floor":3.0,"turns":1.0},{"damage":0.0,"enemies":"Cultist","floor":4.0,"turns":1.0},{"damage":2.0,"enemies":"Gremlin Gang","floor":6.0,"turns":5.0},{"damage":18.0,"enemies":"3 Sentries","floor":8.0,"turns":4.0},{"damage":7.0,"enemies":"2 Fungi Beasts","floor":10.0,"turns":3.0},{"damage":9.0,"enemies":"Red Slaver","floor":11.0,"turns":2.0},{"damage":18.0,"enemies":"Large Slime","floor":12.0,"turns":2.0},{"damage":14.0,"enemies":"3 Louse","floor":13.0,"turns":2.0},{"damage":0.0,"enemies":"Lagavulin","floor":14.0,"turns":3.0},{"damage":6,"enemies":"Lots of Slimes","floor":15,"turns":2},{"damage":36,"enemies":"IC_STATUS_ARCHETYPE","floor":16,"turns":7},{"damage":14,"enemies":"Shell Parasite","floor":19,"turns":2},{"damage":19,"enemies":"Snake Plant","floor":21,"turns":2},{"damage":0,"enemies":"downfall:FleeingMerchant","floor":25,"turns":4},{"damage":43,"enemies":"Gremlin Leader","floor":26,"turns":5},{"damage":17,"enemies":"Sentry and Sphere","floor":27,"turns":3},{"damage":45,"enemies":"Slavers","floor":28,"turns":6},{"damage":5,"enemies":"Gremlin Leader","floor":30,"turns":5},{"damage":10,"enemies":"Cultist and Chosen","floor":31,"turns":3},{"damage":21,"enemies":"Snake Plant","floor":32,"turns":2}],"seed_played":"-9209219576885773034","potions_obtained":[{"floor":6.0,"key":"LiquidMemories"},{"floor":8.0,"key":"bronze:CleanCodePotion"},{"floor":11.0,"key":"Strength Potion"},{"floor":15,"key":"FearPotion"}],"is_trial":false,"path_per_floor":["R","M","M","M","?","M","T","E","?","M","M","M","M","E","M","B",null,"R","M","?","M","?","R","T","$","E","M","E","?","E","M","M"],"character_chosen":"THE_AUTOMATON","items_purchased":[],"campfire_rested":0,"item_purchase_floors":[],"current_hp_per_floor":[70,70,70,70,75,73,73,57,57,50,43,27,15,17,11,40,85,95,83,83,66,99,99,99,101,60,55,22,22,26,18,0,0,0],"gold":279,"neow_bonus":"THREE_ENEMY_KILL","is_daily":false,"chose_seed":false,"campfire_upgraded":2,"win_rate":0.0,"timestamp":1611072157,"path_taken":["R","M","M","M","?","M","T","E","?","M","M","?","?","E","M","BOSS","R","M","?","?","?","R","T","$","E","M","E","?","E","M","M"],"items_purchased_type":[],"build_version":"2020-12-22","purchased_purges":1,"victory":false,"max_hp_per_floor":[70,70,70,70,75,75,75,77,77,77,79,81,83,85,85,85,85,95,97,97,99,99,99,99,101,103,105,107,107,109,111,111,111,111],"card_choices":[{"not_picked":["bronze:WhirlingStrike","bronze:Branch"],"picked":"bronze:Turbo","floor":2.0},{"not_picked":["bronze:MaxOutput","bronze:Invalidate"],"picked":"bronze:Optimize","floor":3.0},{"not_picked":["bronze:Overheat","bronze:Format","bronze:BitShift"],"picked":"SKIP","floor":4.0},{"not_picked":["bronze:ClassDefault","bronze:BuggyMess"],"picked":"bronze:Iterate","floor":6.0},{"not_picked":["bronze:Fortify","bronze:WhirlingStrike","bronze:Turbo"],"picked":"Singing Bowl","floor":8.0},{"not_picked":["bronze:OilSpill","bronze:BitShift"],"picked":"bronze:Iterate","floor":10.0},{"not_picked":["bronze:CloningBeam","bronze:DigitalCarnage","bronze:OilSpill"],"picked":"Singing Bowl","floor":11.0},{"not_picked":["bronze:Shield","bronze:RecursiveStrike","bronze:Separator"],"picked":"Singing Bowl","floor":12.0},{"not_picked":["bronze:Philosophize","bronze:Separator","bronze:DelayedGuard"],"picked":"Singing Bowl","floor":13.0},{"not_picked":["bronze:Boost","bronze:WhirlingStrike","bronze:Allocate"],"picked":"Singing Bowl","floor":14.0},{"not_picked":["bronze:DelayedGuard","bronze:Turbo"],"picked":"bronze:Repair","floor":15},{"not_picked":["bronze:Library","bronze:ThunderWave"],"picked":"bronze:ShipIt","floor":16},{"not_picked":["bronze:Shield","bronze:CutThrough","bronze:Separator"],"picked":"Singing Bowl","floor":19},{"not_picked":["bronze:Turbo","bronze:BugBarrage","bronze:GetLatest"],"picked":"Singing Bowl","floor":21},{"not_picked":["bronze:FindAndReplace","bronze:Turbo","bronze:OilSpill"],"picked":"Singing Bowl","floor":25},{"not_picked":["bronze:Virus","bronze:Deprecate","bronze:FineTuning"],"picked":"Singing Bowl","floor":26},{"not_picked":["bronze:Shield+1","bronze:BuggyMess","bronze:Deprecate"],"picked":"Singing Bowl","floor":27},{"not_picked":["bronze:WildBeam+1","bronze:ForLoop","bronze:BronzeArmor"],"picked":"Singing Bowl","floor":28},{"not_picked":["bronze:BurnOut","bronze:TinkerersToolbox","bronze:Constructor"],"picked":"Singing Bowl","floor":30},{"not_picked":["bronze:Invalidate","bronze:Iterate","bronze:BugBarrage","bronze:DarkDash+1"],"picked":"Singing Bowl","floor":31}],"player_experience":692836,"relics_obtained":[{"floor":8.0,"key":"Singing Bowl"},{"floor":14.0,"key":"Pantograph"},{"floor":24,"key":"Ornamental Fan"},{"floor":26,"key":"Darkstone Periapt"},{"floor":28,"key":"Bag of Preparation"},{"floor":30,"key":"Question Card"}],"event_choices":[{"damage_healed":0,"gold_gain":0,"player_choice":"Trade","damage_taken":0,"relics_obtained":["CultistMask"],"max_hp_gain":0,"max_hp_loss":0,"event_name":"FaceTrader","floor":20,"gold_loss":0}],"is_beta":false,"boss_relics":[{"not_picked":["SlaversCollar","bronze:ElectromagneticCoil"],"picked":"Sozu"}],"items_purged_floors":[25],"is_endless":false,"potions_floor_spawned":[6,8,11,13,15,19,26,27],"killed_by":"Snake Plant","ascension_level":4}}