{"host":"l5xpox9cbdko122s","time":1611021530,"event":{"mods":["BaseMod","Minty Spire (QoL Compilation)"],"gold_per_floor":[114,127,143,14,27,27,45,45,45,72,42,42,54,85,85,188,188,201,126,126,26,26,26,39,39,114,124,138,138,154,174,174,276,276,291,41,60,60,80,80,96,96,120,136,169,169,169,189,189,189,189],"floor_reached":50,"language":"ENG","playtime":3266,"items_purged":["Eruption","SandsOfTime"],"score":536,"play_id":"f15d5a6e-94b0-4d3d-86dd-ccd345483dc9","local_time":"20210118205850","is_ascension_mode":false,"campfire_choices":[{"floor":6,"key":"RECALL"},{"data":"Alpha","floor":8,"key":"SMITH"},{"floor":15,"key":"REST"},{"floor":23,"key":"REST"},{"floor":29,"key":"REST"},{"floor":32,"key":"REST"},{"data":"Perseverance","floor":40,"key":"SMITH"},{"floor":42,"key":"REST"},{"floor":47,"key":"REST"},{"floor":49,"key":"REST"}],"circlet_count":0,"master_deck":["Vigilance","EmptyBody","Perseverance+1","InnerPeace","Alpha+1","Prostrate","CurseOfTheBell","Writhe"],"relics":["Pandora\u0027s Box","Du-Vu Doll","Sundial","InkBottle","Empty Cage","Ornamental Fan","Calling Bell","Anchor","Blue Candle","Incense Burner","HornCleat","Strawberry","Toxic Egg 2"],"acts_visited":["Exordium","TheCity","TheBeyond"],"potions_floor_usage":[13,14,16,28,39,45],"damage_taken":[{"damage":0,"enemies":"Small Slimes","floor":1,"turns":6},{"damage":0,"enemies":"Cultist","floor":2,"turns":4},{"damage":0,"enemies":"2 Louse","floor":3,"turns":3},{"damage":16,"enemies":"Lots of Slimes","floor":5,"turns":5},{"damage":8,"enemies":"3 Louse","floor":7,"turns":3},{"damage":0,"enemies":"Lagavulin","floor":10,"turns":4},{"damage":2,"enemies":"Looter","floor":11,"turns":4},{"damage":0,"enemies":"Gremlin Gang","floor":13,"turns":3},{"damage":12,"enemies":"3 Sentries","floor":14,"turns":3},{"damage":16,"enemies":"Slime Boss","floor":16,"turns":5},{"damage":12,"enemies":"Chosen","floor":18,"turns":4},{"damage":11,"enemies":"3 Byrds","floor":24,"turns":3},{"damage":0,"enemies":"Snecko","floor":27,"turns":4},{"damage":30,"enemies":"Snake Plant","floor":28,"turns":3},{"damage":0,"enemies":"Cultist and Chosen","floor":30,"turns":4},{"damage":3,"enemies":"Chosen and Byrds","floor":31,"turns":3},{"damage":15,"enemies":"Champ","floor":33,"turns":11},{"damage":10,"enemies":"3 Shapes","floor":35,"turns":5},{"damage":26,"enemies":"Orb Walker","floor":37,"turns":5},{"damage":18,"enemies":"3 Darklings","floor":39,"turns":4},{"damage":6,"enemies":"Jaw Worm Horde","floor":41,"turns":3},{"damage":7,"enemies":"4 Shapes","floor":44,"turns":4},{"damage":49,"enemies":"Nemesis","floor":45,"turns":9},{"damage":32,"enemies":"Spire Growth","floor":48,"turns":6},{"damage":89,"enemies":"Awakened One","floor":50,"turns":16}],"seed_played":"6298256332290100085","potions_obtained":[{"floor":1,"key":"SpeedPotion"},{"floor":2,"key":"Dexterity Potion"},{"floor":5,"key":"Block Potion"},{"floor":14,"key":"DistilledChaos"},{"floor":18,"key":"SkillPotion"},{"floor":24,"key":"Dexterity Potion"},{"floor":37,"key":"Block Potion"},{"floor":45,"key":"Strength Potion"},{"floor":48,"key":"FearPotion"}],"is_trial":false,"path_per_floor":["M","M","M","$","M","R","M","R","T","E","M","?","M","E","R","B",null,"M","?","?","$","?","R","M","?","T","M","M","R","M","M","R","B",null,"M","$","M","?","M","R","M","R","T","M","E","?","R","M","R","B"],"character_chosen":"WATCHER","items_purchased":["Prostrate","HornCleat"],"campfire_rested":7,"item_purchase_floors":[4,36],"current_hp_per_floor":[72,72,72,72,56,56,48,48,48,48,46,46,46,34,55,39,72,60,60,47,47,47,70,59,59,59,59,29,52,52,49,72,57,77,67,67,41,87,69,69,63,87,94,87,38,62,90,58,86,0,0],"gold":189,"neow_bonus":"BOSS_RELIC","is_daily":false,"chose_seed":false,"campfire_upgraded":2,"win_rate":0.0,"timestamp":1611021530,"path_taken":["M","M","M","$","M","R","M","R","T","E","M","?","?","E","R","BOSS","M","?","?","$","?","R","?","?","T","M","M","R","M","M","R","BOSS","M","$","M","?","?","R","M","R","T","M","E","?","R","M","R","BOSS"],"items_purchased_type":["Card","Relic"],"build_version":"2020-12-22","purchased_purges":2,"victory":false,"max_hp_per_floor":[72,72,72,72,72,72,72,72,72,72,72,72,72,72,72,72,72,72,72,77,77,77,77,77,77,77,77,77,77,77,77,77,77,77,77,77,77,87,87,87,87,87,94,94,94,94,94,94,94,94,94],"card_choices":[{"not_picked":["ForeignInfluence","Weave","Sanctity"],"picked":"SKIP","floor":1},{"not_picked":["Halt","Crescendo","CutThroughFate"],"picked":"SKIP","floor":2},{"not_picked":["PathToVictory","Vengeance"],"picked":"Worship","floor":3},{"not_picked":["Sanctity","Protect","CrushJoints"],"picked":"SKIP","floor":5},{"not_picked":["FollowUp","CutThroughFate","ForeignInfluence"],"picked":"SKIP","floor":7},{"not_picked":["Consecrate","CutThroughFate","Vengeance"],"picked":"SKIP","floor":10},{"not_picked":["Prostrate","Nirvana","MentalFortress"],"picked":"SKIP","floor":11},{"not_picked":["Vengeance","Adaptation","Evaluate"],"picked":"SKIP","floor":13},{"not_picked":["ReachHeaven","Indignation","Omniscience"],"picked":"SKIP","floor":14},{"not_picked":["SashWhip","EmptyBody","WindmillStrike"],"picked":"SKIP","floor":18},{"not_picked":["ClearTheMind","CutThroughFate","WheelKick"],"picked":"SKIP","floor":24},{"not_picked":["WindmillStrike+1","Adaptation+1","SandsOfTime"],"picked":"SKIP","floor":27},{"not_picked":["ThirdEye","DeceiveReality","Halt"],"picked":"SKIP","floor":28},{"not_picked":["Vengeance+1","CutThroughFate+1","JustLucky+1"],"picked":"SKIP","floor":30},{"not_picked":["Evaluate","Wallop","Fasting2"],"picked":"SKIP","floor":31},{"not_picked":["Tantrum+1","SashWhip","CutThroughFate"],"picked":"SKIP","floor":35},{"not_picked":["Crescendo+1","TalkToTheHand","CarveReality"],"picked":"SKIP","floor":37},{"not_picked":["InnerPeace+1","FlyingSleeves","ClearTheMind+1"],"picked":"SKIP","floor":39},{"not_picked":["FearNoEvil","EmptyBody+1","Collect"],"picked":"SKIP","floor":41},{"not_picked":["LikeWater+1","TalkToTheHand","ClearTheMind+1"],"picked":"SKIP","floor":44},{"not_picked":["BowlingBash+1","FollowUp","Study"],"picked":"SKIP","floor":45},{"not_picked":["ClearTheMind+1","Consecrate+1","EmptyFist"],"picked":"SKIP","floor":48}],"player_experience":120269,"relics_obtained":[{"floor":10,"key":"Du-Vu Doll"},{"floor":14,"key":"InkBottle"},{"floor":26,"key":"Ornamental Fan"},{"floor":34,"key":"Anchor"},{"floor":34,"key":"Blue Candle"},{"floor":34,"key":"Incense Burner"},{"floor":43,"key":"Strawberry"},{"floor":45,"key":"Toxic Egg 2"}],"event_choices":[{"damage_healed":0,"gold_gain":0,"player_choice":"Gave Potion","damage_taken":0,"relics_obtained":["Sundial"],"max_hp_gain":0,"max_hp_loss":0,"event_name":"WeMeetAgain","floor":12,"gold_loss":0},{"cards_removed":["Worship"],"damage_healed":0,"gold_gain":0,"player_choice":"Gave Gold","damage_taken":0,"max_hp_gain":0,"max_hp_loss":0,"event_name":"Beggar","floor":19,"gold_loss":75},{"damage_healed":0,"gold_gain":0,"player_choice":"Shed Blood","damage_taken":18,"max_hp_gain":5,"max_hp_loss":0,"event_name":"Forgotten Altar","floor":20,"gold_loss":0},{"damage_healed":0,"gold_gain":0,"player_choice":"Ignored","damage_taken":0,"max_hp_gain":0,"max_hp_loss":0,"event_name":"Transmorgrifier","floor":22,"gold_loss":0},{"damage_healed":0,"gold_gain":0,"player_choice":"Ignored","damage_taken":0,"max_hp_gain":0,"max_hp_loss":0,"event_name":"Cursed Tome","floor":25,"gold_loss":0},{"cards_removed":["Devotion"],"damage_healed":36,"gold_gain":0,"player_choice":"Offered Rare","damage_taken":0,"max_hp_gain":10,"max_hp_loss":0,"event_name":"Bonfire Elementals","floor":38,"gold_loss":0},{"damage_healed":24,"gold_gain":0,"player_choice":"Writhe","damage_taken":0,"max_hp_gain":0,"max_hp_loss":0,"event_name":"Winding Halls","floor":46,"gold_loss":0,"cards_obtained":["Writhe"]}],"is_beta":false,"boss_relics":[{"not_picked":["SacredBark","Astrolabe"],"picked":"Empty Cage"},{"not_picked":["Sozu","Philosopher\u0027s Stone"],"picked":"Calling Bell"}],"items_purged_floors":[4,21],"is_endless":false,"potions_floor_spawned":[1,2,5,14,18,24,37,45,48],"killed_by":"Awakened One","ascension_level":0}}