{"host":"wgmqvkrq9e6a43rs","time":1611063499,"event":{"mods":["BaseMod","Marisa（霧雨　魔理沙）","Minty Spire (QoL Compilation)","StSLib","SuperFastMode"],"gold_per_floor":[114,127,143,159,170,170,199,179,179,179,225,255,290,303,303,414,414,424,444,460,495,332,332,363,363,439,63,63,63,63,63,63,180,180,208,208,224,257,257,304,317,317,317,317,359,359,386,414,414,414,414,414,43,90,90],"floor_reached":56,"language":"JPN","playtime":8462,"items_purged":["ManaRampage","Decay"],"score":1322,"play_id":"a4d2878f-2097-41dd-9764-81aa8a6aaebb","local_time":"20210119223819","is_ascension_mode":true,"campfire_choices":[{"data":"DC","floor":6.0,"key":"SMITH"},{"data":"ShootingEcho","floor":10.0,"key":"SMITH"},{"data":"MasterSpark","floor":15.0,"key":"SMITH"},{"data":"MillisecondPulsars","floor":23.0,"key":"SMITH"},{"data":"EnergyFlow","floor":25.0,"key":"SMITH"},{"data":"GrandCross","floor":28.0,"key":"SMITH"},{"floor":32.0,"key":"REST"},{"floor":42.0,"key":"RECALL"},{"data":"BlazingStar","floor":44.0,"key":"SMITH"},{"data":"ManaRampage","floor":49.0,"key":"SMITH"},{"data":"UpSweep","floor":52.0,"key":"SMITH"}],"circlet_count":0,"master_deck":["MasterSpark+1","UpSweep+1","DC+1","MillisecondPulsars+1","GasGiant","WitchLeyline","ShootingEcho+1","WitchOfGreed","PulseMagic","BlazingStar+1","GrandCross+1","ManaRampage+1","MachineGunSpark","DeepEcoloBomb","EnergyRecoil","GrandCross","6A","EarthLightRay","IllusionStar+1","AsteroidBelt","EnergyFlow+1","OortCloud","MilkyWay","AsteroidBelt+1","6A+1","AsteroidBelt+1","MagicChant+1","ChargingUp+1","MagicAbsorber","OortCloud","SporeBomb+1"],"relics":["MiniHakkero","Bird Faced Urn","Singing Bowl","Mummified Hand","Pandora\u0027s Box","White Beast Statue","SimpleLauncher","SacredBark","Bottled Lightning","Anchor","Oddly Smooth Stone","Boot"],"acts_visited":["Exordium","TheCity","TheBeyond","TheEnding"],"potions_floor_usage":[55,55,55],"damage_taken":[{"damage":0.0,"enemies":"2 Louse","floor":1.0,"turns":2.0},{"damage":0.0,"enemies":"Cultist","floor":2.0,"turns":3.0},{"damage":2.0,"enemies":"Small Slimes","floor":3.0,"turns":3.0},{"damage":9.0,"enemies":"Blue Slaver","floor":4.0,"turns":3.0},{"damage":8.0,"enemies":"Red Slaver","floor":5.0,"turns":3.0},{"damage":6.0,"enemies":"3 Sentries","floor":7.0,"turns":5.0},{"damage":18.0,"enemies":"Gremlin Nob","floor":11.0,"turns":4.0},{"damage":8.0,"enemies":"3 Louse","floor":12.0,"turns":2.0},{"damage":0.0,"enemies":"Exordium Thugs","floor":13.0,"turns":3.0},{"damage":2.0,"enemies":"Blue Slaver","floor":14.0,"turns":2.0},{"damage":0.0,"enemies":"Slime Boss","floor":16.0,"turns":4.0},{"damage":8.0,"enemies":"2 Thieves","floor":18.0,"turns":2.0},{"damage":0.0,"enemies":"Spheric Guardian","floor":19.0,"turns":3.0},{"damage":15.0,"enemies":"Snecko","floor":20.0,"turns":3.0},{"damage":9.0,"enemies":"Cultist and Chosen","floor":21.0,"turns":5.0},{"damage":8.0,"enemies":"Chosen and Byrds","floor":24.0,"turns":3.0},{"damage":12.0,"enemies":"Colosseum Slavers","floor":29.0,"turns":2.0},{"damage":50.0,"enemies":"Automaton","floor":33.0,"turns":7.0},{"damage":1.0,"enemies":"3 Shapes","floor":35.0,"turns":7.0},{"damage":4.0,"enemies":"Orb Walker","floor":37.0,"turns":2.0},{"damage":0.0,"enemies":"Transient","floor":38.0,"turns":5.0},{"damage":28.0,"enemies":"Reptomancer","floor":40.0,"turns":10.0},{"damage":2.0,"enemies":"Sphere and 2 Shapes","floor":41.0,"turns":3.0},{"damage":41.0,"enemies":"Giant Head","floor":45.0,"turns":9.0},{"damage":3.0,"enemies":"Maw","floor":47.0,"turns":7.0},{"damage":1.0,"enemies":"4 Shapes","floor":48.0,"turns":8.0},{"damage":28.0,"enemies":"Time Eater","floor":50.0,"turns":10.0},{"damage":23.0,"enemies":"Shield and Spear","floor":54.0,"turns":10.0},{"damage":52,"enemies":"The Heart","floor":55,"turns":8}],"seed_played":"-691974460319130815","potions_obtained":[{"floor":1.0,"key":"SmokeBomb"},{"floor":7.0,"key":"SkillPotion"},{"floor":8.0,"key":"Explosive Potion"},{"floor":11.0,"key":"DuplicationPotion"},{"floor":11.0,"key":"Fruit Juice"},{"floor":12.0,"key":"GamblersBrew"},{"floor":13.0,"key":"LiquidMemories"},{"floor":16.0,"key":"BlessingOfTheForge"},{"floor":18.0,"key":"ShroomBrew"},{"floor":19.0,"key":"LiquidMemories"},{"floor":21.0,"key":"Swift Potion"},{"floor":33.0,"key":"AttackPotion"},{"floor":33.0,"key":"ColorlessPotion"},{"floor":35.0,"key":"Strength Potion"},{"floor":37.0,"key":"SkillPotion"},{"floor":38.0,"key":"Fruit Juice"},{"floor":38.0,"key":"EssenceOfSteel"},{"floor":39.0,"key":"PowerPotion"},{"floor":40.0,"key":"Strength Potion"},{"floor":41.0,"key":"Regen Potion"},{"floor":45.0,"key":"ColorlessPotion"},{"floor":45.0,"key":"BlessingOfTheForge"},{"floor":47.0,"key":"Swift Potion"},{"floor":47.0,"key":"Block Potion"},{"floor":54.0,"key":"BottledSpark"},{"floor":54.0,"key":"PowerPotion"}],"is_trial":false,"path_per_floor":["M","M","M","M","M","R","E","?","T","R","E","M","M","M","R","B",null,"M","M","M","M","$","R","M","R","T","$","R","?","?","?","R","B",null,"M","?","M","M","?","E","M","R","T","R","E","?","M","M","R","B",null,"R","$","E","B",null],"character_chosen":"MARISA","items_purchased":["AsteroidBelt","EnergyFlow","SimpleLauncher","OortCloud","Oddly Smooth Stone","MagicAbsorber","OortCloud"],"campfire_rested":1,"item_purchase_floors":[22,22,27,27,53,53,53],"current_hp_per_floor":[82,82,80,71,63,63,57,57,57,57,43,44,48,46,46,48,93,85,85,70,71,71,71,75,75,75,75,75,69,69,69,97,49,99,101,101,97,111,111,94,102,102,102,102,93,93,102,113,113,97,115,115,115,96,66],"gold":90,"neow_bonus":"TEN_PERCENT_HP_BONUS","is_daily":false,"chose_seed":false,"campfire_upgraded":9,"win_rate":0.0,"timestamp":1611063499,"path_taken":["M","M","M","M","M","R","E","?","T","R","E","?","M","M","R","BOSS","M","M","M","M","$","R","M","R","T","$","R","?","?","?","R","BOSS","M","?","M","M","?","E","?","R","T","R","E","?","M","M","R","BOSS","R","$","E","BOSS"],"items_purchased_type":["Card","Card","Relic","Card","Relic","Card","Card"],"build_version":"2020-12-22","purchased_purges":2,"victory":true,"max_hp_per_floor":[82,82,82,82,82,82,82,82,82,82,84,91,93,93,93,93,93,93,93,93,95,95,95,97,97,97,97,97,97,97,97,97,99,99,101,101,101,111,111,113,113,113,113,113,115,115,115,115,115,115,115,115,115,115,115],"card_choices":[{"not_picked":["GravityBeat","DoubleSpark"],"picked":"DC","floor":1.0},{"not_picked":["PropBag","DC"],"picked":"MillisecondPulsars","floor":2.0},{"not_picked":["NonDirectionalLaser","MilkyWay"],"picked":"GasGiant","floor":3.0},{"not_picked":["PowerUp","UnstableBomb"],"picked":"WitchLeyline","floor":4.0},{"not_picked":["MilkyWay","GrandCross"],"picked":"ShootingEcho","floor":5.0},{"not_picked":["6A","WitchLeyline"],"picked":"WitchOfGreed","floor":7.0},{"not_picked":["NonDirectionalLaser","UnstableBomb","SprinkleStarSeal"],"picked":"Singing Bowl","floor":11.0},{"not_picked":["OrrerysSun","LuminesStrike","DC"],"picked":"Singing Bowl","floor":12.0},{"not_picked":["EventHorizon","ManaConvection","MaximisePower"],"picked":"Singing Bowl","floor":13.0},{"not_picked":["BlazeAway","Acceleration"],"picked":"PulseMagic","floor":14.0},{"not_picked":["MaximisePower","CollectingQuirk"],"picked":"BlazingStar","floor":16.0},{"not_picked":["DoubleSpark+1","FairyDestructionRay"],"picked":"6A","floor":18.0},{"not_picked":["DC","PulseMagic"],"picked":"EarthLightRay","floor":19.0},{"not_picked":["DC","ShootingEcho"],"picked":"IllusionStar+1","floor":20.0},{"not_picked":["TreasureHunter","PulseMagic","DragonMeteor"],"picked":"Singing Bowl","floor":21.0},{"not_picked":["RefractionSpark+1","NonDirectionalLaser","GravityBeat"],"picked":"Singing Bowl","floor":24.0},{"not_picked":["AbsoluteMagnitude","TreasureHunter","ManaRampage"],"picked":"Singing Bowl","floor":33.0},{"not_picked":["IllusionStar","StarBarrage","PowerUp"],"picked":"Singing Bowl","floor":35.0},{"not_picked":["MachineGunSpark","NonDirectionalLaser"],"picked":"MilkyWay","floor":37.0},{"not_picked":["WitchOfGreed","DC+1"],"picked":"AsteroidBelt+1","floor":38.0},{"not_picked":["Robbery","SporeBomb","WitchOfGreed"],"picked":"Singing Bowl","floor":40.0},{"not_picked":["SuperPerseids+1","MaximisePower"],"picked":"6A+1","floor":41.0},{"not_picked":["UnstableBomb+1","GravityBeat+1","DC"],"picked":"Singing Bowl","floor":45.0},{"not_picked":["SuperPerseids+1","6A+1"],"picked":"MagicChant+1","floor":47.0},{"not_picked":["StarlightTyphoon","NonDirectionalLaser+1"],"picked":"ChargingUp+1","floor":48.0},{"not_picked":["DragonMeteor+1","MachineGunSpark+1"],"picked":"SporeBomb+1","floor":54.0}],"player_experience":1071987,"relics_obtained":[{"floor":7.0,"key":"Bird Faced Urn"},{"floor":9.0,"key":"Singing Bowl"},{"floor":11.0,"key":"Mummified Hand"},{"floor":26.0,"key":"White Beast Statue"},{"floor":40.0,"key":"Bottled Lightning"},{"floor":45.0,"key":"Anchor"},{"floor":54.0,"key":"Boot"}],"event_choices":[{"damage_healed":0.0,"max_hp_gain":0.0,"max_hp_loss":0.0,"gold_gain":0.0,"event_name":"The Woman in Blue","player_choice":"Bought 1 Potion","floor":8.0,"gold_loss":0.0,"damage_taken":0.0},{"damage_healed":0.0,"max_hp_gain":0.0,"max_hp_loss":0.0,"gold_gain":0.0,"event_name":"Colosseum","player_choice":"Fight","floor":29.0,"gold_loss":0.0,"damage_taken":0.0},{"damage_healed":0.0,"max_hp_gain":0.0,"max_hp_loss":0.0,"gold_gain":0.0,"event_name":"Colosseum","player_choice":"Fled From Nobs","floor":29.0,"gold_loss":0.0,"damage_taken":0.0},{"damage_healed":0.0,"max_hp_gain":0.0,"max_hp_loss":0.0,"gold_gain":0.0,"event_name":"Forgotten Altar","player_choice":"Smashed Altar","floor":30.0,"gold_loss":0.0,"damage_taken":0.0,"cards_obtained":["Decay"]},{"damage_healed":0.0,"max_hp_gain":0.0,"max_hp_loss":0.0,"gold_gain":0.0,"event_name":"The Mausoleum","player_choice":"Ignored","floor":31.0,"gold_loss":0.0,"damage_taken":0.0},{"cards_removed":["UnstableBomb"],"damage_healed":0.0,"max_hp_gain":0.0,"max_hp_loss":0.0,"gold_gain":0.0,"event_name":"Falling","player_choice":"Removed Attack","floor":36.0,"gold_loss":0.0,"damage_taken":0.0},{"damage_healed":0.0,"max_hp_gain":0.0,"max_hp_loss":0.0,"gold_gain":0.0,"event_name":"Lab","player_choice":"Got Potions","floor":39.0,"gold_loss":0.0,"damage_taken":0.0},{"damage_healed":0.0,"max_hp_gain":0.0,"max_hp_loss":0.0,"gold_gain":0.0,"event_name":"Duplicator","player_choice":"Copied","floor":46.0,"gold_loss":0.0,"damage_taken":0.0,"cards_obtained":["AsteroidBelt"]}],"is_beta":false,"boss_relics":[{"not_picked":["Velvet Choker","Philosopher\u0027s Stone"],"picked":"Pandora\u0027s Box"},{"not_picked":["Calling Bell","Black Star"],"picked":"SacredBark"}],"items_purged_floors":[22,53],"is_endless":false,"potions_floor_spawned":[1,7,11,12,13,18,19,20,29,33,35,37,38,40,41,45,47,48,54],"ascension_level":1}}