{"host":"9v3x998ddbx8o276","time":1611052595,"event":{"mods":["AchievementEnabler","BaseMod","Colored Map","Colored Powertips","Highlight Path","Minty Spire (QoL Compilation)","Quick Restart","Rare Cards Sparkle"],"gold_per_floor":[116,191,204,204,219,219,28,45,99,99,134,14,49,60,60,133,133,148,148,128,128,128,128,162,162,208,47,18,35,55,84,84,155,155,170,185,199,199,199,199,212,212,212],"floor_reached":42,"language":"ENG","playtime":1576,"items_purged":[],"score":917,"play_id":"f9b18f8a-dd6d-425b-9b04-3e3306c4bd8f","local_time":"20210119210635","is_ascension_mode":true,"campfire_choices":[{"floor":6,"key":"REST"},{"floor":10,"key":"REST"},{"floor":15,"key":"REST"},{"floor":23,"key":"REST"},{"data":"Blade Dance","floor":32,"key":"SMITH"},{"floor":40,"key":"REST"}],"circlet_count":0,"master_deck":["AscendersBane","Strike_G+1","Strike_G+1","Strike_G+1","Strike_G+1","Strike_G+1","Defend_G+1","Defend_G+1","Defend_G+1","Defend_G+1","Defend_G+1","Survivor","Neutralize","Blade Dance+1","Choke","Masterful Stab","Quick Slash","Endless Agony","A Thousand Cuts","Finisher","Accuracy","Calculated Gamble","Blade Dance","Corpse Explosion","Infinite Blades","RitualDagger","Caltrops","Blade Dance","PiercingWail","Dash","Footwork+1","Tactician+1","Wraith Form v2","Parasite","PiercingWail+1","Flash of Steel","Apotheosis"],"relics":["Sozu","Sling","Orichalcum","War Paint","Bag of Preparation","Black Star","Darkstone Periapt","Gambling Chip","Vajra","Lee\u0027s Waffle","Centennial Puzzle","Paper Crane","Runic Pyramid"],"acts_visited":["Exordium","TheCity","TheBeyond"],"potions_floor_usage":[],"damage_taken":[{"damage":3,"enemies":"Cultist","floor":1,"turns":5},{"damage":1,"enemies":"Small Slimes","floor":3,"turns":4},{"damage":4,"enemies":"Jaw Worm","floor":5,"turns":2},{"damage":0,"enemies":"Blue Slaver","floor":8,"turns":3},{"damage":2,"enemies":"3 Sentries","floor":11,"turns":7},{"damage":14,"enemies":"Lagavulin","floor":13,"turns":3},{"damage":6,"enemies":"Looter","floor":14,"turns":3},{"damage":29,"enemies":"The Guardian","floor":16,"turns":9},{"damage":0,"enemies":"3 Byrds","floor":18,"turns":2},{"damage":20,"enemies":"2 Thieves","floor":20,"turns":4},{"damage":42,"enemies":"Gremlin Leader","floor":24,"turns":6},{"damage":0,"enemies":"3 Cultists","floor":29,"turns":2},{"damage":3,"enemies":"Centurion and Healer","floor":30,"turns":5},{"damage":2,"enemies":"Book of Stabbing","floor":31,"turns":2},{"damage":67,"enemies":"Champ","floor":33,"turns":13},{"damage":3,"enemies":"Orb Walker","floor":35,"turns":3},{"damage":17,"enemies":"3 Darklings","floor":36,"turns":4},{"damage":18,"enemies":"Writhing Mass","floor":37,"turns":8},{"damage":1,"enemies":"4 Shapes","floor":41,"turns":3},{"damage":42,"enemies":"Nemesis","floor":42,"turns":6}],"seed_played":"-4274208673582229593","potions_obtained":[],"is_trial":false,"path_per_floor":["M","?","M","?","M","R","$","M","T","R","E","$","E","M","R","B",null,"M","?","M","?","?","R","E","?","T","$","$","M","M","E","R","B",null,"M","M","M","?","?","R","M","E"],"character_chosen":"THE_SILENT","items_purchased":["Sling","Quick Slash","Finisher","Accuracy","Lee\u0027s Waffle","PiercingWail"],"campfire_rested":5,"item_purchase_floors":[7,7,12,12,27,28],"current_hp_per_floor":[56,45,44,24,20,39,39,39,39,58,56,56,42,36,55,26,56,56,50,30,30,30,49,7,7,7,73,73,73,70,68,68,1,55,52,35,23,18,18,41,40,0,0],"gold":212,"neow_bonus":"BOSS_RELIC","is_daily":false,"chose_seed":false,"campfire_upgraded":1,"win_rate":0.0,"timestamp":1611052595,"path_taken":["M","?","M","?","M","R","$","M","T","R","E","?","E","M","R","BOSS","M","?","M","?","?","R","E","?","T","?","$","?","?","E","R","BOSS","M","M","M","?","?","R","?","E"],"items_purchased_type":["Relic","Card","Card","Card","Relic","Card"],"build_version":"2020-12-22","purchased_purges":0,"victory":false,"max_hp_per_floor":[66,66,66,66,66,66,66,66,66,66,66,66,66,66,66,66,66,66,66,66,66,66,66,66,66,66,73,73,73,73,73,73,73,73,73,73,79,79,79,79,79,79,79],"card_choices":[{"not_picked":["Concentrate","Blur"],"picked":"Blade Dance","floor":1},{"not_picked":["All Out Attack","Backflip"],"picked":"Choke","floor":3},{"not_picked":["Bane","Poisoned Stab"],"picked":"Masterful Stab","floor":5},{"not_picked":["Outmaneuver","Backflip"],"picked":"Endless Agony","floor":8},{"not_picked":["Grand Finale","Concentrate"],"picked":"A Thousand Cuts","floor":11},{"not_picked":["Backflip","Finisher"],"picked":"Calculated Gamble","floor":13},{"not_picked":["Skewer","Slice"],"picked":"Blade Dance","floor":14},{"not_picked":["Storm of Steel","Glass Knife"],"picked":"Corpse Explosion","floor":16},{"not_picked":["Slice","Underhanded Strike"],"picked":"Infinite Blades","floor":18},{"not_picked":["Outmaneuver","Deflect"],"picked":"Caltrops","floor":20},{"not_picked":["Endless Agony","Quick Slash+1"],"picked":"Blade Dance","floor":24},{"not_picked":["Flechettes","Deadly Poison"],"picked":"Dash","floor":29},{"not_picked":["Poisoned Stab","A Thousand Cuts"],"picked":"Footwork+1","floor":30},{"not_picked":["Poisoned Stab","Eviscerate"],"picked":"Tactician+1","floor":31},{"not_picked":["Grand Finale","A Thousand Cuts"],"picked":"Wraith Form v2","floor":33},{"not_picked":["Sucker Punch+1","Bane","PiercingWail"],"picked":"SKIP","floor":35},{"not_picked":["Acrobatics","Blade Dance+1","Dodge and Roll"],"picked":"SKIP","floor":36},{"not_picked":["Poisoned Stab","Sucker Punch"],"picked":"PiercingWail+1","floor":37},{"not_picked":["Chrysalis","Dramatic Entrance"],"picked":"Flash of Steel","floor":38},{"not_picked":["Dramatic Entrance","Madness"],"picked":"Apotheosis","floor":38},{"not_picked":["Quick Slash","Flying Knee","Choke"],"picked":"SKIP","floor":41}],"player_experience":1673679,"relics_obtained":[{"floor":9,"key":"Orichalcum"},{"floor":11,"key":"War Paint"},{"floor":13,"key":"Bag of Preparation"},{"floor":24,"key":"Darkstone Periapt"},{"floor":24,"key":"Gambling Chip"},{"floor":26,"key":"Vajra"},{"floor":31,"key":"Centennial Puzzle"},{"floor":31,"key":"Paper Crane"}],"event_choices":[{"damage_healed":0,"gold_gain":75,"player_choice":"Gather Gold","damage_taken":11,"max_hp_gain":0,"max_hp_loss":0,"event_name":"World of Goop","floor":2,"gold_loss":0},{"damage_healed":0,"gold_gain":0,"player_choice":"Entered Light","damage_taken":20,"max_hp_gain":0,"max_hp_loss":0,"event_name":"Shining Light","floor":4,"gold_loss":0,"cards_upgraded":["Strike_G","Defend_G"]},{"damage_healed":0,"gold_gain":0,"player_choice":"Joined the Cult","damage_taken":6,"max_hp_gain":0,"max_hp_loss":0,"event_name":"Nest","floor":19,"gold_loss":0,"cards_obtained":["RitualDagger"]},{"damage_healed":0,"gold_gain":0,"player_choice":"Ignored","damage_taken":0,"max_hp_gain":0,"max_hp_loss":0,"event_name":"Vampires","floor":21,"gold_loss":0},{"damage_healed":0,"gold_gain":0,"player_choice":"Simplicity","damage_taken":0,"max_hp_gain":0,"max_hp_loss":0,"event_name":"Back to Basics","floor":22,"gold_loss":0,"cards_upgraded":["Strike_G","Strike_G","Strike_G","Strike_G","Defend_G","Defend_G"]},{"damage_healed":0,"gold_gain":0,"player_choice":"Ignored","damage_taken":0,"max_hp_gain":0,"max_hp_loss":0,"event_name":"Cursed Tome","floor":25,"gold_loss":0},{"damage_healed":0,"gold_gain":0,"player_choice":"Memory 2","damage_taken":5,"max_hp_gain":0,"max_hp_loss":0,"event_name":"SensoryStone","floor":38,"gold_loss":0},{"damage_healed":0,"gold_gain":0,"player_choice":"Ignored","damage_taken":0,"max_hp_gain":0,"max_hp_loss":0,"event_name":"Mysterious Sphere","floor":39,"gold_loss":0}],"is_beta":false,"boss_relics":[{"not_picked":["Empty Cage","Tiny House"],"picked":"Black Star"},{"not_picked":["Velvet Choker","SacredBark"],"picked":"Runic Pyramid"}],"items_purged_floors":[],"is_endless":false,"potions_floor_spawned":[1,3,13,14,29,33,37],"killed_by":"Nemesis","ascension_level":20}}