{"host":"5c3kjl7nos5i2inu","time":1611018155,"event":{"mods":["AchievementEnabler","BaseMod","Dark Map","Downfall","Hermit","Minty Spire (QoL Compilation)","StSLib"],"gold_per_floor":[116,134,150,55,55,97,127,127,127,127,35,68,101,151,151,284,284,306,328,147,181,214,214,244,244,244,244,268,295,295,325,325,325,325],"floor_reached":33,"language":"ENG","playtime":2001,"items_purged":["Injury"],"score":263,"play_id":"a4a75978-2eda-4bba-95e1-d1d5892748b0","local_time":"20210118200235","is_ascension_mode":false,"campfire_choices":[{"floor":8.0,"key":"REST"},{"floor":15.0,"key":"REST"},{"data":"Perfected Strike","floor":23,"key":"SMITH"},{"data":"Iron Wave","floor":25,"key":"SMITH"},{"data":"Pommel Strike","floor":27,"key":"SMITH"},{"data":"Perfected Strike","floor":32,"key":"SMITH"}],"circlet_count":0,"master_deck":["Strike_R","Strike_R","Strike_R","Strike_R","Strike_R","Defend_R","Defend_R","Defend_R","Defend_R","Bash","Iron Wave+1","Cleave","Armaments","Pommel Strike+1","Seeing Red","Anger","Anger","Armaments","Shrug It Off","Flex","Perfected Strike+1","Barricade","Whirlwind","Flame Barrier+1","Rage","Heavy Blade","Flex","Headbutt","Spot Weakness","Perfected Strike+1"],"relics":["Burning Blood","NeowsBlessing","Golden Idol","CeramicFish","Potion Belt","Letter Opener","Busted Crown","HandDrill","Prayer Wheel","White Beast Statue"],"acts_visited":["Exordium","TheCity"],"potions_floor_usage":[18,19,19,21,22,24,28,29,33,33],"damage_taken":[{"damage":0.0,"enemies":"Small Slimes","floor":1.0,"turns":1.0},{"damage":0.0,"enemies":"Cultist","floor":2.0,"turns":1.0},{"damage":0.0,"enemies":"Jaw Worm","floor":3.0,"turns":1.0},{"damage":43.0,"enemies":"3 Sentries","floor":6.0,"turns":9.0},{"damage":7.0,"enemies":"3 Louse","floor":7.0,"turns":3.0},{"damage":11.0,"enemies":"Red Slaver","floor":12.0,"turns":2.0},{"damage":3.0,"enemies":"2 Fungi Beasts","floor":13.0,"turns":4.0},{"damage":30.0,"enemies":"Lagavulin","floor":14.0,"turns":8.0},{"damage":79.0,"enemies":"The Guardian","floor":16.0,"turns":13.0},{"damage":14,"enemies":"Spheric Guardian","floor":18,"turns":4},{"damage":11,"enemies":"Shell Parasite","floor":19,"turns":5},{"damage":14,"enemies":"Snake Plant","floor":21,"turns":4},{"damage":0,"enemies":"Snecko","floor":22,"turns":5},{"damage":9,"enemies":"Cultist and Chosen","floor":24,"turns":7},{"damage":15,"enemies":"Shelled Parasite and Fungi","floor":28,"turns":5},{"damage":9,"enemies":"Snecko","floor":29,"turns":6},{"damage":16,"enemies":"Sentry and Sphere","floor":31,"turns":5},{"damage":104,"enemies":"Automaton","floor":33,"turns":6}],"seed_played":"7607837924380688991","potions_obtained":[{"floor":2.0,"key":"DuplicationPotion"},{"floor":6.0,"key":"GamblersBrew"},{"floor":10.0,"key":"champ:CounterPotion"},{"floor":10.0,"key":"EntropicBrew"},{"floor":10.0,"key":"FairyPotion"},{"floor":13.0,"key":"sneckomod:MuddlingPotion"},{"floor":21,"key":"Guardian:BlockOnCardUsePotion"},{"floor":22,"key":"Regen Potion"},{"floor":31,"key":"BloodPotion"}],"is_trial":false,"path_per_floor":["M","M","M","$","?","E","M","R","T","?","$","M","M","E","R","B",null,"M","M","$","M","M","R","M","R","T","R","M","M","T","M","R","B"],"character_chosen":"IRONCLAD","items_purchased":["Pommel Strike","Seeing Red","Armaments","HandDrill","Rage"],"campfire_rested":2,"item_purchase_floors":[4,4,11,20,20],"current_hp_per_floor":[80,80,80,80,80,43,42,66,66,66,66,61,64,40,64,22,80,72,67,67,59,65,65,62,62,62,62,69,66,66,56,56,0,0],"gold":325,"neow_bonus":"THREE_ENEMY_KILL","is_daily":false,"chose_seed":false,"campfire_upgraded":4,"win_rate":0.0,"timestamp":1611018155,"path_taken":["M","M","M","$","?","E","M","R","T","?","$","?","M","E","R","BOSS","M","M","$","M","M","R","M","R","T","R","M","M","?","M","R","BOSS"],"items_purchased_type":["Card","Card","Card","Relic","Card"],"build_version":"2020-12-22","purchased_purges":1,"victory":false,"max_hp_per_floor":[80,80,80,80,80,80,80,80,80,80,80,80,80,80,80,80,80,80,80,80,80,80,80,80,80,80,80,80,80,80,80,80,80,80],"card_choices":[{"not_picked":["Headbutt","Combust"],"picked":"Iron Wave","floor":1.0},{"not_picked":["Disarm","Whirlwind"],"picked":"Cleave","floor":2.0},{"not_picked":["Iron Wave","Disarm"],"picked":"Armaments","floor":3.0},{"not_picked":["Iron Wave","Ghostly Armor"],"picked":"Anger","floor":6.0},{"not_picked":["Pommel Strike","Havoc"],"picked":"Anger","floor":7.0},{"not_picked":["Thunderclap","Pummel"],"picked":"Shrug It Off","floor":12.0},{"not_picked":["Clothesline","Juggernaut"],"picked":"Flex","floor":13.0},{"not_picked":["Metallicize","Ghostly Armor"],"picked":"Perfected Strike","floor":14.0},{"not_picked":["Double Tap","Offering"],"picked":"Barricade","floor":16.0},{"not_picked":[],"picked":"Whirlwind","floor":18},{"not_picked":[],"picked":"Flame Barrier+1","floor":19},{"not_picked":[],"picked":"Heavy Blade","floor":21},{"not_picked":[],"picked":"Flex","floor":22},{"not_picked":[],"picked":"Headbutt","floor":24},{"not_picked":["Havoc"],"picked":"SKIP","floor":28},{"not_picked":["Headbutt"],"picked":"SKIP","floor":28},{"not_picked":[],"picked":"Spot Weakness","floor":29},{"not_picked":["Warcry"],"picked":"SKIP","floor":29},{"not_picked":[],"picked":"Perfected Strike","floor":31},{"not_picked":["Pommel Strike"],"picked":"SKIP","floor":31}],"player_experience":107894,"relics_obtained":[{"floor":6.0,"key":"CeramicFish"},{"floor":9.0,"key":"Potion Belt"},{"floor":14.0,"key":"Letter Opener"},{"floor":26,"key":"Prayer Wheel"},{"floor":30,"key":"White Beast Statue"}],"event_choices":[{"damage_healed":0.0,"max_hp_gain":0.0,"max_hp_loss":0.0,"gold_gain":0.0,"event_name":"Golden Idol","player_choice":"Take Wound","floor":5.0,"gold_loss":0.0,"damage_taken":0.0,"relics_obtained":["Golden Idol"],"cards_obtained":["Injury"]},{"damage_healed":0.0,"max_hp_gain":0.0,"max_hp_loss":0.0,"gold_gain":0.0,"event_name":"Lab","player_choice":"Got Potions","floor":10.0,"gold_loss":0.0,"damage_taken":0.0}],"is_beta":false,"boss_relics":[{"not_picked":["Coffee Dripper","Velvet Choker"],"picked":"Busted Crown"}],"items_purged_floors":[11],"is_endless":false,"potions_floor_spawned":[2,6,13,14,21,22,31],"killed_by":"Automaton","ascension_level":0}}