{"host":"tjq6rykv202u6iqx","time":1611085859,"event":{"mods":["AchievementEnabler","BaseMod","Minty Spire (QoL Compilation)","Rare Cards Sparkle","Relic Stats"],"gold_per_floor":[119,194,209,219,234,234,252,287,287,297,329,62,62,87,87,161,161,173,186,206,206,206,206],"floor_reached":22,"language":"ENG","playtime":1192,"items_purged":["Strike_R"],"score":431,"play_id":"583f6ef8-4506-49d2-9665-1b896863f715","local_time":"20210119135059","is_ascension_mode":true,"campfire_choices":[{"data":"Bludgeon","floor":6.0,"key":"SMITH"},{"data":"Disarm","floor":15,"key":"SMITH"}],"circlet_count":0,"master_deck":["AscendersBane","Strike_R","Strike_R","Strike_R","Strike_R","Defend_R","Defend_R","Defend_R","Defend_R","Bash","Headbutt","Disarm+1","Bludgeon+1","Battle Trance","Dropkick","Fiend Fire","Havoc","Thunderclap","Battle Trance","Disarm","Warcry","Anger","Spot Weakness","Offering","Sword Boomerang+1","Clothesline+1"],"relics":["Mark of Pain","Boot","InkBottle","MealTicket","Orrery","Molten Egg 2","SlaversCollar","MutagenicStrength"],"acts_visited":["Exordium","TheCity"],"potions_floor_usage":[11,22],"damage_taken":[{"damage":9.0,"enemies":"Jaw Worm","floor":1.0,"turns":4.0},{"damage":5.0,"enemies":"2 Louse","floor":3.0,"turns":2.0},{"damage":1.0,"enemies":"Cultist","floor":4.0,"turns":5.0},{"damage":14.0,"enemies":"Gremlin Gang","floor":5.0,"turns":4.0},{"damage":6.0,"enemies":"Exordium Wildlife","floor":7.0,"turns":3.0},{"damage":0.0,"enemies":"Gremlin Nob","floor":8.0,"turns":2.0},{"damage":0.0,"enemies":"3 Louse","floor":10.0,"turns":3.0},{"damage":20,"enemies":"3 Sentries","floor":11,"turns":5},{"damage":21,"enemies":"Lagavulin","floor":14,"turns":5},{"damage":37,"enemies":"Hexaghost","floor":16,"turns":7},{"damage":6,"enemies":"Chosen","floor":18,"turns":2},{"damage":29,"enemies":"Shell Parasite","floor":19,"turns":3},{"damage":18,"enemies":"Snake Plant","floor":20,"turns":4},{"damage":23,"enemies":"Cultist and Chosen","floor":22,"turns":4}],"seed_played":"7168882878043927300","potions_obtained":[{"floor":4.0,"key":"LiquidBronze"},{"floor":5.0,"key":"GamblersBrew"},{"floor":11,"key":"Fire Potion"},{"floor":18,"key":"SkillPotion"}],"is_trial":false,"path_per_floor":["M","?","M","M","M","R","M","E","T","M","E","$","?","E","R","B",null,"M","M","M","?","M"],"character_chosen":"IRONCLAD","items_purchased":["Orrery","Anger"],"campfire_rested":0,"item_purchase_floors":[12,12],"current_hp_per_floor":[59,48,43,42,28,28,22,22,22,22,2,17,85,64,64,27,71,65,36,18,18,0,0],"gold":206,"neow_bonus":"BOSS_RELIC","is_daily":false,"chose_seed":false,"campfire_upgraded":2,"win_rate":0.0,"timestamp":1611085859,"path_taken":["M","?","M","M","M","R","M","E","T","M","E","$","?","E","R","BOSS","M","?","?","?","M"],"items_purchased_type":["Relic","Card"],"build_version":"2020-12-22","purchased_purges":1,"victory":false,"max_hp_per_floor":[75,75,75,75,75,75,75,75,75,75,75,75,85,85,85,85,85,85,85,85,85,85,85],"relic_stats":{"counters":[14,53],"MealTicket":15,"Boot":[11],"obtain_stats":[{"SlaversCollar":17,"MutagenicStrength":21,"Orrery":12,"MealTicket":11,"Molten Egg 2":14,"Mark of Pain":0,"Boot":8,"Burning Blood":0,"InkBottle":9},{"SlaversCollar":10,"MutagenicStrength":13,"Orrery":8,"MealTicket":8,"Molten Egg 2":9,"Mark of Pain":0,"Boot":6,"Burning Blood":0,"InkBottle":6},{"SlaversCollar":40,"MutagenicStrength":49,"Orrery":28,"MealTicket":28,"Molten Egg 2":33,"Mark of Pain":0,"Boot":20,"Burning Blood":0,"InkBottle":20}],"InkBottle":[8]},"card_choices":[{"not_picked":["Warcry","Perfected Strike"],"picked":"Headbutt","floor":1.0},{"not_picked":["Pummel","Flex"],"picked":"Disarm","floor":3.0},{"not_picked":["Warcry","Dual Wield"],"picked":"Bludgeon","floor":4.0},{"not_picked":["Uppercut","Heavy Blade"],"picked":"Battle Trance","floor":5.0},{"not_picked":["Body Slam","Spot Weakness"],"picked":"Dropkick","floor":7.0},{"not_picked":["Twin Strike","Clash"],"picked":"Fiend Fire","floor":8.0},{"not_picked":["Dual Wield","Perfected Strike"],"picked":"Havoc","floor":10.0},{"not_picked":["Sever Soul","Cleave"],"picked":"Thunderclap","floor":11},{"not_picked":["Sword Boomerang","Warcry"],"picked":"Battle Trance","floor":12},{"not_picked":["Hemokinesis","Heavy Blade"],"picked":"Disarm","floor":12},{"not_picked":["Shrug It Off","Twin Strike"],"picked":"Demon Form","floor":12},{"not_picked":["Pummel","Flex"],"picked":"Warcry","floor":12},{"not_picked":["Thunderclap+1","True Grit"],"picked":"Spot Weakness","floor":14},{"not_picked":["Exhume","Brutality"],"picked":"Offering","floor":16},{"not_picked":["Twin Strike+1","Heavy Blade+1"],"picked":"Sword Boomerang+1","floor":18},{"not_picked":["Entrench","Seeing Red","Perfected Strike+1"],"picked":"SKIP","floor":19},{"not_picked":["Searing Blow+1","Sword Boomerang+1"],"picked":"Clothesline+1","floor":20}],"player_experience":836914,"relics_obtained":[{"floor":8.0,"key":"Boot"},{"floor":9.0,"key":"InkBottle"},{"floor":11,"key":"MealTicket"},{"floor":14,"key":"Molten Egg 2"}],"event_choices":[{"damage_healed":0.0,"max_hp_gain":0.0,"max_hp_loss":0.0,"gold_gain":75.0,"event_name":"World of Goop","player_choice":"Gather Gold","floor":2.0,"gold_loss":0.0,"damage_taken":11.0},{"cards_removed":["Demon Form"],"damage_healed":58,"gold_gain":0,"player_choice":"Offered Rare","damage_taken":0,"max_hp_gain":10,"max_hp_loss":0,"event_name":"Bonfire Elementals","floor":13,"gold_loss":0},{"damage_healed":0,"gold_gain":0,"player_choice":"Inject Mutagens","damage_taken":0,"relics_obtained":["MutagenicStrength"],"max_hp_gain":0,"max_hp_loss":0,"event_name":"Drug Dealer","floor":21,"gold_loss":0}],"is_beta":false,"boss_relics":[{"not_picked":["Coffee Dripper","Ectoplasm"],"picked":"SlaversCollar"}],"items_purged_floors":[12],"is_endless":false,"potions_floor_spawned":[4,5,7,11,18],"killed_by":"Cultist and Chosen","ascension_level":17}}