{"host":"h4lp0eeso8a0ssq0","time":1611027336,"event":{"mods":["2.2 Compatiblity","AchievementEnabler","BaseMod","CapriCore","Colored Map","Minty Spire (QoL Compilation)","Replay The Spire","StSLib","SuperFastMode"],"gold_per_floor":[113,128,142,92,110,137,137,62,62,82,82,95,95,120,120,249,249,274,293,70,85,110,110,146,146,169,194,227,250,350,363,363,484,484,508,522,251,264,283,283,303,327,327,327,352,373,404,737,737,737,737],"floor_reached":50,"language":"KOR","playtime":1211,"items_purged":["True Grit","Defend_R","Parasite"],"score":622,"play_id":"d4c925d8-b2ab-45d7-b1df-635db632ca4f","local_time":"20210119123536","is_ascension_mode":false,"campfire_choices":[{"data":"Defend_R","floor":15.0,"key":"PURGE"},{"data":"ReplayTheSpireMod:LeadingStrike","floor":23.0,"key":"SMITH"},{"data":"1","floor":32.0,"key":"LIFT"},{"floor":40.0,"key":"RECALL"},{"data":"2","floor":44.0,"key":"LIFT"},{"data":"3","floor":49.0,"key":"LIFT"}],"circlet_count":0,"master_deck":["Strike_R","Strike_R","Strike_R","Strike_R","Defend_R","Bash","ReplayTheSpireMod:LeadingStrike+1","Headbutt","Perfected Strike+1","Perfected Strike+1","Reaper","Intimidate+1","Perfected Strike+1","Offering","Battle Trance","Berserk","Double Tap"],"relics":["Black Blood","Replay:Bottled Eggs","Garlic","Singing Bowl","Membership Card","Replay:Baseball","Pen Nib","Girya","Akabeko","Gremlin Horn","Fusion Hammer","Mango","Dream Catcher","ReplayTheSpireMod:CursedCoin","Golden Egg"],"acts_visited":["Exordium","TheCity","TheBeyond"],"potions_floor_usage":[50],"damage_taken":[{"damage":8.0,"enemies":"Jaw Worm","floor":1.0,"turns":3.0},{"damage":0.0,"enemies":"Small Slimes","floor":2.0,"turns":3.0},{"damage":2.0,"enemies":"2 Louse","floor":3.0,"turns":2.0},{"damage":17.0,"enemies":"Gremlin Gang","floor":5.0,"turns":7.0},{"damage":6.0,"enemies":"Gremlin Nob","floor":6.0,"turns":3.0},{"damage":16.0,"enemies":"Exordium Wildlife","floor":10.0,"turns":3.0},{"damage":0.0,"enemies":"Large Slime","floor":12.0,"turns":2.0},{"damage":5.0,"enemies":"Looter","floor":14.0,"turns":2.0},{"damage":46.0,"enemies":"Hexaghost","floor":16.0,"turns":8.0},{"damage":15.0,"enemies":"3 Byrds","floor":18.0,"turns":6.0},{"damage":17.0,"enemies":"2 Thieves","floor":19.0,"turns":4.0},{"damage":35.0,"enemies":"3 Cultists","floor":21.0,"turns":5.0},{"damage":10.0,"enemies":"Cultist and Chosen","floor":22.0,"turns":3.0},{"damage":16.0,"enemies":"Slavers","floor":24.0,"turns":5.0},{"damage":6.0,"enemies":"Snecko","floor":27.0,"turns":2.0},{"damage":29.0,"enemies":"Book of Stabbing","floor":28.0,"turns":4.0},{"damage":6.0,"enemies":"Chosen and Byrds","floor":29.0,"turns":2.0},{"damage":21.0,"enemies":"Snake Plant","floor":31.0,"turns":3.0},{"damage":100.0,"enemies":"Automaton","floor":33.0,"turns":10.0},{"damage":10.0,"enemies":"3 Shapes","floor":35.0,"turns":2.0},{"damage":0.0,"enemies":"Orb Walker","floor":36.0,"turns":1.0},{"damage":11.0,"enemies":"3 Darklings","floor":38.0,"turns":2.0},{"damage":37.0,"enemies":"Maw","floor":41.0,"turns":5.0},{"damage":12.0,"enemies":"Sphere and 2 Shapes","floor":42.0,"turns":2.0},{"damage":15.0,"enemies":"Spire Growth","floor":45.0,"turns":3.0},{"damage":6.0,"enemies":"Transient","floor":46.0,"turns":5.0},{"damage":19.0,"enemies":"Giant Head","floor":47.0,"turns":4.0},{"damage":135,"enemies":"Awakened One","floor":50,"turns":7}],"seed_played":"-4222216548269104744","potions_obtained":[{"floor":5.0,"key":"SteroidPotion"},{"floor":6.0,"key":"SmokeBomb"},{"floor":10.0,"key":"Venom Potion"},{"floor":14.0,"key":"GamblersBrew"},{"floor":19.0,"key":"FearPotion"},{"floor":28.0,"key":"BloodPotion"},{"floor":35.0,"key":"LiquidBronze"}],"is_trial":false,"path_per_floor":["M","M","M","?","M","E","?","$","T","M","?","M","?","M","R_BF","B",null,"M","M","$","M","M","R","E","?","T","M","E","M","?","M","R","B",null,"M","M","$","M","$","R","M","M","T","R","M","M","E","?","R","B"],"character_chosen":"IRONCLAD","items_purchased":["Membership Card","Replay:Baseball","Mango","Dream Catcher","ReplayTheSpireMod:CursedCoin","Double Tap"],"campfire_rested":0,"item_purchase_floors":[20,20,37,37,39,39],"current_hp_per_floor":[78,80,80,80,69,69,69,69,69,67,47,53,53,54,54,14,80,82,84,84,73,85,85,88,88,88,90,81,91,91,84,84,20,96,98,100,114,116,113,113,93,99,99,99,98,115,120,120,120,0,0],"gold":737,"neow_bonus":"THREE_CARDS","is_daily":false,"chose_seed":false,"campfire_upgraded":1,"win_rate":0.0,"timestamp":1611027336,"path_taken":["M","M","M","?","M","E","?","$","T","M","?","M","?","M","R_BF","BOSS","M","M","$","?","M","R","E","?","T","M","E","M","?","M","R","BOSS","M","M","$","?","$","R","M","M","T","R","M","M","E","?","R","BOSS"],"items_purchased_type":["Relic","Relic","Relic","Relic","Relic","Card"],"build_version":"2020-12-22","purchased_purges":3,"victory":false,"max_hp_per_floor":[80,80,80,80,80,80,80,80,80,80,80,80,80,80,80,80,80,82,84,84,86,88,88,88,88,88,90,92,94,94,96,96,96,96,98,100,114,116,113,113,115,117,117,117,119,121,123,123,123,123,123],"card_choices":[{"not_picked":["ReplayTheSpireMod:Strike From Hell","Abandon"],"picked":"ReplayTheSpireMod:LeadingStrike","floor":0.0},{"not_picked":["Perfected Strike","Dark Embrace"],"picked":"True Grit","floor":1.0},{"not_picked":["ReplayTheSpireMod:Strike From Hell","Wild Strike"],"picked":"Headbutt","floor":2.0},{"not_picked":["Wild Strike","Iron Wave"],"picked":"Perfected Strike","floor":3.0},{"not_picked":["ReplayTheSpireMod:Strike From Hell","Headbutt"],"picked":"Perfected Strike","floor":5.0},{"not_picked":["ReplayTheSpireMod:Corrosion Curse","Life Link"],"picked":"Reaper","floor":6.0},{"not_picked":["Flex","Feel No Pain","Headbutt"],"picked":"SKIP","floor":10.0},{"not_picked":["Clash","ReplayTheSpireMod:Strike From Hell","Ghostly Armor"],"picked":"SKIP","floor":12.0},{"not_picked":["Clash","ReplayTheSpireMod:Strike From Hell"],"picked":"Ghostly Armor","floor":12.0},{"not_picked":["ReplayTheSpireMod:LeadingStrike","Body Slam"],"picked":"Perfected Strike","floor":14.0},{"not_picked":["Fiend Fire","Eclipse"],"picked":"Offering","floor":16.0},{"not_picked":["Spot Weakness","Flex","Iron Wave"],"picked":"Singing Bowl","floor":18.0},{"not_picked":["Sword Boomerang+1","Clash","Body Slam"],"picked":"Singing Bowl","floor":19.0},{"not_picked":["Wild Strike","Headbutt+1","Ghostly Armor"],"picked":"Singing Bowl","floor":21.0},{"not_picked":["Pommel Strike","Armaments","Run Through"],"picked":"Singing Bowl","floor":22.0},{"not_picked":["Replay:Undeath\u0027s Touch","Run Through+1"],"picked":"Battle Trance","floor":24.0},{"not_picked":["Blood for Blood","Headbutt","Cleave"],"picked":"Singing Bowl","floor":27.0},{"not_picked":["Run Through","Blood for Blood","Armaments+1"],"picked":"Singing Bowl","floor":28.0},{"not_picked":["Anger","Reckless Charge","Sentinel"],"picked":"Singing Bowl","floor":29.0},{"not_picked":["Warcry+1","Run Through","Carnage"],"picked":"Singing Bowl","floor":31.0},{"not_picked":["Replay:Many Hands","Bludgeon"],"picked":"Berserk","floor":33.0},{"not_picked":["Iron Wave+1","ReplayTheSpireMod:Limb From Limb+1","Wild Strike"],"picked":"Singing Bowl","floor":35.0},{"not_picked":["Power Through","Armaments+1","Replay:Undeath\u0027s Touch"],"picked":"Singing Bowl","floor":36.0},{"not_picked":["Carnage+1","Havoc+1","Armaments+1"],"picked":"Singing Bowl","floor":38.0},{"not_picked":["Reckless Charge","Anger","Warcry"],"picked":"Singing Bowl","floor":41.0},{"not_picked":["ReplayTheSpireMod:Strike From Hell+1","Infernal Blade","Immolate"],"picked":"Singing Bowl","floor":42.0},{"not_picked":["Headbutt+1","Rampage+1","Body Slam+1"],"picked":"Singing Bowl","floor":45.0},{"not_picked":["True Grit","Flame Barrier","Sword Boomerang+1"],"picked":"Singing Bowl","floor":46.0},{"not_picked":["Body Slam","Defy Death","Metallicize+1"],"picked":"Singing Bowl","floor":47.0}],"player_experience":179420,"relics_obtained":[{"floor":6.0,"key":"Replay:Bottled Eggs"},{"floor":9.0,"key":"Garlic"},{"floor":24.0,"key":"Pen Nib"},{"floor":26.0,"key":"Akabeko"},{"floor":28.0,"key":"Gremlin Horn"},{"floor":47.0,"key":"Golden Egg"}],"event_choices":[{"cards_removed":["Strike_R"],"damage_healed":0.0,"max_hp_gain":0.0,"max_hp_loss":0.0,"gold_gain":0.0,"event_name":"The Cleric","player_choice":"Card Removal","floor":4.0,"gold_loss":50.0,"damage_taken":0.0},{"damage_healed":0.0,"max_hp_gain":0.0,"max_hp_loss":0.0,"gold_gain":0.0,"event_name":"Golden Idol","player_choice":"Take Damage","floor":11.0,"gold_loss":0.0,"damage_taken":20.0,"relics_obtained":["Golden Idol"]},{"cards_removed":["Ghostly Armor"],"damage_healed":0.0,"max_hp_gain":0.0,"max_hp_loss":0.0,"gold_gain":0.0,"event_name":"WeMeetAgain","player_choice":"Gave Card","floor":13.0,"gold_loss":0.0,"damage_taken":0.0,"relics_obtained":["Singing Bowl"]},{"damage_healed":0.0,"max_hp_gain":0.0,"max_hp_loss":0.0,"gold_gain":100.0,"event_name":"Golden Shrine","player_choice":"Pray","floor":30.0,"gold_loss":0.0,"damage_taken":0.0},{"damage_healed":0.0,"max_hp_gain":0.0,"max_hp_loss":0.0,"gold_gain":333.0,"event_name":"The Moai Head","player_choice":"Gave Idol","floor":48.0,"relics_lost":["Golden Idol"],"gold_loss":0.0,"damage_taken":0.0}],"is_beta":false,"boss_relics":[{"not_picked":["Pandora\u0027s Box","Ring of Chaos"],"picked":"Black Blood"},{"not_picked":["SlaversCollar","Black Star"],"picked":"Fusion Hammer"}],"items_purged_floors":[8,37,39],"is_endless":false,"potions_floor_spawned":[5,6,10,14,19,24,28,29,35,36,42],"killed_by":"Awakened One","ascension_level":0}}