{"host":"8wq2kaef3mxk27dm","time":1611017826,"event":{"mods":["100% Spire Juice","Act Like it!","Aspiration","Astrologer","BaseMod","CCEM","Colored Map","Friendly Minions","Gensokyo","GifTheSpireLib","GungeonMod","HololiveMod","Hubris","Jorbs\u0027s Wanderer Trilogy","Lobotomy","Marisa????????","Minty Spire (QoL Compilation)","Prisma Mod","StSLib","Stuff the Spire","The Animator","The Blackbeard","The Bug Knight","The Disciple","The Hierophant","The Problem Sleuth","The Runesmith","The Senshi","The Wild Card","Wandering Minibosses"],"gold_per_floor":[112,112,124,144,160,191,203,227,239,251,263,240,262,288,300,408,420,449,376,63,81,81,81,96,121,144,162,188,188,203,203,203,320,320,337,189,209,233,55,55,91,147,173,173,206,229,104,119,119,119,119,119,119,148,148],"floor_reached":56,"language":"ENG","playtime":8108,"items_purged":["Runesmith:Strike_RS","Runesmith:Defend_RS","StuffTheSpire:FreeRealEstate+1"],"score":1555,"play_id":"b11219b5-5cff-4760-a1d8-87cb45b45f8a","local_time":"20210118185706","is_ascension_mode":true,"campfire_choices":[{"data":"Runesmith:HammerThrow","floor":10.0,"key":"SMITH"},{"data":"Runesmith:LithiumIon","floor":15.0,"key":"SMITH"},{"floor":23,"key":"REST"},{"floor":32,"key":"REST"},{"floor":40,"key":"REST"},{"floor":44,"key":"RECALL"},{"floor":49,"key":"REST"},{"data":"Runesmith:EarthShield","floor":52,"key":"SMITH"}],"circlet_count":0,"master_deck":["Runesmith:Strike_RS","Runesmith:Defend_RS","Runesmith:Defend_RS","Runesmith:CraftFirestone","Runesmith:Fortify","Runesmith:StaticCage","Runesmith:BackupBattery","Runesmith:CraftMagma","StuffTheSpire:CuriosityCurse","Runesmith:CraftMagma","Runesmith:EarthShield+1","Runesmith:LightningRod","Runesmith:HammerThrow+1","theWildCard:Sakuya","Runesmith:LithiumIon+1","Runesmith:Augment","Runesmith:CreatorForm","Runesmith:ChaoticBlast+1","Runesmith:Permafrost","StuffTheSpire:PestControl","Runesmith:MetallurgicalResearch+1","hubris:EnhanceAbility+1","Runesmith:ReplicatingBarrier","Madness+1","Runesmith:CraftIncendium","Runesmith:LithiumIon","Runesmith:DuctTape","Runesmith:PoweredAnvil","Runesmith:CraftSpiculum"],"relics":["Runesmith:BrokenRuby","DemoMod:PoisonVial","MawBank","aspiration:SecretTechniqueScroll","hubris:BundleOfHerbs","CCEMRelics:CocoNut","Thread and Needle","CCEMRelics:FestiveHat","Regal Pillow","Ornamental Fan","hubris:TerracottaHorce","aspiration:ChemicalBlood","CatCart","Hololive_LightStick","Shuriken","wanderingMiniBosses:OtherGremlinHorn","Boot"],"acts_visited":["Exordium","TheCity","TheBeyond","TheEnding"],"potions_floor_usage":[37,45,46,50,54,55,55,55,55,55],"damage_taken":[{"damage":0.0,"enemies":"2 Louse","floor":1.0,"turns":3.0},{"damage":2.0,"enemies":"Small Slimes","floor":3.0,"turns":3.0},{"damage":0.0,"enemies":"Jaw Worm","floor":4.0,"turns":4.0},{"damage":3.0,"enemies":"Blue Slaver","floor":5.0,"turns":4.0},{"damage":0.0,"enemies":"HollowMod:MossKnight","floor":6.0,"turns":11.0},{"damage":0.0,"enemies":"Exordium Wildlife","floor":8.0,"turns":7.0},{"damage":0.0,"enemies":"Lots of Slimes","floor":13.0,"turns":5.0},{"damage":0.0,"enemies":"Exordium Thugs","floor":14.0,"turns":6.0},{"damage":8.0,"enemies":"The Guardian","floor":16.0,"turns":6.0},{"damage":3.0,"enemies":"Spheric Guardian","floor":18.0,"turns":5.0},{"damage":20.0,"enemies":"3 Byrds","floor":21.0,"turns":5.0},{"damage":6,"enemies":"Snake Plant","floor":24,"turns":5},{"damage":8,"enemies":"Book of Stabbing","floor":25,"turns":6},{"damage":0,"enemies":"Shelled Parasite and Fungi","floor":27,"turns":5},{"damage":1,"enemies":"Gremlin Leader","floor":28,"turns":5},{"damage":0,"enemies":"3 Cultists","floor":30,"turns":4},{"damage":0,"enemies":"Champ","floor":33,"turns":10},{"damage":0,"enemies":"Orb Walker","floor":35,"turns":3},{"damage":34,"enemies":"3 Darklings","floor":37,"turns":6},{"damage":10,"enemies":"4 Shapes","floor":38,"turns":6},{"damage":0,"enemies":"Giant Head","floor":41,"turns":8},{"damage":0,"enemies":"Orin","floor":42,"turns":7},{"damage":37,"enemies":"Reptomancer","floor":45,"turns":5},{"damage":63,"enemies":"Transient","floor":46,"turns":5},{"damage":0,"enemies":"Sphere and 2 Shapes","floor":48,"turns":3},{"damage":32,"enemies":"Time Eater","floor":50,"turns":9},{"damage":10,"enemies":"Shield and Spear","floor":54,"turns":8},{"damage":43,"enemies":"The Heart","floor":55,"turns":7}],"seed_played":"1215867322072046363","potions_obtained":[{"floor":3.0,"key":"Ancient Potion"},{"floor":4.0,"key":"Block Potion"},{"floor":5.0,"key":"Dexterity Potion"},{"floor":16.0,"key":"Fruit Juice"},{"floor":24,"key":"Fire Potion"},{"floor":41,"key":"BlessingOfTheForge"},{"floor":45,"key":"Energy Potion"},{"floor":46,"key":"DemoMod:LeadSkinPotion"},{"floor":46,"key":"ColorlessPotion"},{"floor":48,"key":"DuplicationPotion"},{"floor":50,"key":"AttackPotion"},{"floor":54,"key":"EssenceOfSteel"},{"floor":54,"key":"DemoMod:LeadSkinPotion"}],"is_trial":false,"path_per_floor":["M","?","M","M","M","E","?","M","T","R","?","?","M","M","R","B",null,"M","?","$","M","?","R","M","E","T","M","E","?","M","T","R","B",null,"M","$","M","M","$","R","E","?","T","R","E","M","$","M","R","B",null,"R","$","E","B",null],"character_chosen":"RUNESMITH_CLASS","items_purchased":["CCEMRelics:CocoNut","Runesmith:Permafrost","Runesmith:PoweredAnvil","Runesmith:CraftSpiculum"],"campfire_rested":4,"item_purchase_floors":[20,20,36,39],"current_hp_per_floor":[49,49,47,47,44,44,44,44,44,44,44,61,61,61,61,58,75,72,72,77,57,37,61,55,53,53,53,52,52,52,52,80,80,80,80,80,46,36,36,75,75,75,75,75,38,16,16,16,55,29,67,67,67,57,20],"gold":148,"neow_bonus":"TRANSFORM_TWO_CARDS","is_daily":false,"chose_seed":false,"campfire_upgraded":3,"win_rate":0.0,"timestamp":1611017826,"path_taken":["M","?","M","M","M","E","?","M","T","R","?","?","M","M","R","BOSS","M","?","$","M","?","R","M","E","T","M","E","?","M","?","R","BOSS","M","?","M","M","$","R","E","?","T","R","E","M","$","M","R","BOSS","R","$","E","BOSS"],"items_purchased_type":["Relic","Card","Card","Card"],"build_version":"2020-12-22","purchased_purges":3,"victory":true,"max_hp_per_floor":[70,70,70,70,70,70,70,70,70,70,70,70,70,70,70,75,75,75,75,80,80,80,80,80,80,80,80,80,80,80,80,80,80,80,80,80,80,80,80,80,80,80,80,80,80,80,80,80,80,80,80,80,80,80,80],"card_choices":[{"not_picked":["Runesmith:MakeshiftArmor","Runesmith:HammerThrow"],"picked":"Runesmith:CraftMagma","floor":1.0},{"not_picked":["Runesmith:RuneHurl","Runesmith:BackupBattery"],"picked":"Runesmith:CraftMagma","floor":3.0},{"not_picked":["Runesmith:StaticCage","Runesmith:Overpower"],"picked":"Runesmith:EarthShield","floor":4.0},{"not_picked":["Runesmith:Superposition","Runesmith:ShiftingStrike"],"picked":"Runesmith:LightningRod","floor":5.0},{"not_picked":["Runesmith:Retool","Runesmith:CraftSpiculum"],"picked":"Runesmith:HammerThrow","floor":6.0},{"not_picked":["Runesmith:Attraction","Runesmith:MakeshiftArmor","Runesmith:Overpower"],"picked":"SKIP","floor":8.0},{"not_picked":["Runesmith:MakeshiftArmor","Runesmith:CraftProtectio"],"picked":"Runesmith:LithiumIon","floor":13.0},{"not_picked":["Runesmith:NegativeSpace","Runesmith:HammerThrow"],"picked":"Runesmith:Augment","floor":14.0},{"not_picked":["Runesmith:Supernova","Runesmith:CraftMedicinae"],"picked":"Runesmith:CreatorForm","floor":16.0},{"not_picked":["Runesmith:HeatedChisel","Runesmith:StaticCage"],"picked":"Runesmith:ChaoticBlast+1","floor":18.0},{"not_picked":["Runesmith:Superposition","Runesmith:Firewall","Runesmith:MakeshiftArmor"],"picked":"SKIP","floor":21},{"not_picked":["Runesmith:WhiteBalance","Runesmith:FrozenChisel","Runesmith:Electrocute"],"picked":"SKIP","floor":24},{"not_picked":["Runesmith:MakeshiftArmor","Runesmith:Grindstone"],"picked":"Runesmith:MetallurgicalResearch","floor":25},{"not_picked":["Magnetism+1","PanicButton+1"],"picked":"hubris:EnhanceAbility+1","floor":27},{"not_picked":["Runesmith:ShiftingStrike","Runesmith:FrozenChisel"],"picked":"Runesmith:ReplicatingBarrier","floor":27},{"not_picked":["Enlightenment+1","Transmutation+1"],"picked":"Madness+1","floor":28},{"not_picked":["Runesmith:HeatExchange","Runesmith:Malloc"],"picked":"Runesmith:CraftIncendium","floor":28},{"not_picked":["Jack Of All Trades+1","Panacea+1"],"picked":"StuffTheSpire:FreeRealEstate+1","floor":30},{"not_picked":["Runesmith:Permafrost","Runesmith:Grindstone"],"picked":"Runesmith:LithiumIon","floor":30},{"not_picked":["Runesmith:GenerateForcefield","Runesmith:Duplicate"],"picked":"Runesmith:DuctTape","floor":33},{"not_picked":["Runesmith:CraftMagma+1","Runesmith:Overpower+1","Runesmith:FieryHammer+1"],"picked":"SKIP","floor":35},{"not_picked":["Runesmith:HeatExchange","Runesmith:Electrocute","Runesmith:GenerateForcefield"],"picked":"SKIP","floor":37},{"not_picked":["Runesmith:Overpower","Runesmith:GoWithTheFlow","Runesmith:CraftObretio"],"picked":"SKIP","floor":38},{"not_picked":["Runesmith:NegativeSpace+1","Runesmith:CraftPrismatica","Runesmith:Augment"],"picked":"SKIP","floor":41},{"not_picked":["Runesmith:ChaoticBlast","Runesmith:Firestorm","Runesmith:BackupBattery"],"picked":"SKIP","floor":45},{"not_picked":["Runesmith:CraftMagma+1","aspiration:UnbridledHammer","Runesmith:CraftSpiculum+1"],"picked":"SKIP","floor":46},{"not_picked":["Runesmith:RunicBlueprint","Runesmith:Attraction+1","Runesmith:CraftMedicinae"],"picked":"SKIP","floor":48},{"not_picked":["Runesmith:Firestorm","Runesmith:CraftProtectio","Runesmith:EarthShield"],"picked":"SKIP","floor":54}],"player_experience":221068,"relics_obtained":[{"floor":6.0,"key":"MawBank"},{"floor":25,"key":"Thread and Needle"},{"floor":26,"key":"CCEMRelics:FestiveHat"},{"floor":28,"key":"Regal Pillow"},{"floor":31,"key":"Ornamental Fan"},{"floor":41,"key":"aspiration:ChemicalBlood"},{"floor":42,"key":"CatCart"},{"floor":43,"key":"Hololive_LightStick"},{"floor":45,"key":"Shuriken"},{"floor":46,"key":"wanderingMiniBosses:OtherGremlinHorn"},{"floor":54,"key":"Boot"}],"event_choices":[{"cards_removed":["Runesmith:Strike_RS"],"damage_healed":0.0,"max_hp_gain":0.0,"max_hp_loss":0.0,"gold_gain":0.0,"event_name":"Living Wall","player_choice":"Forget","floor":11.0,"gold_loss":0.0,"damage_taken":0.0},{"damage_healed":17.0,"max_hp_gain":0.0,"max_hp_loss":0.0,"gold_gain":0.0,"event_name":"The Cleric","player_choice":"Healed","floor":12.0,"gold_loss":35.0,"damage_taken":0.0},{"damage_healed":0.0,"max_hp_gain":0.0,"max_hp_loss":0.0,"gold_gain":0.0,"event_name":"Addict","player_choice":"Obtained Relic","floor":19.0,"gold_loss":85.0,"damage_taken":0.0,"relics_obtained":["hubris:BundleOfHerbs"]},{"damage_healed":0,"gold_gain":0,"player_choice":"Fight","damage_taken":0,"max_hp_gain":0,"max_hp_loss":0,"event_name":"OrinTheCat","floor":42,"gold_loss":0}],"is_beta":false,"boss_relics":[{"not_picked":["Runic Dome","aspiration:RitualDagger"],"picked":"aspiration:SecretTechniqueScroll"},{"not_picked":["Busted Crown","Tiny House"],"picked":"hubris:TerracottaHorce"}],"items_purged_floors":[36,39,47],"is_endless":false,"potions_floor_spawned":[3,4,5,14,16,24,25,27,41,46,54],"ascension_level":5}}