{"host":"oigynbtg272c19pw","time":1611054339,"event":{"mods":["BaseMod","Colored Map","Minty Spire (QoL Compilation)","Relic Stats","Slay the Relics Exporter","StSLib"],"gold_per_floor":[116,133,152,152,167,167,185,212,290,300,300,300,40,58,58,132,132,142,57,57,69,86,113,113,113,138,138,171,191,191,191],"floor_reached":30,"playtime":1541,"items_purged":["Strike_G"],"score":544,"play_id":"253a22ee-e5a0-4f77-9373-df8d9976d8e3","local_time":"20210119120539","is_ascension_mode":true,"campfire_choices":[{"data":"Choke","floor":6.0,"key":"SMITH"},{"floor":15.0,"key":"REST"},{"data":"Catalyst","floor":24,"key":"SMITH"},{"floor":27,"key":"REST"}],"circlet_count":0,"master_deck":["AscendersBane","Strike_G","Strike_G","Strike_G","Strike_G","Defend_G+1","Defend_G","Defend_G","Defend_G","Defend_G","Survivor+1","Neutralize","Choke+1","Catalyst","Sucker Punch","Adrenaline","Catalyst+1","Deadly Poison","Acrobatics","Leg Sweep","Neutralize","Well Laid Plans+1","Reflex","Tools of the Trade+1","Blur","Bouncing Flask","Escape Plan","Adrenaline","Escape Plan","Noxious Fumes+1","Corpse Explosion"],"relics":["Velvet Choker","Ancient Tea Set","Frozen Egg 2","SacredBark","Pocketwatch","Smiling Mask","PreservedInsect"],"acts_visited":["Exordium","TheCity"],"potions_floor_usage":[23,28],"damage_taken":[{"damage":3.0,"enemies":"2 Louse","floor":1.0,"turns":3.0},{"damage":0.0,"enemies":"Small Slimes","floor":2.0,"turns":2.0},{"damage":1.0,"enemies":"Cultist","floor":3.0,"turns":4.0},{"damage":10.0,"enemies":"Gremlin Gang","floor":5.0,"turns":8.0},{"damage":4.0,"enemies":"2 Fungi Beasts","floor":7.0,"turns":3.0},{"damage":8.0,"enemies":"Lagavulin","floor":8.0,"turns":8.0},{"damage":8.0,"enemies":"Looter","floor":10.0,"turns":2.0},{"damage":3.0,"enemies":"Red Slaver","floor":14.0,"turns":3.0},{"damage":17,"enemies":"Hexaghost","floor":16,"turns":10},{"damage":0,"enemies":"Chosen","floor":18,"turns":6},{"damage":16,"enemies":"Spheric Guardian","floor":21,"turns":6},{"damage":9,"enemies":"Cultist and Chosen","floor":22,"turns":7},{"damage":6,"enemies":"Book of Stabbing","floor":23,"turns":5},{"damage":25,"enemies":"Slavers","floor":28,"turns":6},{"damage":5,"enemies":"Sentry and Sphere","floor":29,"turns":4},{"damage":10,"enemies":"Gremlin Leader","floor":30,"turns":2}],"seed_played":"6813571359162046017","potions_obtained":[{"floor":1.0,"key":"Energy Potion"},{"floor":3.0,"key":"GhostInAJar"},{"floor":5.0,"key":"AttackPotion"},{"floor":10.0,"key":"AttackPotion"},{"floor":29,"key":"SteroidPotion"}],"is_trial":false,"path_per_floor":["M","M","M","?","M","R","M","E","T","M","?","?","$","M","R","B",null,"M","$","$","M","M","E","R","?","T","R","E","M","E"],"character_chosen":"THE_SILENT","items_purchased":["Well Laid Plans+1","GhostInAJar","Bouncing Flask"],"campfire_rested":2,"item_purchase_floors":[13,13,19],"current_hp_per_floor":[56,56,55,35,25,25,21,13,13,5,5,5,5,2,21,4,51,51,51,51,35,26,20,20,20,20,39,14,9,0,0],"gold":191,"neow_bonus":"BOSS_RELIC","is_daily":false,"chose_seed":false,"campfire_upgraded":2,"win_rate":0.0,"timestamp":1611054339,"path_taken":["M","M","M","?","M","R","M","E","T","M","?","?","$","M","R","BOSS","M","?","$","M","?","E","R","?","T","R","E","M","E"],"items_purchased_type":["Card","Potion","Card"],"build_version":"2020-12-13","purchased_purges":1,"victory":false,"max_hp_per_floor":[66,66,66,66,66,66,66,66,66,66,66,66,66,66,66,66,66,66,66,66,66,66,66,66,66,66,66,66,66,66,66],"relic_stats":{"counters":[16,79],"PreservedInsect":45,"Smiling Mask":0,"obtain_stats":[{"SacredBark":17,"Velvet Choker":0,"PreservedInsect":28,"Frozen Egg 2":9,"Ancient Tea Set":8,"Smiling Mask":26,"Ring of the Snake":0,"Pocketwatch":23},{"SacredBark":9,"Velvet Choker":0,"PreservedInsect":14,"Frozen Egg 2":6,"Ancient Tea Set":6,"Smiling Mask":13,"Ring of the Snake":0,"Pocketwatch":13},{"SacredBark":43,"Velvet Choker":0,"PreservedInsect":73,"Frozen Egg 2":28,"Ancient Tea Set":28,"Smiling Mask":67,"Ring of the Snake":0,"Pocketwatch":67}],"Pocketwatch":[0]},"card_choices":[{"not_picked":["Poisoned Stab","Quick Slash"],"picked":"Choke","floor":1.0},{"not_picked":["Infinite Blades","Dagger Throw"],"picked":"Catalyst","floor":2.0},{"not_picked":["Dodge and Roll","Bane"],"picked":"Sucker Punch","floor":3.0},{"not_picked":["Expertise","Underhanded Strike"],"picked":"Adrenaline","floor":5.0},{"not_picked":["Cloak And Dagger","Infinite Blades"],"picked":"Catalyst","floor":7.0},{"not_picked":["Bullet Time","Endless Agony"],"picked":"Deadly Poison","floor":8.0},{"not_picked":["Blade Dance","Slice"],"picked":"Acrobatics","floor":10.0},{"not_picked":["Blade Dance","Bane"],"picked":"Reflex","floor":14.0},{"not_picked":["Glass Knife","A Thousand Cuts+1"],"picked":"Tools of the Trade+1","floor":16},{"not_picked":["Flying Knee","Underhanded Strike"],"picked":"Blur","floor":18},{"not_picked":["Underhanded Strike","Accuracy+1"],"picked":"Escape Plan","floor":21},{"not_picked":["Sucker Punch","Bane"],"picked":"Adrenaline","floor":22},{"not_picked":["Underhanded Strike","Dodge and Roll"],"picked":"Escape Plan","floor":23},{"not_picked":["Dodge and Roll+1","Slice","Deflect"],"picked":"SKIP","floor":28},{"not_picked":["Outmaneuver","Underhanded Strike"],"picked":"Corpse Explosion","floor":29}],"player_experience":1436185,"relics_obtained":[{"floor":8.0,"key":"Ancient Tea Set"},{"floor":9.0,"key":"Frozen Egg 2"},{"floor":23,"key":"Pocketwatch"},{"floor":26,"key":"Smiling Mask"},{"floor":28,"key":"PreservedInsect"}],"event_choices":[{"damage_healed":0.0,"max_hp_gain":0.0,"max_hp_loss":0.0,"gold_gain":0.0,"event_name":"Shining Light","player_choice":"Entered Light","floor":4.0,"gold_loss":0.0,"damage_taken":20.0,"cards_upgraded":["Defend_G","Survivor"]},{"damage_healed":0.0,"max_hp_gain":0.0,"max_hp_loss":0.0,"gold_gain":0.0,"event_name":"Scrap Ooze","player_choice":"Fled","floor":11.0,"gold_loss":0.0,"damage_taken":0.0},{"damage_healed":0.0,"max_hp_gain":0.0,"max_hp_loss":0.0,"gold_gain":0.0,"event_name":"Match and Keep!","player_choice":"2 cards matched","floor":12.0,"gold_loss":0.0,"damage_taken":0.0,"cards_obtained":["Leg Sweep","Neutralize"]},{"damage_healed":0,"gold_gain":0,"player_choice":"Read","damage_taken":0,"max_hp_gain":0,"max_hp_loss":0,"event_name":"The Library","floor":25,"gold_loss":0,"cards_obtained":["Noxious Fumes"]}],"is_beta":false,"boss_relics":[{"not_picked":["Ectoplasm","Pandora\u0027s Box"],"picked":"SacredBark"}],"items_purged_floors":[13],"is_endless":false,"potions_floor_spawned":[1,3,5,7,10,16,18,29],"killed_by":"Gremlin Leader","ascension_level":20}}