{"host":"j4g6ia6asvpyu2b0","time":1611100618,"event":{"mods":["BaseMod","Colored Map","Minty Spire (QoL Compilation)","Permanent Neow","Quick Restart","Relic Stats","StSLib","Unceasing Turn Reminder"],"gold_per_floor":[119,119,129,144,162,194,211,211,211,211,211,231,231,241,241,241,241],"floor_reached":16,"language":"ENG","playtime":438,"items_purged":[],"score":166,"play_id":"42c8473d-701e-43e0-81e8-ed5dcea57472","local_time":"20210119165658","is_ascension_mode":true,"campfire_choices":[{"floor":8,"key":"REST"},{"data":"1","floor":10,"key":"LIFT"},{"data":"2","floor":13,"key":"LIFT"},{"data":"3","floor":15,"key":"LIFT"}],"circlet_count":0,"master_deck":["AscendersBane","Strike_B","Strike_B","Strike_B","Defend_B","Defend_B","Defend_B","Defend_B","Zap+1","Dualcast","Cold Snap","Streamline+1","Cold Snap","All For One","Go for the Eyes","Compile Driver","Ball Lightning","Doom and Gloom","BootSequence","Ball Lightning"],"relics":["Cracked Core","Girya"],"acts_visited":["Exordium"],"potions_floor_usage":[],"damage_taken":[{"damage":9,"enemies":"2 Louse","floor":1,"turns":3},{"damage":2,"enemies":"Jaw Worm","floor":3,"turns":2},{"damage":4,"enemies":"Cultist","floor":4,"turns":3},{"damage":16,"enemies":"Large Slime","floor":5,"turns":4},{"damage":11,"enemies":"Lagavulin","floor":6,"turns":7},{"damage":2,"enemies":"Exordium Wildlife","floor":7,"turns":3},{"damage":0,"enemies":"Red Slaver","floor":12,"turns":2},{"damage":6,"enemies":"Gremlin Gang","floor":14,"turns":3},{"damage":26,"enemies":"The Guardian","floor":16,"turns":7}],"seed_played":"8905685715321499701","potions_obtained":[{"floor":5,"key":"LiquidBronze"},{"floor":7,"key":"EssenceOfSteel"},{"floor":12,"key":"FocusPotion"}],"is_trial":false,"path_per_floor":["M","?","M","M","M","E","M","R","T","R","?","M","R","M","R","B"],"character_chosen":"DEFECT","items_purchased":[],"campfire_rested":1,"item_purchase_floors":[],"current_hp_per_floor":[59,44,42,38,22,11,9,31,31,31,31,31,31,25,25,0,0],"gold":241,"neow_bonus":"THREE_CARDS","is_daily":false,"chose_seed":false,"campfire_upgraded":0,"win_rate":0.0,"timestamp":1611100618,"path_taken":["M","?","M","M","M","E","M","R","T","R","?","M","R","M","R","BOSS"],"items_purchased_type":[],"build_version":"2020-12-22","purchased_purges":0,"victory":false,"max_hp_per_floor":[75,75,75,75,75,75,75,75,75,75,75,75,75,75,75,75,75],"relic_stats":{"counters":[9,34],"obtain_stats":[{"Girya":6,"Cracked Core":0},{"Girya":5,"Cracked Core":0},{"Girya":19,"Cracked Core":0}]},"card_choices":[{"not_picked":["Force Field","Redo"],"picked":"Cold Snap","floor":0},{"not_picked":["Turbo","Stack"],"picked":"Streamline","floor":1},{"not_picked":["Beam Cell","Stack"],"picked":"Cold Snap","floor":3},{"not_picked":["Auto Shields","Cold Snap"],"picked":"All For One","floor":4},{"not_picked":["FTL","Hologram"],"picked":"Go for the Eyes","floor":5},{"not_picked":["Turbo","Aggregate"],"picked":"Compile Driver","floor":6},{"not_picked":["Blizzard","Aggregate"],"picked":"Ball Lightning","floor":7},{"not_picked":["Barrage","Rebound"],"picked":"BootSequence","floor":12},{"not_picked":["Gash","Rip and Tear"],"picked":"Ball Lightning","floor":14}],"player_experience":868551,"relics_obtained":[{"floor":6,"key":"Girya"}],"event_choices":[{"damage_healed":0,"gold_gain":0,"player_choice":"Entered Light","damage_taken":15,"max_hp_gain":0,"max_hp_loss":0,"event_name":"Shining Light","floor":2,"gold_loss":0,"cards_upgraded":["Streamline","Zap"]},{"damage_healed":0,"gold_gain":0,"cards_transformed":["Strike_B"],"player_choice":"Transformed","damage_taken":0,"max_hp_gain":0,"max_hp_loss":0,"event_name":"Transmorgrifier","floor":11,"gold_loss":0,"cards_obtained":["Doom and Gloom"]}],"is_beta":false,"boss_relics":[],"items_purged_floors":[],"is_endless":false,"potions_floor_spawned":[5,7,12,14],"killed_by":"The Guardian","ascension_level":12}}