{"host":"i0avyit1s6jb1siw","time":1611093641,"event":{"mods":["BaseMod","DeckTracker","Dota2Spire","Highlight Path","Minty Spire (QoL Compilation)","Quick Restart","StSLib","SuperFastMode"],"gold_per_floor":[117,135,12,28,44,44,69,79,79,79,96,111,140,140,140,219,219,233,77,92,108,124,124,124,124,124,173,198,212,228,245,276,276,348,348,358,377,394,414,414,414],"floor_reached":40,"language":"ENG","playtime":1187,"items_purged":["Strike_B"],"score":761,"play_id":"1fb83f93-2cf2-4ce3-b68a-1d8dcba52208","local_time":"20210119230041","is_ascension_mode":true,"campfire_choices":[{"data":"White Noise","floor":6.0,"key":"SMITH"},{"data":"Dualcast","floor":10,"key":"SMITH"},{"floor":15,"key":"REST"},{"data":"Rainbow","floor":23,"key":"SMITH"},{"data":"White Noise","floor":25,"key":"SMITH"},{"floor":33,"key":"REST"}],"circlet_count":0,"master_deck":["AscendersBane","Strike_B","Strike_B","Strike_B","Defend_B","Defend_B","Defend_B","Defend_B","Zap","Dualcast+1","Hologram","Ball Lightning","Cold Snap","Compile Driver","White Noise+1","Leap","Heatsinks","Conserve Battery","Defragment+1","White Noise+1","Rainbow+1","Lockon","Coolheaded","White Noise","Electrodynamics","Echo Form","Reboot","CurseOfTheBell","Skim","Seek","Self Repair","Turbo"],"relics":["Cracked Core","Dota2Spire:EyeOfSkadi","Dota2Spire:MagicBottle","Oddly Smooth Stone","Dota2Spire:RefresherOrb","Medical Kit","FaceOfCleric","Darkstone Periapt","Regal Pillow","Dota2Spire:CrimsonGuard","Mercury Hourglass","Calling Bell","Happy Flower","Letter Opener","Dota2Spire:OctarineCore"],"acts_visited":["TheCity","TheBeyond"],"potions_floor_usage":[13,20,32],"damage_taken":[{"damage":0.0,"enemies":"Cultist","floor":1.0,"turns":3.0},{"damage":0.0,"enemies":"Jaw Worm","floor":2.0,"turns":4.0},{"damage":3.0,"enemies":"Small Slimes","floor":4.0,"turns":3.0},{"damage":17.0,"enemies":"Gremlin Gang","floor":5.0,"turns":3.0},{"damage":16,"enemies":"Lagavulin","floor":7,"turns":8},{"damage":0,"enemies":"3 Louse","floor":8,"turns":3},{"damage":9,"enemies":"Lots of Slimes","floor":11,"turns":6},{"damage":0,"enemies":"Looter","floor":12,"turns":2},{"damage":9,"enemies":"Gremlin Nob","floor":13,"turns":3},{"damage":5,"enemies":"The Guardian","floor":16,"turns":12},{"damage":17,"enemies":"2 Thieves","floor":18,"turns":4},{"damage":0,"enemies":"Spheric Guardian","floor":20,"turns":4},{"damage":7,"enemies":"Centurion and Healer","floor":21,"turns":5},{"damage":9,"enemies":"Snake Plant","floor":22,"turns":4},{"damage":2,"enemies":"Gremlin Leader","floor":28,"turns":6},{"damage":3,"enemies":"Cultist and Chosen","floor":29,"turns":4},{"damage":1,"enemies":"Centurion and Healer","floor":30,"turns":8},{"damage":6,"enemies":"Snake Plant","floor":31,"turns":3},{"damage":5,"enemies":"Book of Stabbing","floor":32,"turns":5},{"damage":25,"enemies":"Collector","floor":34,"turns":8},{"damage":20,"enemies":"3 Shapes","floor":36,"turns":2},{"damage":6,"enemies":"3 Darklings","floor":37,"turns":2},{"damage":8,"enemies":"Maw","floor":38,"turns":6},{"damage":32,"enemies":"Jaw Worm Horde","floor":39,"turns":4},{"damage":40,"enemies":"Spire Growth","floor":40,"turns":4}],"seed_played":"-3915052896799277453","potions_obtained":[{"floor":1.0,"key":"Swift Potion"},{"floor":7,"key":"AttackPotion"},{"floor":11,"key":"FearPotion"},{"floor":13,"key":"FearPotion"},{"floor":21,"key":"FearPotion"},{"floor":28,"key":"ColorlessPotion"},{"floor":36,"key":"FocusPotion"},{"floor":37,"key":"Ancient Potion"}],"is_trial":false,"path_per_floor":["M","M","$","M","M","R","E","M","T","R","M","M","E","?","R","B",null,"M","$","M","M","M","R","?","R","T","T","E","M","M","M","E","R","B",null,"M","M","M","M","M"],"character_chosen":"DEFECT","items_purchased":["Cold Snap","Medical Kit"],"campfire_rested":2,"item_purchase_floors":[3,19],"current_hp_per_floor":[55,55,55,52,35,35,19,19,19,19,10,10,1,1,25,29,67,50,50,50,43,34,34,34,34,34,34,42,40,40,35,31,71,47,82,63,58,51,27,0,0],"gold":414,"neow_bonus":"ONE_RARE_RELIC","is_daily":false,"chose_seed":false,"campfire_upgraded":4,"win_rate":0.0,"timestamp":1611093641,"path_taken":["M","M","?","M","M","R","E","M","T","R","M","M","E","?","R","BOSS","M","?","M","M","M","R","?","R","T","T","E","M","M","M","E","R","BOSS","M","M","M","M","?"],"items_purchased_type":["Card","Relic"],"build_version":"2020-12-22","purchased_purges":1,"victory":false,"max_hp_per_floor":[80,80,80,80,80,80,80,80,80,80,80,80,80,80,80,80,80,80,80,80,80,80,80,80,80,80,80,81,82,83,84,85,85,86,92,93,94,95,96,96,96],"card_choices":[{"not_picked":["Reprogram","Stack"],"picked":"Hologram","floor":1.0},{"not_picked":["Auto Shields","Hologram"],"picked":"Ball Lightning","floor":2.0},{"not_picked":["Storm","Hologram"],"picked":"Compile Driver","floor":4.0},{"not_picked":["Beam Cell","Ball Lightning"],"picked":"White Noise","floor":5.0},{"not_picked":["Tempest","All For One"],"picked":"Leap","floor":7},{"not_picked":["Redo","Fusion"],"picked":"Heatsinks","floor":8},{"not_picked":["Steam","Leap","Stack"],"picked":"SKIP","floor":11},{"not_picked":["Gash","Auto Shields"],"picked":"Conserve Battery","floor":12},{"not_picked":["Compile Driver","Streamline"],"picked":"Defragment","floor":13},{"not_picked":["Compile Driver","Reprogram"],"picked":"White Noise","floor":18},{"not_picked":["Steam+1","Gash","Stack"],"picked":"SKIP","floor":20},{"not_picked":["Steam Power","Lockon+1"],"picked":"Rainbow","floor":21},{"not_picked":["Cold Snap+1","Ball Lightning","Leap"],"picked":"SKIP","floor":22},{"not_picked":["Rip and Tear","Cold Snap"],"picked":"Lockon","floor":28},{"not_picked":["Turbo","Sweeping Beam"],"picked":"Coolheaded","floor":29},{"not_picked":["Double Energy","Force Field"],"picked":"White Noise","floor":30},{"not_picked":["Turbo","FTL"],"picked":"Electrodynamics","floor":31},{"not_picked":["Melter","Hologram"],"picked":"Echo Form","floor":32},{"not_picked":["Echo Form","Multi-Cast"],"picked":"Reboot","floor":34},{"not_picked":["Beam Cell","Go for the Eyes"],"picked":"Skim","floor":36},{"not_picked":["Streamline","Conserve Battery"],"picked":"Seek","floor":37},{"not_picked":["Streamline","Beam Cell"],"picked":"Self Repair","floor":38},{"not_picked":["Compile Driver","Rip and Tear"],"picked":"Turbo","floor":39}],"player_experience":2297080,"relics_obtained":[{"floor":7,"key":"Dota2Spire:MagicBottle"},{"floor":13,"key":"Oddly Smooth Stone"},{"floor":26,"key":"Darkstone Periapt"},{"floor":27,"key":"Regal Pillow"},{"floor":28,"key":"Dota2Spire:CrimsonGuard"},{"floor":32,"key":"Mercury Hourglass"},{"floor":35,"key":"Happy Flower"},{"floor":35,"key":"Letter Opener"},{"floor":35,"key":"Dota2Spire:OctarineCore"}],"event_choices":[{"damage_healed":0,"gold_gain":0,"player_choice":"Forge","damage_taken":0,"max_hp_gain":0,"max_hp_loss":0,"event_name":"Accursed Blacksmith","floor":14,"gold_loss":0,"cards_upgraded":["Defragment"]},{"damage_healed":0,"gold_gain":0,"player_choice":"Trade","damage_taken":0,"relics_obtained":["FaceOfCleric"],"max_hp_gain":0,"max_hp_loss":0,"event_name":"FaceTrader","floor":24,"gold_loss":0}],"is_beta":false,"boss_relics":[{"not_picked":["FrozenCore","Inserter"],"picked":"Dota2Spire:RefresherOrb"},{"not_picked":["Empty Cage","Busted Crown"],"picked":"Calling Bell"}],"items_purged_floors":[3],"is_endless":false,"potions_floor_spawned":[1,7,11,13,18,21,28,29,36,37],"killed_by":"Spire Growth","ascension_level":13}}