{"host":"bpkhhmvsfrvlto2l","time":1611080356,"event":{"mods":["2.2 Compatiblity","AchievementEnabler","Act Like it!","AlwaysNeverKeys","Aspiration","BaseMod","Better Silent Start","Challenge The Spire","Colored Map","Colored Powertips","Custom Start","Energized Spire","Friendly Minions","GifTheSpireLib","Halation","Hubris","Infinite Spire","Ironclad Rager","Mimic Mod","Minty Spire (QoL Compilation)","Permanent Neow","Quick Restart","Random Character Button","Relic Sorter","Replay The Spire","Spikes Relics","StSLib","Stuff the Spire","Swap Starting Deck Mod","Trackpad"],"gold_per_floor":[113,42,42,42,61,61,86,97,127,127,156,156,176,176,176,278,278,288,288,141,156,169,169,198,213,240,240,240,180,101,115,115,227,227,260,260,9,22,42,42,77,89,134,146,146],"floor_reached":44,"language":"ENG","playtime":2285,"items_purged":[],"score":760,"play_id":"6b796273-393b-40f0-a9ba-1b44d3d920e6","local_time":"20210119131916","is_ascension_mode":true,"campfire_choices":[{"data":"infinitespire:OneForAll","floor":6,"key":"SMITH"},{"data":"Feed","floor":10,"key":"SMITH"},{"data":"infinitespire:Starlight","floor":10,"key":"SMITH"},{"data":"Cleave","floor":12,"key":"SMITH"},{"data":"Bash","floor":12,"key":"SMITH"},{"data":"Strike_R","floor":15,"key":"SMITH"},{"data":"Strike_R","floor":15,"key":"SMITH"},{"data":"Offering","floor":23,"key":"SMITH"},{"data":"Strike_R","floor":23,"key":"SMITH"},{"data":"Strike_R","floor":27,"key":"SMITH"},{"data":"Strike_R","floor":27,"key":"SMITH"},{"data":"StuffTheSpire:BrainWave","floor":40,"key":"SMITH"},{"data":"Defend_R","floor":40,"key":"SMITH"}],"circlet_count":0,"master_deck":["Strike_R+1","Strike_R+1","Strike_R+1","Strike_R+1","Strike_R+1","Defend_R","Defend_R","Defend_R","Defend_R+1","Bash+1","Cleave+1","infinitespire:Starlight+1","Feed+1","Voices","Offering+1","infinitespire:OneForAll+1","Pummel+1","Inflame+1","StuffTheSpire:BrainWave+1","hubris:InfiniteBlow"],"relics":["Burning Blood","NeowsBlessing","Replay:Arrowhead","Bronze Scales","MiniBlackHole","ReplayTheSpireMod:Ring of Addiction","White Beast Statue","Chameleon Ring","Sandwich","MutagenicStrength","StuffTheSpire:Mouthbags","halation:KoshaPiece","Replay:Wax Seal","infinitespire:EvilPickle","Matryoshka","MawBank","Cauldron","halation:PenCase","StuffTheSpire:Experiment12"],"acts_visited":["Exordium","TheCity","TheBeyond"],"potions_floor_usage":[16,16,16,22,22,33,33,33,38,41,42,44],"damage_taken":[{"damage":0,"enemies":"Jaw Worm","floor":1,"turns":1},{"damage":0,"enemies":"2 Louse","floor":5,"turns":1},{"damage":0,"enemies":"Lagavulin","floor":7,"turns":1},{"damage":6,"enemies":"Cultist","floor":8,"turns":4},{"damage":16,"enemies":"2 Fungi Beasts","floor":9,"turns":9},{"damage":30,"enemies":"3 Sentries","floor":11,"turns":6},{"damage":0,"enemies":"2 Fungi Beasts","floor":13,"turns":2},{"damage":80,"enemies":"Hexaghost","floor":16,"turns":10},{"damage":9,"enemies":"Shell Parasite","floor":18,"turns":3},{"damage":17,"enemies":"Spheric Guardian","floor":21,"turns":3},{"damage":12,"enemies":"3 Cultists","floor":22,"turns":3},{"damage":38,"enemies":"Slavers","floor":24,"turns":3},{"damage":24,"enemies":"Snake Plant","floor":25,"turns":2},{"damage":18,"enemies":"Chosen and Byrds","floor":31,"turns":3},{"damage":27,"enemies":"Pondfish","floor":33,"turns":7},{"damage":30,"enemies":"3 Shapes","floor":35,"turns":3},{"damage":16,"enemies":"Orb Walker","floor":38,"turns":3},{"damage":6,"enemies":"Jaw Worm Horde","floor":39,"turns":2},{"damage":38,"enemies":"Reptomancer","floor":41,"turns":6},{"damage":32,"enemies":"Spire Growth","floor":43,"turns":5},{"damage":71,"enemies":"Giant Head","floor":44,"turns":5}],"seed_played":"-3629627152213070915","potions_obtained":[{"floor":7,"key":"Dexterity Potion"},{"floor":11,"key":"infinitespire:BlackPotion"},{"floor":13,"key":"Milkshake"},{"floor":14,"key":"ColorlessPotion"},{"floor":16,"key":"Block Potion"},{"floor":18,"key":"ColorlessPotion"},{"floor":21,"key":"Adrenaline Potion"},{"floor":22,"key":"PowerPotion"},{"floor":24,"key":"SpeedPotion"},{"floor":25,"key":"LifebloodPotion"},{"floor":33,"key":"Doom Potion"},{"floor":35,"key":"Toxic Potion"},{"floor":38,"key":"GamblersBrew"},{"floor":39,"key":"Dexterity Potion"},{"floor":41,"key":"FearPotion"},{"floor":42,"key":"Fruit Juice"},{"floor":42,"key":"Fruit Juice"},{"floor":42,"key":"Cursed Concoction"}],"is_trial":false,"path_per_floor":["M","$","?","?","M","R","E","M","MIM","R","E","R","M","?","R","B",null,"M","?","$","M","M","R","E","M","T","R","?","?","$","M","R_BF","B",null,"M","?","$","M","M","R","E","AVR","MIM","E"],"character_chosen":"IRONCLAD","items_purchased":["infinitespire:OneForAll","StuffTheSpire:Mouthbags","Inflame","Matryoshka"],"campfire_rested":0,"item_purchase_floors":[2,20,30,37],"current_hp_per_floor":[80,80,60,68,74,74,80,83,86,86,81,81,91,91,91,47,94,91,91,91,80,78,78,65,51,51,51,51,51,51,54,83,77,98,80,80,80,85,89,89,57,64,53,0,0],"gold":146,"neow_bonus":"THREE_ENEMY_KILL","is_daily":false,"chose_seed":false,"campfire_upgraded":13,"win_rate":0.0,"timestamp":1611080356,"path_taken":["M","$","?","?","M","R","E","M","MIM","R","E","R","M","?","R","BOSS","M","?","$","M","M","R","E","M","T","R","?","?","$","M","R_BF","BOSS","M","?","$","M","M","R","E","AVR","MIM","E"],"items_purchased_type":["Card","Relic","Card","Relic"],"build_version":"2020-12-22","purchased_purges":0,"victory":false,"max_hp_per_floor":[80,80,80,80,80,80,80,83,86,86,90,90,94,94,94,94,94,94,94,92,92,96,96,100,104,102,102,102,100,100,100,98,98,98,98,89,87,87,91,91,91,98,98,98,98],"card_choices":[{"not_picked":["Headbutt","hubris:SharpeningStone"],"picked":"Cleave","floor":1},{"not_picked":["infinitespire:FinalStrike","ReplayTheSpireMod:Chaos Vortex"],"picked":"infinitespire:Starlight","floor":3},{"not_picked":["Perfected Strike","Body Slam"],"picked":"Feed","floor":7},{"not_picked":["Impervious","Exhume"],"picked":"Offering","floor":16},{"not_picked":["hubris:ReadiedAction","infinitespire:OneForAll"],"picked":"Pummel+1","floor":22}],"player_experience":89138,"relics_obtained":[{"floor":7,"key":"Replay:Arrowhead"},{"floor":9,"key":"Bronze Scales"},{"floor":11,"key":"MiniBlackHole"},{"floor":14,"key":"ReplayTheSpireMod:Ring of Addiction"},{"floor":14,"key":"White Beast Statue"},{"floor":14,"key":"Chameleon Ring"},{"floor":24,"key":"halation:KoshaPiece"},{"floor":26,"key":"Replay:Wax Seal"},{"floor":41,"key":"MawBank"},{"floor":43,"key":"halation:PenCase"},{"floor":43,"key":"StuffTheSpire:Experiment12"}],"event_choices":[{"damage_healed":0,"gold_gain":0,"player_choice":"Inject Mutagens","damage_taken":0,"relics_obtained":["MutagenicStrength"],"max_hp_gain":0,"max_hp_loss":0,"event_name":"Drug Dealer","floor":19,"gold_loss":0}],"is_beta":false,"boss_relics":[{"not_picked":["aspiration:RunicSpoon","hubris:CrackedHourglass"],"picked":"Sandwich"},{"not_picked":["energizedSpire:EnergizedDie","energizedSpire:MagnifyingGlass","hubris:GrandSneckoEye"]}],"items_purged_floors":[],"is_endless":false,"potions_floor_spawned":[7,11,13,16,18,21,22,24,25,31,33,35,38,39,41,43],"killed_by":"Giant Head","ascension_level":3}}