{"host":"i4yzoangb31cseo0","time":1611061839,"event":{"mods":["AchievementEnabler","BaseMod","Colored Powertips","Curses Come First","Downfall","Hermit","Minty Spire (QoL Compilation)","StSLib","The Cursed","The Necromancer","The Senshi"],"gold_per_floor":[112,112,37,37,49,82,82,157,184,202,212,237,254,254,254,357,357,375,375,375,375,395,406,422,422,422],"floor_reached":25,"language":"ENG","playtime":2147,"items_purged":[],"score":238,"play_id":"f1609ded-0eef-4193-8d92-d5997ed0f652","local_time":"20210119234039","is_ascension_mode":false,"campfire_choices":[{"floor":7,"key":"REST"},{"floor":15,"key":"REST"}],"circlet_count":0,"master_deck":["Strike_W","Strike_W","Strike_W","Strike_W","Defend_W","Defend_W","Defend_W","Defend_W","Negative_Energy_Arrows","Bone_Wall","Enlightenment+1","Bone_Shift","Shade_Step","Scare","Spectral_Walk","Negative_Energy_Shield","Slay_Living","Bone_Armor","Grasp_Heart","Blood_Shield","Death_Knell","RitualDagger","Finger_Of_Death+1","Summon_Death_Knight"],"relics":["Vampire_Amulet","Anchor","Pen Nib","Omamori","Velvet Choker"],"acts_visited":["Exordium","TheCity"],"potions_floor_usage":[12,23,23],"damage_taken":[{"damage":5,"enemies":"2 Louse","floor":1,"turns":3},{"damage":0,"enemies":"Cultist","floor":5,"turns":4},{"damage":42,"enemies":"3 Sentries","floor":6,"turns":15},{"damage":0,"enemies":"Small Slimes","floor":10,"turns":4},{"damage":0,"enemies":"Looter","floor":11,"turns":3},{"damage":54,"enemies":"Lagavulin","floor":12,"turns":18},{"damage":5,"enemies":"2 Fungi Beasts","floor":13,"turns":5},{"damage":45,"enemies":"The Guardian","floor":16,"turns":23},{"damage":10,"enemies":"Chosen","floor":18,"turns":5},{"damage":10,"enemies":"Shell Parasite","floor":22,"turns":5},{"damage":21,"enemies":"Centurion and Healer","floor":23,"turns":13},{"damage":11,"enemies":"Shelled Parasite and Fungi","floor":24,"turns":4},{"damage":19,"enemies":"3 Cultists","floor":25,"turns":4}],"seed_played":"3111652686718796740","potions_obtained":[{"floor":6,"key":"BlessingOfTheForge"},{"floor":16,"key":"Block Potion"},{"floor":22,"key":"BlessingOfTheForge"}],"is_trial":false,"path_per_floor":["M","?","$","?","M","E","R","?","T","M","M","E","M","?","R","B",null,"M","?","?","?","M","M","M","M"],"character_chosen":"NECROMANCER","items_purchased":["Shade_Step"],"campfire_rested":2,"item_purchase_floors":[3],"current_hp_per_floor":[74,74,74,74,75,39,61,50,50,54,56,4,3,28,50,7,75,67,67,61,47,39,22,15,0,0],"gold":422,"neow_bonus":"RANDOM_COLORLESS","is_daily":false,"chose_seed":false,"campfire_upgraded":0,"win_rate":0.0,"timestamp":1611061839,"path_taken":["M","?","?","?","M","E","R","?","T","M","M","E","M","?","R","BOSS","M","?","?","?","M","M","M","M"],"items_purchased_type":["Card"],"build_version":"2020-12-22","purchased_purges":0,"victory":false,"max_hp_per_floor":[75,75,75,75,75,75,75,75,75,75,75,75,75,75,75,75,75,75,75,75,80,80,80,80,80,80],"card_choices":[{"not_picked":["Dramatic Entrance","Trip"],"picked":"Enlightenment","floor":0},{"not_picked":["Thousand_Bone_Knives","Negative_Energy_Burst"],"picked":"Bone_Shift","floor":1},{"not_picked":["Death_March_Dance","Blood_Curse"],"picked":"Scare","floor":5},{"not_picked":["Toxic_Smoke_Screen","Blood_Whip","Consume_Illness"],"picked":"SKIP","floor":6},{"not_picked":["Bones_to_Steel","Negative_Energy_Shield"],"picked":"Spectral_Walk","floor":10},{"not_picked":["Bone_Shift","Acid_Javelin"],"picked":"Negative_Energy_Shield","floor":11},{"not_picked":["Negative_Energy_Sphere","Cloudkill"],"picked":"Slay_Living","floor":12},{"not_picked":["Negative_Energy_Javelin","Bone_Shift"],"picked":"Bone_Armor","floor":13},{"not_picked":["Requiem","Cloudkill"],"picked":"Grasp_Heart","floor":16},{"not_picked":["Chill_Blood","Death_Knell+1"],"picked":"Blood_Shield","floor":18},{"not_picked":["Bone_Spikes","Scare"],"picked":"Finger_Of_Death+1","floor":22},{"not_picked":["Siphon_Strength","Chill_Blood+1","Negative_Energy_Shield"],"picked":"SKIP","floor":23},{"not_picked":["Chill_Blood","Negative_Energy_Sphere"],"picked":"Summon_Death_Knight","floor":24}],"player_experience":128094,"relics_obtained":[{"floor":6,"key":"Anchor"},{"floor":9,"key":"Pen Nib"},{"floor":12,"key":"Omamori"}],"event_choices":[{"damage_healed":0,"gold_gain":0,"player_choice":"Ignored","damage_taken":0,"max_hp_gain":0,"max_hp_loss":0,"event_name":"NoteForYourself","floor":2,"gold_loss":0},{"damage_healed":0,"gold_gain":0,"player_choice":"Grow","damage_taken":0,"max_hp_gain":0,"max_hp_loss":0,"event_name":"Living Wall","floor":4,"gold_loss":0,"cards_upgraded":["Enlightenment"]},{"damage_healed":0,"gold_gain":75,"player_choice":"Gather Gold","damage_taken":11,"max_hp_gain":0,"max_hp_loss":0,"event_name":"World of Goop","floor":8,"gold_loss":0},{"damage_healed":25,"gold_gain":0,"player_choice":"Banana","damage_taken":0,"max_hp_gain":0,"max_hp_loss":0,"event_name":"Big Fish","floor":14,"gold_loss":0},{"damage_healed":0,"gold_gain":0,"player_choice":"Read","damage_taken":0,"max_hp_gain":0,"max_hp_loss":0,"event_name":"The Library","floor":19,"gold_loss":0,"cards_obtained":["Death_Knell"]},{"damage_healed":0,"gold_gain":0,"player_choice":"Joined the Cult","damage_taken":6,"max_hp_gain":0,"max_hp_loss":0,"event_name":"Nest","floor":20,"gold_loss":0,"cards_obtained":["RitualDagger"]},{"damage_healed":0,"gold_gain":0,"player_choice":"Shed Blood","damage_taken":19,"max_hp_gain":5,"max_hp_loss":0,"event_name":"Forgotten Altar","floor":21,"gold_loss":0}],"is_beta":false,"boss_relics":[{"not_picked":["Sozu","Ectoplasm"],"picked":"Velvet Choker"}],"items_purged_floors":[],"is_endless":false,"potions_floor_spawned":[6,16,22],"killed_by":"3 Cultists","ascension_level":0}}