{"host":"6a06qhlf17v5rcww","time":1611097918,"event":{"mods":["Act Like it!","Aspiration","BaseMod","Beaked The Cultist","Better Altar","Better Match","Better Note","Better Sensory Stone","Better Skull","Better Third Choice","Better Vampires","BetterRewards","Block Reminder","Colored Powertips","Downfall","Gensokyo","Infinite Spire","Minty Spire (QoL Compilation)","Pale of the Ancients","Poor People Problems","Rare Cards Sparkle","Shade Mod","StSLib","The Bug Knight","The Jungle","The Marked","Yakumo Yukari mod"],"gold_per_floor":[99,99,99,99,99,99,99,99,9,44,44,71,80,80,100,205,205,205,230,266,286,295,295,322,334,367,406,427,479,500,555,594,718,730,442,465,477,489,646,278,278,278,303,319,353,353,371,392,421,421,443,468,477,203,212,236,236,115,115,115],"floor_reached":61,"language":"ENG","playtime":7063,"items_purged":["Regret","Gensokyo:ImpossibleRequest"],"score":1517,"play_id":"2ceda59a-a5e8-4edb-98c5-a4068b6da2e3","local_time":"20210119181158","is_ascension_mode":true,"campfire_choices":[{"data":"bronze:Goto","floor":1.0,"key":"SMITH"},{"floor":8.0,"key":"RECALL"},{"data":"bronze:Mutator","floor":18.0,"key":"SMITH"},{"data":"bronze:Turbo","floor":23.0,"key":"SMITH"},{"floor":30.0,"key":"REST"},{"data":"bronze:Flail","floor":35.0,"key":"SMITH"},{"data":"bronze:FindAndReplace","floor":42.0,"key":"SMITH"},{"floor":55,"key":"REST"},{"data":"bronze:FineTuning","floor":57,"key":"SMITH"}],"circlet_count":0,"master_deck":["bronze:Defend","bronze:Defend","bronze:Defend","bronze:Defend","bronze:Replicate","bronze:Goto+1","bronze:Iterate","bronze:Allocate","bronze:Philosophize","bronze:Branch","bronze:OilSpill","bronze:Turbo+1","Tantrum+1","bronze:Repair","bronze:Mutator+1","bronze:Shield","Bite","Bite","Bite","Bite","bronze:CutThrough+1","infinitespire:Gouge","bronze:BugBarrage","bronze:WildBeam+1","RitualDagger+1","bronze:Flail+1","bronze:ChildClass","bronze:ItsAFeature","bronze:BitShift","bronze:HyperBeam","downfall:Aged","Doubt","downfall:Icky","bronze:AlphaBuild","bronze:Shield+1","expansioncontent:HyperBeam","bronze:FindAndReplace+1","bronze:Terminator+1","bronze:Refactor","expansioncontent:Chronoboost","expansioncontent:GuardianWhirl","bronze:BuggyMess+1","bronze:FineTuning+1","bronze:BitShift","bronze:DarkDash+1","infinitespire:NeuralNetwork","bronze:MaxOutput","bronze:BronzeArmor+1","bronze:Flail","bronze:BronzeArmor","bronze:Optimize"],"relics":["bronze:BronzeCore","downfall:HeartsMalice","aspiration:HiddenCompartment","Guardian:PocketSentry","Dream Catcher","Bag of Marbles","CeramicFish","HollowMod:PaleOreRelic","bronze:MakeshiftBattery","Mango","MawBank","Meat on the Bone","Strawberry","infinitespire:Cupcake","downfall:HeartBlessingRed","downfall:HeartBlessingGreen","downfall:HeartBlessingBlue","hexamod:BolsterEngine","Du-Vu Doll","ClockworkSouvenir","infinitespire:EmpoweringShard","infinitespire:Bottled Soul","Oddly Smooth Stone","paleoftheancients:Timepiece","paleoftheancients:KeyRelic","CultistMask","paleoftheancients:SoulOfTheIroncluck"],"acts_visited":["Exordium","TheCity","TheBeyond","TheBeyond"],"potions_floor_usage":[60],"damage_taken":[{"damage":0.0,"enemies":"infinitespire:Voidling","floor":2.0,"turns":1.0},{"damage":0.0,"enemies":"Jaw Worm","floor":3.0,"turns":1.0},{"damage":0.0,"enemies":"Small Slimes","floor":6.0,"turns":1.0},{"damage":15.0,"enemies":"downfall:FleeingMerchant","floor":9.0,"turns":4.0},{"damage":0.0,"enemies":"HollowMod:MossKnight","floor":10.0,"turns":5.0},{"damage":21.0,"enemies":"Lagavulin","floor":12.0,"turns":6.0},{"damage":0.0,"enemies":"Large Slime","floor":15.0,"turns":3.0},{"damage":22.0,"enemies":"IC_STATUS_ARCHETYPE","floor":16.0,"turns":7.0},{"damage":1.0,"enemies":"3 Byrds","floor":19.0,"turns":5.0},{"damage":8.0,"enemies":"Snake Plant","floor":21.0,"turns":3.0},{"damage":0.0,"enemies":"Chosen and Byrds","floor":26.0,"turns":1.0},{"damage":14.0,"enemies":"Shelled Parasite and Fungi","floor":27.0,"turns":7.0},{"damage":57.0,"enemies":"Nightmare","floor":29.0,"turns":9.0},{"damage":19.0,"enemies":"Slavers","floor":31.0,"turns":4.0},{"damage":31.0,"enemies":"Cultist and Chosen","floor":32.0,"turns":6.0},{"damage":4.0,"enemies":"WA_ARCHETYPE_CALM","floor":33.0,"turns":5.0},{"damage":0.0,"enemies":"3 Shapes","floor":36.0,"turns":2.0},{"damage":0.0,"enemies":"downfall:FleeingMerchant","floor":40.0,"turns":4.0},{"damage":0.0,"enemies":"3 Darklings","floor":43.0,"turns":1.0},{"damage":0.0,"enemies":"Spire Growth","floor":44.0,"turns":2.0},{"damage":16.0,"enemies":"Nemesis","floor":45.0,"turns":3.0},{"damage":22.0,"enemies":"4 Shapes","floor":48.0,"turns":12.0},{"damage":18.0,"enemies":"Maw","floor":49.0,"turns":4.0},{"damage":10.0,"enemies":"SI_POISON_ARCHETYPE","floor":50.0,"turns":5.0},{"damage":76.0,"enemies":"SI_POISON_ARCHETYPE","floor":51.0,"turns":7.0},{"damage":40,"enemies":"SI_POISON_ARCHETYPE","floor":52,"turns":9},{"damage":12,"enemies":"SI_POISON_ARCHETYPE","floor":56,"turns":6},{"damage":58,"enemies":"paleoftheancients:N","floor":60,"turns":9}],"seed_played":"5935159670510810872","potions_obtained":[{"floor":10.0,"key":"hexamod:SoulburnPotion"},{"floor":12.0,"key":"SkillPotion"},{"floor":16.0,"key":"FearPotion"},{"floor":25.0,"key":"Slimebound:ThreeZeroPotion"},{"floor":25.0,"key":"Block Potion"},{"floor":28.0,"key":"CultistPotion"},{"floor":32.0,"key":"bronze:FreeFunctionsPotion"},{"floor":43.0,"key":"Strength Potion"},{"floor":44.0,"key":"Explosive Potion"},{"floor":51.0,"key":"bronze:CleanCodePotion"}],"is_trial":false,"path_per_floor":["R","M","M","?","?","M","T","R","$","E","?","E","?","T","M","B",null,"R","M","?","M","AVR","R","T","?","M","M","?","NM","R","E","M","B",null,"R","M","?","AVR","?","$","T","R","M","M","E","T","?","M","M","B","M","M","?","$","R","M","R","$","?","B",null],"character_chosen":"THE_AUTOMATON","items_purchased":["expansioncontent:HyperBeam","ClockworkSouvenir","bronze:FindAndReplace","infinitespire:BlackPotion","bronze:MaxOutput","bronze:BronzeArmor","bronze:Optimize"],"campfire_rested":2,"item_purchase_floors":[40,40,40,54,54,58,58],"current_hp_per_floor":[70,70,70,70,70,70,70,70,55,55,55,34,29,29,29,14,70,70,70,53,53,67,67,67,67,67,63,63,18,38,44,34,46,74,84,84,84,84,84,84,84,84,84,84,68,68,63,55,46,84,52,41,20,20,45,50,50,50,50,26],"gold":115,"neow_bonus":"THREE_ENEMY_KILL","is_daily":false,"chose_seed":false,"campfire_upgraded":6,"win_rate":0.0,"timestamp":1611097918,"path_taken":["R","M","?","?","?","M","T","R","$","E","?","E","?","?","M","BOSS","R","M","?","M","AVR","R","T","?","M","?","?","NM","R","E","M","BOSS","R","M","?","AVR","?","$","T","R","M","M","E","?","?","?","M","BOSS","M","M","?","$","R","M","R","$","?","BOSS"],"items_purchased_type":["Card","Relic","Card","Potion","Card","Card","Card"],"build_version":"2020-12-22","purchased_purges":2,"victory":true,"max_hp_per_floor":[70,70,70,70,70,70,70,70,70,70,70,70,70,70,70,70,70,70,70,53,53,67,67,67,67,67,67,67,67,67,74,74,74,74,84,84,84,84,84,84,84,84,84,84,84,84,84,84,84,84,84,84,84,84,84,84,84,84,84,84],"card_choices":[{"not_picked":["bronze:InfiniteBeams","bronze:CloningBeam"],"picked":"bronze:Iterate","floor":2.0},{"not_picked":["bronze:FollowUp","bronze:ClassDefault"],"picked":"bronze:Allocate","floor":3.0},{"not_picked":["bronze:ChosenStrike","bronze:Frontload"],"picked":"bronze:Philosophize","floor":6.0},{"not_picked":["bronze:FineTuning","bronze:ForceShield"],"picked":"bronze:Branch","floor":9.0},{"not_picked":["bronze:ForLoop","bronze:Frontload"],"picked":"bronze:OilSpill","floor":10.0},{"not_picked":["bronze:Boost","bronze:Verify"],"picked":"bronze:Turbo","floor":12.0},{"not_picked":["bronze:Deprecate","bronze:BitShift"],"picked":"bronze:Repair","floor":15.0},{"not_picked":["bronze:ThunderWave","bronze:Virus"],"picked":"bronze:Mutator","floor":16.0},{"not_picked":["bronze:WhirlingStrike","bronze:CutThrough"],"picked":"bronze:Shield","floor":19.0},{"not_picked":["bronze:Constructor","bronze:Branch"],"picked":"bronze:CutThrough+1","floor":21.0},{"not_picked":["bronze:Refactor+1","bronze:ClassDefault"],"picked":"bronze:BugBarrage","floor":26.0},{"not_picked":["bronze:ForLoop+1","bronze:Deprecate+1"],"picked":"bronze:WildBeam+1","floor":27.0},{"not_picked":["bronze:Overload","bronze:Allocate"],"picked":"bronze:Flail","floor":29.0},{"not_picked":["bronze:Separator","bronze:OilSpill"],"picked":"bronze:ChildClass","floor":30.0},{"not_picked":["bronze:BronzeArmor","bronze:Allocate"],"picked":"bronze:ItsAFeature","floor":31.0},{"not_picked":["bronze:Invalidate","bronze:CutThrough+1"],"picked":"bronze:BitShift","floor":32.0},{"not_picked":["bronze:ThunderWave","bronze:HardenedForm"],"picked":"bronze:HyperBeam","floor":33.0},{"not_picked":["bronze:Invalidate","bronze:ChosenStrike","bronze:ItsAFeature+1"],"picked":"SKIP","floor":36.0},{"not_picked":["bronze:Shell+1","bronze:Invalidate+1"],"picked":"bronze:Shield+1","floor":40.0},{"not_picked":["bronze:Safeguard+1","bronze:NullPointer+1"],"picked":"bronze:Terminator+1","floor":43.0},{"not_picked":["bronze:CutThrough+1","bronze:Turbo","bronze:BugBarrage"],"picked":"SKIP","floor":44.0},{"not_picked":["bronze:DigitalCarnage+1","bronze:BitShift"],"picked":"bronze:Refactor","floor":45.0},{"not_picked":["expansioncontent:AwakenDeath","expansioncontent:Hexaburn"],"picked":"expansioncontent:Chronoboost","floor":47.0},{"not_picked":["expansioncontent:AwakenDeath","expansioncontent:PrepareCrush"],"picked":"expansioncontent:GuardianWhirl","floor":47.0},{"not_picked":["bronze:Overheat+1","bronze:Turbo"],"picked":"bronze:BuggyMess+1","floor":48.0},{"not_picked":["bronze:DelayedSlice+1","bronze:Branch+1"],"picked":"bronze:FineTuning","floor":49.0},{"not_picked":["bronze:DelayedSlice","bronze:FineTuning"],"picked":"bronze:BitShift","floor":51.0},{"not_picked":["bronze:Repair+1","bronze:Constructor"],"picked":"bronze:DarkDash+1","floor":52},{"not_picked":["infinitespire:Menacing","infinitespire:SealOfDarkness+"],"picked":"infinitespire:NeuralNetwork","floor":53},{"not_picked":["bronze:Deprecate","bronze:ForLoop+1"],"picked":"bronze:BronzeArmor+1","floor":55},{"not_picked":["bronze:Separator+1","bronze:Iterate"],"picked":"bronze:Flail","floor":56}],"player_experience":772826,"relics_obtained":[{"floor":10.0,"key":"Guardian:PocketSentry"},{"floor":11.0,"key":"Dream Catcher"},{"floor":12.0,"key":"Bag of Marbles"},{"floor":14.0,"key":"HollowMod:PaleOreRelic"},{"floor":24.0,"key":"MawBank"},{"floor":29.0,"key":"Meat on the Bone"},{"floor":31.0,"key":"Strawberry"},{"floor":41.0,"key":"infinitespire:EmpoweringShard"},{"floor":45.0,"key":"infinitespire:Bottled Soul"},{"floor":46.0,"key":"Oddly Smooth Stone"},{"floor":52,"key":"paleoftheancients:SoulOfTheIroncluck"}],"event_choices":[{"damage_healed":0.0,"max_hp_gain":0.0,"max_hp_loss":0.0,"gold_gain":0.0,"event_name":"Big Fish","player_choice":"Box","floor":5.0,"gold_loss":0.0,"damage_taken":0.0,"relics_obtained":["aspiration:HiddenCompartment"],"cards_obtained":["Regret"]},{"damage_healed":0.0,"max_hp_gain":0.0,"max_hp_loss":17.0,"gold_gain":0.0,"event_name":"Vampires","player_choice":"Became a vampire","floor":20.0,"gold_loss":0.0,"damage_taken":0.0,"cards_obtained":["Bite","Bite","Bite","Bite"]},{"damage_healed":0.0,"max_hp_gain":0.0,"max_hp_loss":0.0,"gold_gain":0.0,"event_name":"Lab","player_choice":"Got Potions","floor":25.0,"gold_loss":0.0,"damage_taken":0.0}],"is_beta":false,"boss_relics":[{"not_picked":["Tiny House","Pandora\u0027s Box"],"picked":"bronze:MakeshiftBattery"},{"not_picked":["aspiration:PoetsPen_weak","Fusion Hammer"],"picked":"infinitespire:Cupcake"}],"items_purged_floors":[9,54],"is_endless":false,"potions_floor_spawned":[10,12,16,19,32,43,44,48,51,56],"ascension_level":1}}