{"host":"gzk4gkgy3zij1c51","time":1611081471,"event":{"mods":["BaseMod","Colored Map","Downfall","Highlight Path","Marked Mod","Minty Spire (QoL Compilation)","Relic Stats","StSLib","everything is the same but u backflip on backflip"],"gold_per_floor":[99,115,135,23,47,82,106,41,66,66,66,66,51,62,73,73,73,73],"floor_reached":16,"language":"ENG","playtime":1202,"items_purged":[],"score":133,"play_id":"4e098e63-5a47-4eb0-905c-026ec85057cf","local_time":"20210119183751","is_ascension_mode":false,"campfire_choices":[{"data":"bronze:Replicate","floor":1,"key":"SMITH"},{"data":"bronze:Repulsor","floor":10,"key":"SMITH"}],"circlet_count":0,"master_deck":["bronze:Strike","bronze:Strike","bronze:Strike","bronze:Defend+1","bronze:Defend","bronze:Defend","bronze:Defend","bronze:Replicate+1","bronze:Goto","bronze:Repulsor+1","bronze:FineTuning","bronze:OilSpill","bronze:WildBeam+1","bronze:MaxOutput","bronze:Overload","bronze:WhirlingStrike","bronze:Iterate","bronze:Fortify+1","downfall:Malfunctioning","bronze:ClassDefault","bronze:BugBarrage","bronze:ForLoop"],"relics":["bronze:BronzeCore","PreservedInsect","Blood Vial","Anchor","Oddly Smooth Stone"],"acts_visited":["Exordium"],"potions_floor_usage":[6,13,16],"damage_taken":[{"damage":0,"enemies":"Cultist","floor":2,"turns":4},{"damage":10,"enemies":"2 Louse","floor":3,"turns":4},{"damage":0,"enemies":"downfall:FleeingMerchant","floor":4,"turns":4},{"damage":14,"enemies":"Lagavulin","floor":6,"turns":5},{"damage":5,"enemies":"downfall:FleeingMerchant","floor":8,"turns":4},{"damage":0,"enemies":"3 Sentries","floor":9,"turns":5},{"damage":11,"enemies":"downfall:FleeingMerchant","floor":13,"turns":4},{"damage":10,"enemies":"Small Slimes","floor":14,"turns":4},{"damage":9,"enemies":"Exordium Wildlife","floor":15,"turns":3},{"damage":35,"enemies":"WA_ARCHETYPE_RETAIN","floor":16,"turns":4}],"seed_played":"-4747486786843888963","potions_obtained":[{"floor":2,"key":"EssenceOfSteel"},{"floor":9,"key":"Fire Potion"},{"floor":15,"key":"AttackPotion"}],"is_trial":false,"path_per_floor":["R","M","M","$","T","E","T","$","E","R","?","?","$","M","M","B"],"character_chosen":"THE_AUTOMATON","items_purchased":["bronze:WildBeam","bronze:MaxOutput","bronze:Iterate"],"campfire_rested":0,"item_purchase_floors":[4,4,8],"current_hp_per_floor":[77,77,67,67,67,53,53,50,52,52,52,52,43,35,28,0,0,0],"gold":73,"neow_bonus":"TEN_PERCENT_HP_BONUS","is_daily":false,"chose_seed":false,"campfire_upgraded":2,"win_rate":0.0,"timestamp":1611081471,"path_taken":["R","M","M","$","?","E","T","?","E","R","?","?","$","?","M","BOSS"],"items_purchased_type":["Card","Card","Card"],"build_version":"2020-12-22","purchased_purges":0,"victory":false,"max_hp_per_floor":[77,77,77,77,77,77,77,77,77,77,77,77,77,77,77,77,77,77],"relic_stats":{"Blood Vial":12,"counters":[10,41],"PreservedInsect":131,"obtain_stats":[{"Blood Vial":6,"Anchor":7,"bronze:BronzeCore":0,"Oddly Smooth Stone":9,"PreservedInsect":5},{"Blood Vial":4,"Anchor":4,"bronze:BronzeCore":0,"Oddly Smooth Stone":6,"PreservedInsect":3},{"Blood Vial":17,"Anchor":17,"bronze:BronzeCore":0,"Oddly Smooth Stone":26,"PreservedInsect":12}]},"card_choices":[{"not_picked":["bronze:Fortify","bronze:Turbo"],"picked":"bronze:Repulsor","floor":2},{"not_picked":["bronze:BitShift","bronze:Overload"],"picked":"bronze:FineTuning","floor":3},{"not_picked":["bronze:Invalidate","bronze:DelayedGuard"],"picked":"bronze:OilSpill","floor":4},{"not_picked":["bronze:DelayedGuard","bronze:OilSpill"],"picked":"bronze:Overload","floor":6},{"not_picked":["bronze:BugBarrage","bronze:Return"],"picked":"bronze:WhirlingStrike","floor":8},{"not_picked":["bronze:DelayedSlice","bronze:Iterate"],"picked":"bronze:Fortify","floor":9},{"not_picked":["bronze:Assembly","bronze:ChildClass"],"picked":"bronze:ClassDefault","floor":13},{"not_picked":["bronze:FineTuning","bronze:Invalidate"],"picked":"bronze:BugBarrage","floor":14},{"not_picked":["bronze:Backtrace","bronze:Frontload"],"picked":"bronze:ForLoop","floor":15}],"player_experience":1017716,"relics_obtained":[{"floor":5,"key":"PreservedInsect"},{"floor":6,"key":"Blood Vial"},{"floor":7,"key":"Anchor"},{"floor":9,"key":"Oddly Smooth Stone"}],"event_choices":[{"cards_removed":["bronze:Strike"],"damage_healed":0,"gold_gain":0,"player_choice":"Card Removal","damage_taken":0,"max_hp_gain":0,"max_hp_loss":0,"event_name":"The Cleric","floor":11,"gold_loss":0}],"is_beta":false,"boss_relics":[],"items_purged_floors":[],"is_endless":false,"potions_floor_spawned":[2,9,15],"killed_by":"WA_ARCHETYPE_RETAIN","ascension_level":0}}