{"host":"la6t950uoatqs0xt","time":1611029906,"event":{"mods":["AchievementEnabler","BaseMod","Colored Powertips","Minty Spire (QoL Compilation)","Quick Restart","Rare Cards Sparkle"],"gold_per_floor":[112,112,123,140,158,158,190,190,190,268,288,288,29,49,49,144,144,157,170,170,106,125,125,142,142,142,172,172,189,208,219,219,219,219],"floor_reached":33,"language":"ENG","playtime":1037,"items_purged":["Strike_B"],"score":334,"play_id":"1b844c20-2088-4d96-9944-cd766552f694","local_time":"20210118231826","is_ascension_mode":true,"campfire_choices":[{"data":"Redo","floor":6,"key":"SMITH"},{"data":"Dualcast","floor":8,"key":"SMITH"},{"data":"Rainbow","floor":15,"key":"SMITH"},{"floor":23,"key":"REST"},{"floor":25,"key":"REST"},{"floor":28,"key":"REST"},{"floor":32,"key":"REST"}],"circlet_count":0,"master_deck":["Strike_B","Strike_B","Strike_B","Defend_B","Defend_B","Defend_B","Defend_B","Zap+1","Dualcast+1","Ball Lightning+1","Rainbow+1","Redo+1","Conserve Battery","Auto Shields","Ball Lightning","Seek","Ball Lightning","Redo"],"relics":["Cracked Core","Omamori","Strawberry","Letter Opener","Lee\u0027s Waffle","Odd Mushroom","SlaversCollar","Molten Egg 2","Matryoshka","Nunchaku","Vajra","Singing Bowl"],"acts_visited":["Exordium","TheCity"],"potions_floor_usage":[7,16,33,33],"damage_taken":[{"damage":0,"enemies":"Cultist","floor":1,"turns":3},{"damage":0,"enemies":"Small Slimes","floor":3,"turns":2},{"damage":7,"enemies":"Jaw Worm","floor":4,"turns":2},{"damage":3,"enemies":"Blue Slaver","floor":5,"turns":3},{"damage":19,"enemies":"3 Sentries","floor":7,"turns":5},{"damage":1,"enemies":"Looter","floor":11,"turns":2},{"damage":0,"enemies":"The Mushroom Lair","floor":14,"turns":3},{"damage":40,"enemies":"Hexaghost","floor":16,"turns":8},{"damage":24,"enemies":"Chosen","floor":18,"turns":5},{"damage":10,"enemies":"Shell Parasite","floor":19,"turns":4},{"damage":21,"enemies":"Centurion and Healer","floor":22,"turns":6},{"damage":5,"enemies":"Cultist and Chosen","floor":24,"turns":4},{"damage":71,"enemies":"Gremlin Leader","floor":27,"turns":6},{"damage":0,"enemies":"Chosen and Byrds","floor":29,"turns":4},{"damage":20,"enemies":"Snake Plant","floor":30,"turns":3},{"damage":19,"enemies":"Cultist and Chosen","floor":31,"turns":5},{"damage":35,"enemies":"Collector","floor":33,"turns":6}],"seed_played":"-2516223897117880319","potions_obtained":[{"floor":4,"key":"Fire Potion"},{"floor":5,"key":"LiquidBronze"},{"floor":7,"key":"DistilledChaos"},{"floor":11,"key":"BlessingOfTheForge"},{"floor":14,"key":"Strength Potion"},{"floor":27,"key":"FearPotion"},{"floor":30,"key":"AttackPotion"}],"is_trial":false,"path_per_floor":["M","?","M","M","M","R","E","R","T","?","M","T","$","?","R","B",null,"M","M","?","?","M","R","M","R","T","E","R","M","M","M","R","B"],"character_chosen":"DEFECT","items_purchased":["Lee\u0027s Waffle","Auto Shields"],"campfire_rested":4,"item_purchase_floors":[13,13],"current_hp_per_floor":[75,75,75,68,65,65,46,46,53,53,52,52,89,89,89,49,89,65,55,55,55,34,60,55,81,81,12,39,41,23,6,35,0,0],"gold":219,"neow_bonus":"UPGRADE_CARD","is_daily":false,"chose_seed":false,"campfire_upgraded":3,"win_rate":0.0,"timestamp":1611029906,"path_taken":["M","?","M","M","M","R","E","R","T","?","M","?","$","?","R","BOSS","M","M","?","?","M","R","M","R","T","E","R","M","M","?","R","BOSS"],"items_purchased_type":["Relic","Card"],"build_version":"2020-12-22","purchased_purges":1,"victory":false,"max_hp_per_floor":[75,75,75,75,75,75,75,75,82,82,82,82,89,89,89,89,89,89,89,89,89,89,89,89,89,89,91,91,93,95,97,97,97,97],"card_choices":[{"not_picked":["Streamline","White Noise"],"picked":"Ball Lightning","floor":1},{"not_picked":["Compile Driver","Force Field","Streamline"],"picked":"SKIP","floor":3},{"not_picked":["Turbo","Hologram"],"picked":"Rainbow","floor":4},{"not_picked":["Steam","Beam Cell"],"picked":"Redo","floor":5},{"not_picked":["Glacier","Blizzard"],"picked":"Conserve Battery","floor":7},{"not_picked":["Reprogram","Conserve Battery","Blizzard"],"picked":"SKIP","floor":11},{"not_picked":["Gash","Streamline"],"picked":"Ball Lightning","floor":14},{"not_picked":["Thunder Strike","Reboot"],"picked":"Seek","floor":16},{"not_picked":["Hello World","Double Energy"],"picked":"Ball Lightning","floor":18},{"not_picked":["Coolheaded+1","Rebound"],"picked":"Redo","floor":19},{"not_picked":["Stack+1","Sweeping Beam+1","Barrage+1"],"picked":"SKIP","floor":22},{"not_picked":["Compile Driver+1","Reprogram+1","Sweeping Beam+1"],"picked":"SKIP","floor":24},{"not_picked":["Compile Driver+1","Heatsinks","Go for the Eyes+1"],"picked":"Singing Bowl","floor":27},{"not_picked":["Coolheaded","Hologram","Go for the Eyes+1"],"picked":"Singing Bowl","floor":29},{"not_picked":["Coolheaded","Compile Driver+1","Steam"],"picked":"Singing Bowl","floor":30},{"not_picked":["Consume","Hologram","Steam Power"],"picked":"Singing Bowl","floor":31}],"player_experience":267171,"relics_obtained":[{"floor":7,"key":"Omamori"},{"floor":9,"key":"Strawberry"},{"floor":12,"key":"Letter Opener"},{"floor":14,"key":"Odd Mushroom"},{"floor":26,"key":"Nunchaku"},{"floor":26,"key":"Vajra"},{"floor":27,"key":"Singing Bowl"}],"event_choices":[{"damage_healed":0,"gold_gain":0,"player_choice":"Grow","damage_taken":0,"max_hp_gain":0,"max_hp_loss":0,"event_name":"Living Wall","floor":2,"gold_loss":0,"cards_upgraded":["Ball Lightning"]},{"damage_healed":0,"gold_gain":78,"player_choice":"Gained Gold","damage_taken":0,"max_hp_gain":0,"max_hp_loss":0,"event_name":"Golden Wing","floor":10,"gold_loss":0},{"damage_healed":0,"gold_gain":0,"player_choice":"Fought Mushrooms","damage_taken":0,"max_hp_gain":0,"max_hp_loss":0,"event_name":"Mushrooms","floor":14,"gold_loss":0},{"damage_healed":0,"gold_gain":0,"player_choice":"Opened","damage_taken":0,"relics_obtained":["Molten Egg 2"],"max_hp_gain":0,"max_hp_loss":0,"event_name":"The Mausoleum","floor":20,"gold_loss":0,"cards_obtained":["Writhe"]},{"damage_healed":0,"gold_gain":0,"player_choice":"Paid Gold","damage_taken":0,"relics_obtained":["Matryoshka"],"max_hp_gain":0,"max_hp_loss":0,"event_name":"WeMeetAgain","floor":21,"gold_loss":64}],"is_beta":false,"boss_relics":[{"not_picked":["Runic Dome","Astrolabe"],"picked":"SlaversCollar"}],"items_purged_floors":[13],"is_endless":false,"potions_floor_spawned":[4,5,7,11,14,18,27,30],"killed_by":"Collector","ascension_level":3}}