{"host":"xp5rvh2jwe2ejyfm","time":1611018807,"event":{"mods":["BaseMod","Hermit","Minty Spire (QoL Compilation)","Replay The Spire","StSLib","The Construct","The Cursed","The Disciple","The Hierophant","The Necromancer","The Runesmith"],"gold_per_floor":[117,38,52,64,82,82,109,109,109,123,137,157,157,97,97,199,199,211,38,48,65,81,81,139,139,166,176,188,188,188,188],"floor_reached":30,"language":"ENG","playtime":1106,"items_purged":[],"score":286,"play_id":"e06dae65-7253-409e-9dd7-0f994f47605f","local_time":"20210118201327","is_ascension_mode":false,"campfire_choices":[{"floor":6,"key":"REST"},{"data":"hermit:Brawl","floor":8,"key":"SMITH"},{"floor":13,"key":"REST"},{"floor":15,"key":"RECALL"},{"floor":23,"key":"REST"},{"floor":25,"key":"REST"}],"circlet_count":0,"master_deck":["hermit:Strike_Hermit+1","hermit:Strike_Hermit+1","hermit:Strike_Hermit+1","hermit:Strike_Hermit+1","hermit:Defend_Hermit+1","hermit:Defend_Hermit+1","hermit:Defend_Hermit+1","hermit:Defend_Hermit+1","hermit:Snapshot","hermit:Covet","hermit:Ricochet","hermit:Brawl+1","hermit:Maintenance","hermit:Feint","hermit:Dive","hermit:Ricochet","hermit:RoundhouseKick","hermit:HighCaliber","hermit:Misfire","hermit:Roughhouse","hermit:Vantage","hermit:TakeAim","Hallucinations","hermit:PistolWhip","hermit:LowProfile+1","hermit:Gestalt+1","ReplayTheSpireMod:Splinters","hermit:PistolWhip","hermit:Manifest+1","hermit:Misfire+1","hermit:Scavenge+1"],"relics":["hermit:Momento","NeowsBlessing","Replay:Ringing Soul","TungstenRod","BranchBurnRelic","Black Star","ReplayTheSpireMod:CursedCoin","Divine Protection","Snack Pack"],"acts_visited":["Exordium","TheCity"],"potions_floor_usage":[7,16,18,22],"damage_taken":[{"damage":0,"enemies":"Cultist","floor":1,"turns":1},{"damage":0,"enemies":"Small Slimes","floor":3,"turns":1},{"damage":0,"enemies":"Jaw Worm","floor":4,"turns":1},{"damage":22,"enemies":"Large Slime","floor":5,"turns":5},{"damage":36,"enemies":"Gremlin Nob","floor":7,"turns":6},{"damage":0,"enemies":"2 Fungi Beasts","floor":10,"turns":3},{"damage":3,"enemies":"Exordium Wildlife","floor":11,"turns":4},{"damage":12,"enemies":"Red Slaver","floor":12,"turns":4},{"damage":12,"enemies":"Slime Boss","floor":16,"turns":8},{"damage":10,"enemies":"3 Byrds","floor":18,"turns":6},{"damage":15,"enemies":"2 Thieves","floor":20,"turns":5},{"damage":28,"enemies":"Snake Plant","floor":21,"turns":5},{"damage":28,"enemies":"Shelled Parasite and Fungi","floor":22,"turns":9},{"damage":41,"enemies":"Sentry and Sphere","floor":27,"turns":11},{"damage":12,"enemies":"Snake Plant","floor":28,"turns":5},{"damage":66,"enemies":"Slavers","floor":30,"turns":4}],"seed_played":"-5314887306645938845","potions_obtained":[{"floor":5,"key":"ColorlessPotion"},{"floor":10,"key":"Strength Potion"},{"floor":16,"key":"LiquidMemories"},{"floor":21,"key":"Languid Potion"}],"is_trial":false,"path_per_floor":["M","$","M","M","M","R","E","R","T","M","M","M","R","?","R","B",null,"M","$","M","M","M","R","?","R","T","M","M","?","E"],"character_chosen":"HERMIT","items_purchased":["hermit:Brawl","hermit:TakeAim","ReplayTheSpireMod:CursedCoin","Divine Protection"],"campfire_rested":4,"item_purchase_floors":[2,19,19,19],"current_hp_per_floor":[75,75,75,75,53,75,42,42,42,45,45,36,62,62,62,68,90,83,86,74,49,24,55,58,90,90,69,60,60,0,0],"gold":188,"neow_bonus":"THREE_ENEMY_KILL","is_daily":false,"chose_seed":false,"campfire_upgraded":1,"win_rate":0.0,"timestamp":1611018807,"path_taken":["M","$","M","M","M","R","E","R","T","M","?","M","R","?","R","BOSS","M","$","M","?","M","R","?","R","T","M","M","?","E"],"items_purchased_type":["Card","Card","Relic","Relic"],"build_version":"2020-12-22","purchased_purges":0,"victory":false,"max_hp_per_floor":[75,75,75,75,75,75,78,78,78,81,84,87,87,87,87,90,90,93,96,99,102,105,105,108,108,108,111,114,114,114,114],"card_choices":[{"not_picked":["hermit:Glare","hermit:HoleUp"],"picked":"hermit:Ricochet","floor":1},{"not_picked":["hermit:BigShot","hermit:Roulette"],"picked":"hermit:Maintenance","floor":3},{"not_picked":["hermit:Roulette","hermit:Misfire"],"picked":"hermit:Feint","floor":4},{"not_picked":["hermit:Roulette","hermit:Snipe"],"picked":"hermit:Dive","floor":5},{"not_picked":["hermit:CursedWeapon","hermit:BodyArmor"],"picked":"hermit:Ricochet","floor":7},{"not_picked":["hermit:TrackingShot","hermit:Quickdraw"],"picked":"hermit:RoundhouseKick","floor":10},{"not_picked":["hermit:WideOpen","hermit:Roulette"],"picked":"hermit:HighCaliber","floor":11},{"not_picked":["hermit:CalledShot","hermit:Manifest"],"picked":"hermit:Misfire","floor":12},{"not_picked":["hermit:EternalForm","hermit:Adapt"],"picked":"hermit:Roughhouse","floor":16},{"not_picked":["hermit:CalledShot","hermit:Desperado+1"],"picked":"hermit:Vantage","floor":18},{"not_picked":["hermit:Misfire","hermit:SprayPray"],"picked":"hermit:PistolWhip","floor":20},{"not_picked":["hermit:LoneWolf","hermit:ItchyTrigger"],"picked":"hermit:LowProfile+1","floor":21},{"not_picked":["hermit:Adapt","hermit:Roulette+1"],"picked":"hermit:Gestalt+1","floor":22},{"not_picked":["hermit:CalledShot+1","hermit:Headshot"],"picked":"hermit:PistolWhip","floor":24},{"not_picked":["hermit:PistolWhip","hermit:Feint"],"picked":"hermit:Manifest+1","floor":24},{"not_picked":["hermit:TakeCover+1","hermit:Ricochet"],"picked":"hermit:Misfire+1","floor":27},{"not_picked":["hermit:Desperado+1","hermit:Headshot"],"picked":"hermit:Scavenge+1","floor":28}],"player_experience":235421,"relics_obtained":[{"floor":7,"key":"Replay:Ringing Soul"},{"floor":9,"key":"TungstenRod"},{"floor":24,"key":"Snack Pack"}],"event_choices":[{"damage_healed":0,"gold_gain":0,"player_choice":"Paid Gold","damage_taken":0,"relics_obtained":["Dead Branch"],"max_hp_gain":0,"max_hp_loss":0,"event_name":"WeMeetAgain","floor":14,"gold_loss":60},{"damage_healed":0,"gold_gain":0,"player_choice":"Simplicity","damage_taken":0,"max_hp_gain":0,"max_hp_loss":0,"event_name":"Back to Basics","floor":29,"gold_loss":0,"cards_upgraded":["hermit:Strike_Hermit","hermit:Strike_Hermit","hermit:Strike_Hermit","hermit:Strike_Hermit","hermit:Defend_Hermit","hermit:Defend_Hermit","hermit:Defend_Hermit","hermit:Defend_Hermit"]}],"is_beta":false,"boss_relics":[{"not_picked":["Pandora\u0027s Box","construct:ClawGrip"],"picked":"Black Star"}],"items_purged_floors":[],"is_endless":false,"potions_floor_spawned":[5,10,16,21],"killed_by":"Slavers","ascension_level":0}}