{"host":"obplhmlw33xb91v8","time":1611099548,"event":{"mods":["BaseMod","Block Reminder","Curses Come First","Dio Mod","Evolution","Friendly Minions","HololiveMod","Koishi","Minty Spire (QoL Compilation)","Quick Restart","Relic Stats","Shop Mod","Spicy Shops","StSLib","SuperFastMode","The IronCluck","The Servant 0.9.4","Uncapped","Waifu the Spire","Yakumo Yukari mod","Yohane!","Youmu??????","Yuyuko","egg"],"gold_per_floor":[111,9,9,24,40,40,69,83,83,83,48,75,75,102,102,206,206,217,105,125,137,137,137,137,137,137,2,21,21,21],"floor_reached":29,"language":"ENG","playtime":1131,"items_purged":[],"score":231,"play_id":"b4b7242e-c3ed-4642-80a7-3a319c6f5fa5","local_time":"20210119183908","is_ascension_mode":false,"campfire_choices":[{"data":"Yohane:Little_Demon_Lily","floor":6,"key":"SMITH"},{"floor":13,"key":"REST"},{"data":"Yohane:Little_Demon_Ruby","floor":15,"key":"SMITH"},{"floor":23,"key":"REST"},{"data":"Yohane:City_Of_Sin","floor":25,"key":"SMITH"}],"circlet_count":0,"master_deck":["Yohane:Strike_Grey","Yohane:Strike_Grey+1","Yohane:Strike_Grey","Yohane:Defend_Grey","Yohane:Defend_Grey","Yohane:Defend_Grey","Yohane:Defend_Grey","Yohane:Little_Demon_Lily+1","Yohane:Well_Laid_Ambush","Yohane:Angel_Tears","Yohane:Hakodate","Yohane:Wrath+1","Yohane:Little_Demon_Hanamaru","Yohane:Inspiration","Yohane:One_Two","Yohane:Hakodate","Yohane:Little_Demon_Ruby+1","Yohane:City_Of_Sin+1","Yohane:Lust","Yohane:Grace_Under_Fire","Yohane:Misfortune+1","Yohane:Blazing","Yohane:Ice_Cream_Assault","Yohane:Snow_Halation"],"relics":["Yohane:AngelWings","EVO:Axolotl","NeowsBlessing","Bag of Marbles","Omamori","Eternal Feather","Bottled Lightning","Oddly Smooth Stone","SlaversCollar","Lee\u0027s Waffle","Matryoshka","Smiling Mask","Bag of Preparation","Turnip"],"acts_visited":["Exordium","TheCity"],"potions_floor_usage":[29],"damage_taken":[{"damage":0,"enemies":"Small Slimes","floor":1,"turns":2},{"damage":0,"enemies":"Jaw Worm","floor":4,"turns":1},{"damage":0,"enemies":"2 Louse","floor":5,"turns":2},{"damage":10,"enemies":"Gremlin Nob","floor":7,"turns":4},{"damage":6,"enemies":"Red Slaver","floor":8,"turns":4},{"damage":21,"enemies":"3 Sentries","floor":12,"turns":5},{"damage":39,"enemies":"Hexaghost","floor":16,"turns":9},{"damage":12,"enemies":"Shell Parasite","floor":18,"turns":2},{"damage":6,"enemies":"3 Byrds","floor":20,"turns":5},{"damage":26,"enemies":"3 Cultists","floor":21,"turns":5},{"damage":45,"enemies":"Snake Plant","floor":28,"turns":3},{"damage":25,"enemies":"Book of Stabbing","floor":29,"turns":5}],"seed_played":"3145027156159678691","potions_obtained":[{"floor":1,"key":"Strength Potion"},{"floor":8,"key":"SkillPotion"},{"floor":12,"key":"SkillPotion"}],"is_trial":false,"path_per_floor":["M","$","?","M","M","R","E","M","T","?","?","E","R","T","R","B",null,"M","$","M","M","T","R","?","R","T","$","M","E"],"character_chosen":"FallenAngel","items_purchased":["Yohane:Hakodate","Yohane:Wrath","Lee\u0027s Waffle","Yohane:Grace_Under_Fire","Turnip","Yohane:Ice_Cream_Assault"],"campfire_rested":2,"item_purchase_floors":[2,2,19,19,27,27],"current_hp_per_floor":[60,60,48,48,48,48,38,32,32,20,35,14,41,41,50,11,60,48,67,61,35,35,67,67,67,67,67,22,0,0],"gold":21,"neow_bonus":"THREE_ENEMY_KILL","is_daily":false,"chose_seed":false,"campfire_upgraded":3,"win_rate":0.0,"timestamp":1611099548,"path_taken":["M","$","?","M","M","R","E","M","T","?","?","E","R","?","R","BOSS","M","$","M","M","?","R","?","R","T","$","?","E"],"items_purchased_type":["Card","Card","Relic","Card","Relic","Card"],"build_version":"2020-12-22","purchased_purges":0,"victory":false,"max_hp_per_floor":[60,60,60,60,60,60,60,60,60,60,60,60,60,60,60,60,60,60,67,67,67,67,67,67,67,67,67,67,67,67],"relic_stats":{"Lee\u0027s Waffle":19,"counters":[12,47],"Eternal Feather":30,"Turnip":[2],"Bag of Preparation":[4],"Smiling Mask":0,"obtain_stats":[{"Lee\u0027s Waffle":19,"NeowsBlessing":0,"Oddly Smooth Stone":14,"Eternal Feather":10,"Omamori":9,"Bag of Preparation":26,"EVO:Axolotl":0,"Yohane:AngelWings":0,"Smiling Mask":26,"SlaversCollar":17,"Matryoshka":22,"Turnip":27,"Bag of Marbles":7,"Bottled Lightning":12},{"Lee\u0027s Waffle":8,"NeowsBlessing":0,"Oddly Smooth Stone":6,"Eternal Feather":5,"Omamori":5,"Bag of Preparation":10,"EVO:Axolotl":0,"Yohane:AngelWings":0,"Smiling Mask":10,"SlaversCollar":7,"Matryoshka":10,"Turnip":10,"Bag of Marbles":4,"Bottled Lightning":6},{"Lee\u0027s Waffle":29,"NeowsBlessing":0,"Oddly Smooth Stone":18,"Eternal Feather":13,"Omamori":13,"Bag of Preparation":39,"EVO:Axolotl":0,"Yohane:AngelWings":0,"Smiling Mask":39,"SlaversCollar":27,"Matryoshka":39,"Turnip":39,"Bag of Marbles":9,"Bottled Lightning":18}]},"card_choices":[{"not_picked":["Yohane:Retaliation","Yohane:Schwarz_Sechs"],"picked":"Yohane:Angel_Tears","floor":1},{"not_picked":["Yohane:Hell_Zone","Yohane:Little_Demon_Mari"],"picked":"Yohane:Little_Demon_Hanamaru","floor":4},{"not_picked":["Yohane:Impressive_Display","Yohane:Gluttony"],"picked":"Yohane:Inspiration","floor":5},{"not_picked":["Yohane:Soul_Peek","Yohane:Little_Demon_Ruby"],"picked":"Yohane:One_Two","floor":7},{"not_picked":["Yohane:Lailapse","Yohane:Energy_Change"],"picked":"Yohane:Hakodate","floor":8},{"not_picked":["Yohane:Hakodate","Yohane:Imagine_Breaker"],"picked":"Yohane:Little_Demon_Ruby","floor":12},{"not_picked":["Yohane:Strawberry_Trapper","Yohane:Go_All_Out"],"picked":"Yohane:City_Of_Sin","floor":16},{"not_picked":["Yohane:Little_Demon_Ruby","Yohane:Hakodate+1"],"picked":"Yohane:Lust","floor":18},{"not_picked":["Yohane:Excitement","Yohane:Grace_Under_Fire"],"picked":"Yohane:Misfortune+1","floor":20},{"not_picked":["Yohane:Backfoot","Yohane:Livestream_Donation"],"picked":"Yohane:Blazing","floor":21},{"not_picked":["Yohane:Retaliation","Yohane:Livestream_Donation"],"picked":"Yohane:Snow_Halation","floor":28}],"player_experience":222085,"relics_obtained":[{"floor":7,"key":"Bag of Marbles"},{"floor":9,"key":"Omamori"},{"floor":12,"key":"Bottled Lightning"},{"floor":14,"key":"Oddly Smooth Stone"},{"floor":22,"key":"Matryoshka"},{"floor":26,"key":"Smiling Mask"},{"floor":26,"key":"Bag of Preparation"}],"event_choices":[{"damage_healed":0,"gold_gain":0,"player_choice":"Entered Light","damage_taken":12,"max_hp_gain":0,"max_hp_loss":0,"event_name":"Shining Light","floor":3,"gold_loss":0,"cards_upgraded":["Yohane:Wrath","Yohane:Strike_Grey"]},{"damage_healed":0,"gold_gain":0,"player_choice":"Success","damage_taken":12,"relics_obtained":["Eternal Feather"],"max_hp_gain":0,"max_hp_loss":0,"event_name":"Scrap Ooze","floor":10,"gold_loss":0},{"damage_healed":15,"gold_gain":0,"player_choice":"Healed","damage_taken":0,"max_hp_gain":0,"max_hp_loss":0,"event_name":"The Cleric","floor":11,"gold_loss":35},{"cards_removed":["Yohane:Strike_Grey"],"damage_healed":0,"gold_gain":0,"player_choice":"Purged","damage_taken":0,"max_hp_gain":0,"max_hp_loss":0,"event_name":"Purifier","floor":24,"gold_loss":0}],"is_beta":false,"boss_relics":[{"not_picked":["Tiny House","Runic Pyramid"],"picked":"SlaversCollar"}],"items_purged_floors":[],"is_endless":false,"potions_floor_spawned":[1,8,12,16,18,21],"killed_by":"Book of Stabbing","ascension_level":0}}