{"host":"k2x36244ucab5lxq","time":1611090663,"event":{"mods":["2.2 Compatiblity","AchievementEnabler","Act Like it!","Aspiration","BaseMod","Beaked The Cultist","Better Altar","Better Match","Better Note","Better Sensory Stone","Better Skull","Better Third Choice","Better Vampires","BetterRewards","Block Reminder","CatGirl Mod","Clockwork Mod","Colored Map","Conspire","Curses Come First","Downfall","Energized Spire","Gensokyo","GungeonMod","Halation","Hermit","Hubris","Infinite Spire","Jedi Mod","JesterMod","Jorbs\u0027s Wanderer Trilogy","Marisa????????","Marked Mod","Mimic Mod","Minty Spire (QoL Compilation)","Pale of the Ancients","Random Character Button","Rare Cards Sparkle","Relic Sorter","Relic Stats","SCP261 Mod","Shop Mod","StSLib","The Administrix","The Alterego","The Blackbeard","The Bladedancer","The Construct","The Cursed","The Disciple","The Problem Sleuth","The Sage","The Servant 0.9.4","The Showman","Transform Curses","Unceasing Turn Reminder","egg","everything is the same but u backflip on backflip","slay the spire mod where everything is the same but ironclad has a cowboy hat","thorton"],"gold_per_floor":[99,117,117,117,129,148,148,181,194,211,111,128,143,168,188,284,284,184,201,201,201,115,115,166,201,105,124,143,143,156,156,166,264,264,164,175,185,118,134,149,187,237,237,237,237,237,255,255,274,274,274,303,132,132,132,132,132,132],"floor_reached":56,"language":"ENG","playtime":4256,"items_purged":["bronze:Defend"],"score":1183,"play_id":"c2a1a99f-1a7d-4e32-a573-bb0f264b859a","local_time":"20210119161103","is_ascension_mode":false,"campfire_choices":[{"floor":1,"key":"RECALL"},{"floor":11,"key":"REST"},{"data":"bronze:Mutator","floor":18,"key":"SMITH"},{"data":"bronze:Verify","floor":23,"key":"SMITH"},{"data":"bronze:BronzeOrb","floor":35,"key":"SMITH"},{"data":"bronze:Goto","floor":43,"key":"SMITH"},{"data":"bronze:Iterate","floor":45,"key":"SMITH"},{"floor":54,"key":"REST"}],"circlet_count":0,"master_deck":["bronze:Strike","bronze:Strike","bronze:Strike+1","bronze:Strike","bronze:Defend","bronze:Defend","bronze:Defend","bronze:Replicate","bronze:Goto+1","bronze:CutThrough","Finesse","bronze:FineTuning","bronze:Frontload","bronze:Mutator+1","bronze:Overheat","bronze:Iterate+1","bronze:Return","bronze:DarkDash","bronze:Shield","bronze:ChosenStrike+1","bronze:ThunderWave","bronze:Virus","bronze:Verify+1","bronze:FindAndReplace","bronze:HardenedForm","bronze:ChosenStrike","bronze:BronzeOrb+1","bronze:Branch+1","bronze:GetLatest+1","bronze:FollowUp","bronze:Repair","bronze:GetLatest+1","bronze:ItsAFeature","bronze:BronzeOrb+1","expansioncontent:DashGenerateEvil"],"relics":["bronze:BronzeCore","aspiration:Lifesprig","Lizard Tail","downfall:HeartBlessingRed","hubris:FunFungus","energizedSpire:NeverEndingSparkler","downfall:HeartBlessingGreen","Question Card","hubris:RunicObelisk","downfall:HeartBlessingBlue","Pantograph","aspiration:StickyExplosives_weak","sagemod:Creepy_Carousel","halation:PinkSoulGem","Whetstone"],"acts_visited":["Exordium","TheCity","TheBeyond","TheEnding"],"potions_floor_usage":[13,14,15,16,16,33,33,39,47],"damage_taken":[{"damage":1,"enemies":"Cultist","floor":2,"turns":4},{"damage":0,"enemies":"2 Louse","floor":5,"turns":3},{"damage":0,"enemies":"conspire:RoseBush","floor":6,"turns":4},{"damage":37,"enemies":"Gremlin Nob","floor":8,"turns":5},{"damage":12,"enemies":"Gremlin Gang","floor":9,"turns":7},{"damage":9,"enemies":"Exordium Wildlife","floor":10,"turns":3},{"damage":0,"enemies":"Large Slime","floor":12,"turns":5},{"damage":2,"enemies":"Lots of Slimes","floor":13,"turns":4},{"damage":1,"enemies":"3 Sentries","floor":14,"turns":8},{"damage":4,"enemies":"2 Fungi Beasts","floor":15,"turns":2},{"damage":17,"enemies":"WA_ARCHETYPE_RETAIN","floor":16,"turns":7},{"damage":24,"enemies":"3 Byrds","floor":19,"turns":6},{"damage":9,"enemies":"downfall:FleeingMerchant","floor":22,"turns":4},{"damage":29,"enemies":"Book of Stabbing","floor":25,"turns":6},{"damage":0,"enemies":"downfall:FleeingMerchant","floor":26,"turns":4},{"damage":0,"enemies":"conspire:FuzzyDice","floor":27,"turns":5},{"damage":9,"enemies":"Centurion and Healer","floor":28,"turns":16},{"damage":0,"enemies":"Snecko","floor":30,"turns":4},{"damage":19,"enemies":"Sentry and Sphere","floor":32,"turns":4},{"damage":4,"enemies":"SI_MIRROR_ARCHETYPE","floor":33,"turns":7},{"damage":34,"enemies":"3 Darklings","floor":36,"turns":11},{"damage":0,"enemies":"Orb Walker","floor":37,"turns":2},{"damage":0,"enemies":"downfall:FleeingMerchant","floor":38,"turns":3},{"damage":5,"enemies":"Writhing Mass","floor":39,"turns":4},{"damage":0,"enemies":"Spire Growth","floor":40,"turns":4},{"damage":2,"enemies":"Transient","floor":41,"turns":8},{"damage":4,"enemies":"Transient","floor":42,"turns":4},{"damage":0,"enemies":"Transient","floor":47,"turns":5},{"damage":12,"enemies":"Jaw Worm Horde","floor":49,"turns":3},{"damage":34,"enemies":"DF_ARCHETYPE_ORBS","floor":50,"turns":8},{"damage":59,"enemies":"downfall:CharBossMerchant","floor":52,"turns":8},{"damage":51,"enemies":"downfall:NeowBoss","floor":55,"turns":15},{"damage":154,"enemies":"downfall:NeowBossFinal","floor":56,"turns":5}],"seed_played":"-3841823041800326295","potions_obtained":[{"floor":9,"key":"SCP261:BarrettColaPotion"},{"floor":10,"key":"BlessingOfTheForge"},{"floor":12,"key":"Fire Potion"},{"floor":13,"key":"Weak Potion"},{"floor":14,"key":"BlessingOfTheForge"},{"floor":19,"key":"champ:CounterPotion"},{"floor":27,"key":"bronze:BuildAFunctionPotion"},{"floor":28,"key":"jedi:StrikingPotion"},{"floor":33,"key":"FearPotion"},{"floor":36,"key":"Fire Potion"},{"floor":39,"key":"SteroidPotion"},{"floor":40,"key":"jedi:StrikingPotion"},{"floor":47,"key":"SpeedPotion"}],"is_trial":false,"path_per_floor":["R","M","?","?","M","M","T","E","M","M","R","M","M","E","M","B",null,"R","M","?","?","$","R","T","E","$","M","M","?","M","?","M","B",null,"R","M","M","$","M","M","MIM","?","R","?","R","?","M","?","M","B",null,"E","$","R","B","B"],"character_chosen":"THE_AUTOMATON","items_purchased":["bronze:FindAndReplace","bronze:BronzeOrb","bronze:ItsAFeature","Pantograph","expansioncontent:DashGenerateEvil"],"campfire_rested":2,"item_purchase_floors":[22,26,38,38,53],"current_hp_per_floor":[77,76,76,76,76,76,76,39,27,18,41,41,39,38,34,17,77,77,54,54,54,48,48,48,20,21,25,56,56,57,62,44,50,77,87,72,72,79,81,87,85,87,87,87,87,87,87,87,87,66,87,32,32,58,54,0,0,0],"gold":132,"neow_bonus":"TEN_PERCENT_HP_BONUS","is_daily":false,"chose_seed":false,"campfire_upgraded":5,"win_rate":0.0,"timestamp":1611090663,"path_taken":["R","M","?","?","M","M","T","E","M","M","R","M","?","E","M","BOSS","R","M","?","?","$","R","T","E","$","?","M","?","M","?","M","BOSS","R","?","M","$","M","M","MIM","?","R","?","R","?","M","?","M","BOSS","E","$","R","BOSS","BOSS"],"items_purchased_type":["Card","Card","Card","Relic","Card"],"build_version":"2020-12-22","purchased_purges":1,"victory":false,"max_hp_per_floor":[77,77,77,77,77,77,77,77,77,77,77,77,77,77,77,77,77,77,77,77,77,77,77,77,77,77,77,77,77,77,77,77,77,77,87,87,87,87,87,87,87,87,87,87,87,87,87,87,87,87,87,87,87,87,87,87,87,87],"relic_stats":{"Lizard Tail":43,"counters":[33,188],"Pantograph":52,"Whetstone":["bronze:Strike","bronze:ChosenStrike"],"Question Card":25,"obtain_stats":[{"aspiration:Lifesprig":7,"bronze:BronzeCore":0,"downfall:HeartBlessingRed":11,"downfall:HeartBlessingGreen":18,"DemoMod:GlassGuonStoneRelic":6,"Whetstone":52,"hubris:RunicObelisk":34,"Question Card":25,"aspiration:StickyExplosives_weak":41,"Lizard Tail":8,"energizedSpire:NeverEndingSparkler":17,"downfall:HeartBlessingBlue":35,"Pantograph":38,"sagemod:Creepy_Carousel":42,"hubris:FunFungus":14,"halation:PinkSoulGem":44},{"aspiration:Lifesprig":3,"bronze:BronzeCore":0,"downfall:HeartBlessingRed":6,"downfall:HeartBlessingGreen":11,"DemoMod:GlassGuonStoneRelic":3,"Whetstone":31,"hubris:RunicObelisk":20,"Question Card":14,"aspiration:StickyExplosives_weak":26,"Lizard Tail":4,"energizedSpire:NeverEndingSparkler":11,"downfall:HeartBlessingBlue":20,"Pantograph":23,"sagemod:Creepy_Carousel":27,"hubris:FunFungus":9,"halation:PinkSoulGem":27},{"aspiration:Lifesprig":11,"bronze:BronzeCore":0,"downfall:HeartBlessingRed":26,"downfall:HeartBlessingGreen":52,"DemoMod:GlassGuonStoneRelic":11,"Whetstone":168,"hubris:RunicObelisk":108,"Question Card":68,"aspiration:StickyExplosives_weak":140,"Lizard Tail":16,"energizedSpire:NeverEndingSparkler":52,"downfall:HeartBlessingBlue":108,"Pantograph":124,"sagemod:Creepy_Carousel":144,"hubris:FunFungus":43,"halation:PinkSoulGem":144}]},"card_choices":[{"not_picked":["bronze:BitShift","bronze:DelayedGuard"],"picked":"bronze:CutThrough","floor":2},{"not_picked":["DemoMod:Spice","jedi:LeechingStrike"],"picked":"Finesse","floor":3},{"not_picked":["bronze:BugBarrage","bronze:Frontload"],"picked":"bronze:FineTuning","floor":5},{"not_picked":["bronze:BronzeArmor","bronze:CutThrough"],"picked":"bronze:Frontload","floor":6},{"not_picked":["bronze:BitShift","bronze:Shell"],"picked":"bronze:Mutator","floor":8},{"not_picked":["bronze:DigitalCarnage","bronze:Invalidate"],"picked":"bronze:Overheat","floor":9},{"not_picked":["bronze:CutThrough","bronze:WhirlingStrike"],"picked":"bronze:Iterate","floor":10},{"not_picked":["bronze:Iterate","bronze:ClassDefault"],"picked":"bronze:Return","floor":12},{"not_picked":["bronze:Fortify","bronze:BugBarrage"],"picked":"bronze:DarkDash","floor":13},{"not_picked":["bronze:ShipIt","bronze:Repair"],"picked":"bronze:Shield","floor":14},{"not_picked":["bronze:NullPointer","bronze:WhirlingStrike"],"picked":"bronze:ChosenStrike","floor":15},{"not_picked":["bronze:CleanCode","bronze:Assembly"],"picked":"bronze:ThunderWave","floor":16},{"not_picked":["bronze:Overheat","bronze:Branch"],"picked":"bronze:Virus","floor":19},{"not_picked":["bronze:Deprecate","bronze:WildBeam+1"],"picked":"bronze:Verify","floor":22},{"not_picked":["bronze:DelayedGuard+1","bronze:BitShift"],"picked":"bronze:HardenedForm","floor":25},{"not_picked":["bronze:Philosophize","bronze:DelayedGuard","bronze:WildBeam"],"picked":"bronze:ChosenStrike","floor":26},{"not_picked":["bronze:Frontload","bronze:DelayedSlice","bronze:DigitalCarnage"],"picked":"bronze:Branch+1","floor":27},{"not_picked":["bronze:FineTuning","bronze:BugBarrage","bronze:BuggyMess"],"picked":"bronze:GetLatest+1","floor":28},{"not_picked":["bronze:Turbo","bronze:WildBeam+1","bronze:CutThrough"],"picked":"bronze:FollowUp","floor":30},{"not_picked":["bronze:FineTuning","bronze:BuggyMess","bronze:Iterate"],"picked":"bronze:Repair","floor":32},{"not_picked":["bronze:Frontload","bronze:Safeguard+1","bronze:Turbo"],"picked":"bronze:GetLatest+1","floor":36},{"not_picked":["bronze:DarkDash+1","bronze:OilSpill+1","bronze:Turbo+1","bronze:ChildClass"],"picked":"SKIP","floor":37},{"not_picked":["bronze:Deprecate","bronze:MaxOutput+1","bronze:BronzeArmor","bronze:HyperBeam"],"picked":"SKIP","floor":38},{"not_picked":["bronze:DarkDash","bronze:CutThrough+1","bronze:OilSpill+1","bronze:Iterate"],"picked":"SKIP","floor":39},{"not_picked":["bronze:BugBarrage","bronze:DelayedGuard","bronze:WildBeam+1","bronze:BronzeArmor+1"],"picked":"SKIP","floor":40},{"not_picked":["bronze:BugBarrage","bronze:DelayedGuard","bronze:WildBeam+1","bronze:BronzeArmor+1"],"picked":"SKIP","floor":40},{"not_picked":["bronze:WildBeam+1","bronze:CutThrough","bronze:BugBarrage"],"picked":"bronze:BronzeOrb+1","floor":42},{"not_picked":["bronze:OilSpill+1","bronze:WhirlingStrike+1","bronze:DelayedSlice","bronze:BitShift+1"],"picked":"SKIP","floor":47},{"not_picked":["bronze:DelayedSlice","bronze:Turbo+1","bronze:Repair","bronze:ChosenStrike+1"],"picked":"SKIP","floor":49},{"not_picked":["bronze:Deprecate","bronze:DarkDash+1","bronze:BuggyMess","bronze:Repulsor+1"],"picked":"SKIP","floor":52}],"player_experience":580005,"relics_obtained":[{"floor":7,"key":"aspiration:Lifesprig"},{"floor":8,"key":"Lizard Tail"},{"floor":14,"key":"hubris:FunFungus"},{"floor":25,"key":"Question Card"},{"floor":41,"key":"aspiration:StickyExplosives_weak"},{"floor":42,"key":"sagemod:Creepy_Carousel"},{"floor":52,"key":"Whetstone"}],"event_choices":[{"damage_healed":0,"gold_gain":1,"player_choice":"1","damage_taken":0,"max_hp_gain":0,"max_hp_loss":0,"event_name":"betterStone:BetterStone","floor":3,"gold_loss":0},{"damage_healed":0,"gold_gain":0,"player_choice":"Ignored","damage_taken":0,"max_hp_gain":0,"max_hp_loss":0,"event_name":"betterNote:BetterNote","floor":4,"gold_loss":0,"cards_obtained":["alterego_mod:Impale"]},{"cards_removed":["bronze:FineTuning"],"damage_healed":5,"gold_gain":0,"player_choice":"Offered Common","damage_taken":0,"max_hp_gain":0,"max_hp_loss":0,"event_name":"Bonfire Elementals","floor":31,"gold_loss":0},{"cards_removed":["bronze:FineTuning"],"damage_healed":5,"gold_gain":0,"player_choice":"Offered Special","damage_taken":0,"max_hp_gain":0,"max_hp_loss":0,"event_name":"Bonfire Elementals","floor":31,"gold_loss":0}],"is_beta":false,"boss_relics":[{"not_picked":["conspire:RoyalGoblet","Pandora\u0027s Box"],"picked":"energizedSpire:NeverEndingSparkler"},{"not_picked":["Fusion Hammer","beaked:SacredDeck"],"picked":"hubris:RunicObelisk"}],"items_purged_floors":[38],"is_endless":false,"potions_floor_spawned":[9,10,12,13,14,19,27,28,33,36,39,40,42,47,49],"killed_by":"downfall:NeowBossFinal","ascension_level":0}}