{"host":"xp5rvh2jwe2ejyfm","time":1611065790,"event":{"mods":["BaseMod","Hermit","Minty Spire (QoL Compilation)","Replay The Spire","StSLib","The Construct","The Cursed","The Disciple","The Hierophant","The Necromancer","The Runesmith"],"gold_per_floor":[219,13,33,52,63,89,108,23,23,38,102,102,116,126,126,126,126],"floor_reached":16,"language":"ENG","playtime":656,"items_purged":[],"score":106,"play_id":"7e1bbd91-a2b9-455b-aeb0-915c73291364","local_time":"20210119091630","is_ascension_mode":false,"campfire_choices":[{"floor":12,"key":"REST"},{"floor":15,"key":"REST"}],"circlet_count":0,"master_deck":["TheCursedMod:Strike_TheCursed","TheCursedMod:Strike_TheCursed","TheCursedMod:Strike_TheCursed","TheCursedMod:Strike_TheCursed","TheCursedMod:Defend_TheCursed","TheCursedMod:Defend_TheCursed","TheCursedMod:Defend_TheCursed","TheCursedMod:Defend_TheCursed","TheCursedMod:CursedWand","TheCursedMod:CleanUpWorkshop","TheCursedMod:Dregs","TheCursedMod:Stigma","TheCursedMod:SpitefulStrike","TheCursedMod:SpitefulPlan","TheCursedMod:Mangle","TheCursedMod:CircleOfFlame","TheCursedMod:SoulReap","TheCursedMod:FleshFromBone","Regret","ReplayTheSpireMod:Necrogeddon","TheCursedMod:FleshFromBone","TheCursedMod:VoidForm","TheCursedMod:Stretching","TheCursedMod:Torture"],"relics":["TheCursedMod:BlackMagic101","TheCursedMod:PinkPellets","Quantum Egg","ReplayTheSpireMod:CursedCoin","ReplayTheSpireMod:Ninjato"],"acts_visited":["Exordium"],"potions_floor_usage":[4,6,10,10,16],"damage_taken":[{"damage":4,"enemies":"Cultist","floor":1,"turns":4},{"damage":10,"enemies":"Small Slimes","floor":3,"turns":2},{"damage":6,"enemies":"Jaw Worm","floor":4,"turns":2},{"damage":10,"enemies":"Looter","floor":5,"turns":3},{"damage":23,"enemies":"Lagavulin","floor":6,"turns":6},{"damage":5,"enemies":"2 Fungi Beasts","floor":7,"turns":3},{"damage":16,"enemies":"Exordium Thugs","floor":10,"turns":3},{"damage":9,"enemies":"Blue Slaver","floor":13,"turns":5},{"damage":21,"enemies":"Lots of Slimes","floor":14,"turns":4},{"damage":44,"enemies":"The Guardian","floor":16,"turns":6}],"seed_played":"4341975987240972219","potions_obtained":[{"floor":3,"key":"Adrenaline Potion"},{"floor":4,"key":"Cursed Concoction"},{"floor":5,"key":"FearPotion"},{"floor":7,"key":"LiquidMemories"},{"floor":14,"key":"Swift Potion"}],"is_trial":false,"path_per_floor":["M","$","M","M","M","E","M","$","T","M","?","R","M","M","R","B"],"character_chosen":"THE_CURSED","items_purchased":["TheCursedMod:PinkPellets","TheCursedMod:SpitefulStrike","ReplayTheSpireMod:CursedCoin","ReplayTheSpireMod:Necrogeddon","TheCursedMod:FleshFromBone"],"campfire_rested":2,"item_purchase_floors":[2,2,8,8,8],"current_hp_per_floor":[71,71,61,55,45,22,22,22,22,14,14,36,32,16,38,0,0],"gold":126,"neow_bonus":"HUNDRED_GOLD","is_daily":false,"chose_seed":false,"campfire_upgraded":0,"win_rate":0.0,"timestamp":1611065790,"path_taken":["M","?","M","M","M","E","M","$","T","M","?","R","M","M","R","BOSS"],"items_purchased_type":["Relic","Card","Relic","Card","Card"],"build_version":"2020-12-22","purchased_purges":0,"victory":false,"max_hp_per_floor":[75,75,75,75,75,75,75,75,75,75,75,75,75,75,75,75,75],"card_choices":[{"not_picked":["TheCursedMod:SurpriseAttack","TheCursedMod:CursedArmor"],"picked":"TheCursedMod:Stigma","floor":1},{"not_picked":["TheCursedMod:TroublousMinions","TheCursedMod:SpitefulPray"],"picked":"TheCursedMod:SpitefulPlan","floor":3},{"not_picked":["TheCursedMod:BloodBarrier","TheCursedMod:FleshFromBone"],"picked":"TheCursedMod:Mangle","floor":4},{"not_picked":["TheCursedMod:WearCloak","TheCursedMod:TacticalStrike"],"picked":"TheCursedMod:CircleOfFlame","floor":5},{"not_picked":["TheCursedMod:Torture","TheCursedMod:SpitefulStrike"],"picked":"TheCursedMod:SoulReap","floor":6},{"not_picked":["TheCursedMod:Wield","TheCursedMod:CursedAmulet"],"picked":"TheCursedMod:FleshFromBone","floor":7},{"not_picked":["TheCursedMod:RavingStaff","TheCursedMod:VitalStrike"],"picked":"TheCursedMod:VoidForm","floor":10},{"not_picked":["TheCursedMod:AshesToAshes","TheCursedMod:CircleOfAmplification"],"picked":"TheCursedMod:Stretching","floor":13},{"not_picked":["TheCursedMod:HellsGateOpen","TheCursedMod:BlessingInDisguise"],"picked":"TheCursedMod:Torture","floor":14}],"player_experience":247502,"relics_obtained":[{"floor":6,"key":"Quantum Egg"},{"floor":9,"key":"ReplayTheSpireMod:Ninjato"}],"event_choices":[{"damage_healed":0,"gold_gain":64,"player_choice":"Gained Gold","damage_taken":0,"max_hp_gain":0,"max_hp_loss":0,"event_name":"Golden Wing","floor":11,"gold_loss":0}],"is_beta":false,"boss_relics":[],"items_purged_floors":[],"is_endless":false,"potions_floor_spawned":[3,4,5,7,14],"killed_by":"The Guardian","ascension_level":0}}