{"host":"iymac52lby91rdnn","time":1611096531,"event":{"mods":["AchievementEnabler","Act Like it!","BaseMod","Colored Powertips","GifTheSpireLib","Minty Spire (QoL Compilation)","Permanent Neow","Quick Restart","Rare Cards Sparkle","Relic Filter","Relic Stats","StSLib","The IronCluck","slay the spire mod where everything is the same but ironclad has a cowboy hat"],"gold_per_floor":[117,131,56,56,72,72,103,114,114,139,139,173,123,140,140,237,237,247,247],"floor_reached":18,"language":"DEU","playtime":1178,"items_purged":["Writhe"],"score":280,"play_id":"23dc56ff-56cc-4a2e-b121-e483880d46bc","local_time":"20210119164851","is_ascension_mode":true,"campfire_choices":[{"data":"Flame Barrier","floor":6.0,"key":"SMITH"},{"floor":11.0,"key":"REST"},{"floor":15.0,"key":"REST"}],"circlet_count":0,"master_deck":["Strike_R","Strike_R","Strike_R","Strike_R","Defend_R","Defend_R","Defend_R","Bash","Headbutt","Flame Barrier+1","Havoc","Flame Barrier","Battle Trance","Berserk","Power Through","Fire Breathing","Warcry","Reaper"],"relics":["Burning Blood","Lantern","White Beast Statue","Shuriken","Potion Belt","Snecko Eye"],"acts_visited":["Exordium","TheCity"],"potions_floor_usage":[16,16],"damage_taken":[{"damage":7.0,"enemies":"Jaw Worm","floor":1.0,"turns":3.0},{"damage":11.0,"enemies":"Cultist","floor":2.0,"turns":4.0},{"damage":0.0,"enemies":"2 Louse","floor":5.0,"turns":3.0},{"damage":37.0,"enemies":"Lagavulin","floor":7.0,"turns":9.0},{"damage":0.0,"enemies":"2 Fungi Beasts","floor":8.0,"turns":4.0},{"damage":51.0,"enemies":"Gremlin Nob","floor":10.0,"turns":7.0},{"damage":35.0,"enemies":"3 Sentries","floor":12.0,"turns":14.0},{"damage":0.0,"enemies":"Blue Slaver","floor":14.0,"turns":4.0},{"damage":39,"enemies":"The Guardian","floor":16,"turns":10},{"damage":1,"enemies":"3 Byrds","floor":18,"turns":3}],"seed_played":"6267993371042810929","potions_obtained":[{"floor":2.0,"key":"SpeedPotion"},{"floor":5.0,"key":"SpeedPotion"},{"floor":10.0,"key":"ElixirPotion"},{"floor":12.0,"key":"CultistPotion"},{"floor":14.0,"key":"SmokeBomb"},{"floor":16,"key":"LiquidMemories"},{"floor":18,"key":"FearPotion"}],"is_trial":false,"path_per_floor":["M","M","$","?","M","R","E","M","T","E","R","E","?","M","R","B",null,"M"],"character_chosen":"IRONCLAD","items_purchased":[],"campfire_rested":2,"item_purchase_floors":[],"current_hp_per_floor":[87,82,82,82,88,88,57,63,63,18,46,17,17,23,51,18,77,88,88],"gold":247,"neow_bonus":"TWENTY_PERCENT_HP_BONUS","is_daily":false,"chose_seed":false,"campfire_upgraded":1,"win_rate":0.0,"timestamp":1611096531,"path_taken":["M","M","$","?","M","R","E","?","T","E","R","E","?","M","R","BOSS","M"],"items_purchased_type":[],"build_version":"2020-12-22","purchased_purges":1,"victory":false,"max_hp_per_floor":[96,96,96,96,96,96,96,96,96,96,96,96,96,96,96,96,96,96,96],"relic_stats":{"counters":[10,61],"Shuriken":[2],"Snecko Eye":[4,5,6,5],"obtain_stats":[{"Potion Belt":12,"Lantern":7,"Shuriken":10,"Snecko Eye":17,"Burning Blood":0,"White Beast Statue":9},{"Potion Belt":7,"Lantern":4,"Shuriken":6,"Snecko Eye":9,"Burning Blood":0,"White Beast Statue":5},{"Potion Belt":44,"Lantern":19,"Shuriken":30,"Snecko Eye":58,"Burning Blood":0,"White Beast Statue":23}],"Burning Blood":60},"card_choices":[{"not_picked":["Searing Blow","Shrug It Off"],"picked":"Headbutt","floor":1.0},{"not_picked":["Battle Trance","Twin Strike"],"picked":"Flame Barrier","floor":2.0},{"not_picked":["Disarm","Metallicize"],"picked":"Flame Barrier","floor":5.0},{"not_picked":["Flex","Sword Boomerang"],"picked":"Battle Trance","floor":7.0},{"not_picked":["Flame Barrier","Pommel Strike"],"picked":"Berserk","floor":8.0},{"not_picked":["Wild Strike","Dark Embrace"],"picked":"Power Through","floor":10.0},{"not_picked":["Flex","Heavy Blade"],"picked":"Fire Breathing","floor":12.0},{"not_picked":["Pommel Strike","Bloodletting"],"picked":"Warcry","floor":14.0},{"not_picked":["Limit Break","Bludgeon"],"picked":"Reaper","floor":16},{"not_picked":["Anger","Feel No Pain","Armaments"],"picked":"SKIP","floor":18}],"player_experience":860559,"relics_obtained":[{"floor":7.0,"key":"Lantern"},{"floor":9.0,"key":"White Beast Statue"},{"floor":10.0,"key":"Shuriken"},{"floor":12.0,"key":"Potion Belt"}],"event_choices":[{"damage_healed":0.0,"max_hp_gain":0.0,"max_hp_loss":0.0,"gold_gain":0.0,"cards_transformed":["Strike_R"],"event_name":"Transmorgrifier","player_choice":"Transformed","floor":4.0,"gold_loss":0.0,"damage_taken":0.0,"cards_obtained":["Havoc"]},{"cards_removed":["Defend_R"],"damage_healed":0.0,"max_hp_gain":0.0,"max_hp_loss":0.0,"gold_gain":0.0,"event_name":"The Cleric","player_choice":"Card Removal","floor":13.0,"gold_loss":50.0,"damage_taken":0.0}],"is_beta":false,"boss_relics":[{"not_picked":["Astrolabe","SlaversCollar"],"picked":"Snecko Eye"}],"items_purged_floors":[3],"is_endless":false,"potions_floor_spawned":[2,5,10,12,14,16,18],"killed_by":"3 Byrds","ascension_level":8}}