{"host":"2brg86hfzr3u5cix","time":1611043398,"event":{"mods":["AchievementEnabler","Ascension Unlocker","BaseMod","CapriCore","DeckTracker","Highlight Path","Keyboard Shortcuts","Minty Spire (QoL Compilation)","Permanent Neow","Relic Stats","StSLib","Twitch Utils","Uncapped","UnlockEverythingMod"],"gold_per_floor":[115,40,40,56,73,73,88,99,122,153,173,204,204,104,104,181,181,194,194,244,258,269,269,269,269],"floor_reached":24,"language":"KOR","playtime":865,"items_purged":["Strike_R","Defend_R"],"score":416,"play_id":"882229cd-79c0-4f5b-9154-f48d0375b9c9","local_time":"20210119170318","is_ascension_mode":true,"campfire_choices":[{"data":"Armaments","floor":6.0,"key":"SMITH"},{"data":"Pommel Strike","floor":13.0,"key":"SMITH"},{"floor":15.0,"key":"REST"},{"floor":23.0,"key":"REST"}],"circlet_count":0,"master_deck":["AscendersBane","Strike_R","Defend_R","Defend_R","Bash+1","Shrug It Off","Pommel Strike+1","Armaments+1","Carnage","Battle Trance","Reckless Charge","Flame Barrier","Body Slam","Berserk","Wild Strike+1","Shrug It Off+1","Limit Break+1","Twin Strike","Uppercut","Burning Pact"],"relics":["Burning Blood","Regal Pillow","Juzu Bracelet","Toy Ornithopter","Astrolabe","Enchiridion"],"acts_visited":["Exordium","TheCity"],"potions_floor_usage":[],"damage_taken":[{"damage":6.0,"enemies":"Cultist","floor":1.0,"turns":3.0},{"damage":12.0,"enemies":"Small Slimes","floor":4.0,"turns":5.0},{"damage":1.0,"enemies":"2 Louse","floor":5.0,"turns":4.0},{"damage":6.0,"enemies":"Looter","floor":7.0,"turns":4.0},{"damage":13.0,"enemies":"Exordium Thugs","floor":8.0,"turns":5.0},{"damage":47.0,"enemies":"Lagavulin","floor":10.0,"turns":7.0},{"damage":1.0,"enemies":"3 Louse","floor":11.0,"turns":3.0},{"damage":21.0,"enemies":"Gremlin Nob","floor":12.0,"turns":4.0},{"damage":38.0,"enemies":"The Guardian","floor":16.0,"turns":10.0},{"damage":10.0,"enemies":"2 Thieves","floor":18.0,"turns":5.0},{"damage":0.0,"enemies":"Chosen","floor":21.0,"turns":3.0},{"damage":47.0,"enemies":"3 Cultists","floor":22.0,"turns":6.0},{"damage":52,"enemies":"Shelled Parasite and Fungi","floor":24,"turns":3}],"seed_played":"-7934349302487390552","potions_obtained":[{"floor":4.0,"key":"SneckoOil"},{"floor":10.0,"key":"EssenceOfSteel"},{"floor":16.0,"key":"Swift Potion"},{"floor":18.0,"key":"Explosive Potion"}],"is_trial":false,"path_per_floor":["M","$","?","M","M","R","M","M","T","E","M","E","R","$","R","B",null,"M","?","?","M","M","R","M"],"character_chosen":"IRONCLAD","items_purchased":[],"campfire_rested":2,"item_purchase_floors":[],"current_hp_per_floor":[68,68,68,62,67,67,67,60,60,19,24,9,9,9,46,14,60,56,35,35,46,10,47,0,0],"gold":269,"neow_bonus":"UPGRADE_CARD","is_daily":false,"chose_seed":false,"campfire_upgraded":2,"win_rate":0.0,"timestamp":1611043398,"path_taken":["M","$","?","?","M","R","M","M","T","E","M","E","R","$","R","BOSS","M","?","?","M","M","R","M"],"items_purchased_type":[],"build_version":"2020-12-22","purchased_purges":2,"victory":false,"max_hp_per_floor":[75,75,75,75,75,75,75,75,75,75,75,75,75,75,75,75,75,75,75,75,75,75,75,75,75],"relic_stats":{"Regal Pillow":30,"counters":[13,62],"Astrolabe":["Wild Strike","Shrug It Off","Limit Break"],"Juzu Bracelet":0,"obtain_stats":[{"Regal Pillow":9,"Astrolabe":17,"Enchiridion":19,"Juzu Bracelet":10,"Burning Blood":0,"Toy Ornithopter":12},{"Regal Pillow":5,"Astrolabe":9,"Enchiridion":10,"Juzu Bracelet":6,"Burning Blood":0,"Toy Ornithopter":8},{"Regal Pillow":21,"Astrolabe":45,"Enchiridion":50,"Juzu Bracelet":28,"Burning Blood":0,"Toy Ornithopter":35}],"Burning Blood":72,"Toy Ornithopter":10},"card_choices":[{"not_picked":["Clash","Body Slam"],"picked":"Shrug It Off","floor":1.0},{"not_picked":["Intimidate","Perfected Strike"],"picked":"Pommel Strike","floor":4.0},{"not_picked":["Headbutt","Havoc"],"picked":"Armaments","floor":5.0},{"not_picked":["Metallicize","Pommel Strike"],"picked":"Carnage","floor":7.0},{"not_picked":["Burning Pact","Cleave"],"picked":"Battle Trance","floor":8.0},{"not_picked":["Warcry","Sword Boomerang"],"picked":"Reckless Charge","floor":10.0},{"not_picked":["Searing Blow","Iron Wave"],"picked":"Flame Barrier","floor":11.0},{"not_picked":["Metallicize","Body Slam","Flame Barrier"],"picked":"SKIP","floor":12.0},{"not_picked":["Metallicize","Flame Barrier"],"picked":"Body Slam","floor":12.0},{"not_picked":["Limit Break","Double Tap"],"picked":"Berserk","floor":16.0},{"not_picked":["Heavy Blade","Flame Barrier"],"picked":"Twin Strike","floor":18.0},{"not_picked":["Cleave+1","Shrug It Off"],"picked":"Uppercut","floor":21.0},{"not_picked":["Inflame","Battle Trance"],"picked":"Burning Pact","floor":22.0}],"player_experience":325076,"relics_obtained":[{"floor":9.0,"key":"Regal Pillow"},{"floor":10.0,"key":"Juzu Bracelet"},{"floor":12.0,"key":"Toy Ornithopter"},{"floor":19.0,"key":"Enchiridion"}],"event_choices":[{"cards_removed":["Strike_R"],"damage_healed":0.0,"max_hp_gain":0.0,"max_hp_loss":0.0,"gold_gain":0.0,"event_name":"Bonfire Elementals","player_choice":"Offered Basic","floor":3.0,"gold_loss":0.0,"damage_taken":0.0},{"damage_healed":0.0,"max_hp_gain":0.0,"max_hp_loss":0.0,"gold_gain":0.0,"event_name":"Cursed Tome","player_choice":"Obtained Book","floor":19.0,"gold_loss":0.0,"damage_taken":21.0},{"damage_healed":0.0,"max_hp_gain":0.0,"max_hp_loss":0.0,"gold_gain":50.0,"event_name":"Nest","player_choice":"Stole From Cult","floor":20.0,"gold_loss":0.0,"damage_taken":0.0}],"is_beta":false,"boss_relics":[{"not_picked":["Black Star","Cursed Key"],"picked":"Astrolabe"}],"items_purged_floors":[2,14],"is_endless":false,"potions_floor_spawned":[4,10,16,18],"killed_by":"Shelled Parasite and Fungi","ascension_level":20}}