{"host":"59efrpl3ft1ymrg4","time":1611052695,"event":{"mods":["AchievementEnabler","BaseMod","Infinite Spire","Minty Spire (QoL Compilation)","Replay The Spire","StSLib"],"gold_per_floor":[111,125,125,135,150,150,175,53,53,53,66,76,76,76,76,177,177,197,197,215,215,283,283,283,283,283,283,298,325,340,430,430,430,430],"floor_reached":33,"language":"ENG","playtime":1217,"items_purged":["Strike_G+1"],"score":290,"play_id":"0cb4a8fa-b47f-4b44-94fe-34b64ea4179d","local_time":"20210119103815","daily_mods":["Heirloom"],"is_ascension_mode":false,"campfire_choices":[{"data":"Cloak And Dagger","floor":6.0,"key":"SMITH"},{"floor":10.0,"key":"REST"},{"floor":13.0,"key":"REST"},{"data":"Cloak And Dagger","floor":15.0,"key":"SMITH"},{"data":"Terror","floor":23.0,"key":"SMITH"},{"floor":25.0,"key":"REST"},{"data":"Backstab","floor":27.0,"key":"SMITH"},{"data":"Backstab","floor":32.0,"key":"SMITH"}],"circlet_count":0,"master_deck":["Strike_G+1","Strike_G+1","Strike_G+1","Defend_G+1","Defend_G+1","Defend_G+1","Defend_G+1","Defend_G+1","Survivor","Neutralize","Blur","Backstab+1","Strike_R+1","Sucker Punch","Cloak And Dagger+1","Backstab+1","Blade Dance","Cloak And Dagger+1","Terror+1","Doppelganger","Prepared","Prepared","Backflip+1","Blade Dance","Infinite Blades"],"relics":["Ring of the Snake","Pocketwatch","MawBank","Replay:Wax Seal","infinitespire:Eraser","NeowsBlessing","HoveringKite","NeowsBlessing","Centennial Puzzle","Replay:Towering Pillar of Hats","Juzu Bracelet"],"acts_visited":["Exordium","TheCity"],"potions_floor_usage":[33,33,33],"damage_taken":[{"damage":0.0,"enemies":"Small Slimes","floor":1.0,"turns":3.0},{"damage":0.0,"enemies":"infinitespire:Voidling","floor":2.0,"turns":7.0},{"damage":0.0,"enemies":"Jaw Worm","floor":4.0,"turns":3.0},{"damage":10.0,"enemies":"Looter","floor":5.0,"turns":3.0},{"damage":41.0,"enemies":"Gremlin Nob","floor":7.0,"turns":6.0},{"damage":2.0,"enemies":"Blue Slaver","floor":11.0,"turns":2.0},{"damage":0.0,"enemies":"3 Louse","floor":12.0,"turns":3.0},{"damage":0.0,"enemies":"Slime Boss","floor":16.0,"turns":1.0},{"damage":0.0,"enemies":"Chosen","floor":18.0,"turns":1.0},{"damage":0.0,"enemies":"3 Byrds","floor":20.0,"turns":1.0},{"damage":0.0,"enemies":"Snecko","floor":28.0,"turns":1.0},{"damage":0.0,"enemies":"Nightmare","floor":29.0,"turns":1.0},{"damage":0.0,"enemies":"3 Cultists","floor":30.0,"turns":1.0},{"damage":60,"enemies":"Collector","floor":33,"turns":5}],"seed_played":"9016725802190199739","potions_obtained":[{"floor":2.0,"key":"Swift Potion"},{"floor":4.0,"key":"Ancient Potion"},{"floor":7.0,"key":"Ancient Potion"},{"floor":11.0,"key":"PowerPotion"},{"floor":28.0,"key":"Dexterity Potion"}],"is_trial":true,"path_per_floor":["M","M","?","M","M","R","E","$","T","R","M","M","R","WH","R","B",null,"M","?","M","WH","?","R","AVR","R","T","R","M","NM","M","?","R","B"],"character_chosen":"THE_SILENT","items_purchased":["Replay:Wax Seal","Blade Dance"],"campfire_rested":3,"item_purchase_floors":[8,8],"current_hp_per_floor":[70,70,70,70,60,60,19,19,19,40,38,38,59,59,59,59,70,70,70,70,70,53,53,53,70,70,70,70,70,70,58,58,0,0],"gold":430,"neow_bonus":"THREE_ENEMY_KILL","is_daily":false,"chose_seed":false,"campfire_upgraded":5,"win_rate":0.0,"timestamp":1611052695,"path_taken":["M","M","?","?","M","R","E","$","T","R","M","M","R","WH","R","BOSS","M","?","M","WH","?","R","AVR","R","T","R","M","NM","M","?","R","BOSS"],"items_purchased_type":["Relic","Card"],"build_version":"2020-12-22","purchased_purges":1,"victory":false,"max_hp_per_floor":[70,70,70,70,70,70,70,70,70,70,70,70,70,70,70,70,70,70,70,70,70,70,70,70,70,70,70,70,70,70,70,70,70,70],"card_choices":[{"not_picked":["Dagger Throw","PiercingWail"],"picked":"Blur","floor":1.0},{"not_picked":["Flying Knee","Heel Hook"],"picked":"Backstab","floor":2.0},{"not_picked":["Finisher","Dagger Spray"],"picked":"Sucker Punch","floor":4.0},{"not_picked":["PiercingWail","Dodge and Roll"],"picked":"Cloak And Dagger","floor":5.0},{"not_picked":["ReplayTheSpireMod:Exploit Weakness","Wraith Form v2"],"picked":"Backstab","floor":7.0},{"not_picked":["Backflip","Dodge and Roll"],"picked":"Cloak And Dagger","floor":11.0},{"not_picked":["Dash","Bouncing Flask"],"picked":"Terror","floor":12.0},{"not_picked":["Poison Darts","ReplayTheSpireMod:From All Sides"],"picked":"Doppelganger","floor":16.0},{"not_picked":["Hidden Blade","All Out Attack"],"picked":"Prepared","floor":18.0},{"not_picked":["Flying Knee","Escape Plan"],"picked":"Prepared","floor":20.0},{"not_picked":["Outmaneuver","Catalyst"],"picked":"Backflip+1","floor":22.0},{"not_picked":["Expertise","ReplayTheSpireMod:Tripwire","Footwork"],"picked":"SKIP","floor":28.0},{"not_picked":["Deadly Poison","Flying Knee+1"],"picked":"Blade Dance","floor":29.0},{"not_picked":["Prepared+1","Unload"],"picked":"Infinite Blades","floor":30.0}],"player_experience":68244,"relics_obtained":[{"floor":7.0,"key":"MawBank"},{"floor":9.0,"key":"infinitespire:Eraser"},{"floor":22.0,"key":"Centennial Puzzle"},{"floor":26.0,"key":"Replay:Towering Pillar of Hats"},{"floor":29.0,"key":"Juzu Bracelet"}],"event_choices":[{"cards_removed":["Strike_G"],"damage_healed":0.0,"max_hp_gain":0.0,"max_hp_loss":0.0,"gold_gain":0.0,"event_name":"NoteForYourself","player_choice":"Took Card","floor":3.0,"gold_loss":0.0,"damage_taken":0.0,"cards_obtained":["Strike_R"]},{"damage_healed":0.0,"max_hp_gain":0.0,"max_hp_loss":0.0,"gold_gain":0.0,"event_name":"Back to Basics","player_choice":"Simplicity","floor":19.0,"gold_loss":0.0,"damage_taken":0.0,"cards_upgraded":["Strike_G","Strike_G","Strike_G","Strike_G","Defend_G","Defend_G","Defend_G","Defend_G","Defend_G","Strike_R"]},{"damage_healed":0.0,"max_hp_gain":0.0,"max_hp_loss":0.0,"gold_gain":90.0,"event_name":"Knowing Skull","player_choice":"GOLD ","floor":31.0,"potions_obtained":[],"gold_loss":0.0,"damage_taken":12.0,"cards_obtained":[]}],"is_beta":false,"boss_relics":[{"not_picked":["ReplayTheSpireMod:SealedPack","Ring of the Serpent"],"picked":"HoveringKite"}],"items_purged_floors":[24],"is_endless":true,"potions_floor_spawned":[2,4,7,11,28,29],"killed_by":"Collector","ascension_level":0}}