{"host":"l2dnabsh5e0fsksb","time":1611031737,"event":{"mods":["2.2 Compatiblity","BaseMod","Downfall","Minty Spire (QoL Compilation)","Quick Restart","StSLib"],"gold_per_floor":[99,99,99,99,199,99,99,99,129,144,160,193,205,205,224,328,328,128,145,156,256,290,290,290,306,306,335,352,5,0,15,29,134,134,134,134,50,62,79,114,114,127,127,146,146,146,119,130,142,142,142,142,142],"floor_reached":52,"language":"ENG","playtime":2781,"items_purged":["Regret"],"score":762,"play_id":"0905eed4-68e2-4c75-b6fb-697edc68035b","local_time":"20210119151857","is_ascension_mode":false,"campfire_choices":[{"floor":1.0,"key":"RECALL"},{"data":"bronze:OilSpill","floor":6.0,"key":"SMITH"},{"data":"bronze:HardenedForm","floor":18.0,"key":"SMITH"},{"floor":26.0,"key":"REST"},{"data":"bronze:DonuBeam","floor":35.0,"key":"SMITH"},{"data":"expansioncontent:PolyBeam","floor":43.0,"key":"SMITH"},{"data":"bronze:OilSpill","floor":45.0,"key":"SMITH"}],"circlet_count":0,"master_deck":["bronze:Strike+1","bronze:Strike+1","bronze:Strike+1","bronze:Strike+1","bronze:Defend+1","bronze:Defend+1","bronze:Defend+1","bronze:Defend+1","bronze:Replicate","bronze:Goto","bronze:OilSpill+1","bronze:OilSpill+1","bronze:Frontload","bronze:GetLatest","bronze:ClassDefault","bronze:Deprecate","bronze:BronzeArmor","bronze:Return","bronze:HardenedForm+1","bronze:ClassDefault","bronze:FineTuning","bronze:DonuBeam+1","bronze:DecaBeam","bronze:FollowUp+1","bronze:DelayedSlice","bronze:ForceShield","bronze:Fortify","bronze:FineTuning","bronze:ForceShield","bronze:DelayedGuard","bronze:DelayedSlice","expansioncontent:PolyBeam+1","expansioncontent:YouAreMine","expansioncontent:YouAreMine","bronze:WhirlingStrike","bronze:BronzeOrb","bronze:Allocate+1","bronze:DelayedGuard+1","bronze:Flail","Regret","bronze:Frontload+1","bronze:OilSpill+1","Decay","bronze:OilSpill+1"],"relics":["bronze:BronzeCore","downfall:HeartsMalice","bronze:BottledCode","downfall:HeartBlessingRed","Mummified Hand","Shuriken","Pear","Pantograph","expansioncontent:StudyCardRelic","downfall:HeartBlessingGreen","downfall:HeartBlessingBlue","Red Mask","Sundial","Oddly Smooth Stone","Calipers","Cursed Key","Boot","HornCleat","Eternal Feather","bronze:SilverBullet","DollysMirror"],"acts_visited":["Exordium","TheCity","TheBeyond","TheEnding"],"potions_floor_usage":[],"damage_taken":[{"damage":0.0,"enemies":"Cultist","floor":2.0,"turns":1.0},{"damage":0.0,"enemies":"downfall:FleeingMerchant","floor":3.0,"turns":1.0},{"damage":0.0,"enemies":"3 Sentries","floor":9.0,"turns":1.0},{"damage":1.0,"enemies":"Jaw Worm","floor":10.0,"turns":3.0},{"damage":2.0,"enemies":"2 Louse","floor":11.0,"turns":2.0},{"damage":18.0,"enemies":"Lagavulin","floor":12.0,"turns":4.0},{"damage":0.0,"enemies":"Blue Slaver","floor":13.0,"turns":3.0},{"damage":13.0,"enemies":"Large Slime","floor":15.0,"turns":5.0},{"damage":39.0,"enemies":"DF_ARCHETYPE_STREAMLINE","floor":16.0,"turns":8.0},{"damage":4.0,"enemies":"Chosen","floor":19.0,"turns":4.0},{"damage":15.0,"enemies":"Shell Parasite","floor":20.0,"turns":3.0},{"damage":23.0,"enemies":"Shell Parasite","floor":21.0,"turns":4.0},{"damage":30.0,"enemies":"Masked Bandits","floor":22.0,"turns":4.0},{"damage":0.0,"enemies":"Snake Plant","floor":25.0,"turns":3.0},{"damage":32.0,"enemies":"Gremlin Leader","floor":27.0,"turns":6.0},{"damage":13.0,"enemies":"Centurion and Healer","floor":28.0,"turns":7.0},{"damage":0.0,"enemies":"downfall:FleeingMerchant","floor":29.0,"turns":4.0},{"damage":1.0,"enemies":"downfall:FleeingMerchant","floor":30.0,"turns":4.0},{"damage":5.0,"enemies":"Snecko","floor":31.0,"turns":4.0},{"damage":1.0,"enemies":"Snake Plant","floor":32.0,"turns":4.0},{"damage":35.0,"enemies":"IC_MUSHROOM_ARCHETYPE","floor":33.0,"turns":11.0},{"damage":0.0,"enemies":"downfall:FleeingMerchant","floor":37.0,"turns":4.0},{"damage":3.0,"enemies":"3 Shapes","floor":38.0,"turns":3.0},{"damage":0.0,"enemies":"3 Darklings","floor":39.0,"turns":2.0},{"damage":17.0,"enemies":"Nemesis","floor":40.0,"turns":4.0},{"damage":0.0,"enemies":"Jaw Worm Horde","floor":42.0,"turns":2.0},{"damage":0.0,"enemies":"Spire Growth","floor":44.0,"turns":4.0},{"damage":0.0,"enemies":"downfall:FleeingMerchant","floor":47.0,"turns":1.0},{"damage":0.0,"enemies":"4 Shapes","floor":48.0,"turns":2.0},{"damage":0.0,"enemies":"Sphere and 2 Shapes","floor":49.0,"turns":5.0},{"damage":6,"enemies":"WA_ARCHETYPE_DIVINITY","floor":50,"turns":9},{"damage":83,"enemies":"downfall:CharBossMerchant","floor":52,"turns":9}],"seed_played":"-6652090014752087691","potions_obtained":[{"floor":9.0,"key":"Fire Potion"},{"floor":12.0,"key":"bronze:CleanCodePotion"},{"floor":13.0,"key":"SpeedPotion"},{"floor":16.0,"key":"champ:CounterPotion"},{"floor":19.0,"key":"ColorlessPotion"},{"floor":21.0,"key":"Regen Potion"},{"floor":27.0,"key":"Weak Potion"},{"floor":31.0,"key":"LiquidBronze"},{"floor":32.0,"key":"CultistPotion"},{"floor":39.0,"key":"hexamod:SoulburnPotion"},{"floor":48.0,"key":"champ:CounterPotion"},{"floor":49.0,"key":"Strength Potion"}],"is_trial":false,"path_per_floor":["R","M","$","?","?","R","T","T","E","M","M","E","M","?","M","B",null,"R","M","M","?","?","?","T","M","R","E","M","$","$","M","M","B",null,"R","?","?","M","M","E","T","M","R","M","R","T","$","M","M","B",null,"E"],"character_chosen":"THE_AUTOMATON","items_purchased":["Calipers","bronze:DelayedGuard","bronze:BronzeOrb","bronze:SilverBullet","DollysMirror"],"campfire_rested":1,"item_purchase_floors":[29,29,37,47,47],"current_hp_per_floor":[70,70,70,60,60,60,60,60,60,59,57,49,49,49,36,22,70,80,76,61,57,39,39,39,39,63,31,18,18,17,12,11,1,80,80,70,70,67,67,50,50,50,50,50,50,50,50,50,50,69,80,0,0],"gold":142,"neow_bonus":"THREE_ENEMY_KILL","is_daily":false,"chose_seed":false,"campfire_upgraded":5,"win_rate":0.0,"timestamp":1611031737,"path_taken":["R","M","?","?","?","R","T","?","E","M","M","E","M","?","M","BOSS","R","M","M","?","?","?","T","M","R","E","M","?","$","M","M","BOSS","R","?","?","M","M","E","T","M","R","M","R","?","$","M","M","BOSS","E"],"items_purchased_type":["Relic","Card","Card","Relic","Relic"],"build_version":"2020-12-22","purchased_purges":1,"victory":false,"max_hp_per_floor":[70,70,70,60,60,60,60,60,60,60,60,70,70,70,70,70,70,80,80,80,80,80,80,80,80,80,80,80,80,80,80,80,80,80,80,80,80,80,80,80,80,80,80,80,80,80,80,80,80,80,80,80,80],"card_choices":[{"not_picked":["bronze:Frontload","bronze:CutThrough"],"picked":"bronze:OilSpill","floor":2.0},{"not_picked":["bronze:BuggyMess","bronze:Shield"],"picked":"bronze:OilSpill","floor":3.0},{"not_picked":["bronze:Boost","bronze:Safeguard"],"picked":"bronze:Frontload","floor":9.0},{"not_picked":["bronze:DarkDash","bronze:Safeguard"],"picked":"bronze:GetLatest","floor":10.0},{"not_picked":["bronze:Invalidate","bronze:Deprecate"],"picked":"bronze:ClassDefault","floor":11.0},{"not_picked":["bronze:WildBeam","bronze:Overheat"],"picked":"bronze:Deprecate","floor":12.0},{"not_picked":["bronze:Backtrace","bronze:Format"],"picked":"bronze:BronzeArmor","floor":13.0},{"not_picked":["bronze:WhirlingStrike","bronze:BitShift"],"picked":"bronze:Return","floor":15.0},{"not_picked":["bronze:SpaghettiCode","bronze:CleanCode"],"picked":"bronze:HardenedForm","floor":16.0},{"not_picked":["bronze:CutThrough","bronze:ChosenStrike"],"picked":"bronze:ClassDefault","floor":19.0},{"not_picked":["bronze:Invalidate+1","bronze:BugBarrage"],"picked":"bronze:FineTuning","floor":20.0},{"not_picked":[],"picked":"bronze:DonuBeam","floor":21.0},{"not_picked":[],"picked":"bronze:DecaBeam","floor":21.0},{"not_picked":["bronze:Repulsor","bronze:DelayedGuard"],"picked":"bronze:FollowUp+1","floor":21.0},{"not_picked":["bronze:ForLoop","bronze:WildBeam"],"picked":"bronze:DelayedSlice","floor":22.0},{"not_picked":["bronze:ChildClass","bronze:MaxOutput"],"picked":"bronze:ForceShield","floor":25.0},{"not_picked":["bronze:MaxOutput+1","bronze:Shell"],"picked":"bronze:Fortify","floor":27.0},{"not_picked":["bronze:ForLoop","bronze:ThunderWave"],"picked":"bronze:FineTuning","floor":28.0},{"not_picked":["bronze:DelayedGuard","bronze:RecursiveStrike"],"picked":"bronze:ForceShield","floor":29.0},{"not_picked":["bronze:Shield","bronze:Virus","bronze:NullPointer+1"],"picked":"SKIP","floor":30.0},{"not_picked":["bronze:BuggyMess+1","bronze:Boost","bronze:Deprecate"],"picked":"SKIP","floor":31.0},{"not_picked":["bronze:BitShift","bronze:Turbo+1"],"picked":"bronze:DelayedSlice","floor":32.0},{"not_picked":["expansioncontent:Hexaburn","expansioncontent:Chronoboost"],"picked":"expansioncontent:PolyBeam","floor":36.0},{"not_picked":["expansioncontent:Chronoboost","expansioncontent:Hexaburn"],"picked":"expansioncontent:YouAreMine","floor":36.0},{"not_picked":["expansioncontent:PolyBeam","expansioncontent:GuardianWhirl"],"picked":"expansioncontent:YouAreMine","floor":36.0},{"not_picked":["bronze:Iterate","bronze:ChosenStrike"],"picked":"bronze:WhirlingStrike","floor":37.0},{"not_picked":["bronze:MaxOutput","bronze:Turbo+1"],"picked":"bronze:Allocate+1","floor":38.0},{"not_picked":["bronze:BitShift","bronze:Overload"],"picked":"bronze:DelayedGuard+1","floor":39.0},{"not_picked":["bronze:Philosophize","bronze:Turbo"],"picked":"bronze:Flail","floor":40.0},{"not_picked":["bronze:CutThrough+1","bronze:Overheat"],"picked":"bronze:Frontload+1","floor":42.0},{"not_picked":["bronze:Branch","bronze:Overload+1"],"picked":"bronze:OilSpill+1","floor":44.0},{"not_picked":["bronze:Deprecate","bronze:Overload","bronze:DelayedGuard"],"picked":"SKIP","floor":47.0},{"not_picked":["bronze:DelayedGuard","bronze:Shield","bronze:HyperBeam"],"picked":"SKIP","floor":48.0},{"not_picked":["bronze:BitShift","bronze:Shield+1","bronze:Deprecate+1"],"picked":"SKIP","floor":49.0}],"player_experience":1799966,"relics_obtained":[{"floor":7.0,"key":"Mummified Hand"},{"floor":9.0,"key":"Shuriken"},{"floor":12.0,"key":"Pear"},{"floor":22.0,"key":"Red Mask"},{"floor":24.0,"key":"Sundial"},{"floor":27.0,"key":"Oddly Smooth Stone"},{"floor":40.0,"key":"Boot"},{"floor":41.0,"key":"HornCleat"},{"floor":46.0,"key":"Eternal Feather"}],"event_choices":[{"damage_healed":0.0,"max_hp_gain":0.0,"max_hp_loss":0.0,"gold_gain":0.0,"event_name":"Big Fish","player_choice":"Box","floor":14.0,"gold_loss":0.0,"damage_taken":0.0,"relics_obtained":["Pantograph"],"cards_obtained":["Regret"]},{"damage_healed":0.0,"max_hp_gain":0.0,"max_hp_loss":0.0,"gold_gain":0.0,"event_name":"Masked Bandits","player_choice":"Fought Bandits","floor":22.0,"gold_loss":0.0,"damage_taken":0.0}],"is_beta":false,"boss_relics":[{"not_picked":["Busted Crown","Coffee Dripper"],"picked":"expansioncontent:StudyCardRelic"},{"not_picked":["Black Star","SacredBark"],"picked":"Cursed Key"}],"items_purged_floors":[47],"is_endless":false,"potions_floor_spawned":[9,12,13,16,19,21,27,31,32,39,48,49],"killed_by":"downfall:CharBossMerchant","ascension_level":0}}