{"host":"pl1fbpkom0aq337f","time":1611063287,"event":{"mods":["AchievementEnabler","BaseMod","Colored Map","Minty Spire (QoL Compilation)","The Servant 0.9.4"],"gold_per_floor":[115,88,88,98,98,117,138,182,182,257,297,311,311,349,365,365,365,490,490,506,506,520,539,126,165,165,183,183,230,273,296,296,296,346,6,54,54,191,191,216,216,116,116,140,163,163,197,233,108,117,166,166,199,222,262,285,285,285,285,285,285,83,132,132],"floor_reached":65,"language":"ENG","playtime":3839,"items_purged":["Strike_S","ReturningBlade+1","Defy+1"],"score":1655,"play_id":"019a7b57-2198-489d-8391-9094e2fd490a","local_time":"20210119143447","is_ascension_mode":true,"campfire_choices":[{"data":"Defy","floor":13,"key":"SMITH"},{"data":"Barrier","floor":16,"key":"SMITH"},{"data":"KidneyShot","floor":17,"key":"SMITH"},{"data":"ReturningBlade+1","floor":26,"key":"SMITH"},{"data":"ReturningBlade+2","floor":28,"key":"SMITH"},{"data":"ReturningBlade+3","floor":32,"key":"SMITH"},{"data":"ReturningBlade+4","floor":37,"key":"SMITH"},{"data":"ReturningBlade+5","floor":46,"key":"SMITH"},{"floor":52,"key":"RECALL"},{"data":"ReturningBlade+6","floor":57,"key":"SMITH"},{"data":"ReturningBlade+7","floor":58,"key":"SMITH"},{"data":"ReturningBlade+8","floor":61,"key":"SMITH"}],"circlet_count":0,"master_deck":["Defend_S","Defend_S","Defend_S","Defend_S","KidneyShot+1","DoubleEdge+1","Ricochet","Barrier+1","Defy+1","Unruled","Spin+1","SpecialFormula","Snipe+1","Luminosity","TheWorld+1","Unruled+1","ReturningBlade+9","Revamp+1","MoonPhase","MoonPhase","SpecialFormula+1","BestPractice","FlawlessForm","MoonPhase+1","Regret","DoubleEdge+1","BottledTime+1","Advance+1"],"relics":["Uniform","Bird Faced Urn","Golden Idol","Molten Egg 2","Blue Candle","Shuriken","Vajra","Incense Burner","Empty Cage","Toxic Egg 2","Centennial Puzzle","CeramicFish","Mango","PocketWatch","Potion Belt","Kunai","PreservedInsect","Cursed Key","Bag of Preparation","Akabeko","Letter Opener","Toy Ornithopter","Bronze Scales","Pantograph"],"acts_visited":["Exordium","TheCity","TheBeyond","TheEnding"],"potions_floor_usage":[22,25,34,38,45,54,63,64,64],"damage_taken":[{"damage":0,"enemies":"Small Slimes","floor":1,"turns":4},{"damage":0,"enemies":"Cultist","floor":4,"turns":2},{"damage":2,"enemies":"Jaw Worm","floor":6,"turns":2},{"damage":4,"enemies":"Large Slime","floor":7,"turns":6},{"damage":9,"enemies":"3 Sentries","floor":8,"turns":6},{"damage":1,"enemies":"Lagavulin","floor":11,"turns":7},{"damage":0,"enemies":"2 Fungi Beasts","floor":12,"turns":2},{"damage":1,"enemies":"Gremlin Nob","floor":14,"turns":4},{"damage":5,"enemies":"Exordium Thugs","floor":15,"turns":3},{"damage":9,"enemies":"Hexaghost","floor":18,"turns":6},{"damage":0,"enemies":"Spheric Guardian","floor":20,"turns":2},{"damage":0,"enemies":"3 Byrds","floor":22,"turns":4},{"damage":0,"enemies":"Shelled Parasite and Fungi","floor":23,"turns":2},{"damage":0,"enemies":"Gremlin Leader","floor":25,"turns":4},{"damage":0,"enemies":"Snake Plant","floor":27,"turns":3},{"damage":19,"enemies":"Book of Stabbing","floor":30,"turns":6},{"damage":8,"enemies":"Centurion and Healer","floor":31,"turns":4},{"damage":17,"enemies":"Slavers","floor":34,"turns":3},{"damage":3,"enemies":"Book of Stabbing","floor":36,"turns":5},{"damage":0,"enemies":"Collector","floor":38,"turns":8},{"damage":9,"enemies":"3 Shapes","floor":40,"turns":3},{"damage":4,"enemies":"3 Darklings","floor":44,"turns":4},{"damage":3,"enemies":"Transient","floor":45,"turns":5},{"damage":2,"enemies":"Jaw Worm Horde","floor":47,"turns":8},{"damage":0,"enemies":"Reptomancer","floor":48,"turns":5},{"damage":3,"enemies":"Giant Head","floor":51,"turns":7},{"damage":0,"enemies":"Nemesis","floor":53,"turns":7},{"damage":0,"enemies":"Writhing Mass","floor":54,"turns":4},{"damage":19,"enemies":"Reptomancer","floor":55,"turns":5},{"damage":0,"enemies":"3 Darklings","floor":56,"turns":2},{"damage":0,"enemies":"Time Eater","floor":59,"turns":10},{"damage":0,"enemies":"Shield and Spear","floor":63,"turns":3},{"damage":18,"enemies":"The Heart","floor":64,"turns":8}],"seed_played":"7758419292427683858","potions_obtained":[{"floor":6,"key":"Fire Potion"},{"floor":8,"key":"SpeedPotion"},{"floor":14,"key":"EssenceOfSteel"},{"floor":22,"key":"AttackPotion"},{"floor":23,"key":"LiquidMemories"},{"floor":30,"key":"Swift Potion"},{"floor":36,"key":"SpeedPotion"},{"floor":44,"key":"PowerPotion"},{"floor":45,"key":"Energy Potion"},{"floor":48,"key":"SmokeBomb"}],"is_trial":false,"path_per_floor":["M","$","?","M","?","M","M","E","T","T","E","M","R","E","M","R","R","B",null,"M","?","M","M","$","E","R","M","R","T","E","M","R","?","E","$","E","R","B",null,"M","?","$","?","M","M","R","M","E","$","T","E","R","E","M","E","M","R","R","B",null,"R","$","E","B",null],"character_chosen":"THE_SERVANT","items_purchased":["Ricochet","Toxic Egg 2","ReturningBlade+1","Kunai","Defy+1","AttackPotion","Bronze Scales","SkillPotion"],"campfire_rested":0,"item_purchase_floors":[2,24,24,35,35,35,62,62],"current_hp_per_floor":[59,59,59,59,55,53,49,40,40,40,39,39,39,43,38,38,38,31,55,55,55,55,55,55,55,55,55,55,55,55,56,56,56,50,50,66,66,69,69,69,69,69,69,69,69,69,69,69,69,69,69,69,69,69,67,69,69,69,69,69,69,69,69,66],"gold":132,"neow_bonus":"ONE_RARE_RELIC","is_daily":false,"chose_seed":false,"campfire_upgraded":11,"win_rate":0.0,"timestamp":1611063287,"path_taken":["M","$","?","M","?","M","M","E","T","T","E","M","R","E","M","R","R","BOSS","M","?","M","M","$","E","R","?","R","T","E","M","R","?","E","$","E","R","BOSS","M","?","$","?","?","M","R","M","E","$","T","E","R","E","M","E","M","R","R","BOSS","R","$","E","BOSS"],"items_purchased_type":["Card","Relic","Card","Relic","Card","Potion","Relic","Potion"],"build_version":"2020-12-22","purchased_purges":3,"victory":true,"max_hp_per_floor":[59,59,59,59,55,55,55,55,55,55,55,55,55,55,55,55,55,55,55,55,55,55,55,55,55,55,55,55,55,69,69,69,69,69,69,69,69,69,69,69,69,69,69,69,69,69,69,69,69,69,69,69,69,69,69,69,69,69,69,69,69,69,69,69],"card_choices":[{"not_picked":["Spin","StarChef"],"picked":"DoubleEdge","floor":1},{"not_picked":["Rewind","Desolation"],"picked":"Barrier","floor":4},{"not_picked":["SpecialFormula","FastForward"],"picked":"Defy","floor":6},{"not_picked":["Defy","Sabotage"],"picked":"Unruled","floor":7},{"not_picked":["TheWorld","GearUp"],"picked":"Spin+1","floor":8},{"not_picked":["FastForward","Barrier","DualDimension"],"picked":"SKIP","floor":11},{"not_picked":["SurpressingFire","BottledTime"],"picked":"SpecialFormula","floor":12},{"not_picked":["Moondial","Comet+1"],"picked":"Snipe+1","floor":14},{"not_picked":["Potential+1","Collapse+1"],"picked":"Luminosity","floor":15},{"not_picked":["FloweringNight","PendulumOfEternity+1"],"picked":"TheWorld","floor":18},{"not_picked":["SilverBlades+1","TimeWarp+1"],"picked":"Unruled+1","floor":20},{"not_picked":["FastForward","Alleviate+1","BottledTime"],"picked":"SKIP","floor":22},{"not_picked":["FastForward","SurpressingFire","Rearm+1"],"picked":"SKIP","floor":23},{"not_picked":["Starlight+1","Alleviate+1"],"picked":"ReturningBlade+1","floor":25},{"not_picked":["InstantArmor+1","GearUp+1"],"picked":"Revamp+1","floor":27},{"not_picked":["Embodiment","Ricochet+1"],"picked":"MoonPhase","floor":30},{"not_picked":["FastForward+1","SpecialFormula+1"],"picked":"MoonPhase","floor":31},{"not_picked":["ForgedInTime+1","ShatteredReality+1"],"picked":"SpecialFormula+1","floor":34},{"not_picked":["Hightail+1","Moondial+1"],"picked":"BestPractice","floor":36},{"not_picked":["ForgedInTime+1","TheWorld+1"],"picked":"FlawlessForm","floor":38},{"not_picked":["Rearm+1","RealityMarble+1","Shuttle+1"],"picked":"SKIP","floor":40},{"not_picked":["FastForward+1","Unruled+1","Rearm+1"],"picked":"SKIP","floor":44},{"not_picked":["Revamp+1","Alleviate+1","Unruled+1"],"picked":"SKIP","floor":45},{"not_picked":["Defy+1","DoubleEdge+1"],"picked":"MoonPhase+1","floor":47},{"not_picked":["FastForward+1","Alleviate+1","FanOfKnives+1"],"picked":"SKIP","floor":48},{"not_picked":["DualDimension+1","Manipulate+1"],"picked":"DoubleEdge+1","floor":51},{"not_picked":["Sabotage+1","Desolation+1","Solidify+1"],"picked":"SKIP","floor":53},{"not_picked":["DoubleEdge+1","Replace+1"],"picked":"BottledTime+1","floor":54},{"not_picked":["ShatteredReality+1","Gouge+1","Revamp+1"],"picked":"SKIP","floor":55},{"not_picked":["Starlight+1","ReturningBlade+1","Manipulate+1"],"picked":"SKIP","floor":56},{"not_picked":["ForgedInTime+1","RealityMarble+1"],"picked":"Advance+1","floor":63}],"player_experience":478729,"relics_obtained":[{"floor":8,"key":"Molten Egg 2"},{"floor":9,"key":"Blue Candle"},{"floor":10,"key":"Shuriken"},{"floor":11,"key":"Vajra"},{"floor":14,"key":"Incense Burner"},{"floor":25,"key":"Centennial Puzzle"},{"floor":29,"key":"CeramicFish"},{"floor":30,"key":"Mango"},{"floor":34,"key":"Potion Belt"},{"floor":36,"key":"PreservedInsect"},{"floor":48,"key":"Bag of Preparation"},{"floor":51,"key":"Akabeko"},{"floor":53,"key":"Letter Opener"},{"floor":55,"key":"Toy Ornithopter"},{"floor":63,"key":"Pantograph"}],"event_choices":[{"damage_healed":0,"gold_gain":0,"player_choice":"Grow","damage_taken":0,"max_hp_gain":0,"max_hp_loss":0,"event_name":"Living Wall","floor":3,"gold_loss":0,"cards_upgraded":["DoubleEdge"]},{"damage_healed":0,"gold_gain":0,"player_choice":"Lose Max HP","damage_taken":0,"relics_obtained":["Golden Idol"],"max_hp_gain":0,"max_hp_loss":4,"event_name":"Golden Idol","floor":5,"gold_loss":0},{"damage_healed":0,"gold_gain":0,"player_choice":"Upgraded","damage_taken":0,"max_hp_gain":0,"max_hp_loss":0,"event_name":"Upgrade Shrine","floor":21,"gold_loss":0,"cards_upgraded":["TheWorld"]},{"damage_healed":0,"gold_gain":0,"player_choice":"Opened","damage_taken":0,"relics_obtained":["PocketWatch"],"max_hp_gain":0,"max_hp_loss":0,"event_name":"The Mausoleum","floor":33,"gold_loss":0},{"cards_removed":["Exchange"],"damage_healed":0,"gold_gain":0,"player_choice":"Removed Skill","damage_taken":0,"max_hp_gain":0,"max_hp_loss":0,"event_name":"Falling","floor":41,"gold_loss":0},{"cards_removed":["Strike_S"],"damage_healed":0,"gold_gain":0,"player_choice":"Purged","damage_taken":0,"max_hp_gain":0,"max_hp_loss":0,"event_name":"Purifier","floor":43,"gold_loss":0}],"is_beta":false,"boss_relics":[{"not_picked":["Snecko Eye","Fusion Hammer"],"picked":"Empty Cage"},{"not_picked":["Busted Crown","SplendidAttire"],"picked":"Cursed Key"}],"items_purged_floors":[24,42,49],"is_endless":false,"potions_floor_spawned":[6,8,14,15,20,22,23,30,36,44,45,48,53],"ascension_level":1}}