{"host":"u7y9frlpoazak2mn","time":1611024210,"event":{"mods":["AchievementEnabler","Act Like it!","Alarm Clock","Aspiration","Astrologer","BaseMod","Beaked The Cultist","Better Altar","Better Match","Better Note","Better Sensory Stone","Better Skull","Better Third Choice","CCEM","Chen","Colored Map","Colored Powertips","Conspire","Curses Come First","Displayed Cursed Tome","Energized Spire","Fox Events","Friendly Minions","Gensokyo","GifTheSpireLib","Glutton Mod","Halation","Hallownest","Hermit","Hubris","Infinite Spire","Jedi Mod","Mimic Mod","Minty Spire (QoL Compilation)","MostiFishMod","Pale of the Ancients","Prisma Mod","Quarter Circle Forward PUNCH!","Quick Restart","Random Character Button","Rare Cards Sparkle","Relic Stats","Replay The Spire","Retaliation","Spicy Shops","Spikes Relics","StS++","StSLib","Stuff the Spire","The Blue Laboratory","The Bug Knight","The Construct","The Forsaken","The Juggle","The Jungle","The Marked","Trackpad","Waifu the Spire","Wandering Minibosses","Yuri Mod","vexMod"],"gold_per_floor":[117,117,48,10,21,21,21,21,103,116,134,189,144,155,155,253,253,253,253],"floor_reached":18,"language":"ENG","playtime":987,"items_purged":[],"score":150,"play_id":"a07a9c39-f01c-428d-8cd0-b7df8aea749d","local_time":"20210118214330","is_ascension_mode":false,"campfire_choices":[{"data":"yuri:BookGreen","floor":6,"key":"SMITH"},{"floor":15,"key":"REST"}],"circlet_count":0,"master_deck":["yuri:yuriStrike","yuri:yuriStrike","yuri:yuriStrike","yuri:yuriStrike","yuri:yuriStrike","yuri:yuriDefend","yuri:yuriDefend","yuri:yuriDefend","yuri:yuriDefend","yuri:yuriDefend","yuri:Oolong","yuri:yuriStab","yuri:UntestedCode","yuri:BookGreen+1","yuri:TeaSet","yuri:Stalk","MostiFishMod:IntelligentEquipment","yuri:GlitchRemove","yuri:ThrowingKnives","yuri:DeepBreathing","yuri:ThrowingKnives","yuri:Skip","yuri:DragonForm"],"relics":["Cracked Core","DaveBox","aspiration:Nostalgia","Chen:Catnip","SynthV:TestCard","infinitespire:Cubic Diamond","vexMod:Dragonfruit","Orichalcum","conspire:RunicOctahedron"],"acts_visited":["Exordium","Exordium"],"potions_floor_usage":[12,16],"damage_taken":[{"damage":1,"enemies":"2 Louse","floor":1,"turns":2},{"damage":7,"enemies":"Jaw Worm","floor":5,"turns":3},{"damage":6,"enemies":"conspire:RoseBush","floor":10,"turns":2},{"damage":12,"enemies":"Blue Slaver","floor":11,"turns":3},{"damage":31,"enemies":"3 Sentries","floor":12,"turns":5},{"damage":0,"enemies":"Exordium Thugs","floor":14,"turns":3},{"damage":37,"enemies":"Hexaghost","floor":16,"turns":10},{"damage":19,"enemies":"theJungle:5_Spyders","floor":18,"turns":4}],"seed_played":"2969877855112605184","potions_obtained":[{"floor":10,"key":"blueLaboratory:BottleOfRum"},{"floor":14,"key":"DistilledChaos"}],"is_trial":false,"path_per_floor":["M","?","$","$","M","R","$","?","T","M","M","?","$","M","R","B",null,"M"],"character_chosen":"YURI","items_purchased":["yuri:BookGreen","yuri:TeaSet","yuri:ThrowingKnives"],"campfire_rested":1,"item_purchase_floors":[3,4,13],"current_hp_per_floor":[79,79,79,79,76,76,76,74,79,73,65,38,38,42,67,34,85,70,70],"gold":253,"neow_bonus":"NOSTALGIA","is_daily":false,"chose_seed":false,"campfire_upgraded":1,"win_rate":0.0,"timestamp":1611024210,"path_taken":["M","?","?","$","M","R","$","?","T","M","M","?","$","M","R","BOSS","M"],"items_purchased_type":["Card","Card","Card"],"build_version":"2020-12-22","purchased_purges":0,"victory":false,"max_hp_per_floor":[80,80,80,80,80,80,80,80,85,85,85,85,85,85,85,85,85,85,85],"relic_stats":{"counters":[8,32],"Orichalcum":[30],"obtain_stats":[{"vexMod:Dragonfruit":9,"SynthV:TestCard":1,"DaveBox":0,"aspiration:Nostalgia":0,"Chen:Catnip":0,"yuri:yuriKnife":0,"conspire:RunicOctahedron":17,"infinitespire:Cubic Diamond":2,"Orichalcum":12,"Cracked Core":2},{"vexMod:Dragonfruit":2,"SynthV:TestCard":1,"DaveBox":0,"aspiration:Nostalgia":0,"Chen:Catnip":0,"yuri:yuriKnife":0,"conspire:RunicOctahedron":7,"infinitespire:Cubic Diamond":1,"Orichalcum":5,"Cracked Core":1},{"vexMod:Dragonfruit":5,"SynthV:TestCard":2,"DaveBox":0,"aspiration:Nostalgia":0,"Chen:Catnip":0,"yuri:yuriKnife":0,"conspire:RunicOctahedron":28,"infinitespire:Cubic Diamond":2,"Orichalcum":15,"Cracked Core":2}]},"card_choices":[{"not_picked":["yuri:ReloadGame","yuri:WickedSlash"],"picked":"yuri:UntestedCode","floor":1},{"not_picked":["yuri:yuriQuickStrike","yuri:WickedSlash","yuri:MPose","yuri:HoldBack"],"picked":"yuri:Stalk","floor":5},{"not_picked":["yuri:RecklessStrike","yuri:yuriQuickStrike","yuri:Stalk","yuri:ThrowBook"],"picked":"yuri:GlitchRemove","floor":10},{"not_picked":["yuri:GlitchedStrike","yuri:BookPurple","yuri:yuriQuickStrike","yuri:Stare"],"picked":"yuri:ThrowingKnives","floor":11},{"not_picked":["yuri:HeavierStrike","yuri:Skip","yuri:GlitchedStrike","yuri:StealPen"],"picked":"yuri:DeepBreathing","floor":12},{"not_picked":["yuri:ThornRemove","yuri:yuriHeavyStrike","yuri:ReactiveMadness","yuri:ConsumeGlitch"],"picked":"yuri:Skip","floor":14},{"not_picked":["yuri:Suicide","yuri:DuplicateCode","yuri:Torment","yuri:MagneticKnives"],"picked":"yuri:DragonForm","floor":16}],"player_experience":320199,"relics_obtained":[{"floor":1,"key":"SynthV:TestCard"},{"floor":9,"key":"vexMod:Dragonfruit"},{"floor":12,"key":"Orichalcum"}],"event_choices":[{"damage_healed":0,"gold_gain":0,"player_choice":"Card ","damage_taken":2,"max_hp_gain":0,"max_hp_loss":0,"event_name":"betterThird:BetterScrap","floor":8,"gold_loss":0,"cards_obtained":["MostiFishMod:IntelligentEquipment"]},{"damage_healed":0,"gold_gain":30,"player_choice":"Searched \u00272\u0027 times","damage_taken":0,"max_hp_gain":0,"max_hp_loss":0,"event_name":"Dead Adventurer","floor":12,"gold_loss":0}],"is_beta":false,"boss_relics":[{"not_picked":["HaiYi:Twilight","jedi:paperlyon"],"picked":"conspire:RunicOctahedron"}],"items_purged_floors":[],"is_endless":false,"potions_floor_spawned":[10,14],"killed_by":"theJungle:5_Spyders","ascension_level":0}}