{"host":"w8hjdfrntrrvtiu5","time":1611098851,"event":{"mods":["AchievementEnabler","BaseMod","BetterRewards","Conspire","Hubris","Marisa????????","Minty Spire (QoL Compilation)","Shop Mod","StSLib","Td1madao Mod","The Animator","egg","everything is the same but u backflip on backflip"],"gold_per_floor":[118,268,268,281,300,330,330,75,75,86,96,96,114,132,132,206,206,223,235,235,247,262,262,90,120,191,225,225,241,271,290,290,364,364,378,378,378,113,113,113],"floor_reached":39,"language":"ENG","playtime":1468,"items_purged":["Defend_B","Defend_B"],"score":862,"play_id":"10be1258-323c-40d1-a593-be8af0a3e6bf","local_time":"20210119182731","is_ascension_mode":true,"campfire_choices":[{"floor":7,"key":"REST"},{"data":"Defragment","floor":15,"key":"SMITH"},{"data":"Buffer","floor":23,"key":"SMITH"},{"floor":28,"key":"REST"},{"floor":32,"key":"REST"}],"circlet_count":0,"master_deck":["AscendersBane","Strike_B","Strike_B+1","Strike_B+1","Defend_B","Defend_B","Zap","Dualcast","Chaos","Ball Lightning","Gash","Go for the Eyes","Glacier","Capacitor","Defragment+1","Gash","Steam Power","Beam Cell","Buffer+1","CurseOfTheBell","Cold Snap","Steam","Coolheaded","Coolheaded","Gash","Capacitor","Redo","Barrage","FTL+1","Core Surge","Wraith","Discovery","Self Repair"],"relics":["Runic Dome","Spirit Poop","Sundial","Whetstone","hubris:Spice","Shuriken","Calling Bell","conspire:Dentures","Lizard Tail","Bag of Preparation","conspire:SlowCooker"],"acts_visited":["Exordium","TheCity","TheBeyond"],"potions_floor_usage":[6,19,22,30,31],"damage_taken":[{"damage":6,"enemies":"conspire:RoseBush","floor":1,"turns":4},{"damage":0,"enemies":"Cultist","floor":4,"turns":3},{"damage":7,"enemies":"Jaw Worm","floor":5,"turns":2},{"damage":16,"enemies":"Gremlin Nob","floor":6,"turns":3},{"damage":22,"enemies":"Gremlin Gang","floor":10,"turns":4},{"damage":11,"enemies":"2 Fungi Beasts","floor":11,"turns":4},{"damage":1,"enemies":"Red Slaver","floor":13,"turns":3},{"damage":3,"enemies":"Looter","floor":14,"turns":2},{"damage":0,"enemies":"Hexaghost","floor":16,"turns":7},{"damage":4,"enemies":"Spheric Guardian","floor":18,"turns":4},{"damage":7,"enemies":"conspire:FuzzyDice","floor":19,"turns":6},{"damage":2,"enemies":"Snecko","floor":21,"turns":6},{"damage":9,"enemies":"3 Cultists","floor":22,"turns":9},{"damage":14,"enemies":"Gremlin Leader","floor":25,"turns":9},{"damage":1,"enemies":"conspire:SneckoGhost","floor":27,"turns":8},{"damage":21,"enemies":"Centurion and Healer","floor":29,"turns":5},{"damage":27,"enemies":"Slavers","floor":30,"turns":5},{"damage":0,"enemies":"Chosen and Byrds","floor":31,"turns":5},{"damage":16,"enemies":"conspire:MysteriousRune","floor":33,"turns":8},{"damage":16,"enemies":"Orb Walker","floor":35,"turns":2},{"damage":43,"enemies":"3 Darklings","floor":39,"turns":4}],"seed_played":"-1625850541771060248","potions_obtained":[{"floor":1,"key":"AttackPotion"},{"floor":11,"key":"Explosive Potion"},{"floor":13,"key":"Energy Potion"},{"floor":21,"key":"SpeedPotion"},{"floor":22,"key":"Energy Potion"},{"floor":29,"key":"FocusPotion"},{"floor":30,"key":"Explosive Potion"},{"floor":33,"key":"Energy Potion"}],"is_trial":false,"path_per_floor":["M","?","?","M","M","E","R","$","T","M","M","T","M","M","R","B",null,"M","M","?","M","M","R","$","E","T","E","R","M","E","M","R","B",null,"M","?","?","$","M"],"character_chosen":"DEFECT","items_purchased":["Glacier","Capacitor","Whetstone","Gash","Capacitor","Discovery","Self Repair"],"campfire_rested":3,"item_purchase_floors":[8,8,8,24,24,38,38],"current_hp_per_floor":[58,58,58,58,51,35,56,56,64,42,31,31,30,27,27,27,74,70,63,63,61,52,52,52,38,38,37,55,34,7,7,21,5,37,21,19,19,19,0,0],"gold":113,"neow_bonus":"BOSS_RELIC","is_daily":false,"chose_seed":false,"campfire_upgraded":2,"win_rate":0.0,"timestamp":1611098851,"path_taken":["M","?","?","M","M","E","R","$","T","?","M","?","M","M","R","BOSS","M","?","?","?","M","R","$","E","T","E","R","M","E","M","R","BOSS","M","?","?","$","M"],"items_purchased_type":["Card","Card","Relic","Card","Card","Card","Card"],"build_version":"2020-12-22","purchased_purges":2,"victory":false,"max_hp_per_floor":[71,71,71,71,71,71,71,71,79,79,79,79,79,79,79,79,87,87,87,87,87,79,79,79,71,63,63,63,55,47,47,47,47,47,39,39,39,39,39,39],"card_choices":[{"not_picked":["Steam","Turbo"],"picked":"Chaos","floor":1},{"not_picked":["Genetic Algorithm","Fission"],"picked":"Ball Lightning","floor":4},{"not_picked":["Storm","Reprogram"],"picked":"Gash","floor":5},{"not_picked":["Streamline","Amplify"],"picked":"Go for the Eyes","floor":6},{"not_picked":["Undo","Tempest"],"picked":"Defragment","floor":10},{"not_picked":["hubris:Ukulele","Leap"],"picked":"Gash","floor":11},{"not_picked":["hubris:Ukulele","Beam Cell"],"picked":"Steam Power","floor":13},{"not_picked":["Stack","Go for the Eyes"],"picked":"Beam Cell","floor":14},{"not_picked":["Amplify","Biased Cognition"],"picked":"Buffer","floor":16},{"not_picked":["Steam","Compile Driver"],"picked":"Cold Snap","floor":18},{"not_picked":["Sunder","Rebound"],"picked":"Steam","floor":19},{"not_picked":["Cold Snap","Sweeping Beam"],"picked":"Coolheaded","floor":21},{"not_picked":["Go for the Eyes","Reinforced Body"],"picked":"hubris:SpiceAddiction","floor":22},{"not_picked":["Self Repair","Cold Snap"],"picked":"Redo","floor":25},{"not_picked":["Go for the Eyes","hubris:SpiceAddiction"],"picked":"Barrage","floor":27},{"not_picked":["Conserve Battery","Streamline+1"],"picked":"hubris:SpiceAddiction","floor":29},{"not_picked":["Compile Driver","Machine Learning"],"picked":"FTL+1","floor":30},{"not_picked":["Steam Power","Streamline","Chaos"],"picked":"SKIP","floor":31},{"not_picked":["hubris:DoWhile","hubris:Prefetch"],"picked":"Core Surge","floor":33},{"not_picked":["Loop","hubris:SpiceAddiction"],"picked":"hubris:SpiceAddiction","floor":35}],"player_experience":2399692,"relics_obtained":[{"floor":6,"key":"Sundial"},{"floor":9,"key":"hubris:Spice"},{"floor":12,"key":"Shuriken"},{"floor":17,"key":"conspire:Dentures"},{"floor":17,"key":"Lizard Tail"},{"floor":17,"key":"hubris:Spice"},{"floor":25,"key":"hubris:Spice"},{"floor":26,"key":"hubris:Spice"},{"floor":27,"key":"Bag of Preparation"},{"floor":30,"key":"hubris:Spice"}],"event_choices":[{"damage_healed":0,"gold_gain":150,"player_choice":"AGREE","damage_taken":0,"max_hp_gain":0,"max_hp_loss":0,"event_name":"Liars Game","floor":2,"gold_loss":0,"cards_obtained":["Doubt"]},{"cards_removed":["Doubt"],"damage_healed":0,"gold_gain":0,"player_choice":"Offered Curse","damage_taken":0,"relics_obtained":["Spirit Poop"],"max_hp_gain":0,"max_hp_loss":0,"event_name":"Bonfire Elementals","floor":3,"gold_loss":0},{"damage_healed":0,"gold_gain":0,"cards_transformed":["Strike_B"],"player_choice":"Transformed","damage_taken":0,"max_hp_gain":0,"max_hp_loss":0,"event_name":"Transmorgrifier","floor":20,"gold_loss":0,"cards_obtained":["Coolheaded"]},{"damage_healed":0,"gold_gain":0,"player_choice":"Leave","damage_taken":0,"max_hp_gain":0,"max_hp_loss":0,"event_name":"conspire:Investor","floor":36,"gold_loss":0},{"damage_healed":0,"gold_gain":0,"player_choice":"Ignored","damage_taken":0,"max_hp_gain":0,"max_hp_loss":0,"event_name":"OrinTheCat","floor":37,"gold_loss":0}],"is_beta":false,"boss_relics":[{"not_picked":["hubris:BlackHole","Runic Pyramid"],"picked":"Calling Bell"},{"not_picked":["hubris:Spice","hubris:Spice"],"picked":"conspire:SlowCooker"}],"items_purged_floors":[24,38],"is_endless":false,"potions_floor_spawned":[1,11,13,21,22,27,29,30,33,35],"killed_by":"3 Darklings","ascension_level":15}}