{"host":"lnt5dzsuhru0aonl","time":1611055515,"event":{"mods":["2.2 Compatiblity","BaseMod","Colored Map","Colored Powertips","DeckTracker","Keyboard Shortcuts","Minty Spire (QoL Compilation)","Permanent Neow","StSLib","SuperFastMode","everything is the same but u backflip on backflip"],"gold_per_floor":[117,117,133,146,146,146,146,165,165,36,36,0,25,48,48,141,141,160,27,48,48,65,65,94,107,134,134,134],"floor_reached":27,"language":"KOR","playtime":660,"items_purged":["Pain"],"score":450,"play_id":"8d20c4c5-5b2a-4296-9d0c-12fe05380947","local_time":"20210119202515","is_ascension_mode":true,"campfire_choices":[{"data":"Dualcast","floor":11,"key":"SMITH"},{"data":"Loop","floor":15,"key":"SMITH"},{"data":"Recycle","floor":23,"key":"SMITH"}],"circlet_count":0,"master_deck":["AscendersBane","Strike_B","Strike_B","Strike_B","Strike_B","Defend_B","Defend_B","Defend_B","Defend_B","Zap","Dualcast+1","Biased Cognition","Static Discharge","Storm","Compile Driver","Tempest","Conserve Battery","Recycle+1","Sweeping Beam","Loop+1","Core Surge","Turbo","Heatsinks","Coolheaded","Electrodynamics","Steam"],"relics":["FrozenCore","WarpedTongs","Ornamental Fan","The Courier","Cables","Membership Card","Runic Capacitor","Nloth\u0027s Gift","Emotion Chip","Akabeko"],"acts_visited":["Exordium","TheCity"],"potions_floor_usage":[4,20,22,24,24,27],"damage_taken":[{"damage":0,"enemies":"Small Slimes","floor":1,"turns":2},{"damage":3,"enemies":"Cultist","floor":3,"turns":3},{"damage":10,"enemies":"Jaw Worm","floor":4,"turns":4},{"damage":6,"enemies":"Blue Slaver","floor":8,"turns":4},{"damage":0,"enemies":"Looter","floor":13,"turns":2},{"damage":3,"enemies":"2 Fungi Beasts","floor":14,"turns":2},{"damage":35,"enemies":"Slime Boss","floor":16,"turns":4},{"damage":0,"enemies":"Chosen","floor":18,"turns":9},{"damage":9,"enemies":"Shell Parasite","floor":20,"turns":4},{"damage":20,"enemies":"Shelled Parasite and Fungi","floor":22,"turns":4},{"damage":17,"enemies":"Gremlin Leader","floor":24,"turns":4},{"damage":0,"enemies":"Cultist and Chosen","floor":25,"turns":3},{"damage":4,"enemies":"Snake Plant","floor":27,"turns":1}],"seed_played":"7520268030489025368","potions_obtained":[{"floor":1,"key":"Block Potion"},{"floor":13,"key":"GamblersBrew"},{"floor":14,"key":"Strength Potion"},{"floor":16,"key":"Block Potion"},{"floor":20,"key":"Weak Potion"},{"floor":22,"key":"DistilledChaos"},{"floor":24,"key":"BlessingOfTheForge"}],"is_trial":false,"path_per_floor":["M","?","M","M","T","?","T","M","T","$","R","$","M","M","R","B",null,"M","$","M","?","M","R","E","M","T","M"],"character_chosen":"DEFECT","items_purchased":["Membership Card","Conserve Battery","Recycle","Runic Capacitor","Heatsinks"],"campfire_rested":0,"item_purchase_floors":[10,12,12,19,19],"current_hp_per_floor":[64,64,61,51,51,51,51,45,45,45,45,45,45,42,42,7,50,50,50,41,41,21,21,4,4,4,0,0],"gold":134,"neow_bonus":"ONE_RANDOM_RARE_CARD","is_daily":false,"chose_seed":false,"campfire_upgraded":3,"win_rate":0.0,"timestamp":1611055515,"path_taken":["M","?","M","?","?","?","?","M","T","$","R","?","M","M","R","BOSS","M","$","M","?","M","R","E","M","T","M"],"items_purchased_type":["Relic","Card","Card","Relic","Card"],"build_version":"2020-12-22","purchased_purges":1,"victory":false,"max_hp_per_floor":[71,71,71,71,71,64,64,64,64,64,64,64,64,64,64,64,64,64,64,64,64,64,64,64,64,64,64,64],"card_choices":[{"not_picked":["Auto Shields","Streamline"],"picked":"Static Discharge","floor":1},{"not_picked":["Rebound","Turbo"],"picked":"Storm","floor":3},{"not_picked":["Force Field","BootSequence"],"picked":"Compile Driver","floor":4},{"not_picked":["Doom and Gloom","Stack"],"picked":"Tempest","floor":8},{"not_picked":["Hologram","Melter"],"picked":"Sweeping Beam","floor":13},{"not_picked":["Heatsinks","Steam"],"picked":"Loop","floor":14},{"not_picked":["All For One","Thunder Strike"],"picked":"Core Surge","floor":16},{"not_picked":["Leap","Compile Driver+1"],"picked":"Turbo","floor":18},{"not_picked":["Rebound","Cold Snap"],"picked":"Coolheaded","floor":20},{"not_picked":["Streamline","Aggregate","Barrage"],"picked":"SKIP","floor":22},{"not_picked":["Multi-Cast","Coolheaded"],"picked":"Electrodynamics","floor":24},{"not_picked":["Consume","Aggregate"],"picked":"Steam","floor":25}],"player_experience":700777,"relics_obtained":[{"floor":5,"key":"Ornamental Fan"},{"floor":7,"key":"The Courier"},{"floor":9,"key":"Cables"},{"floor":24,"key":"Emotion Chip"},{"floor":26,"key":"Akabeko"}],"event_choices":[{"damage_healed":0,"gold_gain":0,"player_choice":"Rummage","damage_taken":0,"relics_obtained":["WarpedTongs"],"max_hp_gain":0,"max_hp_loss":0,"event_name":"Accursed Blacksmith","floor":2,"gold_loss":0,"cards_obtained":["Pain"]},{"damage_healed":0,"gold_gain":0,"player_choice":"Lose Max HP","damage_taken":0,"relics_obtained":["Golden Idol"],"max_hp_gain":0,"max_hp_loss":7,"event_name":"Golden Idol","floor":6,"gold_loss":0},{"damage_healed":0,"gold_gain":0,"player_choice":"Traded Relic","damage_taken":0,"relics_obtained":["Nloth\u0027s Gift"],"max_hp_gain":0,"max_hp_loss":0,"event_name":"N\u0027loth","floor":21,"relics_lost":["Golden Idol"],"gold_loss":0}],"is_beta":false,"boss_relics":[{"not_picked":["Astrolabe","Runic Pyramid"],"picked":"FrozenCore"}],"items_purged_floors":[19],"is_endless":false,"potions_floor_spawned":[1,13,14,16,20,22,24],"killed_by":"Snake Plant","ascension_level":20}}