{"host":"3yynf0dn84873kbr","time":1611059990,"event":{"mods":["100% Spire Juice","Act Like it!","BaseMod","CapriCore","Marisa£®ÏF”Í°°ƒß¿Ì…≥£©","Minty Spire (QoL Compilation)","Pale of the Ancients","StSLib","[IsaacMod]“‘»ˆº‚À˛"],"gold_per_floor":[112,112,112,112,112,112,67,81,81,81,156,174,125,140,140,140,140],"floor_reached":16,"language":"ZHS","playtime":588,"items_purged":[],"score":88,"play_id":"1ee7c320-8d28-4791-a85f-144907298330","local_time":"20210119203950","is_ascension_mode":false,"campfire_choices":[{"data":"Moonworks:LongDistanceShot","floor":6,"key":"SMITH"},{"data":"Moonworks:CloudOfSeagulls","floor":15,"key":"SMITH"}],"circlet_count":0,"master_deck":["Moonworks:Strike","Moonworks:Strike","Moonworks:Strike","Moonworks:Strike","Moonworks:Defend","Moonworks:Defend","Moonworks:Defend+1","Moonworks:Defend+1","Moonworks:Ambush","Moonworks:LongDistanceShot+1","BettingIsNotGood","Moonworks:RagingMadness+1","Moonworks:CloudOfSeagulls+1","Moonworks:NicePresent","Moonworks:Assault","Moonworks:CloudOfSeagulls","Moonworks:RocketCannon"],"relics":["Moonworks:BrokenBomb","Moonworks:Homemark","HushsDoor","NeowsBlessing","BFFS"],"acts_visited":["Exordium"],"potions_floor_usage":[16],"damage_taken":[{"damage":0,"enemies":"Jaw Worm","floor":1,"turns":1},{"damage":0,"enemies":"2 Louse","floor":8,"turns":2},{"damage":0,"enemies":"Small Slimes","floor":12,"turns":1},{"damage":4,"enemies":"Looter","floor":14,"turns":3},{"damage":34,"enemies":"The Guardian","floor":16,"turns":4}],"seed_played":"-6711837881198853342","potions_obtained":[{"floor":12,"key":"CultistPotion"},{"floor":14,"key":"Block Potion"}],"is_trial":false,"path_per_floor":["M","?","?","$","?","R","$","M","T","?","?","M","$","M","R","B"],"character_chosen":"THE_STARBREAKER","items_purchased":["Moonworks:CloudOfSeagulls","Moonworks:CloudOfSeagulls"],"campfire_rested":0,"item_purchase_floors":[7,13],"current_hp_per_floor":[60,60,60,60,48,48,48,48,48,48,37,37,37,33,33,0,0],"gold":140,"neow_bonus":"THREE_ENEMY_KILL","is_daily":false,"chose_seed":false,"campfire_upgraded":2,"win_rate":0.0,"timestamp":1611059990,"path_taken":["M","?","?","$","?","R","?","M","T","?","?","M","$","M","R","BOSS"],"items_purchased_type":["Card","Card"],"build_version":"2020-12-22","purchased_purges":0,"victory":false,"max_hp_per_floor":[60,60,60,60,60,60,60,60,60,60,60,60,60,60,60,60,60],"card_choices":[{"not_picked":[],"picked":"BettingIsNotGood","floor":0},{"not_picked":["Moonworks:DeployBits","Moonworks:BackdoorTrade"],"picked":"Moonworks:RagingMadness","floor":1},{"not_picked":["Moonworks:RedAndBlue","Moonworks:FinalSurgery"],"picked":"Moonworks:NicePresent","floor":8},{"not_picked":["Bomb","Moonworks:IndiscriminateFireSupport"],"picked":"Moonworks:Assault","floor":12},{"not_picked":["Bomb","Moonworks:LulusLuckyEgg"],"picked":"Moonworks:RocketCannon","floor":14}],"player_experience":126027,"relics_obtained":[],"event_choices":[{"damage_healed":0,"gold_gain":0,"player_choice":"Grow","damage_taken":0,"max_hp_gain":0,"max_hp_loss":0,"event_name":"Living Wall","floor":2,"gold_loss":0,"cards_upgraded":["Moonworks:RagingMadness"]},{"damage_healed":0,"gold_gain":0,"player_choice":"Ignored","damage_taken":0,"max_hp_gain":0,"max_hp_loss":0,"event_name":"Liars Game","floor":3,"gold_loss":0},{"damage_healed":0,"gold_gain":0,"player_choice":"Entered Light","damage_taken":12,"max_hp_gain":0,"max_hp_loss":0,"event_name":"Shining Light","floor":5,"gold_loss":0,"cards_upgraded":["Moonworks:Defend","Moonworks:Defend"]},{"damage_healed":0,"gold_gain":0,"player_choice":"Leave","damage_taken":0,"max_hp_gain":0,"max_hp_loss":0,"event_name":"The Cleric","floor":10,"gold_loss":0},{"damage_healed":0,"gold_gain":75,"player_choice":"Gather Gold","damage_taken":11,"max_hp_gain":0,"max_hp_loss":0,"event_name":"World of Goop","floor":11,"gold_loss":0}],"is_beta":false,"boss_relics":[],"items_purged_floors":[],"is_endless":false,"potions_floor_spawned":[12,14],"killed_by":"The Guardian","ascension_level":0}}