{"host":"k2qahyfnbpqixgl3","time":1611051052,"event":{"mods":["Act Like it!","Ascension Reborn","BaseMod","Card Forge","Colored Powertips","Highlight Path","HololiveMod","KinomotoSakuraMod(木之本?)","Minty Spire (QoL Compilation)","Pale of the Ancients","Remilia（蕾米莉?）","Replay The Spire","RumiaBox-露米?的神秘盒子","StSLib","The Animator","The Jungle","Unceasing Turn Reminder","Youmu（魂魄妖?）","【角色mod】十八桐人"],"gold_per_floor":[109,125,142,157,157,185,201,234,260,293,93,104,124,153,153,254,254,267,287,303,330,353,396,424,424,450,483,528,528,81,111,111,268,268,297,337,371,403,437,508,508,539,564,590,636,709,121,0,0,139,139,205,265,311,311,311,384,384,384,384,530,580,897,897],"floor_reached":63,"language":"ZHS","playtime":2940,"items_purged":[],"score":2172,"play_id":"be7d9b6d-0c23-431c-894f-d5510192158b","local_time":"20210119181052","daily_mods":["Vintage","Heirloom","DeadlyEvents"],"is_ascension_mode":true,"campfire_choices":[{"data":"MastersStateliness","floor":15.0,"key":"SMITH"},{"data":"SlashClearingTheSixSenses","floor":29,"key":"SMITH"},{"data":"RedNightlessCastle","floor":41,"key":"SMITH"},{"data":"MatsuyoiReflectingSatelliteSlash","floor":56,"key":"SMITH"}],"circlet_count":0,"master_deck":["Strike_YM+1","Strike_YM+1","Defend_YM+1","Defend_YM+1","Defend_YM+1","Defend_YM+1","SlashOfPresentWorld+1","WheelOfPainOfLivingAndDead+1","MiserableFate+1","VampirishNight+1","MastersStateliness+1","BlasphemousPunishment+1","BloodyHallows+1","LifeCuttingSword+1","BloodyTrap+1","Maim+1","StarOfDavid+1","SlashOfMeditation+1","HeavenlyHaloSlash+1","FourBirthsSword+1","BombardNight+1","BloodySeventeenLaser+1","BloodyMagicSquare+1","EmergencyRegeneration+1","TransientEternity+1","DemonKingCradle+1","QueenOfMidnight+1","Injury","Looming Evil","SlashClearingTheSixSenses+1","VoidnessSword+1","RedNightlessCastle+1","ReplayTheSpireMod:IOU","DoubleWheelOfPain+1","MillenniumVampire+1","MatsuyoiReflectingSatelliteSlash+1","Looming Evil","BloodySeventeenLaser+1"],"relics":["MiniYoumu","Hammer of Thor","Seething Fire","Anvil of the Gods","Replay:Kaleidoscope","Letter Opener","Blue Doll","Ancient Tea Set","Boot","Strawberry","Replay:Wax Seal","Happy Flower","Potion Belt","Frozen Eye","Akabeko","Frozen Egg 2","War Paint","Replay:Grab Bag","Coffee Dripper","Cursed Key","Astrolabe","Blood Vial","Bronze Scales","Replay:Rubber Ducky","Replay:Bandana","Ice Cream","Tiny Chest","FossilizedHelix","Matryoshka","Iron Hammer","Vajra","ReplayTheSpireMod:TigerMarble","InkBottle","OrangePellets","Replay:Arrowhead","Darkstone Periapt","Roukanken","Question Card","Pear","Replay:Baseball","Gambling Chip","Replay:Bottled Steam","Hakurouken","Gremlin Food","Orichalcum","Omamori","Anchor","PreservedInsect","Chameleon Ring","TheAbacus","Red Mask","SacredBark","paleoftheancients:Timepiece","CultistMask","TungstenRod","Singing Bowl","Lantern","Incense Burner","paleoftheancients:SoulOfTheVixen","Bag of Preparation","Bag of Marbles","Tiny House","Old Coin"],"acts_visited":["Exordium","TheCity","TheBeyond","TheBeyond","Exordium"],"potions_floor_usage":[19,19,19,21,50,50,50,50,53,57],"damage_taken":[{"damage":0.0,"enemies":"Jaw Worm","floor":1.0,"turns":4.0},{"damage":0.0,"enemies":"Cultist","floor":2.0,"turns":4.0},{"damage":0.0,"enemies":"2 Louse","floor":3.0,"turns":3.0},{"damage":0.0,"enemies":"Blue Slaver","floor":4.0,"turns":3.0},{"damage":0.0,"enemies":"Lagavulin","floor":6.0,"turns":7.0},{"damage":0.0,"enemies":"3 Louse","floor":7.0,"turns":1.0},{"damage":9.0,"enemies":"3 Sentries","floor":8.0,"turns":9.0},{"damage":0.0,"enemies":"Gremlin Nob","floor":10.0,"turns":3.0},{"damage":0.0,"enemies":"Large Slime","floor":12.0,"turns":4.0},{"damage":0.0,"enemies":"Exordium Thugs","floor":13.0,"turns":3.0},{"damage":9.0,"enemies":"3 Sentries","floor":14.0,"turns":8.0},{"damage":27.0,"enemies":"Slime Boss","floor":16.0,"turns":10.0},{"damage":12,"enemies":"Shell Parasite","floor":18,"turns":3},{"damage":6,"enemies":"Chosen","floor":19,"turns":2},{"damage":8,"enemies":"Snecko","floor":20,"turns":3},{"damage":16,"enemies":"Replay:Snechameleon","floor":21,"turns":5},{"damage":3,"enemies":"Snake Plant","floor":22,"turns":3},{"damage":35,"enemies":"Slavers","floor":23,"turns":4},{"damage":99,"enemies":"Sentry and Sphere","floor":24,"turns":2},{"damage":0,"enemies":"3 Cultists","floor":27,"turns":3},{"damage":0,"enemies":"Replay:Snechameleon","floor":28,"turns":3},{"damage":0,"enemies":"Snake Plant","floor":31,"turns":1},{"damage":8,"enemies":"Automaton","floor":33,"turns":5},{"damage":0,"enemies":"3 Darklings","floor":35,"turns":2},{"damage":22,"enemies":"3 Shapes","floor":36,"turns":3},{"damage":20,"enemies":"3 Darklings","floor":37,"turns":2},{"damage":30,"enemies":"Sphere and 2 Shapes","floor":38,"turns":3},{"damage":44,"enemies":"Maw","floor":39,"turns":4},{"damage":42,"enemies":"Giant Head","floor":40,"turns":4},{"damage":8,"enemies":"Spire Growth","floor":42,"turns":2},{"damage":0,"enemies":"Jaw Worm Horde","floor":44,"turns":2},{"damage":47,"enemies":"Transient","floor":45,"turns":5},{"damage":8,"enemies":"Reptomancer","floor":46,"turns":3},{"damage":34,"enemies":"Donu and Deca","floor":50,"turns":3},{"damage":23,"enemies":"Donu and Deca","floor":52,"turns":4},{"damage":24,"enemies":"Donu and Deca","floor":53,"turns":6},{"damage":33,"enemies":"Donu and Deca","floor":57,"turns":4},{"damage":13,"enemies":"paleoftheancients:N","floor":61,"turns":4},{"damage":9,"enemies":"Cultist","floor":63,"turns":2}],"seed_played":"1564094250685478098","potions_obtained":[{"floor":1.0,"key":"BlessingOfTheForge"},{"floor":2.0,"key":"Regen Potion"},{"floor":5.0,"key":"Elixir"},{"floor":5.0,"key":"EssenceOfSteel"},{"floor":6.0,"key":"Explosive Potion"},{"floor":8.0,"key":"AttackPotion"},{"floor":12.0,"key":"Swift Potion"},{"floor":14.0,"key":"ColorlessPotion"},{"floor":21,"key":"Strength Potion"},{"floor":23,"key":"LiquidBronze"},{"floor":24,"key":"Venom Potion"},{"floor":28,"key":"SneckoOil"},{"floor":33,"key":"PowerPotion"},{"floor":45,"key":"Dexterity Potion"},{"floor":46,"key":"AttackPotion"},{"floor":50,"key":"Block Potion"},{"floor":52,"key":"Death Potion"},{"floor":53,"key":"SteroidPotion"},{"floor":58,"key":"SpeedPotion"},{"floor":58,"key":"Toxic Potion"},{"floor":61,"key":"Elixir"}],"is_trial":true,"path_per_floor":["M","M","M","M","?","E","M","E","T","E","$","M","M","E","R","B",null,"M","M","M","E","M","E","M","T","T","M","E","R","$","M","R","B",null,"M","M","M","M","M","E","R","M","T","M","M","E","$","?","R","B",null,"M","M","T","T","R","M","R","T","?","B",null,"M"],"character_chosen":"YOUMU","items_purchased":["LifeCuttingSword","Frozen Eye","OrangePellets","Replay:Arrowhead","PreservedInsect","Chameleon Ring","TheAbacus","MillenniumVampire+1"],"campfire_rested":0,"item_purchase_floors":[11,11,30,30,47,47,47,47],"current_hp_per_floor":[75,75,75,75,75,75,82,73,73,73,73,75,77,73,73,53,82,75,73,70,60,64,41,82,82,82,82,82,82,82,82,82,82,82,82,82,82,92,92,92,92,92,98,98,98,98,98,98,98,98,98,98,98,98,98,98,98,98,104,104,104,111,111,111],"gold":897,"neow_bonus":"","is_daily":false,"chose_seed":false,"campfire_upgraded":4,"win_rate":0.0,"timestamp":1611051052,"path_taken":["M","M","M","M","?","E","M","E","T","E","$","M","M","?","R","BOSS","M","?","M","?","M","E","M","?","T","?","E","R","$","M","R","BOSS","M","M","M","M","M","E","R","M","T","M","M","E","$","?","R","BOSS","M","M","?","T","R","M","R","T","?","BOSS","M"],"items_purchased_type":["Card","Relic","Relic","Relic","Relic","Relic","Relic","Card"],"build_version":"2020-12-22","purchased_purges":0,"victory":false,"max_hp_per_floor":[75,75,75,75,75,75,82,82,82,82,82,82,82,82,82,82,82,82,82,82,82,82,82,82,82,82,82,82,82,82,82,82,82,82,82,82,82,92,92,92,92,92,98,98,98,98,98,98,98,98,98,98,98,98,98,98,98,98,104,104,104,111,111,111],"card_choices":[{"not_picked":["FitfulNightmare","UnstableMagic"],"picked":"MiserableFate","floor":6.0},{"not_picked":["NightLord","BadLadyScramble"],"picked":"VampirishNight","floor":8.0},{"not_picked":["TenKingsRetributionOnThePreta","DispleasureOfTheSevenHakus"],"picked":"MastersStateliness","floor":10.0},{"not_picked":["UnstableMagic","Maim"],"picked":"BlasphemousPunishment","floor":14.0},{"not_picked":["KillingBlow","HellCatastrophe"],"picked":"BloodyHallows","floor":16.0},{"not_picked":["ScarletImprint","PreachingAvici"],"picked":"StarOfDavid+1","floor":21},{"not_picked":["DispleasureOfTheSevenHakus","BloodHunter"],"picked":"SlashOfMeditation","floor":23},{"not_picked":["LotusPostureSlash","TenKingsRetributionOnThePreta"],"picked":"SlashClearingTheSixSenses","floor":28},{"not_picked":["HellRealmSword","BloodyCatastrophe"],"picked":"VoidnessSword+1","floor":33},{"not_picked":["ScarletImprint+1","HiganSword+1","CrescentMoonSlash"],"picked":"RedNightlessCastle","floor":40},{"not_picked":["HumanKnowledgeSword+1","BlasphemousPunishment+1","VampireKiss+1"],"picked":"DoubleWheelOfPain+1","floor":46},{"not_picked":["SlashOfTheEternalFuture","BloodRain","HellCatastrophe"],"picked":"MatsuyoiReflectingSatelliteSlash","floor":50},{"not_picked":["IrresoluteSoul+1","SlashOfSaigyouSpringWind","QueenOfMidnight+1"],"picked":"BloodySeventeenLaser","floor":61},{"not_picked":["SpiritCuttingSword","SwordExtraction+1","AsTheSilentNirvana+1","BombardNight"],"picked":"Singing Bowl","floor":62}],"player_experience":591536,"relics_obtained":[{"floor":1.0,"key":"Letter Opener"},{"floor":2.0,"key":"Blue Doll"},{"floor":3.0,"key":"Ancient Tea Set"},{"floor":4.0,"key":"Boot"},{"floor":7.0,"key":"Strawberry"},{"floor":8.0,"key":"Replay:Wax Seal"},{"floor":9.0,"key":"Happy Flower"},{"floor":10.0,"key":"Potion Belt"},{"floor":12.0,"key":"Akabeko"},{"floor":13.0,"key":"Frozen Egg 2"},{"floor":14.0,"key":"War Paint"},{"floor":18,"key":"Blood Vial"},{"floor":19,"key":"Bronze Scales"},{"floor":20,"key":"Replay:Rubber Ducky"},{"floor":21,"key":"Replay:Bandana"},{"floor":22,"key":"Ice Cream"},{"floor":23,"key":"Tiny Chest"},{"floor":24,"key":"FossilizedHelix"},{"floor":25,"key":"Matryoshka"},{"floor":26,"key":"Iron Hammer"},{"floor":26,"key":"Vajra"},{"floor":27,"key":"ReplayTheSpireMod:TigerMarble"},{"floor":28,"key":"InkBottle"},{"floor":31,"key":"Darkstone Periapt"},{"floor":36,"key":"Roukanken"},{"floor":37,"key":"Question Card"},{"floor":38,"key":"Pear"},{"floor":39,"key":"Replay:Baseball"},{"floor":40,"key":"Gambling Chip"},{"floor":42,"key":"Replay:Bottled Steam"},{"floor":43,"key":"Hakurouken"},{"floor":43,"key":"Gremlin Food"},{"floor":44,"key":"Orichalcum"},{"floor":45,"key":"Omamori"},{"floor":46,"key":"Anchor"},{"floor":52,"key":"TungstenRod"},{"floor":53,"key":"Singing Bowl"},{"floor":54,"key":"Lantern"},{"floor":55,"key":"Incense Burner"},{"floor":57,"key":"paleoftheancients:SoulOfTheVixen"},{"floor":57,"key":"Bag of Preparation"},{"floor":59,"key":"Bag of Marbles"},{"floor":63,"key":"Old Coin"}],"event_choices":[{"damage_healed":0.0,"max_hp_gain":0.0,"max_hp_loss":0.0,"gold_gain":0.0,"event_name":"Lab","player_choice":"Got Potions","floor":5.0,"gold_loss":0.0,"damage_taken":0.0},{"damage_healed":0,"gold_gain":0,"player_choice":"Paid","damage_taken":0,"relics_obtained":["Red Mask"],"max_hp_gain":0,"max_hp_loss":0,"event_name":"Tomb of Lord Red Mask","floor":48,"gold_loss":121}],"is_beta":false,"boss_relics":[{"not_picked":["Replay:Fungal Core","Snecko Eye"],"picked":"Replay:Grab Bag"},{"not_picked":["Sozu","Runic Dome"],"picked":"Coffee Dripper"},{"not_picked":["Busted Crown","Velvet Choker"],"picked":"Cursed Key"},{"not_picked":["Runic Pyramid","Honey Jar"],"picked":"Astrolabe"},{"not_picked":["Replay:Drink Me","Calling Bell"],"picked":"MiniYoumu"},{"not_picked":["Empty Cage","Black Star"],"picked":"SacredBark"},{"not_picked":["Replay:Ancient Bell","Painkiller Herb"],"picked":"Tiny House"}],"items_purged_floors":[],"is_endless":true,"potions_floor_spawned":[1,2,6,8,12,14,21,23,24,33,36,38,40,45,50,52,53,61,63],"killed_by":"Cultist","ascension_level":0}}