{"host":"ymw71f7rc9ndansy","time":1611100795,"event":{"mods":["ATMod(阿瑾Mod)","Act Like it!","Aspiration","BaseMod","DeckTracker","Hubris","Library of Ruina","Library of Ruina Extra","Minty Spire (QoL Compilation)","MostiFishMod","Remove Card Discount Mod","Replay The Spire","RumiaBox-露米娅的神秘盒子","StSLib","TestMod","【功能Mod】精心准备","【遗物卡牌】REMEMod"],"gold_per_floor":[21,88,49,61,77,77,111,131,154,173,173,195,195,230,230,241,241],"floor_reached":16,"language":"ZHS","playtime":527,"items_purged":["Strike_B","Pain","Strike_B","Defend_B","Defend_B"],"score":324,"play_id":"b3855354-3696-4e07-912f-9d387c089bb6","local_time":"20210120075955","is_ascension_mode":true,"campfire_choices":[{"data":"Zap","floor":6,"key":"SMITH"},{"data":"Defragment","floor":13,"key":"SMITH"},{"data":"MostiFishMod:LinkProtocol","floor":15,"key":"SMITH"}],"circlet_count":0,"master_deck":["AscendersBane","Strike_B","Strike_B","Defend_B","Defend_B","Zap+1","Dualcast","ReplayTheSpireMod:From All Sides","testmod-FightingIntention","Ball Lightning","Turbo","Steam","Glacier","MostiFishMod:PushDownKick","Defragment+1","MostiFishMod:LinkProtocol+1"],"relics":["testmod-TestBox","DaveBox","REME_ComplimentaryCards","AT_ATBox","GuanYuAspect","testmod-DeterminationOfClimber","SecretRecord","Baka","ZombieArmy","PageOfGalaxyChild","hubris:RGBLights","DataDisk","Blue Doll"],"acts_visited":["Exordium"],"potions_floor_usage":[5,16],"damage_taken":[{"damage":9,"enemies":"Small Slimes","floor":1,"turns":4},{"damage":0,"enemies":"Jaw Worm","floor":4,"turns":1},{"damage":10,"enemies":"2 Louse","floor":5,"turns":2},{"damage":2,"enemies":"Gremlin Nob","floor":7,"turns":2},{"damage":0,"enemies":"Exordium Thugs","floor":8,"turns":1},{"damage":0,"enemies":"Gremlin Gang","floor":10,"turns":2},{"damage":0,"enemies":"Blue Slaver","floor":12,"turns":1},{"damage":0,"enemies":"3 Sentries","floor":14,"turns":2},{"damage":0,"enemies":"Slime Boss","floor":16,"turns":2}],"seed_played":"3076317958434271178","potions_obtained":[{"floor":2,"key":"Fruit Juice"},{"floor":2,"key":"Cursed Concoction"},{"floor":5,"key":"Dexterity Potion"},{"floor":12,"key":"Adrenaline Potion"}],"is_trial":false,"path_per_floor":["M","?","$","M","M","R","E","M","T","M","?","M","R","E","R","B"],"character_chosen":"DEFECT","items_purchased":["Turbo"],"campfire_rested":0,"item_purchase_floors":[3],"current_hp_per_floor":[32,32,32,36,36,36,41,41,41,41,51,51,51,51,51,51,51],"gold":241,"neow_bonus":"RANDOM_COLORLESS_2","is_daily":false,"chose_seed":false,"campfire_upgraded":3,"win_rate":0.0,"timestamp":1611100795,"path_taken":["M","?","$","M","M","R","E","M","T","M","?","?","R","E","R","BOSS"],"items_purchased_type":["Card"],"build_version":"2020-12-22","purchased_purges":5,"victory":false,"max_hp_per_floor":[36,36,36,36,41,41,41,41,41,41,51,51,51,51,51,51,51],"card_choices":[{"not_picked":["testmod-PulseDistributor","testmod-EternalityOfKhronos"],"picked":"testmod-FightingIntention","floor":0},{"not_picked":["FTL","Beam Cell"],"picked":"Ball Lightning","floor":2},{"not_picked":["Go for the Eyes","aspiration:Polymerization"],"picked":"Steam","floor":5},{"not_picked":["Hologram","Compile Driver"],"picked":"Glacier","floor":7},{"not_picked":["AT_HeatAcrobatics","MostiFishMod:IceShield"],"picked":"MostiFishMod:PushDownKick","floor":12},{"not_picked":["Double Energy","Chill"],"picked":"Defragment","floor":12},{"not_picked":["Conserve Battery","Auto Shields","BasicCrystalCard"],"picked":"SKIP","floor":12},{"not_picked":["Redo","Leap","Conserve Battery"],"picked":"SKIP","floor":12},{"not_picked":["Compile Driver","Cold Snap"],"picked":"MostiFishMod:LinkProtocol","floor":14}],"player_experience":1058711,"relics_obtained":[{"floor":1,"key":"Baka"},{"floor":2,"key":"ZombieArmy"},{"floor":4,"key":"PageOfGalaxyChild"},{"floor":7,"key":"hubris:RGBLights"},{"floor":9,"key":"DataDisk"},{"floor":14,"key":"Blue Doll"}],"event_choices":[{"cards_removed":["AT_RightCognition"],"damage_healed":0,"gold_gain":0,"player_choice":"Offered Rare","damage_taken":0,"max_hp_gain":10,"max_hp_loss":0,"event_name":"Bonfire Elementals","floor":11,"gold_loss":0}],"is_beta":false,"boss_relics":[],"items_purged_floors":[3,3,3,3,3],"is_endless":false,"potions_floor_spawned":[5,7,12,14],"killed_by":"Slime Boss","ascension_level":20}}