{"host":"sdbg5mnapd0lidz0","time":1611053579,"event":{"mods":["BaseMod","Downfall","Infinite Spire","Minty Spire (QoL Compilation)","StSLib","The Cursed","The Disciple","The Hierophant","Wandering Minibosses"],"gold_per_floor":[114,114,124,136,136,164,164,89,113,132,195,230,230,230,230,335,335,315,329,15,15,15,15,15],"floor_reached":23,"language":"ITA","playtime":2511,"items_purged":["Defend_Br"],"score":199,"play_id":"4ab72cbb-16ab-44d1-8c8e-5bc44bf5b0f7","local_time":"20210119115259","is_ascension_mode":false,"campfire_choices":[{"floor":7,"key":"REST"},{"floor":13,"key":"REST"},{"floor":15,"key":"REST"}],"circlet_count":0,"master_deck":["SecondHand","PatternShift+1","LockedAnchor","Recurrance","HandsUpC","Allegro","Pendulum+1","DaylightSavings","PrimeTime+1","Echonomics","PrimeTime","LockedFlame","RageCommand","LockedMawBank","OracleForm","LockedScales","OverTime","Parity","Echonomics","LockedAnchor","HandsUpB"],"relics":["Chronometer","NeowsBlessing","Blue Candle","bronze:BronzeIdol","War Paint","Dream Catcher","Pandora\u0027s Box","Gambling Chip","infinitespire:Joker Card"],"acts_visited":["Exordium","TheCity"],"potions_floor_usage":[11,19,21,21,21],"damage_taken":[{"damage":0,"enemies":"2 Louse","floor":1,"turns":2},{"damage":0,"enemies":"Cultist","floor":3,"turns":1},{"damage":0,"enemies":"Small Slimes","floor":4,"turns":2},{"damage":33,"enemies":"3 Sentries","floor":6,"turns":11},{"damage":0,"enemies":"3 Louse","floor":10,"turns":4},{"damage":1,"enemies":"Gremlin Nob","floor":11,"turns":3},{"damage":41,"enemies":"Lagavulin","floor":12,"turns":6},{"damage":25,"enemies":"Hexaghost","floor":16,"turns":10},{"damage":46,"enemies":"2 Thieves","floor":18,"turns":5},{"damage":0,"enemies":"Spheric Guardian","floor":19,"turns":1},{"damage":11,"enemies":"Snecko","floor":21,"turns":4},{"damage":17,"enemies":"Slavers","floor":23,"turns":1}],"seed_played":"8960456467962781209","potions_obtained":[{"floor":3,"key":"hexamod:SoulburnPotion"},{"floor":11,"key":"SmokeBomb"},{"floor":16,"key":"Dexterity Potion"},{"floor":18,"key":"AttackPotion"},{"floor":19,"key":"EssenceOfSteel"}],"is_trial":false,"path_per_floor":["M","?","M","M","T","E","R","$","T","M","?","E","R","?","R","B",null,"M","M","$","M","AVR","E"],"character_chosen":"CHRONO_CLASS","items_purchased":["Gambling Chip"],"campfire_rested":3,"item_purchase_floors":[20],"current_hp_per_floor":[65,65,65,65,65,32,51,51,51,51,50,9,28,28,47,22,65,19,19,19,8,8,0,0],"gold":15,"neow_bonus":"THREE_ENEMY_KILL","is_daily":false,"chose_seed":false,"campfire_upgraded":0,"win_rate":0.0,"timestamp":1611053579,"path_taken":["M","?","M","?","?","E","R","$","T","M","?","E","R","?","R","BOSS","M","M","$","M","AVR","E"],"items_purchased_type":["Relic"],"build_version":"2020-12-22","purchased_purges":1,"victory":false,"max_hp_per_floor":[65,65,65,65,65,65,65,65,65,65,65,65,65,65,65,65,65,65,65,65,65,65,65,65],"card_choices":[{"not_picked":["LockedMedicine","LockedUrn"],"picked":"LockedAnchor","floor":1},{"not_picked":["LockedWhetstone","Parity"],"picked":"Recurrance","floor":3},{"not_picked":["Parity","WatchCommand"],"picked":"HandsUpC","floor":4},{"not_picked":["ExoVibe","Goo"],"picked":"Tempo","floor":6},{"not_picked":["Recurrance","ExoVibe"],"picked":"Pendulum","floor":10},{"not_picked":["LockedWarPaint","CrunchTime"],"picked":"DaylightSavings","floor":11},{"not_picked":["Parity","LockedUrn"],"picked":"PrimeTime","floor":12},{"not_picked":["LockedMawBank","Echoward"],"picked":"Echonomics","floor":13},{"not_picked":["CrunchTime","LockedUrn"],"picked":"PrimeTime","floor":15},{"not_picked":["Flay","MasterKey"],"picked":"LockedFlame","floor":16},{"not_picked":["BlueShift+1","Engulf"],"picked":"LockedAnchor","floor":18},{"not_picked":["ShortSighted","CrunchTime"],"picked":"HandsUpB","floor":19}],"player_experience":174207,"relics_obtained":[{"floor":6,"key":"Blue Candle"},{"floor":9,"key":"bronze:BronzeIdol"},{"floor":11,"key":"War Paint"},{"floor":12,"key":"Dream Catcher"}],"event_choices":[{"damage_healed":0,"gold_gain":0,"player_choice":"Forge","damage_taken":0,"max_hp_gain":0,"max_hp_loss":0,"event_name":"Accursed Blacksmith","floor":2,"gold_loss":0,"cards_upgraded":["PatternShift"]},{"damage_healed":0,"gold_gain":30,"player_choice":"Searched \u00272\u0027 times","damage_taken":0,"max_hp_gain":0,"max_hp_loss":0,"event_name":"Dead Adventurer","floor":11,"gold_loss":0},{"damage_healed":0,"gold_gain":0,"player_choice":"Grow","damage_taken":0,"max_hp_gain":0,"max_hp_loss":0,"event_name":"Living Wall","floor":14,"gold_loss":0,"cards_upgraded":["PrimeTime"]}],"is_beta":false,"boss_relics":[{"not_picked":["infinitespire:Cupcake","SacredBark"],"picked":"Pandora\u0027s Box"}],"items_purged_floors":[8],"is_endless":false,"potions_floor_spawned":[3,11,16,18,19],"killed_by":"Slavers","ascension_level":0}}