{"host":"sc0o2qwpf9j16a4i","time":1611062161,"event":{"mods":["AchievementEnabler","BaseMod","BetterRewards","Block Reminder","Colored Map","Colored Powertips","Custom Start","Highlight Path","Minty Spire (QoL Compilation)","Relic Stats"],"gold_per_floor":[116,129,129,208,218,218,252,263,309,336,336,336,351,366,366,439,439,449,39,32,46,115,152,180,180,261,285,285,285,175,209,209,209,209],"floor_reached":33,"language":"ENG","playtime":1267,"items_purged":["Strike_R"],"score":894,"play_id":"e857e55e-d5c7-43f9-a6fb-d6eec0f7f4d8","local_time":"20210119151601","is_ascension_mode":true,"campfire_choices":[{"floor":6,"key":"REST"},{"data":"Barricade","floor":12,"key":"SMITH"},{"data":"Flame Barrier","floor":15,"key":"SMITH"},{"floor":25,"key":"REST"},{"floor":28,"key":"REST"},{"data":"Feel No Pain","floor":32,"key":"SMITH"}],"circlet_count":0,"master_deck":["AscendersBane","Strike_R+1","Strike_R+1","Strike_R+1","Defend_R+1","Defend_R+1","Defend_R+1","Defend_R+1","Bash","Inflame","Flame Barrier+1","Spot Weakness+1","Feed+1","Shrug It Off","Twin Strike","Headbutt","Barricade+1","Dual Wield","CurseOfTheBell","Body Slam","Reaper","Entrench+1","True Grit","Thunderclap","Feel No Pain+1","Warcry","Havoc"],"relics":["Burning Blood","Sling","Centennial Puzzle","Oddly Smooth Stone","Bag of Preparation","Happy Flower","PreservedInsect","Toy Ornithopter","Blue Candle","War Paint","Red Skull","Calling Bell","Akabeko","Paper Frog","CaptainsWheel","Medical Kit","Mummified Hand","CeramicFish","Self Forming Clay","Pen Nib"],"acts_visited":["Exordium","TheCity"],"potions_floor_usage":[10],"damage_taken":[{"damage":5,"enemies":"Jaw Worm","floor":1,"turns":4},{"damage":0,"enemies":"2 Louse","floor":2,"turns":4},{"damage":3,"enemies":"Cultist","floor":5,"turns":5},{"damage":8,"enemies":"Gremlin Nob","floor":7,"turns":3},{"damage":1,"enemies":"Red Slaver","floor":8,"turns":3},{"damage":0,"enemies":"3 Sentries","floor":10,"turns":4},{"damage":0,"enemies":"Looter","floor":13,"turns":3},{"damage":7,"enemies":"Blue Slaver","floor":14,"turns":4},{"damage":10,"enemies":"The Guardian","floor":16,"turns":16},{"damage":21,"enemies":"Shell Parasite","floor":18,"turns":5},{"damage":11,"enemies":"2 Thieves","floor":20,"turns":5},{"damage":22,"enemies":"Centurion and Healer","floor":21,"turns":9},{"damage":57,"enemies":"Book of Stabbing","floor":23,"turns":6},{"damage":48,"enemies":"Snake Plant","floor":24,"turns":7},{"damage":15,"enemies":"Snecko","floor":27,"turns":6},{"damage":36,"enemies":"Slavers","floor":31,"turns":6},{"damage":139,"enemies":"Automaton","floor":33,"turns":18}],"seed_played":"-1699209947653224583","potions_obtained":[{"floor":1,"key":"SneckoOil"},{"floor":7,"key":"PowerPotion"},{"floor":10,"key":"Ancient Potion"}],"is_trial":false,"path_per_floor":["M","M","?","?","M","R","E","M","T","E","?","R","M","M","R","B",null,"M","$","M","M","T","E","M","R","T","M","R","?","?","E","R","B"],"character_chosen":"IRONCLAD","items_purchased":["Inflame","Sling","Centennial Puzzle","Flame Barrier","Oddly Smooth Stone","Bag of Preparation","Happy Flower","PreservedInsect","Spot Weakness","Toy Ornithopter","Feed","Shrug It Off","Twin Strike","SteroidPotion","Medical Kit","Reaper","Entrench"],"campfire_rested":3,"item_purchase_floors":[0,0,0,0,0,0,0,0,0,0,0,0,0,0,19,19,19],"current_hp_per_floor":[24,33,33,33,39,64,65,73,73,87,87,87,97,100,100,100,104,93,93,113,117,117,70,42,79,79,74,112,112,112,90,90,0,0],"gold":209,"neow_bonus":"","is_daily":false,"chose_seed":false,"campfire_upgraded":3,"win_rate":0.0,"timestamp":1611062161,"path_taken":["M","M","?","?","M","R","E","M","T","E","?","R","M","?","R","BOSS","M","$","M","M","?","E","M","R","T","M","R","?","?","E","R","BOSS"],"items_purchased_type":["Card","Relic","Relic","Card","Relic","Relic","Relic","Relic","Card","Relic","Card","Card","Card","Potion","Relic","Card","Card"],"build_version":"2020-12-22","purchased_purges":1,"victory":false,"max_hp_per_floor":[78,81,81,81,84,84,87,90,90,93,93,93,97,101,101,105,105,109,109,113,117,117,121,125,125,125,129,129,129,129,137,137,137,137],"relic_stats":{"Happy Flower":[44],"counters":[120,682],"Self Forming Clay":[42],"Blue Candle":[1],"CeramicFish":27,"PreservedInsect":144,"Pen Nib":[1],"Bag of Preparation":[126],"War Paint":["Double Energy","Auto Shields","Defend_R","Spot Weakness"],"Medical Kit":[10],"Burning Blood":563,"Centennial Puzzle":[42],"Mummified Hand":[19],"obtain_stats":[{"Ice Cream":9,"Tiny House":0,"Gremlin Horn":0,"Nilry\u0027s Codex":19,"CeramicFish":23,"Whetstone":26,"Ginger":44,"Bottled Tornado":53,"Sling":0,"Blood Vial":24,"Centennial Puzzle":8,"DollysMirror":20,"Sundial":7,"Strawberry":0,"MealTicket":40,"Fusion Hammer":17,"Happy Flower":0,"Blue Candle":0,"Dead Branch":47,"Velvet Choker":17,"Oddly Smooth Stone":0,"Eternal Feather":12,"Charon\u0027s Ashes":10,"Pen Nib":31,"Letter Opener":0,"War Paint":30,"Question Card":0,"Akabeko":17,"OrangePellets":0,"SlaversCollar":17,"Bottled Flame":24,"Bronze Scales":12,"Molten Egg 2":0,"Mark of Pain":34,"CultistMask":2,"Nloth\u0027s Gift":31,"Unceasing Top":54,"Lantern":32,"Singing Bowl":25,"Torii":30,"Magic Flower":7,"Bag of Preparation":0,"Cursed Key":17,"Ancient Tea Set":24,"Burning Blood":0,"ClockworkSouvenir":54,"Frozen Eye":0,"Nunchaku":7,"Shovel":3,"Mummified Hand":22,"Tiny Chest":23,"Red Mask":19,"Chemical X":0,"Red Skull":7,"InkBottle":9,"Runic Pyramid":34,"Paper Frog":17,"Potion Belt":0,"Self Forming Clay":9,"Golden Idol":4,"PreservedInsect":0,"Omamori":0,"Medical Kit":54,"Calling Bell":17,"Strange Spoon":30,"Anchor":6,"CaptainsWheel":28,"Bag of Marbles":14,"Art of War":3,"Membership Card":22,"Champion Belt":14,"Toy Ornithopter":0},{"Ice Cream":15,"Tiny House":0,"Gremlin Horn":64,"Nilry\u0027s Codex":20,"CeramicFish":116,"Whetstone":47,"Ginger":57,"Bottled Tornado":101,"Sling":103,"Blood Vial":47,"Centennial Puzzle":4,"DollysMirror":10,"Sundial":80,"Strawberry":64,"MealTicket":55,"Fusion Hammer":43,"Happy Flower":103,"Blue Candle":64,"Dead Branch":98,"Velvet Choker":8,"Oddly Smooth Stone":103,"Eternal Feather":6,"Charon\u0027s Ashes":81,"Pen Nib":119,"Letter Opener":64,"War Paint":49,"Question Card":64,"Akabeko":112,"OrangePellets":64,"SlaversCollar":72,"Bottled Flame":87,"Bronze Scales":16,"Molten Egg 2":32,"Mark of Pain":28,"CultistMask":77,"Nloth\u0027s Gift":90,"Unceasing Top":101,"Lantern":27,"Singing Bowl":23,"Torii":49,"Magic Flower":14,"Bag of Preparation":32,"Cursed Key":19,"Ancient Tea Set":22,"Burning Blood":0,"ClockworkSouvenir":63,"Frozen Eye":76,"Nunchaku":69,"Shovel":13,"Mummified Hand":115,"Tiny Chest":22,"Red Mask":10,"Chemical X":11,"Red Skull":37,"InkBottle":38,"Runic Pyramid":51,"Paper Frog":112,"Potion Belt":64,"Self Forming Clay":4,"Golden Idol":13,"PreservedInsect":103,"Omamori":32,"Medical Kit":101,"Calling Bell":112,"Strange Spoon":49,"Anchor":3,"CaptainsWheel":24,"Bag of Marbles":18,"Art of War":34,"Membership Card":21,"Champion Belt":83,"Toy Ornithopter":103},{"Ice Cream":72,"Tiny House":0,"Gremlin Horn":344,"Nilry\u0027s Codex":93,"CeramicFish":645,"Whetstone":192,"Ginger":276,"Bottled Tornado":558,"Sling":574,"Blood Vial":192,"Centennial Puzzle":12,"DollysMirror":54,"Sundial":427,"Strawberry":344,"MealTicket":258,"Fusion Hammer":179,"Happy Flower":574,"Blue Candle":344,"Dead Branch":528,"Velvet Choker":41,"Oddly Smooth Stone":574,"Eternal Feather":21,"Charon\u0027s Ashes":429,"Pen Nib":664,"Letter Opener":344,"War Paint":201,"Question Card":344,"Akabeko":620,"OrangePellets":344,"SlaversCollar":392,"Bottled Flame":457,"Bronze Scales":76,"Molten Egg 2":147,"Mark of Pain":125,"CultistMask":413,"Nloth\u0027s Gift":472,"Unceasing Top":558,"Lantern":116,"Singing Bowl":102,"Torii":201,"Magic Flower":69,"Bag of Preparation":147,"Cursed Key":89,"Ancient Tea Set":97,"Burning Blood":0,"ClockworkSouvenir":333,"Frozen Eye":410,"Nunchaku":363,"Shovel":63,"Mummified Hand":639,"Tiny Chest":97,"Red Mask":54,"Chemical X":59,"Red Skull":162,"InkBottle":165,"Runic Pyramid":225,"Paper Frog":620,"Potion Belt":344,"Self Forming Clay":12,"Golden Idol":63,"PreservedInsect":574,"Omamori":147,"Medical Kit":558,"Calling Bell":620,"Strange Spoon":201,"Anchor":9,"CaptainsWheel":107,"Bag of Marbles":84,"Art of War":153,"Membership Card":95,"Champion Belt":438,"Toy Ornithopter":574}],"Toy Ornithopter":5},"card_choices":[{"not_picked":["Wild Strike","Perfected Strike","Combust"],"picked":"SKIP","floor":1},{"not_picked":["Iron Wave","Havoc","Body Slam"],"picked":"SKIP","floor":2},{"not_picked":["Rampage","Anger","Rupture"],"picked":"SKIP","floor":5},{"not_picked":["Twin Strike","Entrench","Double Tap"],"picked":"SKIP","floor":7},{"not_picked":["Cleave","Carnage"],"picked":"Headbutt","floor":8},{"not_picked":["Havoc","Armaments"],"picked":"Barricade","floor":10},{"not_picked":["Combust","Second Wind","Clash"],"picked":"SKIP","floor":13},{"not_picked":["Sword Boomerang","Second Wind"],"picked":"Dual Wield","floor":14},{"not_picked":["Sword Boomerang","Second Wind"],"picked":"Body Slam","floor":18},{"not_picked":["Pommel Strike","Warcry"],"picked":"True Grit","floor":20},{"not_picked":["Wild Strike","Rampage"],"picked":"Thunderclap","floor":21},{"not_picked":["Armaments+1","Second Wind+1"],"picked":"Feel No Pain","floor":23},{"not_picked":["Havoc","Iron Wave"],"picked":"Warcry","floor":24},{"not_picked":["Pommel Strike","Rage"],"picked":"Havoc","floor":27},{"not_picked":["Double Tap","Rampage","Havoc"],"picked":"SKIP","floor":31}],"player_experience":745595,"relics_obtained":[{"floor":7,"key":"Blue Candle"},{"floor":9,"key":"War Paint"},{"floor":10,"key":"Red Skull"},{"floor":17,"key":"Akabeko"},{"floor":17,"key":"Paper Frog"},{"floor":17,"key":"CaptainsWheel"},{"floor":22,"key":"Mummified Hand"},{"floor":23,"key":"CeramicFish"},{"floor":26,"key":"Self Forming Clay"},{"floor":31,"key":"Pen Nib"}],"event_choices":[{"damage_healed":0,"gold_gain":0,"player_choice":"Ignored","damage_taken":0,"max_hp_gain":0,"max_hp_loss":0,"event_name":"Liars Game","floor":3,"gold_loss":0},{"damage_healed":0,"gold_gain":79,"player_choice":"Gained Gold","damage_taken":0,"max_hp_gain":0,"max_hp_loss":0,"event_name":"Golden Wing","floor":4,"gold_loss":0},{"damage_healed":0,"gold_gain":0,"player_choice":"Upgraded","damage_taken":0,"max_hp_gain":0,"max_hp_loss":0,"event_name":"Upgrade Shrine","floor":11,"gold_loss":0,"cards_upgraded":["Feed"]},{"damage_healed":0,"gold_gain":0,"player_choice":"Simplicity","damage_taken":0,"max_hp_gain":0,"max_hp_loss":0,"event_name":"Back to Basics","floor":29,"gold_loss":0,"cards_upgraded":["Strike_R","Strike_R","Strike_R","Strike_R","Defend_R","Defend_R","Defend_R"]},{"cards_removed":["Strike_R"],"damage_healed":0,"gold_gain":0,"player_choice":"Upgrade and Remove","damage_taken":0,"max_hp_gain":0,"max_hp_loss":0,"event_name":"Designer","floor":30,"gold_loss":110,"cards_upgraded":["Entrench"]}],"is_beta":false,"boss_relics":[{"not_picked":["Fusion Hammer","Black Blood"],"picked":"Calling Bell"}],"items_purged_floors":[0],"is_endless":false,"potions_floor_spawned":[1,7,10,16,18,31],"killed_by":"Automaton","ascension_level":20}}