{"host":"x5anfo2w8aotfuta","time":1611028790,"event":{"mods":["AchievementEnabler","BaseMod","Bestiary","Block Reminder","Colored Map","Colored Powertips","DeckTracker","Highlight Path","Minty Spire (QoL Compilation)","Quick Restart","Rare Cards Sparkle","Relic Stats","StSLib"],"gold_per_floor":[119,137,137,137,155,155,181,197,197,197,225,244,244,261,261,362,362,379,404,427,48,48,48,48],"floor_reached":23,"language":"ENG","playtime":1812,"items_purged":["Strike_G"],"score":342,"play_id":"470c93bf-70b8-4ecb-a8dd-2db846bd72f5","local_time":"20210118195950","is_ascension_mode":true,"campfire_choices":[{"data":"Neutralize","floor":6.0,"key":"SMITH"},{"floor":13.0,"key":"REST"},{"data":"Dash","floor":15.0,"key":"SMITH"}],"circlet_count":0,"master_deck":["AscendersBane","Strike_G","Strike_G","Strike_G","Defend_G","Defend_G","Defend_G","Defend_G","Defend_G+1","Survivor","Neutralize+1","Die Die Die+1","Backstab","Poisoned Stab","Dodge and Roll","Dash+1","Unload","Venomology","CurseOfTheBell","Deflect","PiercingWail","Night Terror"],"relics":["Ring of the Snake","StrikeDummy","Sundial","Letter Opener","Calling Bell","CeramicFish","Blue Candle","Calipers","HornCleat"],"acts_visited":["Exordium","TheCity"],"potions_floor_usage":[19,20,20,20,20,23],"damage_taken":[{"damage":0.0,"enemies":"Small Slimes","floor":1.0,"turns":4.0},{"damage":11.0,"enemies":"Jaw Worm","floor":2.0,"turns":4.0},{"damage":0.0,"enemies":"2 Louse","floor":5.0,"turns":2.0},{"damage":12.0,"enemies":"3 Sentries","floor":7.0,"turns":9.0},{"damage":11.0,"enemies":"Large Slime","floor":8.0,"turns":5.0},{"damage":0.0,"enemies":"Gremlin Nob","floor":11.0,"turns":4.0},{"damage":0.0,"enemies":"Exordium Wildlife","floor":12.0,"turns":1.0},{"damage":0.0,"enemies":"2 Fungi Beasts","floor":14.0,"turns":2.0},{"damage":13.0,"enemies":"The Guardian","floor":16.0,"turns":17.0},{"damage":10,"enemies":"3 Byrds","floor":18,"turns":7},{"damage":6,"enemies":"Spheric Guardian","floor":19,"turns":3},{"damage":3,"enemies":"Chosen and Byrds","floor":20,"turns":4},{"damage":31,"enemies":"Slavers","floor":23,"turns":8}],"seed_played":"-9049778779019550961","potions_obtained":[{"floor":2.0,"key":"SpeedPotion"},{"floor":8.0,"key":"Fire Potion"},{"floor":14.0,"key":"Fire Potion"},{"floor":16.0,"key":"GamblersBrew"},{"floor":19,"key":"Explosive Potion"}],"is_trial":false,"path_per_floor":["M","M","?","?","M","R","E","M","T","?","E","M","R","M","R","B",null,"M","M","M","$","?","E"],"character_chosen":"THE_SILENT","items_purchased":["HornCleat","Night Terror"],"campfire_rested":1,"item_purchase_floors":[21,21],"current_hp_per_floor":[63,52,45,31,31,31,19,8,8,8,8,8,29,29,29,16,57,47,41,38,38,25,0,0],"gold":48,"neow_bonus":"ONE_RANDOM_RARE_CARD","is_daily":false,"chose_seed":false,"campfire_upgraded":2,"win_rate":0.0,"timestamp":1611028790,"path_taken":["M","M","?","?","M","R","E","M","T","?","E","M","R","M","R","BOSS","M","M","M","$","?","E"],"items_purchased_type":["Relic","Card"],"build_version":"2020-12-22","purchased_purges":1,"victory":false,"max_hp_per_floor":[70,70,70,70,70,70,70,70,70,70,70,70,70,70,70,70,70,70,70,70,70,75,75,75],"relic_stats":{"counters":[13,70],"Sundial":[6],"CeramicFish":27,"Blue Candle":[0],"Letter Opener":[45],"obtain_stats":[{"Calling Bell":17,"Calipers":17,"HornCleat":21,"Sundial":9,"CeramicFish":17,"Blue Candle":17,"Letter Opener":11,"StrikeDummy":7,"Ring of the Snake":0},{"Calling Bell":9,"Calipers":9,"HornCleat":12,"Sundial":5,"CeramicFish":9,"Blue Candle":9,"Letter Opener":6,"StrikeDummy":4,"Ring of the Snake":0},{"Calling Bell":48,"Calipers":48,"HornCleat":62,"Sundial":24,"CeramicFish":48,"Blue Candle":48,"Letter Opener":28,"StrikeDummy":19,"Ring of the Snake":0}],"Ring of the Snake":[26]},"card_choices":[{"not_picked":["Sucker Punch","Prepared"],"picked":"Backstab","floor":1.0},{"not_picked":["Bane","Blur"],"picked":"Poisoned Stab","floor":2.0},{"not_picked":["Backflip","Blade Dance","Choke"],"picked":"SKIP","floor":5.0},{"not_picked":["Backflip","Blade Dance","Choke"],"picked":"SKIP","floor":5.0},{"not_picked":["Phantasmal Killer","Escape Plan","Sucker Punch"],"picked":"SKIP","floor":7.0},{"not_picked":["Underhanded Strike","Deadly Poison","Bane"],"picked":"SKIP","floor":8.0},{"not_picked":["Storm of Steel","Slice"],"picked":"Dodge and Roll","floor":11.0},{"not_picked":["Accuracy","Backstab"],"picked":"Dash","floor":12.0},{"not_picked":["Quick Slash","Bane"],"picked":"Unload","floor":14.0},{"not_picked":["Tools of the Trade","A Thousand Cuts"],"picked":"Venomology","floor":16.0},{"not_picked":["Dash","Acrobatics","Masterful Stab"],"picked":"SKIP","floor":18},{"not_picked":["Poisoned Stab+1","Flying Knee"],"picked":"Deflect","floor":19},{"not_picked":["All Out Attack","Deflect"],"picked":"PiercingWail","floor":20}],"player_experience":459568,"relics_obtained":[{"floor":7.0,"key":"StrikeDummy"},{"floor":9.0,"key":"Sundial"},{"floor":11.0,"key":"Letter Opener"},{"floor":17,"key":"CeramicFish"},{"floor":17,"key":"Blue Candle"},{"floor":17,"key":"Calipers"}],"event_choices":[{"cards_removed":["Strike_G"],"damage_healed":0.0,"max_hp_gain":0.0,"max_hp_loss":0.0,"gold_gain":0.0,"event_name":"Golden Wing","player_choice":"Card Removal","floor":3.0,"gold_loss":0.0,"damage_taken":7.0},{"damage_healed":0.0,"max_hp_gain":0.0,"max_hp_loss":0.0,"gold_gain":0.0,"event_name":"Shining Light","player_choice":"Entered Light","floor":4.0,"gold_loss":0.0,"damage_taken":14.0,"cards_upgraded":["Die Die Die","Defend_G"]},{"damage_healed":0.0,"max_hp_gain":0.0,"max_hp_loss":0.0,"gold_gain":0.0,"event_name":"Scrap Ooze","player_choice":"Fled","floor":10.0,"gold_loss":0.0,"damage_taken":0.0},{"damage_healed":0,"gold_gain":0,"player_choice":"Shed Blood","damage_taken":18,"max_hp_gain":5,"max_hp_loss":0,"event_name":"Forgotten Altar","floor":22,"gold_loss":0}],"is_beta":false,"boss_relics":[{"not_picked":["Astrolabe","WristBlade"],"picked":"Calling Bell"}],"items_purged_floors":[21],"is_endless":false,"potions_floor_spawned":[2,8,14,16,19],"killed_by":"Slavers","ascension_level":10}}