{"host":"r10yh36zs2k9z1sa","time":1611075657,"event":{"mods":["Astrologer","BaseMod","Colored Map","Hermit","Marisa¡]Ãú«B¡@Å]²z¨F¡^","Minty Spire (QoL Compilation)","Permanent Neow","Remilia¡]Á¢¦Ì²ú?¡^","StSLib","The Animator","The Bug Knight","The Cursed","The Gatherer","The Hierophant","The Necromancer","The Runesmith","The Servant 0.9.4"],"gold_per_floor":[362,362,537,537,555,555,555,555],"floor_reached":7,"language":"ZHS","playtime":198,"items_purged":[],"score":55,"play_id":"c8245d3c-4a91-4ce3-adc0-4aaa780e71ab","local_time":"20210120010057","is_ascension_mode":true,"campfire_choices":[{"data":"Manipulate","floor":6,"key":"SMITH"}],"circlet_count":0,"master_deck":["Strike_S","Strike_S","Strike_S","Strike_S","Defend_S","Defend_S","Defend_S+1","Defend_S+1","KidneyShot","Exchange","Parasite","Manipulate+1","Doubt","Injury","ShiftingGears"],"relics":["Uniform","Golden Idol"],"acts_visited":["Exordium"],"potions_floor_usage":[7],"damage_taken":[{"damage":0,"enemies":"2 Louse","floor":1,"turns":5},{"damage":1,"enemies":"Jaw Worm","floor":5,"turns":6},{"damage":29,"enemies":"Gremlin Nob","floor":7,"turns":5}],"seed_played":"6602687452248072400","potions_obtained":[{"floor":5,"key":"DuplicationPotion"}],"is_trial":false,"path_per_floor":["M","?","?","?","M","R","E"],"character_chosen":"THE_SERVANT","items_purchased":[],"campfire_rested":0,"item_purchase_floors":[],"current_hp_per_floor":[59,46,46,46,45,45,16,16],"gold":555,"neow_bonus":"TWO_FIFTY_GOLD","is_daily":false,"chose_seed":false,"campfire_upgraded":1,"win_rate":0.0,"timestamp":1611075657,"path_taken":["M","?","?","?","M","R","E"],"items_purchased_type":[],"build_version":"2020-12-22","purchased_purges":0,"victory":false,"max_hp_per_floor":[65,65,65,65,65,65,65,65],"card_choices":[{"not_picked":["FanOfKnives","Ricochet"],"picked":"Manipulate","floor":1},{"not_picked":["Alleviate","Starlight"],"picked":"ShiftingGears","floor":5}],"player_experience":260313,"relics_obtained":[],"event_choices":[{"damage_healed":0,"gold_gain":0,"player_choice":"Entered Light","damage_taken":13,"max_hp_gain":0,"max_hp_loss":0,"event_name":"Shining Light","floor":2,"gold_loss":0,"cards_upgraded":["Defend_S","Defend_S"]},{"damage_healed":0,"gold_gain":175,"player_choice":"AGREE","damage_taken":0,"max_hp_gain":0,"max_hp_loss":0,"event_name":"Liars Game","floor":3,"gold_loss":0,"cards_obtained":["Doubt"]},{"damage_healed":0,"gold_gain":0,"player_choice":"Take Wound","damage_taken":0,"relics_obtained":["Golden Idol"],"max_hp_gain":0,"max_hp_loss":0,"event_name":"Golden Idol","floor":4,"gold_loss":0,"cards_obtained":["Injury"]}],"is_beta":false,"boss_relics":[],"items_purged_floors":[],"is_endless":false,"potions_floor_spawned":[5],"killed_by":"Gremlin Nob","ascension_level":8}}