{"host":"hszimsrtxxc2k25w","time":1611094516,"event":{"mods":["AchievementEnabler","BaseMod","Colored Map","DeckTracker","Minty Spire (QoL Compilation)","Rare Cards Sparkle","SuperFastMode"],"gold_per_floor":[110,123,48,48,48,48,74,86,86,86,105,105,118,138,138,241,241,241,241,241,241,141,141,141],"floor_reached":23,"language":"KOR","playtime":513,"items_purged":["Defend_P","Strike_P"],"score":349,"play_id":"3eb74419-4872-4190-97da-55661949cea6","local_time":"20210120071516","is_ascension_mode":true,"campfire_choices":[{"floor":6,"key":"RECALL"},{"data":"Strike_P","floor":10,"key":"PURGE"},{"data":"Defend_P","floor":12,"key":"PURGE"},{"data":"Strike_P","floor":15,"key":"PURGE"}],"circlet_count":0,"master_deck":["AscendersBane","Defend_P","Eruption+1","Vigilance","FlurryOfBlows","DeceiveReality","DeusExMachina","SandsOfTime","Vault"],"relics":["PureWater","NeowsBlessing","Peace Pipe","Yang","Ectoplasm"],"acts_visited":["Exordium","TheCity"],"potions_floor_usage":[16,18],"damage_taken":[{"damage":0,"enemies":"2 Louse","floor":1,"turns":2},{"damage":0,"enemies":"Cultist","floor":2,"turns":1},{"damage":0,"enemies":"Lagavulin","floor":7,"turns":1},{"damage":0,"enemies":"Small Slimes","floor":8,"turns":3},{"damage":0,"enemies":"3 Louse","floor":11,"turns":4},{"damage":17,"enemies":"Exordium Thugs","floor":13,"turns":3},{"damage":1,"enemies":"Red Slaver","floor":14,"turns":5},{"damage":9,"enemies":"Hexaghost","floor":16,"turns":9},{"damage":0,"enemies":"3 Byrds","floor":18,"turns":5},{"damage":0,"enemies":"Spheric Guardian","floor":20,"turns":3},{"damage":3,"enemies":"Centurion and Healer","floor":21,"turns":5},{"damage":0,"enemies":"Slavers","floor":23,"turns":1}],"seed_played":"-4380433994586707280","potions_obtained":[{"floor":7,"key":"EssenceOfSteel"},{"floor":8,"key":"Block Potion"},{"floor":13,"key":"PowerPotion"},{"floor":21,"key":"SpeedPotion"}],"is_trial":false,"path_per_floor":["M","M","$","?","?","R","E","M","T","R","M","R","M","M","R","B",null,"M","?","M","M","$","E"],"character_chosen":"WATCHER","items_purchased":[],"campfire_rested":0,"item_purchase_floors":[],"current_hp_per_floor":[65,65,65,65,65,65,65,65,65,65,65,65,48,47,47,38,64,64,64,64,61,61,61,61],"gold":141,"neow_bonus":"THREE_ENEMY_KILL","is_daily":false,"chose_seed":false,"campfire_upgraded":0,"win_rate":0.0,"timestamp":1611094516,"path_taken":["M","M","$","?","?","R","E","?","T","R","M","R","M","M","R","BOSS","M","?","M","M","$","E"],"items_purchased_type":[],"build_version":"2020-12-22","purchased_purges":2,"victory":false,"max_hp_per_floor":[72,72,72,72,72,72,72,72,72,72,72,72,72,72,72,72,72,72,72,72,72,72,72,72],"card_choices":[{"not_picked":["Study","Consecrate"],"picked":"FlurryOfBlows","floor":1},{"not_picked":["Evaluate","CutThroughFate","EmptyBody"],"picked":"SKIP","floor":2},{"not_picked":["Tantrum","FollowUp"],"picked":"DeusExMachina","floor":7},{"not_picked":["Halt","PathToVictory","EmptyFist"],"picked":"SKIP","floor":8},{"not_picked":["Crescendo","EmptyBody","ThirdEye"],"picked":"SKIP","floor":11},{"not_picked":["Crescendo","Prostrate"],"picked":"SandsOfTime","floor":13},{"not_picked":["FollowUp","Collect","PathToVictory"],"picked":"SKIP","floor":14},{"not_picked":["MasterReality","Devotion"],"picked":"Vault","floor":16},{"not_picked":["FlurryOfBlows","Nirvana","SashWhip"],"picked":"SKIP","floor":18},{"not_picked":["Prostrate","EmptyFist","EmptyBody"],"picked":"SKIP","floor":20},{"not_picked":["Nirvana","Fasting2+1","Wireheading"],"picked":"SKIP","floor":21}],"player_experience":627487,"relics_obtained":[{"floor":7,"key":"Peace Pipe"},{"floor":9,"key":"Yang"}],"event_choices":[{"damage_healed":0,"gold_gain":0,"player_choice":"Grow","damage_taken":0,"max_hp_gain":0,"max_hp_loss":0,"event_name":"Living Wall","floor":4,"gold_loss":0,"cards_upgraded":["Eruption"]},{"damage_healed":0,"gold_gain":0,"cards_transformed":["Strike_P"],"player_choice":"Transformed","damage_taken":0,"max_hp_gain":0,"max_hp_loss":0,"event_name":"Transmorgrifier","floor":5,"gold_loss":0,"cards_obtained":["DeceiveReality"]},{"cards_removed":["Defend_P"],"damage_healed":0,"gold_gain":0,"player_choice":"Elegance","damage_taken":0,"max_hp_gain":0,"max_hp_loss":0,"event_name":"Back to Basics","floor":19,"gold_loss":0}],"is_beta":false,"boss_relics":[{"not_picked":["SacredBark","Fusion Hammer"],"picked":"Ectoplasm"}],"items_purged_floors":[3,22],"is_endless":false,"potions_floor_spawned":[7,8,13,21],"killed_by":"Slavers","ascension_level":12}}