{"host":"flj1s6tpybh44nnu","time":1611055550,"event":{"mods":["AchievementEnabler","BaseMod","Colored Powertips","HololiveMod","Minty Spire (QoL Compilation)","StSLib","The Animator"],"gold_per_floor":[79,79,94,94,107,107,107],"floor_reached":6,"language":"ENG","playtime":413,"items_purged":[],"score":36,"play_id":"bfc7bbf9-46da-42e6-b737-88283edb3259","local_time":"20210119212550","is_ascension_mode":false,"campfire_choices":[],"circlet_count":0,"master_deck":["Hololive_Strike","Hololive_Strike","Hololive_Defend","Hololive_Defend","Hololive_Sequa","Hololive_CallYuzukiChoco","Hololive_CallFriendA","Hololive_CallHimemoriLuna","Hololive_CallKiryuuCoco","Hololive_CallYogiri","Hololive_Rebound","Hololive_CallHoushouMarine","Hololive_Breathe"],"relics":["Hololive_TheStar"],"acts_visited":["Exordium"],"potions_floor_usage":[],"damage_taken":[{"damage":1,"enemies":"Small Slimes","floor":1,"turns":4},{"damage":5,"enemies":"2 Louse","floor":3,"turns":3},{"damage":0,"enemies":"Cultist","floor":5,"turns":2},{"damage":30,"enemies":"3 Sentries","floor":6,"turns":5}],"seed_played":"-9062625921124211200","potions_obtained":[{"floor":1,"key":"ColorlessPotion"}],"is_trial":false,"path_per_floor":["M","?","M","?","M","E"],"character_chosen":"Hololive_HololiveCharacter","items_purchased":[],"campfire_rested":0,"item_purchase_floors":[],"current_hp_per_floor":[37,37,32,29,29,0,0],"gold":107,"neow_bonus":"TEN_PERCENT_HP_BONUS","is_daily":false,"chose_seed":false,"campfire_upgraded":0,"win_rate":0.0,"timestamp":1611055550,"path_taken":["M","?","M","?","M","E"],"items_purchased_type":[],"build_version":"2020-12-22","purchased_purges":0,"victory":false,"max_hp_per_floor":[38,38,38,38,38,38,38],"card_choices":[{"not_picked":["Hololive_CallUruhaRushia","Hololive_Psychosis","Hololive_RevenueBasedLive"],"picked":"Hololive_Rebound","floor":1},{"not_picked":["Hololive_Trident","Hololive_CocoNews","Hololive_LuckPotion"],"picked":"Hololive_CallHoushouMarine","floor":3},{"not_picked":["Hololive_CallUsadaPekora","Hololive_CocoNews","Hololive_CallOzoraSubaru"],"picked":"Hololive_Breathe","floor":5}],"player_experience":4921,"relics_obtained":[],"event_choices":[{"damage_healed":0,"gold_gain":0,"player_choice":"Ignored","damage_taken":0,"max_hp_gain":0,"max_hp_loss":0,"event_name":"Golden Wing","floor":2,"gold_loss":0},{"damage_healed":0,"gold_gain":0,"player_choice":"Damaged","damage_taken":3,"max_hp_gain":0,"max_hp_loss":0,"event_name":"Wheel of Change","floor":4,"gold_loss":0}],"is_beta":false,"boss_relics":[],"items_purged_floors":[],"is_endless":false,"potions_floor_spawned":[1],"killed_by":"3 Sentries","ascension_level":0}}