{"host":"9jj9tzo2iym4bpat","time":1611082210,"event":{"mods":["Act Like it!","BaseMod","CapriCore","Colored Map","Dark Map","Luminous","Minty Spire (QoL Compilation)","Permanent Neow","StSLib","Td1madao Mod","The Animator","The Immortal","The Marked","The Servant 0.9.4","Yakumo Yukari mod"],"gold_per_floor":[113,113,66,66,82,82,115,133,212,2,2,2,21,41,41,41,41],"floor_reached":16,"language":"ENG","playtime":506,"items_purged":[],"score":120,"play_id":"9d563b20-cffb-47e8-80e3-ae078cec1563","local_time":"20210119125010","is_ascension_mode":true,"campfire_choices":[{"data":"Phantasmal Killer","floor":6,"key":"SMITH"},{"floor":12,"key":"REST"},{"floor":15,"key":"REST"}],"circlet_count":0,"master_deck":["Strike_G","Strike_G","Strike_G","Strike_G","Defend_G","Defend_G","Defend_G","Defend_G","Defend_G","Survivor","Neutralize","Phantasmal Killer+1","Slice","Cloak And Dagger","Bullet Time","Dash","Cloak And Dagger","After Image","Deflect","Blade Dance","Venomology","Riddle With Holes"],"relics":["Ring of the Snake","Strawberry","Happy Flower","Singing Bowl","Orrery"],"acts_visited":["Exordium"],"potions_floor_usage":[7,14,16,16,16,16],"damage_taken":[{"damage":0,"enemies":"Small Slimes","floor":1,"turns":3},{"damage":0,"enemies":"Cultist","floor":5,"turns":4},{"damage":42,"enemies":"Gremlin Nob","floor":7,"turns":5},{"damage":0,"enemies":"Jaw Worm","floor":8,"turns":3},{"damage":12,"enemies":"Lots of Slimes","floor":13,"turns":6},{"damage":0,"enemies":"2 Fungi Beasts","floor":14,"turns":3},{"damage":91,"enemies":"Hexaghost","floor":16,"turns":17}],"seed_played":"4779372744922307240","potions_obtained":[{"floor":4,"key":"DistilledChaos"},{"floor":4,"key":"Weak Potion"},{"floor":4,"key":"Regen Potion"},{"floor":8,"key":"CunningPotion"}],"is_trial":false,"path_per_floor":["M","?","$","?","M","R","E","M","T","$","?","R","M","M","R","B"],"character_chosen":"THE_SILENT","items_purchased":["Cloak And Dagger","Cloak And Dagger","Orrery"],"campfire_rested":2,"item_purchase_floors":[3,10,10],"current_hp_per_floor":[70,74,74,74,74,74,32,32,32,34,34,57,47,49,73,0,0],"gold":41,"neow_bonus":"ONE_RANDOM_RARE_CARD","is_daily":false,"chose_seed":false,"campfire_upgraded":1,"win_rate":0.0,"timestamp":1611082210,"path_taken":["M","?","$","?","?","R","E","M","T","$","?","R","M","M","R","BOSS"],"items_purchased_type":["Card","Card","Relic"],"build_version":"2020-12-22","purchased_purges":0,"victory":false,"max_hp_per_floor":[70,77,77,77,77,77,77,77,77,79,79,79,81,83,83,83,83],"card_choices":[{"not_picked":["Sucker Punch","Underhanded Strike"],"picked":"Slice","floor":1},{"not_picked":["Backflip","PiercingWail"],"picked":"Bullet Time","floor":5},{"not_picked":["Heel Hook","Expertise"],"picked":"Dash","floor":7},{"not_picked":["Predator","Escape Plan","Quick Slash"],"picked":"SKIP","floor":8},{"not_picked":["Flying Knee","Storm of Steel"],"picked":"After Image","floor":10},{"not_picked":["Underhanded Strike","Dagger Spray"],"picked":"Deflect","floor":10},{"not_picked":["Dagger Throw","Escape Plan","Dodge and Roll"],"picked":"Singing Bowl","floor":10},{"not_picked":["Deadly Poison","Burst"],"picked":"Blade Dance","floor":10},{"not_picked":["Noxious Fumes","Acrobatics"],"picked":"Venomology","floor":10},{"not_picked":["Bouncing Flask","Poisoned Stab","Acrobatics"],"picked":"Singing Bowl","floor":13},{"not_picked":["Skewer","Flying Knee","Deadly Poison"],"picked":"Singing Bowl","floor":14}],"player_experience":291070,"relics_obtained":[{"floor":7,"key":"Happy Flower"},{"floor":9,"key":"Singing Bowl"}],"event_choices":[{"damage_healed":0,"gold_gain":0,"player_choice":"Success","damage_taken":3,"relics_obtained":["Strawberry"],"max_hp_gain":0,"max_hp_loss":0,"event_name":"Scrap Ooze","floor":2,"gold_loss":0},{"damage_healed":0,"gold_gain":0,"player_choice":"Got Potions","damage_taken":0,"max_hp_gain":0,"max_hp_loss":0,"event_name":"Lab","floor":4,"gold_loss":0},{"damage_healed":0,"gold_gain":0,"cards_transformed":["Strike_G"],"player_choice":"Transformed","damage_taken":0,"max_hp_gain":0,"max_hp_loss":0,"event_name":"Transmorgrifier","floor":11,"gold_loss":0,"cards_obtained":["Riddle With Holes"]}],"is_beta":false,"boss_relics":[],"items_purged_floors":[],"is_endless":false,"potions_floor_spawned":[8,13],"killed_by":"Hexaghost","ascension_level":4}}