{"host":"k7udt7atmcuzf6l0","time":1611070374,"event":{"mods":["AchievementEnabler","BaseMod","Colored Map","Colored Powertips","Highlight Path","Minty Spire (QoL Compilation)","Quick Restart","Rare Cards Sparkle","StSLib","UnlockEverythingMod"],"gold_per_floor":[115,115,115,136,21,21,64,64,64,99,123,123,147,170,170,295,295,314,79,98,1,1,1,1,1,27,27,227,271,285,318,318,441,441,462,14,29,43,102,102,137,161,161,224,238,259,259,13,13,13],"floor_reached":51,"language":"ZHT","playtime":2402,"items_purged":[],"score":773,"play_id":"58de9485-a98e-4e95-8dcd-405ed39877f6","local_time":"20210119233254","is_ascension_mode":false,"campfire_choices":[{"data":"Shockwave","floor":6,"key":"SMITH"},{"data":"Flex","floor":8,"key":"SMITH"},{"data":"Berserk","floor":12,"key":"SMITH"},{"data":"Body Slam","floor":15,"key":"SMITH"},{"data":"Armaments","floor":23,"key":"SMITH"},{"data":"Dual Wield","floor":25,"key":"SMITH"},{"data":"Rage","floor":27,"key":"SMITH"},{"floor":32,"key":"REST"},{"data":"1","floor":40,"key":"LIFT"},{"data":"Limit Break","floor":47,"key":"SMITH"},{"data":"2","floor":49,"key":"LIFT"}],"circlet_count":0,"master_deck":["Strike_R","Strike_R","Strike_R","Strike_R","Strike_R","Defend_R+1","Defend_R+1","Defend_R","Defend_R+1","Bash","Clash+1","Shockwave+1","Cleave","Rage+1","Flex+1","Berserk+1","Body Slam+1","Inflame","Dual Wield+1","Double Tap","Ghostly Armor+1","Spot Weakness","Armaments+1","Writhe","Limit Break+1","Whirlwind+1","Reaper","CurseOfTheBell","Thunderclap+1","Spot Weakness+1","Warcry","Sword Boomerang+1","Seeing Red","Havoc+1"],"relics":["Burning Blood","NeowsBlessing","Golden Idol","War Paint","Dream Catcher","Blue Candle","Philosopher\u0027s Stone","Vajra","Pantograph","PreservedInsect","Girya","Paper Frog","Calling Bell","Orichalcum","The Courier","Shovel","Brimstone","Bronze Scales","Mummified Hand","Torii","Omamori","Bag of Preparation","Champion Belt","Ice Cream"],"acts_visited":["Exordium","TheCity","TheBeyond"],"potions_floor_usage":[10,14,16,31,31,33,39,42,46,50],"damage_taken":[{"damage":0,"enemies":"Jaw Worm","floor":1,"turns":1},{"damage":0,"enemies":"2 Louse","floor":4,"turns":1},{"damage":0,"enemies":"3 Sentries","floor":7,"turns":2},{"damage":1,"enemies":"Lagavulin","floor":10,"turns":4},{"damage":0,"enemies":"Cultist","floor":11,"turns":3},{"damage":8,"enemies":"Large Slime","floor":13,"turns":5},{"damage":0,"enemies":"2 Fungi Beasts","floor":14,"turns":1},{"damage":40,"enemies":"The Guardian","floor":16,"turns":8},{"damage":22,"enemies":"2 Thieves","floor":18,"turns":4},{"damage":30,"enemies":"3 Byrds","floor":20,"turns":4},{"damage":2,"enemies":"Book of Stabbing","floor":29,"turns":2},{"damage":32,"enemies":"Snecko","floor":30,"turns":6},{"damage":16,"enemies":"Slavers","floor":31,"turns":4},{"damage":76,"enemies":"Automaton","floor":33,"turns":7},{"damage":46,"enemies":"3 Darklings","floor":35,"turns":4},{"damage":17,"enemies":"3 Shapes","floor":37,"turns":3},{"damage":26,"enemies":"Spire Growth","floor":38,"turns":3},{"damage":44,"enemies":"2 Orb Walkers","floor":39,"turns":4},{"damage":52,"enemies":"Reptomancer","floor":41,"turns":4},{"damage":10,"enemies":"Jaw Worm Horde","floor":42,"turns":2},{"damage":42,"enemies":"Mind Bloom Boss Battle","floor":44,"turns":4},{"damage":1,"enemies":"3 Darklings","floor":45,"turns":2},{"damage":43,"enemies":"Writhing Mass","floor":46,"turns":4},{"damage":54,"enemies":"Donu and Deca","floor":50,"turns":5}],"seed_played":"1366477675642363133","potions_obtained":[{"floor":1,"key":"Energy Potion"},{"floor":13,"key":"AttackPotion"},{"floor":14,"key":"BlessingOfTheForge"},{"floor":18,"key":"Fruit Juice"},{"floor":30,"key":"Strength Potion"},{"floor":37,"key":"Explosive Potion"},{"floor":41,"key":"Energy Potion"},{"floor":45,"key":"ColorlessPotion"},{"floor":46,"key":"Regen Potion"}],"is_trial":false,"path_per_floor":["M","?","?","M","$","R","E","R","T","E","M","R","M","M","R","B",null,"M","$","M","$","?","R","?","R","T","R","?","E","M","E","R","B",null,"M","$","M","M","?","R","E","M","T","?","M","M","R","$","R","B",null],"character_chosen":"IRONCLAD","items_purchased":["Cleave","Rage","Vajra","Spot Weakness","Armaments","BloodPotion","Brimstone","Bronze Scales","Mummified Hand","Ice Cream"],"campfire_rested":1,"item_purchase_floors":[5,5,19,19,21,21,36,36,36,48],"current_hp_per_floor":[80,64,44,50,50,50,56,56,56,61,67,67,65,71,71,37,80,64,64,40,40,40,40,40,40,40,40,40,44,18,24,48,8,85,82,82,78,58,55,55,39,85,85,80,85,62,62,62,62,46],"gold":13,"neow_bonus":"THREE_ENEMY_KILL","is_daily":false,"chose_seed":false,"campfire_upgraded":8,"win_rate":0.0,"timestamp":1611070374,"path_taken":["M","?","?","M","?","R","E","R","T","E","M","R","M","M","R","BOSS","M","$","?","$","?","R","?","R","T","R","?","E","?","E","R","BOSS","M","$","M","M","?","R","E","M","T","?","M","M","R","?","R","BOSS"],"items_purchased_type":["Card","Card","Relic","Card","Card","Potion","Relic","Relic","Relic","Relic"],"build_version":"2020-12-22","purchased_purges":0,"victory":true,"max_hp_per_floor":[80,80,80,80,80,80,80,80,80,80,80,80,80,80,80,80,80,80,80,80,80,80,80,80,80,80,80,80,80,80,80,80,85,85,85,85,85,85,85,85,85,85,85,85,85,85,85,85,85,85],"card_choices":[{"not_picked":["Disarm","Havoc"],"picked":"Clash","floor":1},{"not_picked":["Body Slam","Clash"],"picked":"Shockwave","floor":4},{"not_picked":["Anger","Clothesline"],"picked":"Flex","floor":7},{"not_picked":["Dropkick","Carnage"],"picked":"Berserk","floor":10},{"not_picked":["Pummel","Fire Breathing"],"picked":"Body Slam","floor":11},{"not_picked":["Body Slam","True Grit"],"picked":"Inflame","floor":13},{"not_picked":["Anger","Warcry"],"picked":"Dual Wield","floor":14},{"not_picked":["Juggernaut","Brutality"],"picked":"Double Tap","floor":16},{"not_picked":["Havoc","Shrug It Off"],"picked":"Ghostly Armor+1","floor":18},{"not_picked":["Iron Wave","Body Slam","Anger"],"picked":"SKIP","floor":20},{"not_picked":["Metallicize","Blood for Blood"],"picked":"Limit Break","floor":29},{"not_picked":["Cleave","Perfected Strike+1"],"picked":"Whirlwind+1","floor":30},{"not_picked":["Iron Wave","Blood for Blood","Carnage"],"picked":"SKIP","floor":31},{"not_picked":["Fiend Fire","Bludgeon"],"picked":"Reaper","floor":33},{"not_picked":["Flex","Reckless Charge+1"],"picked":"Thunderclap+1","floor":35},{"not_picked":["Ghostly Armor","Clothesline+1"],"picked":"Spot Weakness+1","floor":37},{"not_picked":["Thunderclap+1","Feel No Pain","Searing Blow"],"picked":"SKIP","floor":38},{"not_picked":["Wild Strike","Clothesline"],"picked":"Warcry","floor":39},{"not_picked":["Shrug It Off+1","Reckless Charge+1"],"picked":"Sword Boomerang+1","floor":41},{"not_picked":["Wild Strike","Warcry","Rupture"],"picked":"SKIP","floor":42},{"not_picked":["Thunderclap","Rupture+1"],"picked":"Seeing Red","floor":45},{"not_picked":["Bludgeon","Sword Boomerang"],"picked":"Havoc+1","floor":46}],"player_experience":84605,"relics_obtained":[{"floor":7,"key":"War Paint"},{"floor":9,"key":"Dream Catcher"},{"floor":10,"key":"Blue Candle"},{"floor":26,"key":"PreservedInsect"},{"floor":29,"key":"Girya"},{"floor":31,"key":"Paper Frog"},{"floor":34,"key":"Orichalcum"},{"floor":34,"key":"The Courier"},{"floor":34,"key":"Shovel"},{"floor":39,"key":"Torii"},{"floor":41,"key":"Omamori"},{"floor":43,"key":"Bag of Preparation"},{"floor":44,"key":"Champion Belt"}],"event_choices":[{"damage_healed":0,"gold_gain":0,"player_choice":"Entered Light","damage_taken":16,"max_hp_gain":0,"max_hp_loss":0,"event_name":"Shining Light","floor":2,"gold_loss":0,"cards_upgraded":["Clash","Defend_R"]},{"damage_healed":0,"gold_gain":0,"player_choice":"Take Damage","damage_taken":20,"relics_obtained":["Golden Idol"],"max_hp_gain":0,"max_hp_loss":0,"event_name":"Golden Idol","floor":3,"gold_loss":0},{"damage_healed":0,"gold_gain":0,"player_choice":"Opened","damage_taken":0,"relics_obtained":["Pantograph"],"max_hp_gain":0,"max_hp_loss":0,"event_name":"The Mausoleum","floor":22,"gold_loss":0,"cards_obtained":["Writhe"]},{"damage_healed":0,"gold_gain":0,"player_choice":"Ignored","damage_taken":0,"max_hp_gain":0,"max_hp_loss":0,"event_name":"Vampires","floor":24,"gold_loss":0},{"damage_healed":0,"gold_gain":200,"player_choice":"Gold","damage_taken":0,"max_hp_gain":0,"max_hp_loss":0,"event_name":"Wheel of Change","floor":28,"gold_loss":0},{"damage_healed":0,"gold_gain":0,"player_choice":"Fight","damage_taken":0,"max_hp_gain":0,"max_hp_loss":0,"event_name":"Mysterious Sphere","floor":39,"gold_loss":0},{"damage_healed":0,"gold_gain":0,"player_choice":"Fight","damage_taken":0,"max_hp_gain":0,"max_hp_loss":0,"event_name":"MindBloom","floor":44,"gold_loss":0}],"is_beta":false,"boss_relics":[{"not_picked":["SacredBark","Sozu"],"picked":"Philosopher\u0027s Stone"},{"not_picked":["Busted Crown","Black Blood"],"picked":"Calling Bell"}],"items_purged_floors":[],"is_endless":false,"potions_floor_spawned":[1,13,14,18,30,37,41,45,46],"ascension_level":0}}