{"host":"f5mjulaw5aqlqmd7","time":1611083886,"event":{"mods":["Act Like it!","BaseMod","Colored Map","GifTheSpireLib","Hallownest","Minty Spire (QoL Compilation)","StSLib","The Bug Knight"],"gold_per_floor":[119,138,153,172,27,27,27],"floor_reached":6,"language":"ENG","playtime":333,"items_purged":[],"score":38,"play_id":"2dddaa8e-8073-4a59-9016-c0e2a8c9de5b","local_time":"20210119141806","is_ascension_mode":false,"campfire_choices":[],"circlet_count":0,"master_deck":["HollowMod:NailStrikeStart","HollowMod:NailStrikeStart","HollowMod:NailStrikeStart","HollowMod:NailStrikeStart","HollowMod:QuickDashStart+1","HollowMod:QuickDashStart+1","HollowMod:QuickDashStart","HollowMod:QuickDashStart","HollowMod:FocusHealStart","HollowMod:PogoStrike","HollowMod:ShadowDash","HollowMod:VengefulVoid","HollowMod:SharpenedShadows","HollowMod:LifebloodCocoon"],"relics":["HollowMod:VesselMask","NeowsBlessing","War Paint"],"acts_visited":["Exordium"],"potions_floor_usage":[],"damage_taken":[{"damage":0,"enemies":"Cultist","floor":1,"turns":1},{"damage":0,"enemies":"Small Slimes","floor":2,"turns":1},{"damage":0,"enemies":"2 Louse","floor":3,"turns":1},{"damage":57,"enemies":"Gremlin Gang","floor":4,"turns":5},{"damage":18,"enemies":"Gremlin Nob","floor":6,"turns":3}],"seed_played":"-5602618778353954891","potions_obtained":[{"floor":1,"key":"Energy Potion"},{"floor":3,"key":"SteroidPotion"}],"is_trial":false,"path_per_floor":["M","M","M","M","$","E"],"character_chosen":"THE_BUGKNIGHT","items_purchased":["War Paint"],"campfire_rested":0,"item_purchase_floors":[5],"current_hp_per_floor":[75,75,75,18,18,0,0],"gold":27,"neow_bonus":"THREE_ENEMY_KILL","is_daily":false,"chose_seed":false,"campfire_upgraded":0,"win_rate":0.0,"timestamp":1611083886,"path_taken":["M","M","M","M","$","E"],"items_purchased_type":["Relic"],"build_version":"2020-12-22","purchased_purges":0,"victory":false,"max_hp_per_floor":[75,75,75,75,75,75,75],"card_choices":[{"not_picked":["HollowMod:InfectionAssault","HollowMod:ShapeofUnn"],"picked":"HollowMod:ShadowDash","floor":1},{"not_picked":["HollowMod:SiblingsSouls","HollowMod:LuriensSpire"],"picked":"HollowMod:VengefulVoid","floor":2},{"not_picked":["HollowMod:InfectedCysts","HollowMod:HowlingWraiths"],"picked":"HollowMod:SharpenedShadows","floor":3},{"not_picked":["HollowMod:NewJinnsSoul","HollowMod:InfectedCysts"],"picked":"HollowMod:LifebloodCocoon","floor":4}],"player_experience":55181,"relics_obtained":[],"event_choices":[],"is_beta":false,"boss_relics":[],"items_purged_floors":[],"is_endless":false,"potions_floor_spawned":[1,3],"killed_by":"Gremlin Nob","ascension_level":0}}