{"host":"rl3s470f8onwqc1s","time":1611068023,"event":{"mods":["ATMod(°¢èªMod)","BaseMod","Gold Saver","Minty Spire (QoL Compilation)","MostiFishMod","Shop Mod","Spicy Shops","StSLib","TestMod"],"gold_per_floor":[111,186,186,45,45,45,77,91,91,91,121,141,141,161,161,239,239,256,274,308,319,335,362,362,362],"floor_reached":24,"language":"ZHS","playtime":712,"items_purged":[],"score":652,"play_id":"1d26c800-41fc-48ce-bc1e-4831694c39d2","local_time":"20210119225343","is_ascension_mode":true,"campfire_choices":[{"floor":6.0,"key":"REST"},{"data":"Barricade","floor":10.0,"key":"SMITH"},{"data":"Bash","floor":13.0,"key":"SMITH"},{"floor":15.0,"key":"RECALL"}],"circlet_count":0,"master_deck":["AscendersBane","Strike_R+1","Strike_R+1","Strike_R+1","Strike_R+1","Strike_R+1","Defend_R+1","Defend_R+1","Defend_R+1","Defend_R+1","Bash+1","AT_FamilyPortrait+1","Armaments+1","AT_BodySlamDance+1","Regret","AT_GerminateFire+1","Barricade+1","Impervious+1","MostiFishMod:#F4004+1","Juggernaut+1","Rupture+1","Pommel Strike+1","Shockwave+1","Body Slam+1","MostiFishMod:OrdinaryWorld"],"relics":["Burning Blood","testmod-TestBox","DaveBox","AT_ATBox","DSteel32","testmod-BloodSacrificeSpiritualization","NeowsBlessing","SynthV:TestCard","testmod-Register","Omamori","Boot","Eternal Feather","Blue Candle","testmod-TimeTraveler","Red Mask","Ancient Tea Set"],"acts_visited":["Exordium","TheCity"],"potions_floor_usage":[],"damage_taken":[{"damage":7.0,"enemies":"Jaw Worm","floor":1.0,"turns":1.0},{"damage":7.0,"enemies":"Gremlin Nob","floor":7.0,"turns":1.0},{"damage":7.0,"enemies":"2 Louse","floor":8.0,"turns":1.0},{"damage":31.0,"enemies":"Lagavulin","floor":11.0,"turns":4.0},{"damage":8.0,"enemies":"Small Slimes","floor":12.0,"turns":3.0},{"damage":8.0,"enemies":"Blue Slaver","floor":14.0,"turns":3.0},{"damage":8.0,"enemies":"Slime Boss","floor":16.0,"turns":3.0},{"damage":7.0,"enemies":"Chosen","floor":18.0,"turns":1.0},{"damage":0.0,"enemies":"Spheric Guardian","floor":19.0,"turns":1.0},{"damage":19.0,"enemies":"Masked Bandits","floor":20.0,"turns":4.0},{"damage":19.0,"enemies":"Centurion and Healer","floor":21.0,"turns":4.0},{"damage":31.0,"enemies":"Snake Plant","floor":22.0,"turns":4.0},{"damage":7.0,"enemies":"Slavers","floor":23.0,"turns":5.0},{"damage":11,"enemies":"Cultist and Chosen","floor":24,"turns":3}],"seed_played":"8030745076468480066","potions_obtained":[{"floor":1.0,"key":"EssenceOfSteel"},{"floor":8.0,"key":"Ancient Potion"}],"is_trial":false,"path_per_floor":["M","?","?","$","?","R","E","M","T","R","E","M","R","M","R","B",null,"M","M","?","M","M","E","M"],"character_chosen":"IRONCLAD","items_purchased":["testmod-Register","AT_BodySlamDance"],"campfire_rested":1,"item_purchase_floors":[4,4],"current_hp_per_floor":[67,56,33,33,33,55,54,53,53,62,37,35,44,42,51,49,69,68,74,61,48,23,22,11,11],"gold":362,"neow_bonus":"THREE_ENEMY_KILL","is_daily":false,"chose_seed":false,"campfire_upgraded":2,"win_rate":0.0,"timestamp":1611068023,"path_taken":["M","?","?","$","?","R","E","M","T","R","E","M","R","M","R","BOSS","M","M","?","M","M","E","M"],"items_purchased_type":["Relic","Card"],"build_version":"2020-12-22","purchased_purges":0,"victory":false,"max_hp_per_floor":[75,75,75,75,75,75,75,75,75,75,75,75,75,75,75,75,75,75,75,75,75,75,75,75,75],"card_choices":[{"not_picked":["Headbutt","True Grit"],"picked":"Armaments","floor":1.0},{"not_picked":["Armaments","True Grit","Shrug It Off","AT_BodySlamDance"],"picked":"AT_GerminateFire","floor":7.0},{"not_picked":["Body Slam","Havoc","Rampage","Perfected Strike"],"picked":"Barricade","floor":8.0},{"not_picked":["Blood for Blood","Thunderclap","MostiFishMod:Chiaki","Twin Strike"],"picked":"Impervious","floor":11.0},{"not_picked":["AT_IchimonjiDouble","AT_DiedThrough","AT_BodySlamDance","Thunderclap","Iron Wave"],"picked":"SKIP","floor":12.0},{"not_picked":["Wild Strike","Perfected Strike","Flex","Havoc"],"picked":"MostiFishMod:#F4004","floor":14.0},{"not_picked":["Impervious","MostiFishMod:NewArrival","Limit Break","Double Tap"],"picked":"Juggernaut","floor":16.0},{"not_picked":["Infernal Blade","Anger","Shrug It Off","Sword Boomerang"],"picked":"Rupture","floor":18.0},{"not_picked":["Wild Strike","Cleave","Twin Strike","Uppercut"],"picked":"Pommel Strike","floor":19.0},{"not_picked":["Iron Wave","Thunderclap","AT_GerminateFire","Clothesline"],"picked":"Shockwave","floor":20.0},{"not_picked":["Heavy Blade","Cleave","Twin Strike","Shockwave"],"picked":"Body Slam","floor":21.0},{"not_picked":["Anger","Headbutt","Rupture","Sever Soul","Twin Strike"],"picked":"SKIP","floor":22.0},{"not_picked":["Disarm","Warcry","Seeing Red+1","Pommel Strike"],"picked":"MostiFishMod:OrdinaryWorld","floor":23.0}],"player_experience":1303661,"relics_obtained":[{"floor":1.0,"key":"SynthV:TestCard"},{"floor":7.0,"key":"Boot"},{"floor":9.0,"key":"Eternal Feather"},{"floor":11.0,"key":"Blue Candle"},{"floor":20.0,"key":"Red Mask"},{"floor":23.0,"key":"Ancient Tea Set"}],"event_choices":[{"damage_healed":0.0,"max_hp_gain":0.0,"max_hp_loss":0.0,"gold_gain":75.0,"event_name":"World of Goop","player_choice":"Gather Gold","floor":2.0,"gold_loss":0.0,"damage_taken":11.0},{"damage_healed":0.0,"max_hp_gain":0.0,"max_hp_loss":0.0,"gold_gain":0.0,"event_name":"Shining Light","player_choice":"Entered Light","floor":3.0,"gold_loss":0.0,"damage_taken":23.0,"cards_upgraded":["Strike_R","Strike_R"]},{"damage_healed":0.0,"max_hp_gain":0.0,"max_hp_loss":0.0,"gold_gain":0.0,"event_name":"Big Fish","player_choice":"Box","floor":5.0,"gold_loss":0.0,"damage_taken":0.0,"relics_obtained":["Omamori"],"cards_obtained":["Regret"]},{"damage_healed":0.0,"max_hp_gain":0.0,"max_hp_loss":0.0,"gold_gain":0.0,"event_name":"Masked Bandits","player_choice":"Fought Bandits","floor":20.0,"gold_loss":0.0,"damage_taken":0.0}],"is_beta":false,"boss_relics":[{"not_picked":["TakeMeEscape","TimeKeys"],"picked":"testmod-TimeTraveler"}],"items_purged_floors":[],"is_endless":false,"potions_floor_spawned":[1,8,16,18,23],"killed_by":"Cultist and Chosen","ascension_level":20}}