{"host":"ssahdsoo349p0ms1","time":1611034777,"event":{"mods":["AchievementEnabler","BaseMod","Colored Powertips","Filter the Spire","Minty Spire (QoL Compilation)","StSLib"],"gold_per_floor":[366,366,32,45,55,89,89,89,89,111,143,143,143,165,165,251,251,271,289,317,326,351,351,380,401,478,512,182,182,201,233,233,320,320,340,355,109,127,127,127,165,165,165,207,207,226,552,633,633,633,633,633,106,138,138],"floor_reached":56,"language":"ENG","playtime":2845,"items_purged":["Strike_G","Strike_G","Strike_G"],"score":2175,"play_id":"72627fbf-c54c-4414-bd0b-cfb9c173ef2f","local_time":"20210118233937","is_ascension_mode":true,"campfire_choices":[{"floor":8.0,"key":"REST"},{"floor":12.0,"key":"REST"},{"data":"Noxious Fumes","floor":15.0,"key":"SMITH"},{"data":"Footwork","floor":23.0,"key":"SMITH"},{"data":"Footwork","floor":29.0,"key":"SMITH"},{"floor":32.0,"key":"REST"},{"floor":40.0,"key":"RECALL"},{"data":"Calculated Gamble","floor":42.0,"key":"SMITH"},{"data":"Catalyst","floor":45.0,"key":"SMITH"},{"floor":49.0,"key":"REST"},{"floor":52.0,"key":"REST"}],"circlet_count":0,"master_deck":["AscendersBane","Defend_G","Defend_G","Defend_G","Defend_G","Defend_G","Survivor","Neutralize+1","Poisoned Stab","Footwork+1","Underhanded Strike","Predator","Poisoned Stab","Dash","PiercingWail","Noxious Fumes+1","Venomology","Dagger Spray","Calculated Gamble+1","Footwork+1","Prepared","Crippling Poison+1","Caltrops","Bane+1","Footwork+1","Leg Sweep","Caltrops","Corpse Explosion","Backflip+1","Adrenaline","Madness","Madness","PiercingWail","Catalyst+1","Deflect","Tactician"],"relics":["Ring of the Snake","OrangePellets","Snake Skull","CeramicFish","Mummified Hand","Odd Mushroom","Runic Pyramid","Mercury Hourglass","Strawberry","DollysMirror","Ancient Tea Set","Busted Crown","Centennial Puzzle","Dream Catcher","Old Coin","StrikeDummy","Oddly Smooth Stone","Pantograph"],"acts_visited":["Exordium","TheCity","TheBeyond","TheEnding"],"potions_floor_usage":[55,55],"damage_taken":[{"damage":9.0,"enemies":"Jaw Worm","floor":1.0,"turns":6.0},{"damage":0.0,"enemies":"Cultist","floor":4.0,"turns":4.0},{"damage":2.0,"enemies":"2 Louse","floor":5.0,"turns":3.0},{"damage":29.0,"enemies":"Gremlin Nob","floor":6.0,"turns":5.0},{"damage":11.0,"enemies":"Gremlin Gang","floor":10.0,"turns":7.0},{"damage":6.0,"enemies":"The Mushroom Lair","floor":11.0,"turns":6.0},{"damage":1.0,"enemies":"Looter","floor":14.0,"turns":3.0},{"damage":21.0,"enemies":"Hexaghost","floor":16.0,"turns":10.0},{"damage":5.0,"enemies":"3 Byrds","floor":18.0,"turns":5.0},{"damage":11.0,"enemies":"Spheric Guardian","floor":19.0,"turns":6.0},{"damage":0.0,"enemies":"Chosen and Byrds","floor":20.0,"turns":5.0},{"damage":0.0,"enemies":"Cultist and Chosen","floor":22.0,"turns":6.0},{"damage":0.0,"enemies":"Snecko","floor":24.0,"turns":5.0},{"damage":17.0,"enemies":"Sentry and Sphere","floor":25.0,"turns":5.0},{"damage":2.0,"enemies":"Gremlin Leader","floor":27.0,"turns":6.0},{"damage":3.0,"enemies":"Snake Plant","floor":30.0,"turns":3.0},{"damage":12.0,"enemies":"Book of Stabbing","floor":31.0,"turns":5.0},{"damage":32.0,"enemies":"Automaton","floor":33.0,"turns":9.0},{"damage":0.0,"enemies":"Orb Walker","floor":35.0,"turns":4.0},{"damage":0.0,"enemies":"3 Shapes","floor":36.0,"turns":4.0},{"damage":5.0,"enemies":"Giant Head","floor":41.0,"turns":10.0},{"damage":0.0,"enemies":"Nemesis","floor":44.0,"turns":7.0},{"damage":0.0,"enemies":"Maw","floor":46.0,"turns":6.0},{"damage":10.0,"enemies":"Giant Head","floor":47.0,"turns":8.0},{"damage":12.0,"enemies":"Donu and Deca","floor":50.0,"turns":6.0},{"damage":8.0,"enemies":"Shield and Spear","floor":54.0,"turns":4.0},{"damage":27,"enemies":"The Heart","floor":55,"turns":9}],"seed_played":"783224980543564036","potions_obtained":[{"floor":1.0,"key":"Poison Potion"},{"floor":4.0,"key":"FearPotion"},{"floor":5.0,"key":"LiquidMemories"},{"floor":16.0,"key":"DistilledChaos"},{"floor":20.0,"key":"Fire Potion"},{"floor":22.0,"key":"Fruit Juice"},{"floor":25.0,"key":"EntropicBrew"},{"floor":30.0,"key":"Strength Potion"},{"floor":36.0,"key":"Fire Potion"},{"floor":54.0,"key":"EssenceOfSteel"}],"is_trial":false,"path_per_floor":["M","?","$","M","M","E","?","R","T","M","?","R","?","M","R","B",null,"M","M","M","?","M","R","M","M","T","E","$","R","M","E","R","B",null,"M","M","$","?","?","R","E","R","T","E","R","M","E","T","R","B",null,"R","$","E","B",null],"character_chosen":"THE_SILENT","items_purchased":["OrangePellets","Snake Skull","DollysMirror","Leg Sweep","Caltrops","Adrenaline","Deflect","GhostInAJar","Tactician","Oddly Smooth Stone"],"campfire_rested":5,"item_purchase_floors":[3,3,28,28,28,37,53,53,53,53],"current_hp_per_floor":[35,35,35,35,33,4,4,23,23,12,6,25,25,24,24,3,50,45,34,34,34,34,34,39,22,22,27,27,27,24,12,35,3,59,59,59,59,45,45,45,40,40,40,40,40,40,30,30,53,41,69,78,78,70,51],"gold":138,"neow_bonus":"TWO_FIFTY_GOLD","is_daily":false,"chose_seed":false,"campfire_upgraded":5,"win_rate":0.0,"timestamp":1611034777,"path_taken":["M","?","$","M","M","E","?","R","T","?","?","R","?","M","R","BOSS","M","?","M","?","M","R","M","?","T","E","$","R","M","E","R","BOSS","M","M","$","?","?","R","E","R","T","E","R","?","E","?","R","BOSS","R","$","E","BOSS"],"items_purchased_type":["Relic","Relic","Relic","Card","Card","Card","Card","Potion","Card","Relic"],"build_version":"2020-12-22","purchased_purges":3,"victory":true,"max_hp_per_floor":[66,66,66,66,66,66,66,66,66,66,66,66,66,66,66,66,66,66,66,66,66,66,66,71,71,71,78,78,78,78,78,78,78,78,78,78,78,78,78,78,78,78,78,78,78,78,78,78,78,78,78,78,78,78,78],"card_choices":[{"not_picked":["Tactician","Crippling Poison"],"picked":"Poisoned Stab","floor":1.0},{"not_picked":["Dodge and Roll","Sucker Punch"],"picked":"Underhanded Strike","floor":4.0},{"not_picked":["Outmaneuver","Tactician"],"picked":"Predator","floor":5.0},{"not_picked":["Underhanded Strike","Flying Knee"],"picked":"Poisoned Stab","floor":6.0},{"not_picked":["Dodge and Roll","Dash","Flying Knee"],"picked":"SKIP","floor":10.0},{"not_picked":["Dodge and Roll","Flying Knee"],"picked":"Dash","floor":10.0},{"not_picked":["Masterful Stab","Flying Knee"],"picked":"PiercingWail","floor":11.0},{"not_picked":["Outmaneuver","Deadly Poison"],"picked":"Noxious Fumes","floor":14.0},{"not_picked":["Grand Finale","Burst"],"picked":"Venomology","floor":16.0},{"not_picked":["Heel Hook","Sucker Punch"],"picked":"Dagger Spray","floor":18.0},{"not_picked":["Outmaneuver","Flying Knee","Reflex"],"picked":"SKIP","floor":19.0},{"not_picked":["Dagger Spray+1","Deflect"],"picked":"Calculated Gamble","floor":20.0},{"not_picked":["Dagger Spray","Tactician"],"picked":"Prepared","floor":22.0},{"not_picked":["Quick Slash","Caltrops"],"picked":"Crippling Poison+1","floor":24.0},{"not_picked":["Flying Knee","Dagger Spray"],"picked":"Caltrops","floor":25.0},{"not_picked":["Underhanded Strike","Expertise"],"picked":"Bane+1","floor":27.0},{"not_picked":["Predator","Outmaneuver"],"picked":"Cloak And Dagger","floor":30.0},{"not_picked":["Unload","Cloak And Dagger","Setup"],"picked":"SKIP","floor":31.0},{"not_picked":["Burst","Envenom"],"picked":"Corpse Explosion","floor":33.0},{"not_picked":[],"picked":"Backflip+1","floor":35.0},{"not_picked":["Crippling Poison"],"picked":"SKIP","floor":36.0},{"not_picked":["Crippling Poison"],"picked":"SKIP","floor":36.0},{"not_picked":["Crippling Poison"],"picked":"SKIP","floor":36.0},{"not_picked":[],"picked":"PiercingWail","floor":41.0},{"not_picked":[],"picked":"Catalyst","floor":44.0},{"not_picked":["Cloak And Dagger"],"picked":"SKIP","floor":46.0},{"not_picked":["Crippling Poison"],"picked":"SKIP","floor":47.0},{"not_picked":["Dagger Throw"],"picked":"SKIP","floor":54.0}],"player_experience":573374,"relics_obtained":[{"floor":6.0,"key":"CeramicFish"},{"floor":9.0,"key":"Mummified Hand"},{"floor":11.0,"key":"Odd Mushroom"},{"floor":26.0,"key":"Mercury Hourglass"},{"floor":27.0,"key":"Strawberry"},{"floor":31.0,"key":"Ancient Tea Set"},{"floor":41.0,"key":"Centennial Puzzle"},{"floor":44.0,"key":"Dream Catcher"},{"floor":47.0,"key":"Old Coin"},{"floor":48.0,"key":"StrikeDummy"},{"floor":54.0,"key":"Pantograph"}],"event_choices":[{"damage_healed":0.0,"max_hp_gain":0.0,"max_hp_loss":0.0,"gold_gain":0.0,"cards_transformed":["Strike_G"],"event_name":"Living Wall","player_choice":"Change","floor":2.0,"gold_loss":0.0,"damage_taken":0.0,"cards_obtained":["Footwork"]},{"damage_healed":0.0,"max_hp_gain":0.0,"max_hp_loss":0.0,"gold_gain":0.0,"event_name":"Accursed Blacksmith","player_choice":"Forge","floor":7.0,"gold_loss":0.0,"damage_taken":0.0,"cards_upgraded":["Neutralize"]},{"damage_healed":0.0,"max_hp_gain":0.0,"max_hp_loss":0.0,"gold_gain":0.0,"event_name":"Mushrooms","player_choice":"Fought Mushrooms","floor":11.0,"gold_loss":0.0,"damage_taken":0.0},{"cards_removed":["Strike_G"],"damage_healed":0.0,"max_hp_gain":0.0,"max_hp_loss":0.0,"gold_gain":0.0,"event_name":"Purifier","player_choice":"Purged","floor":13.0,"gold_loss":0.0,"damage_taken":0.0},{"damage_healed":0.0,"max_hp_gain":0.0,"max_hp_loss":0.0,"gold_gain":0.0,"event_name":"Duplicator","player_choice":"Copied","floor":21.0,"gold_loss":0.0,"damage_taken":0.0,"cards_obtained":["Footwork"]},{"damage_healed":0.0,"max_hp_gain":0.0,"max_hp_loss":0.0,"gold_gain":0.0,"event_name":"Winding Halls","player_choice":"Embrace Madness","floor":38.0,"gold_loss":0.0,"damage_taken":14.0,"cards_obtained":["Madness","Madness"]},{"cards_removed":["Cloak And Dagger"],"damage_healed":0.0,"max_hp_gain":0.0,"max_hp_loss":0.0,"gold_gain":0.0,"event_name":"Falling","player_choice":"Removed Skill","floor":39.0,"gold_loss":0.0,"damage_taken":0.0}],"is_beta":false,"boss_relics":[{"not_picked":["HoveringKite","Coffee Dripper"],"picked":"Runic Pyramid"},{"not_picked":["Cursed Key","SlaversCollar"],"picked":"Busted Crown"}],"items_purged_floors":[28,37,53],"is_endless":false,"potions_floor_spawned":[1,4,5,16,20,22,25,30,36,41,54],"ascension_level":17}}