{"host":"rl5ku05escnl5kxo","time":1611019196,"event":{"mods":["Act Like it!","BaseMod","Minty Spire (QoL Compilation)","StSLib","The Bug Knight"],"gold_per_floor":[116,130,148,162,127,127,101,118,118,135,148,165,183,43,43,43,43],"floor_reached":16,"language":"ENG","playtime":1454,"items_purged":[],"score":98,"play_id":"8c496272-3ade-4ee3-9603-dcdb09f74223","local_time":"20210118171956","is_ascension_mode":false,"campfire_choices":[{"data":"HollowMod:HowlingWraiths","floor":6,"key":"SMITH"},{"data":"HollowMod:PerfectDash","floor":15,"key":"SMITH"}],"circlet_count":0,"master_deck":["HollowMod:NailStrikeStart","HollowMod:NailStrikeStart","HollowMod:NailStrikeStart","HollowMod:NailStrikeStart","HollowMod:QuickDashStart","HollowMod:QuickDashStart","HollowMod:QuickDashStart","HollowMod:QuickDashStart","HollowMod:FocusHealStart","HollowMod:PogoStrike","HollowMod:CycloneSlash","HollowMod:HowlingWraiths+1","HollowMod:SoulVessel","HollowMod:HornetsHelp","HollowMod:VengefulSpirit","HollowMod:PerfectDash+1","HollowMod:DesolateDive","Madness","HollowMod:CycloneSlash"],"relics":["HollowMod:VesselMask","Boot","Blue Candle"],"acts_visited":["Exordium"],"potions_floor_usage":[],"damage_taken":[{"damage":0,"enemies":"Small Slimes","floor":1,"turns":3},{"damage":1,"enemies":"Jaw Worm","floor":2,"turns":4},{"damage":2,"enemies":"2 Louse","floor":3,"turns":4},{"damage":8,"enemies":"Blue Slaver","floor":4,"turns":6},{"damage":8,"enemies":"2 Fungi Beasts","floor":8,"turns":3},{"damage":22,"enemies":"Exordium Wildlife","floor":10,"turns":4},{"damage":0,"enemies":"Large Slime","floor":11,"turns":6},{"damage":0,"enemies":"Lots of Slimes","floor":12,"turns":2},{"damage":19,"enemies":"Exordium Thugs","floor":13,"turns":4},{"damage":61,"enemies":"HollowMod:FalseKnight","floor":16,"turns":6}],"seed_played":"701377305842075608","potions_obtained":[{"floor":4,"key":"Dexterity Potion"},{"floor":10,"key":"Strength Potion"},{"floor":11,"key":"Weak Potion"},{"floor":12,"key":"DuplicationPotion"},{"floor":13,"key":"Energy Potion"}],"is_trial":false,"path_per_floor":["M","M","M","M","?","R","?","M","T","M","M","M","M","$","R","B"],"character_chosen":"THE_BUGKNIGHT","items_purchased":["Madness","HollowMod:CycloneSlash"],"campfire_rested":0,"item_purchase_floors":[14,14],"current_hp_per_floor":[75,75,75,73,75,75,75,67,67,51,61,61,42,42,42,0,0],"gold":43,"neow_bonus":"RANDOM_COMMON_RELIC","is_daily":false,"chose_seed":false,"campfire_upgraded":2,"win_rate":0.0,"timestamp":1611019196,"path_taken":["M","M","M","M","?","R","?","M","T","M","M","M","M","$","R","BOSS"],"items_purchased_type":["Card","Card"],"build_version":"2020-12-22","purchased_purges":0,"victory":false,"max_hp_per_floor":[75,75,75,75,75,75,75,75,75,75,75,75,75,75,75,75,75],"card_choices":[{"not_picked":["HollowMod:SharpenedNail","HollowMod:NewJinnsSoul"],"picked":"HollowMod:CycloneSlash","floor":1},{"not_picked":["HollowMod:SharpenedNail","HollowMod:DreamGate"],"picked":"HollowMod:HowlingWraiths","floor":2},{"not_picked":["HollowMod:BaldurShell","HollowMod:NewJinnsSoul"],"picked":"HollowMod:SoulVessel","floor":3},{"not_picked":["HollowMod:WraithStrike","HollowMod:ShapeofUnn","HollowMod:InfectionAssault"],"picked":"SKIP","floor":4},{"not_picked":["HollowMod:ShapeofUnn","HollowMod:AbyssShriek"],"picked":"HollowMod:HornetsHelp","floor":8},{"not_picked":["HollowMod:VengefulVoid","HollowMod:TaintedHusks","HollowMod:SoulEater"],"picked":"SKIP","floor":10},{"not_picked":["HollowMod:BaldurShell","HollowMod:SiblingsSouls"],"picked":"HollowMod:VengefulSpirit","floor":11},{"not_picked":["HollowMod:PureNailStrike","HollowMod:BrokenVessel"],"picked":"HollowMod:PerfectDash","floor":12},{"not_picked":["HollowMod:CycloneSlash","HollowMod:SiblingsSouls"],"picked":"HollowMod:DesolateDive","floor":13}],"player_experience":488048,"relics_obtained":[{"floor":9,"key":"Blue Candle"}],"event_choices":[{"damage_healed":18,"gold_gain":0,"player_choice":"Healed","damage_taken":0,"max_hp_gain":0,"max_hp_loss":0,"event_name":"The Cleric","floor":5,"gold_loss":35},{"damage_healed":0,"gold_gain":0,"player_choice":"Left Gold","damage_taken":0,"max_hp_gain":0,"max_hp_loss":0,"event_name":"World of Goop","floor":7,"gold_loss":26}],"is_beta":false,"boss_relics":[],"items_purged_floors":[],"is_endless":false,"potions_floor_spawned":[4,10,11,12,13],"killed_by":"HollowMod:FalseKnight","ascension_level":0}}