{"host":"s5d39dhq0ddhxhke","time":1611036146,"event":{"mods":["AchievementEnabler","BaseMod","Colored Map","Minty Spire (QoL Compilation)","SuperFastMode"],"gold_per_floor":[211,225,225,240,20,45,10,27,27,202,218,218,249,266,266,266,266],"floor_reached":16,"language":"ENG","playtime":745,"items_purged":["Strike_R"],"score":179,"play_id":"598e6241-7393-4af5-8fae-7c2d4d1641bf","local_time":"20210119080226","is_ascension_mode":true,"campfire_choices":[{"floor":15,"key":"REST"}],"circlet_count":0,"master_deck":["AscendersBane","Strike_R","Strike_R","Strike_R","Strike_R+1","Defend_R+1","Defend_R","Defend_R","Defend_R","Bash","Spot Weakness","Twin Strike","Rampage","Whirlwind+1","Clothesline+1","Doubt","Pommel Strike+1","Regret","Flex"],"relics":["Burning Blood","Tiny Chest","Molten Egg 2","InkBottle","Paper Frog","Ancient Tea Set"],"acts_visited":["Exordium"],"potions_floor_usage":[13,16],"damage_taken":[{"damage":8,"enemies":"2 Louse","floor":1,"turns":3},{"damage":9,"enemies":"Small Slimes","floor":2,"turns":5},{"damage":0,"enemies":"Cultist","floor":4,"turns":3},{"damage":38,"enemies":"Gremlin Nob","floor":6,"turns":5},{"damage":7,"enemies":"2 Fungi Beasts","floor":8,"turns":3},{"damage":12,"enemies":"Exordium Wildlife","floor":11,"turns":3},{"damage":39,"enemies":"3 Sentries","floor":13,"turns":7},{"damage":16,"enemies":"Red Slaver","floor":14,"turns":2},{"damage":35,"enemies":"The Guardian","floor":16,"turns":5}],"seed_played":"-206720078107208654","potions_obtained":[{"floor":1,"key":"Ancient Potion"},{"floor":6,"key":"Block Potion"},{"floor":11,"key":"Regen Potion"}],"is_trial":false,"path_per_floor":["M","M","?","M","$","E","?","M","T","?","M","?","E","M","R","B"],"character_chosen":"IRONCLAD","items_purchased":["Tiny Chest"],"campfire_rested":1,"item_purchase_floors":[5],"current_hp_per_floor":[70,67,51,57,57,25,45,44,44,44,38,38,20,10,34,0,0],"gold":266,"neow_bonus":"HUNDRED_GOLD","is_daily":false,"chose_seed":false,"campfire_upgraded":0,"win_rate":0.0,"timestamp":1611036146,"path_taken":["M","M","?","M","$","E","?","M","T","?","M","?","E","M","R","BOSS"],"items_purchased_type":["Relic"],"build_version":"2020-12-22","purchased_purges":1,"victory":false,"max_hp_per_floor":[80,80,80,80,80,80,80,80,80,80,80,80,80,80,80,80,80],"card_choices":[{"not_picked":["Feel No Pain","Iron Wave"],"picked":"Spot Weakness","floor":1},{"not_picked":["Body Slam","Clash"],"picked":"Twin Strike","floor":2},{"not_picked":["Headbutt","Dual Wield"],"picked":"Rampage","floor":4},{"not_picked":["Armaments","Headbutt+1"],"picked":"Whirlwind+1","floor":6},{"not_picked":["Barricade","Rampage+1"],"picked":"Clothesline+1","floor":8},{"not_picked":["Body Slam+1","Anger+1"],"picked":"Pommel Strike+1","floor":11},{"not_picked":["Headbutt+1","Power Through","Anger+1"],"picked":"SKIP","floor":13},{"not_picked":["Power Through","Pommel Strike+1"],"picked":"Flex","floor":14}],"player_experience":438944,"relics_obtained":[{"floor":6,"key":"Molten Egg 2"},{"floor":9,"key":"InkBottle"},{"floor":13,"key":"Ancient Tea Set"}],"event_choices":[{"damage_healed":0,"gold_gain":0,"player_choice":"Entered Light","damage_taken":16,"max_hp_gain":0,"max_hp_loss":0,"event_name":"Shining Light","floor":3,"gold_loss":0,"cards_upgraded":["Strike_R","Defend_R"]},{"damage_healed":20,"gold_gain":0,"player_choice":"Healed","damage_taken":0,"max_hp_gain":0,"max_hp_loss":0,"event_name":"The Cleric","floor":7,"gold_loss":35},{"damage_healed":0,"gold_gain":175,"player_choice":"AGREE","damage_taken":0,"max_hp_gain":0,"max_hp_loss":0,"event_name":"Liars Game","floor":10,"gold_loss":0,"cards_obtained":["Doubt"]},{"damage_healed":0,"gold_gain":0,"player_choice":"Box","damage_taken":0,"relics_obtained":["Paper Frog"],"max_hp_gain":0,"max_hp_loss":0,"event_name":"Big Fish","floor":12,"gold_loss":0,"cards_obtained":["Regret"]}],"is_beta":false,"boss_relics":[],"items_purged_floors":[5],"is_endless":false,"potions_floor_spawned":[1,6,11],"killed_by":"The Guardian","ascension_level":12}}