{"host":"cmxkjr0hek4mqvmn","time":1611018338,"event":{"mods":["BaseMod","Beaked The Cultist","Better Match","Better Skull","Better Third Choice","BetterRewards","Clawfect","Colored Map","Displayed Cursed Tome","Duelist Mod","GifTheSpireLib","Hermit","Hubris","JesterMod","Mimic Mod","Minty Spire (QoL Compilation)","Quick Restart","Robot Space Explorer","StSLib","The Bladedancer","The Blue Laboratory","The Cursed","Thieving Mod","Waifu the Spire"],"gold_per_floor":[110,110,130,130,32,32,67,84,84,96,96,113,125,108,108,204,204,219,219,68,82,0,32,32,63,109,119,119,33,49,49,49],"floor_reached":31,"language":"ENG","playtime":2646,"items_purged":[],"score":316,"play_id":"d63f1c56-95ae-42fb-96ec-39d0b09bc9d7","local_time":"20210118200538","is_ascension_mode":true,"campfire_choices":[{"data":"Conserve Battery","floor":6.0,"key":"SMITH"},{"floor":11.0,"key":"REST"},{"floor":15.0,"key":"REST"},{"floor":28,"key":"REST"}],"circlet_count":0,"master_deck":["Gash","Gash","Gash","Gash","Gash","Defend_B","Defend_B+1","Defend_B","Defend_B","Defend_B","Amplify","Clawfect:ClawCell+1","Regret","Clawfect:ClawSnap","Conserve Battery+1","Clawfect:ClawLightning","Clawfect:Clawter","Clawfect:ClawSnap","Self Repair","Clawfect:Clawter+1","Clawfect:ClawAndTear","Clawfect:ClawSnap","Madness","Defragment","RitualDagger","FTL","Coolheaded","Trip","Genetic Algorithm+1"],"relics":["Clawfect:DRClaw","Sundial","Regal Pillow","MutagenicStrength","hubris:PeanutButter","MealTicket","Omamori"],"acts_visited":["Exordium","TheCity"],"potions_floor_usage":[25],"damage_taken":[{"damage":0.0,"enemies":"2 Louse","floor":1.0,"turns":5.0},{"damage":7.0,"enemies":"Small Slimes","floor":3.0,"turns":5.0},{"damage":33.0,"enemies":"Gremlin Nob","floor":7.0,"turns":5.0},{"damage":11.0,"enemies":"Jaw Worm","floor":8.0,"turns":4.0},{"damage":8.0,"enemies":"Exordium Thugs","floor":10.0,"turns":5.0},{"damage":3.0,"enemies":"2 Fungi Beasts","floor":12.0,"turns":5.0},{"damage":6.0,"enemies":"Looter","floor":13.0,"turns":4.0},{"damage":17.0,"enemies":"Exordium Thugs","floor":14.0,"turns":5.0},{"damage":28.0,"enemies":"Hexaghost","floor":16.0,"turns":8.0},{"damage":1.0,"enemies":"Chosen","floor":18.0,"turns":5.0},{"damage":27.0,"enemies":"2 Thieves","floor":21.0,"turns":5.0},{"damage":38.0,"enemies":"Book of Stabbing","floor":23.0,"turns":6.0},{"damage":1,"enemies":"theDuelist:KaibaA2","floor":25,"turns":6},{"damage":17,"enemies":"Snake Plant","floor":27,"turns":5},{"damage":45,"enemies":"Chosen and Byrds","floor":30,"turns":8},{"damage":30,"enemies":"3 Cultists","floor":31,"turns":4}],"seed_played":"238374506970669717","potions_obtained":[{"floor":3.0,"key":"blueLaboratory:RememoryPotion"},{"floor":8.0,"key":"blueLaboratory:FruitPunch"},{"floor":10.0,"key":"blueLaboratory:BottleOfVodka"},{"floor":12.0,"key":"GamblersBrew"},{"floor":13.0,"key":"blueLaboratory:HummingbirdPotion"},{"floor":18.0,"key":"blueLaboratory:BottleOfVodka"},{"floor":23.0,"key":"blueLaboratory:RelayPotion"}],"is_trial":false,"path_per_floor":["M","?","M","?","$","R","E","M","T","M","R","M","M","M","R","B",null,"M","?","$","M","?","E","?","E","T","M","R","$","M","M"],"character_chosen":"DEFECT","items_purchased":["Conserve Battery","Dexterity Potion","DistilledChaos","Clawfect:ClawAndTear","Clawfect:ClawSnap","Trip"],"campfire_rested":3,"item_purchase_floors":[5,5,20,20,20,29],"current_hp_per_floor":[75,75,68,53,53,53,20,9,9,3,41,38,32,22,60,39,77,77,77,77,57,57,19,13,19,19,9,47,62,24,0,0],"gold":49,"neow_bonus":"ONE_RANDOM_RARE_CARD","is_daily":false,"chose_seed":false,"campfire_upgraded":1,"win_rate":0.0,"timestamp":1611018338,"path_taken":["M","?","M","?","$","R","E","M","T","M","R","?","M","M","R","BOSS","M","?","$","M","?","E","?","E","T","M","R","$","?","M"],"items_purchased_type":["Card","Potion","Potion","Card","Card","Card"],"build_version":"2020-12-22","purchased_purges":0,"victory":false,"max_hp_per_floor":[75,75,75,75,75,75,75,75,75,77,77,77,77,77,77,77,77,77,77,77,77,77,77,77,77,77,77,77,77,77,77,77],"card_choices":[{"not_picked":["Clawfect:ClawpileDriver","Rebound"],"picked":"Clawfect:ClawCell","floor":1.0},{"not_picked":["Clawfect:ClawpileDriver","Auto Shields"],"picked":"Clawfect:ClawSnap","floor":3.0},{"not_picked":["Fusion","Chaos"],"picked":"Clawfect:ClawLightning","floor":7.0},{"not_picked":["Darkness","Storm"],"picked":"Clawfect:Clawter","floor":8.0},{"not_picked":["Rebound","Aggregate","Turbo"],"picked":"SKIP","floor":10.0},{"not_picked":["Clawfect:ClawpileDriver","Conserve Battery"],"picked":"Clawfect:ClawSnap","floor":12.0},{"not_picked":["Clawfect:ClawCell","FTL"],"picked":"Self Repair","floor":13.0},{"not_picked":["Turbo","Meteor Strike","Steam Power"],"picked":"SKIP","floor":14.0},{"not_picked":["Clawfect:ClawCell","Hologram"],"picked":"Clawfect:Clawter+1","floor":18.0},{"not_picked":["Stack+1","Clawfect:Clawrage"],"picked":"FTL","floor":21.0},{"not_picked":["Clawfect:ClawForTheEyes","Leap+1"],"picked":"Defragment","floor":23.0},{"not_picked":["Gash","Turbo+1"],"picked":"FTL","floor":25},{"not_picked":["Turbo","Double Energy"],"picked":"Coolheaded","floor":27},{"not_picked":["Turbo","Fission"],"picked":"Genetic Algorithm+1","floor":30}],"player_experience":607803,"relics_obtained":[{"floor":7.0,"key":"Regal Pillow"},{"floor":23.0,"key":"hubris:PeanutButter"},{"floor":25,"key":"MealTicket"},{"floor":26,"key":"Omamori"}],"event_choices":[{"damage_healed":0.0,"max_hp_gain":0.0,"max_hp_loss":0.0,"gold_gain":0.0,"event_name":"Big Fish","player_choice":"Box","floor":2.0,"gold_loss":0.0,"damage_taken":0.0,"relics_obtained":["Sundial"],"cards_obtained":["Regret"]},{"damage_healed":68.0,"max_hp_gain":0.0,"max_hp_loss":75.0,"gold_gain":0.0,"event_name":"betterThird:BetterShining","player_choice":"Upgrade","floor":4.0,"gold_loss":0.0,"damage_taken":15.0,"cards_upgraded":["Defend_B","Clawfect:ClawCell"]},{"damage_healed":0.0,"max_hp_gain":0.0,"max_hp_loss":0.0,"gold_gain":0.0,"event_name":"Drug Dealer","player_choice":"Inject Mutagens","floor":19.0,"gold_loss":0.0,"damage_taken":0.0,"relics_obtained":["MutagenicStrength"]},{"damage_healed":0.0,"max_hp_gain":0.0,"max_hp_loss":0.0,"gold_gain":0.0,"event_name":"Masked Bandits","player_choice":"Paid Fearfully","floor":22.0,"gold_loss":82.0,"damage_taken":0.0},{"damage_healed":0.0,"max_hp_gain":0.0,"max_hp_loss":0.0,"gold_gain":0.0,"event_name":"betterThird:BetterNest","player_choice":"Dagger","floor":24.0,"gold_loss":0.0,"damage_taken":6.0,"cards_obtained":["RitualDagger"]}],"is_beta":false,"boss_relics":[{"not_picked":["hubris:Stopwatch","Astrolabe","beaked:SacredDeck"]}],"items_purged_floors":[],"is_endless":false,"potions_floor_spawned":[3,8,10,12,13,18,23],"killed_by":"3 Cultists","ascension_level":1}}