{"host":"znvnxllcillb3rtw","time":1611062493,"event":{"mods":["BaseMod","DeckTracker","Minty Spire (QoL Compilation)","Relic Stats","StSLib","SuperFastMode","everything is the same but u backflip on backflip"],"gold_per_floor":[114,127,139,149,165,193,193,193,193,213,239,239,251,284,284,361,361,373,143,143,163,180,180,195,195,195,205,205,255,271,271,271,349,349,360,360,360,376,115,115,134,134,179,179,179,179],"floor_reached":45,"language":"KOR","playtime":2014,"items_purged":["Strike_B","Strike_B"],"score":874,"play_id":"ab2013ae-bf4c-457f-b593-cc1791f7b287","local_time":"20210119222133","is_ascension_mode":true,"campfire_choices":[{"floor":7,"key":"REST"},{"floor":12,"key":"REST"},{"data":"Recycle","floor":15,"key":"SMITH"},{"floor":23,"key":"REST"},{"data":"Defragment","floor":25,"key":"SMITH"},{"floor":28,"key":"REST"},{"data":"Strike_B","floor":32,"key":"PURGE"},{"data":"Defend_B","floor":40,"key":"PURGE"},{"floor":42,"key":"RECALL"},{"data":"Injury","floor":44,"key":"PURGE"}],"circlet_count":0,"master_deck":["AscendersBane","Defend_B","Defend_B","Zap","Dualcast","Streamline","Hologram","Turbo","Auto Shields","Ball Lightning","Defragment+1","Static Discharge","Glacier","Coolheaded","Recycle+1","Core Surge","Capacitor","Skim","Defragment","Loop+1","Ghostly","Ghostly","Ghostly","Creative AI+1","Heatsinks+1"],"relics":["Velvet Choker","Torii","Pocketwatch","Peace Pipe","InkBottle","Nuclear Battery","Frozen Egg 2","Cursed Key","ClockworkSouvenir"],"acts_visited":["Exordium","TheCity","TheBeyond"],"potions_floor_usage":[6,14,18,33],"damage_taken":[{"damage":10,"enemies":"Small Slimes","floor":1,"turns":4},{"damage":0,"enemies":"Cultist","floor":2,"turns":3},{"damage":0,"enemies":"Jaw Worm","floor":3,"turns":3},{"damage":11,"enemies":"3 Louse","floor":4,"turns":4},{"damage":0,"enemies":"Blue Slaver","floor":5,"turns":4},{"damage":15,"enemies":"3 Sentries","floor":6,"turns":6},{"damage":1,"enemies":"2 Fungi Beasts","floor":10,"turns":3},{"damage":22,"enemies":"Gremlin Nob","floor":11,"turns":4},{"damage":1,"enemies":"Large Slime","floor":13,"turns":5},{"damage":13,"enemies":"Lagavulin","floor":14,"turns":6},{"damage":18,"enemies":"The Guardian","floor":16,"turns":13},{"damage":29,"enemies":"2 Thieves","floor":18,"turns":4},{"damage":17,"enemies":"Shell Parasite","floor":21,"turns":5},{"damage":0,"enemies":"Centurion and Healer","floor":22,"turns":15},{"damage":9,"enemies":"Sentry and Sphere","floor":24,"turns":6},{"damage":20,"enemies":"Shelled Parasite and Fungi","floor":27,"turns":7},{"damage":10,"enemies":"3 Cultists","floor":30,"turns":5},{"damage":9,"enemies":"Champ","floor":33,"turns":15},{"damage":13,"enemies":"Orb Walker","floor":35,"turns":6},{"damage":20,"enemies":"3 Darklings","floor":38,"turns":5},{"damage":1,"enemies":"Spire Growth","floor":41,"turns":6},{"damage":7,"enemies":"Nemesis","floor":45,"turns":5}],"seed_played":"-7782468697435055452","potions_obtained":[{"floor":1,"key":"Explosive Potion"},{"floor":5,"key":"SkillPotion"},{"floor":11,"key":"FocusPotion"},{"floor":14,"key":"Ancient Potion"},{"floor":18,"key":"FocusPotion"},{"floor":35,"key":"EssenceOfSteel"},{"floor":41,"key":"DuplicationPotion"}],"is_trial":false,"path_per_floor":["M","M","M","M","M","E","R","?","T","M","E","R","M","E","R","B",null,"M","$","?","M","M","R","M","R","T","M","R","?","M","?","R","B",null,"M","?","?","M","$","R","M","R","T","R","E"],"character_chosen":"DEFECT","items_purchased":["Capacitor","Skim","ClockworkSouvenir"],"campfire_rested":4,"item_purchase_floors":[19,19,39],"current_hp_per_floor":[54,54,54,43,43,28,49,49,49,48,26,47,46,33,33,15,57,28,28,28,11,11,32,23,23,23,3,24,24,14,14,14,5,28,15,15,27,7,7,7,6,6,6,6,0,0],"gold":179,"neow_bonus":"BOSS_RELIC","is_daily":false,"chose_seed":false,"campfire_upgraded":2,"win_rate":0.0,"timestamp":1611062493,"path_taken":["M","M","M","M","M","E","R","?","T","?","E","R","?","E","R","BOSS","M","$","?","M","M","R","M","R","T","M","R","?","M","?","R","BOSS","M","?","?","M","$","R","M","R","T","R","E"],"items_purchased_type":["Card","Card","Relic"],"build_version":"2020-12-22","purchased_purges":2,"victory":false,"max_hp_per_floor":[71,71,71,71,71,71,71,71,71,71,71,71,71,71,71,71,71,71,71,71,71,71,71,71,71,71,71,71,71,71,35,35,35,35,35,33,27,27,27,27,27,27,27,27,27,27],"relic_stats":{"Peace Pipe":5,"Torii":16,"counters":[22,134],"Cursed Key":1,"obtain_stats":[{"Peace Pipe":11,"Torii":6,"Velvet Choker":0,"Frozen Egg 2":26,"Cracked Core":0,"Cursed Key":34,"InkBottle":14,"Pocketwatch":9,"Nuclear Battery":17,"ClockworkSouvenir":39},{"Peace Pipe":8,"Torii":6,"Velvet Choker":0,"Frozen Egg 2":15,"Cracked Core":0,"Cursed Key":18,"InkBottle":10,"Pocketwatch":6,"Nuclear Battery":11,"ClockworkSouvenir":20},{"Peace Pipe":31,"Torii":24,"Velvet Choker":0,"Frozen Egg 2":85,"Cracked Core":0,"Cursed Key":112,"InkBottle":42,"Pocketwatch":24,"Nuclear Battery":55,"ClockworkSouvenir":123}],"InkBottle":[34],"Pocketwatch":[113]},"card_choices":[{"not_picked":["Storm","Hologram"],"picked":"Streamline","floor":1},{"not_picked":["Tempest","Cold Snap"],"picked":"Hologram","floor":2},{"not_picked":["Compile Driver","Heatsinks"],"picked":"Turbo","floor":3},{"not_picked":["Turbo","Barrage"],"picked":"Auto Shields","floor":4},{"not_picked":["Chaos","Thunder Strike"],"picked":"Ball Lightning","floor":5},{"not_picked":["Coolheaded","Double Energy"],"picked":"Defragment","floor":6},{"not_picked":["Beam Cell","Sweeping Beam"],"picked":"Glacier","floor":10},{"not_picked":["Leap","Gash"],"picked":"Coolheaded","floor":11},{"not_picked":["Redo","Cold Snap","Leap"],"picked":"SKIP","floor":13},{"not_picked":["Skim","Rebound"],"picked":"Recycle","floor":14},{"not_picked":["Amplify","All For One"],"picked":"Core Surge","floor":16},{"not_picked":["Cold Snap+1","Coolheaded","Compile Driver"],"picked":"SKIP","floor":18},{"not_picked":["Hologram","Sweeping Beam","Cold Snap"],"picked":"SKIP","floor":21},{"not_picked":["Lockon","White Noise"],"picked":"Defragment","floor":22},{"not_picked":["White Noise+1","Redo","Rebound"],"picked":"SKIP","floor":24},{"not_picked":["Gash","Beam Cell"],"picked":"Loop+1","floor":27},{"not_picked":["Steam Power","Redo","Aggregate"],"picked":"SKIP","floor":30},{"not_picked":["Seek","Amplify"],"picked":"Creative AI+1","floor":33},{"not_picked":["Chaos","Beam Cell"],"picked":"Heatsinks+1","floor":35},{"not_picked":["Redo+1","Reinforced Body+1","Turbo"],"picked":"SKIP","floor":38},{"not_picked":["Redo","Barrage","Reinforced Body"],"picked":"SKIP","floor":41},{"not_picked":["Redo","Barrage","Reinforced Body"],"picked":"SKIP","floor":41}],"player_experience":2885023,"relics_obtained":[{"floor":6,"key":"Torii"},{"floor":9,"key":"Pocketwatch"},{"floor":11,"key":"Peace Pipe"},{"floor":14,"key":"InkBottle"},{"floor":26,"key":"Frozen Egg 2"}],"event_choices":[{"damage_healed":0,"gold_gain":0,"cards_transformed":["Strike_B"],"player_choice":"Transformed","damage_taken":0,"max_hp_gain":0,"max_hp_loss":0,"event_name":"Transmorgrifier","floor":8,"gold_loss":0,"cards_obtained":["Static Discharge"]},{"cards_removed":["Defend_B"],"damage_healed":0,"gold_gain":0,"player_choice":"Elegance","damage_taken":0,"max_hp_gain":0,"max_hp_loss":0,"event_name":"Back to Basics","floor":20,"gold_loss":0},{"damage_healed":0,"gold_gain":50,"player_choice":"Stole From Cult","damage_taken":0,"max_hp_gain":0,"max_hp_loss":0,"event_name":"Nest","floor":29,"gold_loss":0},{"damage_healed":0,"gold_gain":0,"player_choice":"Became a Ghost","damage_taken":0,"max_hp_gain":0,"max_hp_loss":36,"event_name":"Ghosts","floor":31,"gold_loss":0,"cards_obtained":["Ghostly","Ghostly","Ghostly"]},{"damage_healed":0,"gold_gain":0,"player_choice":"Max HP","damage_taken":0,"max_hp_gain":0,"max_hp_loss":2,"event_name":"Winding Halls","floor":36,"gold_loss":0},{"damage_healed":27,"gold_gain":0,"player_choice":"Heal","damage_taken":0,"max_hp_gain":0,"max_hp_loss":6,"event_name":"The Moai Head","floor":37,"gold_loss":0}],"is_beta":false,"boss_relics":[{"not_picked":["Tiny House","SlaversCollar"],"picked":"Nuclear Battery"},{"not_picked":["Inserter","Calling Bell"],"picked":"Cursed Key"}],"items_purged_floors":[19,39],"is_endless":false,"potions_floor_spawned":[1,5,11,13,14,18,22,24,35,41],"killed_by":"Nemesis","ascension_level":20}}