{"host":"qbnk2vkaq38efxaz","time":1611015529,"event":{"mods":["BaseMod","Minty Spire (QoL Compilation)","Relic Stats"],"gold_per_floor":[115,115,130,130,61,79,79,114,114,131,157,170,170,204,204,303,303,321,340,340,359,284,313,328,345,399,430,430,430,192,226,226,323,323,343,61,61,111,125,150,150,175,175,175,192,207,261,292,292,292,292,292,40,66,66],"floor_reached":56,"language":"ENG","playtime":4374,"items_purged":["Uppercut","Defend_R"],"score":1580,"play_id":"619b00cd-d361-48ab-81b1-6b29058f9488","local_time":"20210118161849","is_ascension_mode":true,"campfire_choices":[{"data":"Whirlwind","floor":7,"key":"SMITH"},{"data":"Power Through","floor":15,"key":"SMITH"},{"data":"Heavy Blade","floor":32,"key":"SMITH"},{"data":"Inflame","floor":41,"key":"SMITH"},{"floor":49,"key":"RECALL"},{"floor":52,"key":"DIG"}],"circlet_count":0,"master_deck":["Defend_R","Defend_R","Bash+1","Thunderclap+1","Carnage","Heavy Blade+1","Whirlwind+1","Power Through+1","Double Tap","Thunderclap","Impervious+1","Limit Break+1","Exhume+1","Uppercut+1","Dual Wield+1","Battle Trance+1","True Grit+1","Flame Barrier+1","True Grit+1","Twin Strike","Sword Boomerang","Limit Break+1","Shrug It Off+1","Offering+1","Twin Strike+1","Inflame+1","Flex+1","Disarm+1","Offering+1","Flex+1","Madness+1","Madness+1","Shrug It Off+1","Shrug It Off+1","Seeing Red+1"],"relics":["Burning Blood","NeowsBlessing","Paper Frog","Toxic Egg 2","Gremlin Horn","Art of War","Astrolabe","Sundial","Vajra","Whetstone","Centennial Puzzle","SacredBark","Pen Nib","CaptainsWheel","Frozen Egg 2","Thread and Needle","Shovel","Toy Ornithopter","Kunai","Oddly Smooth Stone"],"acts_visited":["Exordium","TheCity","TheBeyond","TheEnding"],"potions_floor_usage":[12,16,21,23,27,31,33,33,33,40,46,55,55],"damage_taken":[{"damage":0,"enemies":"Small Slimes","floor":1,"turns":1},{"damage":0,"enemies":"Cultist","floor":3,"turns":1},{"damage":0,"enemies":"2 Louse","floor":6,"turns":1},{"damage":15,"enemies":"3 Sentries","floor":8,"turns":5},{"damage":0,"enemies":"2 Fungi Beasts","floor":10,"turns":2},{"damage":15,"enemies":"Lagavulin","floor":11,"turns":4},{"damage":0,"enemies":"Red Slaver","floor":12,"turns":1},{"damage":13,"enemies":"Gremlin Nob","floor":14,"turns":3},{"damage":75,"enemies":"Hexaghost","floor":16,"turns":13},{"damage":24,"enemies":"Shell Parasite","floor":18,"turns":5},{"damage":0,"enemies":"Chosen","floor":19,"turns":5},{"damage":12,"enemies":"3 Cultists","floor":21,"turns":3},{"damage":34,"enemies":"Slavers","floor":23,"turns":6},{"damage":7,"enemies":"Snake Plant","floor":24,"turns":3},{"damage":1,"enemies":"Chosen and Byrds","floor":25,"turns":9},{"damage":10,"enemies":"Gremlin Leader","floor":27,"turns":4},{"damage":0,"enemies":"Slavers","floor":31,"turns":4},{"damage":23,"enemies":"Champ","floor":33,"turns":14},{"damage":6,"enemies":"3 Darklings","floor":35,"turns":2},{"damage":6,"enemies":"Mind Bloom Boss Battle","floor":38,"turns":5},{"damage":8,"enemies":"Orb Walker","floor":39,"turns":3},{"damage":14,"enemies":"Giant Head","floor":40,"turns":3},{"damage":8,"enemies":"Reptomancer","floor":42,"turns":2},{"damage":22,"enemies":"3 Darklings","floor":45,"turns":3},{"damage":6,"enemies":"Sphere and 2 Shapes","floor":46,"turns":3},{"damage":18,"enemies":"2 Orb Walkers","floor":47,"turns":2},{"damage":21,"enemies":"Giant Head","floor":48,"turns":3},{"damage":12,"enemies":"Donu and Deca","floor":50,"turns":4},{"damage":18,"enemies":"Shield and Spear","floor":54,"turns":2},{"damage":55,"enemies":"The Heart","floor":55,"turns":7}],"seed_played":"-7292501474317071633","potions_obtained":[{"floor":1,"key":"Strength Potion"},{"floor":8,"key":"BlessingOfTheForge"},{"floor":11,"key":"BloodPotion"},{"floor":14,"key":"Fire Potion"},{"floor":16,"key":"EssenceOfSteel"},{"floor":18,"key":"BloodPotion"},{"floor":21,"key":"EntropicBrew"},{"floor":24,"key":"SkillPotion"},{"floor":25,"key":"AttackPotion"},{"floor":33,"key":"BloodPotion"},{"floor":35,"key":"BloodPotion"},{"floor":40,"key":"Fruit Juice"},{"floor":46,"key":"FearPotion"}],"is_trial":false,"path_per_floor":["M","?","M","?","$","M","R","E","T","M","E","M","?","E","R","B",null,"M","M","?","M","?","E","M","M","T","E","?","?","$","E","R","B",null,"M","$","?","?","M","E","R","E","T","?","M","M","?","E","R","B",null,"R","$","E","B",null],"character_chosen":"IRONCLAD","items_purchased":["Whirlwind","Limit Break+1","Inflame","Pen Nib","Flex+1","Fire Potion","Shrug It Off+1","AttackPotion"],"campfire_rested":0,"item_purchase_floors":[5,30,36,36,36,53,53,53],"current_hp_per_floor":[80,80,80,80,80,80,80,71,71,77,68,74,79,72,72,20,85,67,73,73,84,84,56,55,60,60,56,40,70,70,76,76,59,90,90,90,90,90,88,90,90,88,88,77,61,71,59,44,44,38,100,100,100,88,89],"gold":66,"neow_bonus":"THREE_ENEMY_KILL","is_daily":false,"chose_seed":false,"campfire_upgraded":4,"win_rate":0.0,"timestamp":1611015529,"path_taken":["M","?","?","?","$","M","R","E","T","M","E","M","?","E","R","BOSS","M","M","?","?","?","E","M","M","T","E","?","?","$","E","R","BOSS","M","$","?","?","M","E","R","E","T","?","M","?","?","E","R","BOSS","R","$","E","BOSS"],"items_purchased_type":["Card","Card","Card","Relic","Card","Potion","Card","Potion"],"build_version":"2020-12-22","purchased_purges":2,"victory":true,"max_hp_per_floor":[80,80,80,80,80,80,80,80,80,80,80,80,85,85,85,85,85,85,85,85,85,85,85,85,85,85,85,90,90,90,90,90,90,90,90,90,90,90,90,90,90,90,90,90,90,100,100,100,100,100,100,100,100,100,100],"relic_stats":{"Gremlin Horn":[15,21],"counters":[30,123],"Astrolabe":["Uppercut","Dual Wield","Battle Trance"],"Pen Nib":[5],"Whetstone":["Thunderclap","Bash"],"Burning Blood":162,"Centennial Puzzle":[39],"Shovel":1,"Sundial":[6],"Art of War":[15],"Kunai":[2],"obtain_stats":[{"NeowsBlessing":0,"Gremlin Horn":11,"Astrolabe":17,"SacredBark":34,"Vajra":26,"Oddly Smooth Stone":54,"Thread and Needle":42,"Pen Nib":36,"Whetstone":27,"Frozen Egg 2":40,"Burning Blood":0,"Centennial Puzzle":31,"CaptainsWheel":38,"Shovel":47,"Sundial":23,"Art of War":14,"Kunai":52,"Toxic Egg 2":9,"Toy Ornithopter":48,"Paper Frog":8},{"NeowsBlessing":0,"Gremlin Horn":6,"Astrolabe":9,"SacredBark":18,"Vajra":15,"Oddly Smooth Stone":29,"Thread and Needle":23,"Pen Nib":19,"Whetstone":16,"Frozen Egg 2":22,"Burning Blood":0,"Centennial Puzzle":17,"CaptainsWheel":20,"Shovel":26,"Sundial":13,"Art of War":8,"Kunai":28,"Toxic Egg 2":4,"Toy Ornithopter":27,"Paper Frog":4},{"NeowsBlessing":0,"Gremlin Horn":14,"Astrolabe":31,"SacredBark":84,"Vajra":62,"Oddly Smooth Stone":116,"Thread and Needle":99,"Pen Nib":86,"Whetstone":66,"Frozen Egg 2":97,"Burning Blood":0,"Centennial Puzzle":70,"CaptainsWheel":91,"Shovel":107,"Sundial":50,"Art of War":18,"Kunai":114,"Toxic Egg 2":8,"Toy Ornithopter":110,"Paper Frog":8}],"Toy Ornithopter":10},"card_choices":[{"not_picked":["Flex","Pommel Strike"],"picked":"Uppercut","floor":1},{"not_picked":["Body Slam","Rampage"],"picked":"Carnage","floor":3},{"not_picked":["Dark Embrace","Pummel"],"picked":"Power Through","floor":6},{"not_picked":["Armaments","Combust"],"picked":"Double Tap","floor":8},{"not_picked":["Perfected Strike","Heavy Blade"],"picked":"Thunderclap","floor":10},{"not_picked":["Uppercut","Havoc+1","Perfected Strike"],"picked":"SKIP","floor":11},{"not_picked":["Reckless Charge","Headbutt"],"picked":"Impervious+1","floor":12},{"not_picked":["Wild Strike","Feel No Pain"],"picked":"Limit Break+1","floor":14},{"not_picked":["Fiend Fire","Brutality"],"picked":"Exhume+1","floor":16},{"not_picked":["Reckless Charge","Pommel Strike+1","Second Wind+1"],"picked":"SKIP","floor":18},{"not_picked":["Clash+1","Pommel Strike"],"picked":"True Grit+1","floor":19},{"not_picked":["Seeing Red+1","Intimidate+1","Warcry+1"],"picked":"SKIP","floor":21},{"not_picked":["Bloodletting+1","Headbutt+1"],"picked":"Flame Barrier+1","floor":23},{"not_picked":["Cleave","Havoc+1"],"picked":"True Grit+1","floor":24},{"not_picked":["Fire Breathing","Blood for Blood"],"picked":"Twin Strike","floor":25},{"not_picked":["Iron Wave","Pommel Strike","Sword Boomerang"],"picked":"SKIP","floor":27},{"not_picked":["Iron Wave","Pommel Strike"],"picked":"Sword Boomerang","floor":27},{"not_picked":["Havoc+1","Twin Strike"],"picked":"Shrug It Off+1","floor":31},{"not_picked":["Immolate","Juggernaut"],"picked":"Offering+1","floor":33},{"not_picked":["Second Wind+1","Searing Blow"],"picked":"Twin Strike+1","floor":35},{"not_picked":["Sword Boomerang+1","Thunderclap"],"picked":"Disarm+1","floor":38},{"not_picked":["True Grit+1","Shrug It Off+1"],"picked":"Offering+1","floor":39},{"not_picked":["Anger+1","Wild Strike+1"],"picked":"Flex+1","floor":40},{"not_picked":["Burning Pact+1","Headbutt","Havoc+1"],"picked":"SKIP","floor":42},{"not_picked":["Body Slam","Cleave+1","Sword Boomerang"],"picked":"SKIP","floor":45},{"not_picked":["Battle Trance+1","Wild Strike"],"picked":"Shrug It Off+1","floor":46},{"not_picked":["Warcry+1","Brutality+1","Anger+1"],"picked":"SKIP","floor":48},{"not_picked":["Intimidate+1","Clothesline"],"picked":"Seeing Red+1","floor":54}],"player_experience":129750,"relics_obtained":[{"floor":8,"key":"Paper Frog"},{"floor":9,"key":"Toxic Egg 2"},{"floor":11,"key":"Gremlin Horn"},{"floor":14,"key":"Art of War"},{"floor":23,"key":"Sundial"},{"floor":26,"key":"Vajra"},{"floor":27,"key":"Whetstone"},{"floor":31,"key":"Centennial Puzzle"},{"floor":38,"key":"CaptainsWheel"},{"floor":40,"key":"Frozen Egg 2"},{"floor":42,"key":"Thread and Needle"},{"floor":47,"key":"Shovel"},{"floor":48,"key":"Toy Ornithopter"},{"floor":52,"key":"Kunai"},{"floor":54,"key":"Oddly Smooth Stone"}],"event_choices":[{"damage_healed":0,"gold_gain":0,"cards_transformed":["Strike_R"],"player_choice":"Transformed","damage_taken":0,"max_hp_gain":0,"max_hp_loss":0,"event_name":"Transmorgrifier","floor":2,"gold_loss":0,"cards_obtained":["Thunderclap"]},{"damage_healed":0,"gold_gain":0,"cards_transformed":["Strike_R"],"player_choice":"Change","damage_taken":0,"max_hp_gain":0,"max_hp_loss":0,"event_name":"Living Wall","floor":4,"gold_loss":0,"cards_obtained":["Heavy Blade"]},{"damage_healed":0,"gold_gain":0,"player_choice":"Donut","damage_taken":0,"max_hp_gain":5,"max_hp_loss":0,"event_name":"Big Fish","floor":13,"gold_loss":0},{"damage_healed":0,"gold_gain":0,"player_choice":"Cursed","damage_taken":0,"max_hp_gain":0,"max_hp_loss":0,"event_name":"Wheel of Change","floor":20,"gold_loss":0,"cards_obtained":["Decay"]},{"cards_removed":["Decay"],"damage_healed":0,"gold_gain":0,"player_choice":"Gave Gold","damage_taken":0,"max_hp_gain":0,"max_hp_loss":0,"event_name":"Beggar","floor":22,"gold_loss":75},{"damage_healed":0,"gold_gain":0,"player_choice":"Shed Blood","damage_taken":21,"max_hp_gain":5,"max_hp_loss":0,"event_name":"Forgotten Altar","floor":28,"gold_loss":0},{"damage_healed":30,"gold_gain":0,"player_choice":"Heal","damage_taken":0,"max_hp_gain":0,"max_hp_loss":0,"event_name":"The Library","floor":29,"gold_loss":0},{"cards_removed":["Defend_R"],"damage_healed":0,"gold_gain":0,"player_choice":"Removed Skill","damage_taken":0,"max_hp_gain":0,"max_hp_loss":0,"event_name":"Falling","floor":37,"gold_loss":0},{"damage_healed":0,"gold_gain":0,"player_choice":"Fight","damage_taken":0,"max_hp_gain":0,"max_hp_loss":0,"event_name":"MindBloom","floor":38,"gold_loss":0},{"damage_healed":0,"gold_gain":0,"player_choice":"Embrace Madness","damage_taken":11,"max_hp_gain":0,"max_hp_loss":0,"event_name":"Winding Halls","floor":44,"gold_loss":0,"cards_obtained":["Madness","Madness"]},{"damage_healed":0,"gold_gain":0,"player_choice":"Fight","damage_taken":0,"max_hp_gain":0,"max_hp_loss":0,"event_name":"Mysterious Sphere","floor":47,"gold_loss":0}],"is_beta":false,"boss_relics":[{"not_picked":["Ectoplasm","Mark of Pain"],"picked":"Astrolabe"},{"not_picked":["Runic Dome","Black Blood"],"picked":"SacredBark"}],"items_purged_floors":[30,53],"is_endless":false,"potions_floor_spawned":[1,8,11,14,16,18,19,21,24,25,33,35,38,40,46,54],"ascension_level":3}}