{"host":"gj3450u0c4def4mj","time":1611041247,"event":{"mods":["2.2 Compatiblity","BaseMod","Downfall","Minty Spire (QoL Compilation)","StSLib"],"gold_per_floor":[199,211,229,244,5,5,5,34,34,53,153,253,253,266,277,378,378,378,363,373,386,410,423,423,434,291,305,336,236,267,267,286,387,387,387,403,215,315,333,344,344,344,344,362,395,415,315,328,328,328],"floor_reached":51,"language":"ENG","playtime":4212,"items_purged":["Guardian:Strike_Guardian","Guardian:Strike_Guardian"],"score":898,"play_id":"92dae176-c6eb-4a80-addc-c5cf33e23ba7","local_time":"20210119022727","is_ascension_mode":false,"campfire_choices":[{"data":"Guardian:TwinSlam","floor":1.0,"key":"SMITH"},{"data":"Guardian:PrismaticBarrier","floor":13.0,"key":"SMITH"},{"floor":18.0,"key":"RECALL"},{"data":"Guardian:SentryBeam","floor":29.0,"key":"SMITH"},{"data":"Guardian:ExploitGems","floor":43.0,"key":"SMITH"},{"data":"Guardian:TimeSifter","floor":47,"key":"SMITH"}],"circlet_count":0,"master_deck":["Guardian:Defend_Guardian","Guardian:Defend_Guardian","Guardian:Defend_Guardian","Guardian:Defend_Guardian","Guardian:CurlUp","Guardian:TwinSlam+1","Guardian:ArmoredProtocol","Guardian:FloatingOrbs","Guardian:Planning+1","Guardian:TemporalStrike+1","Guardian:PrismaticBarrier+1","Guardian:TimeSifter+1","Guardian:DonusPower","Guardian:DonusPower","Guardian:DecasProtection+1","Guardian:BodySlam","Guardian:BodySlam+1","Guardian:SpikerProtocol","Guardian:Recover","Guardian:SentryBeam+1","Guardian:RevengeProtocol","Guardian:ExploitGems+1","Guardian:BodySlam+1","Guardian:PrimingBeam+1","downfall:Aged","downfall:Aged","Guardian:BodySlam"],"relics":["Guardian:ModeShifterPlus","Guardian:PickAxe","Letter Opener","Matryoshka","Potion Belt","Smiling Mask","Orichalcum","Happy Flower","Centennial Puzzle","Ice Cream","downfall:HeartBlessingRed","Strawberry","Cursed Key","PreservedInsect","CaptainsWheel","downfall:GremlinWheel","Blue Candle","Guardian:StasisEgg","Whetstone","downfall:HeartBlessingGreen"],"acts_visited":["Exordium","TheCity","TheBeyond"],"potions_floor_usage":[45,49,50],"damage_taken":[{"damage":1.0,"enemies":"Cultist","floor":2.0,"turns":4.0},{"damage":0.0,"enemies":"Small Slimes","floor":3.0,"turns":3.0},{"damage":2.0,"enemies":"2 Louse","floor":4.0,"turns":3.0},{"damage":0.0,"enemies":"downfall:FleeingMerchant","floor":5.0,"turns":4.0},{"damage":11.0,"enemies":"Lagavulin","floor":8.0,"turns":10.0},{"damage":0.0,"enemies":"Blue Slaver","floor":10.0,"turns":3.0},{"damage":25.0,"enemies":"downfall:Heads","floor":11.0,"turns":8.0},{"damage":6.0,"enemies":"downfall:LadyInBlue","floor":12.0,"turns":14.0},{"damage":3.0,"enemies":"Gremlin Gang","floor":14.0,"turns":5.0},{"damage":0.0,"enemies":"3 Louse","floor":15.0,"turns":2.0},{"damage":19.0,"enemies":"SI_SHIV_ARCHETYPE","floor":16.0,"turns":8.0},{"damage":0.0,"enemies":"downfall:FleeingMerchant","floor":19.0,"turns":4.0},{"damage":0.0,"enemies":"Spheric Guardian","floor":20.0,"turns":5.0},{"damage":0.0,"enemies":"Chosen","floor":21.0,"turns":6.0},{"damage":10.0,"enemies":"Sentry and Sphere","floor":23.0,"turns":6.0},{"damage":0.0,"enemies":"Snecko","floor":25.0,"turns":6.0},{"damage":0.0,"enemies":"downfall:FleeingMerchant","floor":26.0,"turns":4.0},{"damage":3.0,"enemies":"Snake Plant","floor":27.0,"turns":3.0},{"damage":0.0,"enemies":"Gremlin Leader","floor":28.0,"turns":5.0},{"damage":19.0,"enemies":"Slavers","floor":30.0,"turns":4.0},{"damage":0.0,"enemies":"Centurion and Healer","floor":32.0,"turns":3.0},{"damage":0.0,"enemies":"IC_MUSHROOM_ARCHETYPE","floor":33.0,"turns":5.0},{"damage":2.0,"enemies":"Orb Walker","floor":36.0,"turns":3.0},{"damage":0.0,"enemies":"downfall:FleeingMerchant","floor":37.0,"turns":3.0},{"damage":0.0,"enemies":"downfall:FleeingMerchant","floor":38.0,"turns":2.0},{"damage":0.0,"enemies":"3 Darklings","floor":39.0,"turns":5.0},{"damage":15.0,"enemies":"Jaw Worm Horde","floor":40.0,"turns":3.0},{"damage":0.0,"enemies":"4 Shapes","floor":44.0,"turns":3.0},{"damage":0,"enemies":"Reptomancer","floor":45,"turns":5},{"damage":2,"enemies":"Transient","floor":46,"turns":5},{"damage":0,"enemies":"Writhing Mass","floor":48,"turns":3},{"damage":0,"enemies":"3 Darklings","floor":49,"turns":2},{"damage":2,"enemies":"WA_ARCHETYPE_DIVINITY","floor":50,"turns":5}],"seed_played":"-582120584563827578","potions_obtained":[{"floor":4.0,"key":"CultistPotion"},{"floor":12.0,"key":"Explosive Potion"},{"floor":12.0,"key":"Explosive Potion"},{"floor":12.0,"key":"Guardian:BlockOnCardUsePotion"},{"floor":12.0,"key":"SmokeBomb"},{"floor":20.0,"key":"AttackPotion"},{"floor":21.0,"key":"PowerPotion"},{"floor":27.0,"key":"DuplicationPotion"},{"floor":28.0,"key":"Block Potion"},{"floor":32.0,"key":"Fire Potion"},{"floor":33.0,"key":"Weak Potion"},{"floor":38.0,"key":"BlessingOfTheForge"},{"floor":39.0,"key":"Guardian:BlockOnCardUsePotion"},{"floor":46,"key":"SkillPotion"}],"is_trial":false,"path_per_floor":["R","M","M","M","$","R","T","E","R","M","?","?","R","M","M","B",null,"R","$","M","M","T","M","T","M","$","M","E","R","E","?","M","B",null,"R","M","$","?","M","M","T","?","R","M","E","M","R","M","M","B",null],"character_chosen":"GUARDIAN","items_purchased":["Guardian:PickAxe","Guardian:FloatingOrbs","Guardian:SpikerProtocol","PreservedInsect","CaptainsWheel","Guardian:Gem_Blue"],"campfire_rested":0,"item_purchase_floors":[5,5,26,37,37,37],"current_hp_per_floor":[80,79,79,77,77,77,77,66,66,66,41,35,35,32,32,13,80,80,80,80,80,80,70,70,70,70,67,67,67,55,55,55,55,87,87,85,85,85,85,70,70,70,70,70,70,68,87,87,87,85],"gold":328,"neow_bonus":"HUNDRED_GOLD","is_daily":false,"chose_seed":false,"campfire_upgraded":5,"win_rate":0.0,"timestamp":1611041247,"path_taken":["R","M","?","M","$","R","T","E","R","M","?","?","R","M","M","BOSS","R","$","M","?","?","M","T","M","$","?","E","R","E","?","M","BOSS","R","M","$","?","?","M","T","?","R","M","E","M","R","M","M","BOSS"],"items_purchased_type":["Relic","Card","Card","Relic","Relic","Card"],"build_version":"2020-12-22","purchased_purges":2,"victory":true,"max_hp_per_floor":[80,80,80,80,80,80,80,80,80,80,80,80,80,80,80,80,80,80,80,80,80,80,80,80,80,80,80,80,80,87,87,87,87,87,87,87,87,87,87,87,87,87,87,87,87,87,87,87,87,87],"card_choices":[{"not_picked":["Guardian:Gem_Red","Guardian:CrystalBeam"],"picked":"Guardian:ArmoredProtocol","floor":2.0},{"not_picked":["Guardian:Gem_Lightblue","Guardian:Preprogram"],"picked":"Guardian:Gem_Blue","floor":3.0},{"not_picked":["Guardian:CrystalBeam","Guardian:Planning"],"picked":"Guardian:Gem_Cyan","floor":4.0},{"not_picked":["Guardian:Reroute","Guardian:WalkerClaw","Guardian:PrismaticBarrier"],"picked":"SKIP","floor":5.0},{"not_picked":["Guardian:StasisStrike","Guardian:Suspension","Guardian:BodySlam"],"picked":"SKIP","floor":8.0},{"not_picked":["Guardian:ShieldCharger","Guardian:DecasProtection","Guardian:WalkerClaw"],"picked":"SKIP","floor":10.0},{"not_picked":["Guardian:Gem_Cyan","Guardian:MultiBeam"],"picked":"Guardian:TemporalStrike","floor":11.0},{"not_picked":["Guardian:ChargeCore","Guardian:AncientConstruct"],"picked":"Guardian:PrismaticBarrier","floor":12.0},{"not_picked":["Guardian:Suspension","Guardian:RefractedBeam","Guardian:TemporalStrike"],"picked":"SKIP","floor":14.0},{"not_picked":["Guardian:Gem_Green","Guardian:TemporalStrike","Guardian:WalkerClaw"],"picked":"SKIP","floor":15.0},{"not_picked":["Guardian:FastForward","Guardian:GatlingBeam"],"picked":"Guardian:TimeSifter","floor":16.0},{"not_picked":["Guardian:PrimingBeam","Guardian:Clone"],"picked":"Guardian:DonusPower","floor":19.0},{"not_picked":["Guardian:SpikerProtocol+1","Guardian:Planning+1"],"picked":"Guardian:DonusPower","floor":20.0},{"not_picked":["Guardian:Suspension","Guardian:Gem_Green"],"picked":"Guardian:DecasProtection+1","floor":21.0},{"not_picked":["Guardian:Reroute","Guardian:Gem_Green","Guardian:ChargeCore"],"picked":"SKIP","floor":23.0},{"not_picked":["Guardian:AncientConstruct","Guardian:Gem_Lightblue"],"picked":"Guardian:BodySlam","floor":25.0},{"not_picked":["Guardian:TimeSifter","Guardian:Suspension"],"picked":"Guardian:BodySlam+1","floor":26.0},{"not_picked":["Guardian:BronzeOrb+1","Guardian:Gem_Cyan"],"picked":"Guardian:Recover","floor":27.0},{"not_picked":["Guardian:Recover","Guardian:Gem_Purple"],"picked":"Guardian:SentryBeam","floor":28.0},{"not_picked":["Guardian:CrystalBeam","Guardian:Incinerate+1"],"picked":"Guardian:Gem_Orange","floor":30.0},{"not_picked":["Guardian:Gem_Lightblue","Guardian:TimeBomb"],"picked":"Guardian:RevengeProtocol","floor":32.0},{"not_picked":["Guardian:BaubleBeam","Guardian:GatlingBeam"],"picked":"Guardian:ExploitGems","floor":33.0},{"not_picked":["Guardian:Gem_Lightblue","Guardian:Planning+1","Guardian:CrystalBeam"],"picked":"SKIP","floor":36.0},{"not_picked":["Guardian:TimeSifter","Guardian:TemporalShield"],"picked":"Guardian:BodySlam","floor":37.0},{"not_picked":["Guardian:Gem_Cyan","Guardian:TimeCapacitor+1"],"picked":"Guardian:PrimingBeam+1","floor":39.0},{"not_picked":["Guardian:ChargeCore+1","Guardian:TimeSifter"],"picked":"Guardian:Gem_Blue","floor":40.0},{"not_picked":["Guardian:Gem_Lightblue","Guardian:CrystalBeam+1"],"picked":"Guardian:Gem_Blue","floor":44.0},{"not_picked":["Guardian:DecasProtection+1","Guardian:SpikerProtocol"],"picked":"Guardian:Gem_Blue","floor":45},{"not_picked":["Guardian:PrismaticBeam","Guardian:TemporalStrike"],"picked":"Guardian:BodySlam","floor":46},{"not_picked":["Guardian:Planning+1","Guardian:DonusPower","Guardian:GuardianWhirl+1"],"picked":"SKIP","floor":48}],"player_experience":26612,"relics_obtained":[{"floor":7.0,"key":"Letter Opener"},{"floor":8.0,"key":"Matryoshka"},{"floor":12.0,"key":"Potion Belt"},{"floor":22.0,"key":"Smiling Mask"},{"floor":22.0,"key":"Orichalcum"},{"floor":24.0,"key":"Happy Flower"},{"floor":24.0,"key":"Centennial Puzzle"},{"floor":28.0,"key":"Ice Cream"},{"floor":30.0,"key":"Strawberry"},{"floor":38.0,"key":"downfall:GremlinWheel"},{"floor":41.0,"key":"Blue Candle"},{"floor":45,"key":"Whetstone"}],"event_choices":[{"damage_healed":0.0,"max_hp_gain":0.0,"max_hp_loss":0.0,"gold_gain":0.0,"event_name":"Ghosts","player_choice":"Ignored","floor":31.0,"gold_loss":0.0,"damage_taken":0.0},{"damage_healed":19,"gold_gain":0,"player_choice":"Full Heal","damage_taken":0,"max_hp_gain":0,"max_hp_loss":0,"event_name":"Wheel of Change","floor":47,"gold_loss":0}],"is_beta":false,"boss_relics":[{"not_picked":["SacredBark","SlaversCollar"],"picked":"Guardian:ModeShifterPlus"},{"not_picked":["Busted Crown","Runic Dome"],"picked":"Cursed Key"}],"items_purged_floors":[26,37],"is_endless":false,"potions_floor_spawned":[4,12,14,15,20,21,27,28,32,33,38,39,44,46,49],"ascension_level":0}}