{"host":"gqw4el7xk6pl8jgw","time":1611099996,"event":{"mods":["BaseMod","BetterRewards","Colored Map","Hermit","Highlight Path","Minty Spire (QoL Compilation)","Spicy Shops","StSLib","SuperFastMode","The Cursed","The Hierophant"],"gold_per_floor":[109,109,127,140,159,159,185,150,222,222,247,259,271,293,305,317,317],"floor_reached":16,"language":"ENG","playtime":174,"items_purged":[],"score":100,"play_id":"7a86bdfa-fa25-46a6-ae09-c0a582964818","local_time":"20210120004636","is_ascension_mode":false,"campfire_choices":[{"data":"Thunderclap","floor":6,"key":"SMITH"},{"data":"Limit Break","floor":10,"key":"SMITH"},{"data":"Bash","floor":13,"key":"SMITH"},{"data":"Iron Wave","floor":15,"key":"SMITH"}],"circlet_count":0,"master_deck":["Strike_R","Strike_R","Strike_R","Strike_R","Strike_R","Defend_R","Defend_R","Defend_R","Defend_R","Bash+1","Thunderclap+1","Limit Break+1","Iron Wave+1"],"relics":["Burning Blood","Torii","HornCleat","MawBank","Charon\u0027s Ashes"],"acts_visited":["Exordium"],"potions_floor_usage":[],"damage_taken":[{"damage":10,"enemies":"Jaw Worm","floor":1,"turns":4},{"damage":1,"enemies":"Cultist","floor":3,"turns":3},{"damage":0,"enemies":"Small Slimes","floor":4,"turns":2},{"damage":12,"enemies":"Exordium Wildlife","floor":5,"turns":3},{"damage":28,"enemies":"Gremlin Nob","floor":7,"turns":4},{"damage":12,"enemies":"Blue Slaver","floor":14,"turns":3},{"damage":70,"enemies":"Slime Boss","floor":16,"turns":10}],"seed_played":"4139304101417099981","potions_obtained":[{"floor":1,"key":"Block Potion"},{"floor":4,"key":"EntropicBrew"},{"floor":7,"key":"SteroidPotion"}],"is_trial":false,"path_per_floor":["M","?","M","M","M","R","E","?","T","R","T","T","R","M","R","B"],"character_chosen":"IRONCLAD","items_purchased":[],"campfire_rested":0,"item_purchase_floors":[],"current_hp_per_floor":[76,76,80,80,74,74,52,72,72,72,72,72,72,66,66,0,0],"gold":317,"neow_bonus":"ONE_RANDOM_RARE_CARD","is_daily":false,"chose_seed":false,"campfire_upgraded":4,"win_rate":0.0,"timestamp":1611099996,"path_taken":["M","?","M","M","?","R","E","?","T","R","?","?","R","M","R","BOSS"],"items_purchased_type":[],"build_version":"2020-12-22","purchased_purges":0,"victory":false,"max_hp_per_floor":[80,80,80,80,80,80,80,80,80,80,80,80,80,80,80,80,80],"card_choices":[{"not_picked":["Uppercut","Iron Wave","Searing Blow"],"picked":"SKIP","floor":1},{"not_picked":["True Grit","Sword Boomerang"],"picked":"Thunderclap","floor":3},{"not_picked":["Twin Strike","Clothesline"],"picked":"Limit Break","floor":4},{"not_picked":["Burning Pact","Clash","Anger"],"picked":"SKIP","floor":5},{"not_picked":["Wild Strike","Hemokinesis","Pummel"],"picked":"SKIP","floor":7},{"not_picked":["Flex","Carnage"],"picked":"Iron Wave","floor":14}],"player_experience":713527,"relics_obtained":[{"floor":7,"key":"Torii"},{"floor":9,"key":"HornCleat"},{"floor":11,"key":"MawBank"},{"floor":12,"key":"Charon\u0027s Ashes"}],"event_choices":[{"cards_removed":["Brutality"],"damage_healed":0,"gold_gain":0,"player_choice":"Purged","damage_taken":0,"max_hp_gain":0,"max_hp_loss":0,"event_name":"Purifier","floor":2,"gold_loss":0},{"damage_healed":20,"gold_gain":0,"player_choice":"Healed","damage_taken":0,"max_hp_gain":0,"max_hp_loss":0,"event_name":"The Cleric","floor":8,"gold_loss":35}],"is_beta":false,"boss_relics":[],"items_purged_floors":[],"is_endless":false,"potions_floor_spawned":[1,4,7],"killed_by":"Slime Boss","ascension_level":0}}