{"host":"0qlrtuw7bw78ucw4","time":1611046315,"event":{"mods":["BaseMod","Downfall","Minty Spire (QoL Compilation)","StSLib"],"gold_per_floor":[0,14,14,28,48,58,58,74,90,116,132,145,145,295,306,404,404,404,416,516,536,446,446,472,258,271,141,141,166,3,37,57,154,154,154,169,215,234,234,36,105,122,122,122,153,168,55,55,66,66],"floor_reached":51,"language":"ENG","playtime":5982,"items_purged":["bronze:Strike","bronze:Strike","downfall:Icky","bronze:Replicate","bronze:Defend","bronze:Defend","bronze:Shield"],"score":881,"play_id":"11441baa-2644-4c6b-ab28-cb62c9066dae","local_time":"20210119195155","is_ascension_mode":true,"campfire_choices":[{"data":"bronze:Format","floor":1,"key":"SMITH"},{"data":"bronze:FineTuning","floor":13,"key":"SMITH"},{"data":"bronze:Philosophize","floor":18,"key":"SMITH"},{"data":"bronze:ChosenStrike","floor":35,"key":"SMITH"},{"floor":43,"key":"RECALL"}],"circlet_count":0,"master_deck":["bronze:Goto","bronze:Format+1","bronze:ChosenStrike+1","bronze:DarkDash+1","bronze:Refactor","bronze:Philosophize+1","bronze:FineTuning+1","bronze:ChildClass","bronze:Flail","bronze:Repair","bronze:ThunderWave+1","bronze:DecaBeam","bronze:ForceShield","bronze:HyperBeam","bronze:Branch+1","bronze:Frontload+1","bronze:ClassDefault+1","bronze:CleanCode"],"relics":["bronze:BronzeCore","Matryoshka","Bottled Flame","Busted Crown","PreservedInsect","Pen Nib","Membership Card","InkBottle","Lee\u0027s Waffle","The Courier","Astrolabe","Toy Ornithopter","Thread and Needle","Bottled Lightning","Whetstone","Question Card","Darkstone Periapt"],"acts_visited":["Exordium","TheCity","TheBeyond"],"potions_floor_usage":[9,20,27,29,49,50],"damage_taken":[{"damage":1,"enemies":"Jaw Worm","floor":2,"turns":4},{"damage":1,"enemies":"Cultist","floor":4,"turns":3},{"damage":0,"enemies":"2 Louse","floor":5,"turns":3},{"damage":0,"enemies":"2 Fungi Beasts","floor":6,"turns":2},{"damage":1,"enemies":"3 Louse","floor":8,"turns":3},{"damage":4,"enemies":"Blue Slaver","floor":9,"turns":3},{"damage":3,"enemies":"3 Sentries","floor":10,"turns":8},{"damage":0,"enemies":"Exordium Thugs","floor":11,"turns":3},{"damage":16,"enemies":"Large Slime","floor":12,"turns":6},{"damage":0,"enemies":"Blue Slaver","floor":15,"turns":3},{"damage":9,"enemies":"IC_STATUS_ARCHETYPE","floor":16,"turns":6},{"damage":4,"enemies":"Chosen","floor":19,"turns":4},{"damage":51,"enemies":"Chosen","floor":20,"turns":10},{"damage":0,"enemies":"Spheric Guardian","floor":21,"turns":1},{"damage":0,"enemies":"downfall:FleeingMerchant","floor":22,"turns":4},{"damage":0,"enemies":"downfall:FleeingMerchant","floor":25,"turns":4},{"damage":0,"enemies":"3 Cultists","floor":26,"turns":3},{"damage":7,"enemies":"downfall:FleeingMerchant","floor":27,"turns":4},{"damage":19,"enemies":"Book of Stabbing","floor":29,"turns":5},{"damage":1,"enemies":"downfall:FleeingMerchant","floor":30,"turns":4},{"damage":4,"enemies":"Slavers","floor":31,"turns":4},{"damage":0,"enemies":"Snecko","floor":32,"turns":2},{"damage":41,"enemies":"DF_ARCHETYPE_CLAW","floor":33,"turns":9},{"damage":0,"enemies":"3 Darklings","floor":36,"turns":6},{"damage":0,"enemies":"downfall:FleeingMerchant","floor":37,"turns":1},{"damage":0,"enemies":"3 Shapes","floor":38,"turns":3},{"damage":0,"enemies":"Writhing Mass","floor":42,"turns":4},{"damage":0,"enemies":"Nemesis","floor":45,"turns":3},{"damage":0,"enemies":"Maw","floor":46,"turns":8},{"damage":15,"enemies":"Sphere and 2 Shapes","floor":49,"turns":4},{"damage":6,"enemies":"SI_POISON_ARCHETYPE","floor":50,"turns":13}],"seed_played":"4511282442220063937","potions_obtained":[{"floor":5,"key":"bronze:FreeFunctionsPotion"},{"floor":8,"key":"DuplicationPotion"},{"floor":9,"key":"Fruit Juice"},{"floor":10,"key":"Explosive Potion"},{"floor":11,"key":"bronze:BuildAFunctionPotion"},{"floor":20,"key":"SteroidPotion"},{"floor":29,"key":"Explosive Potion"},{"floor":31,"key":"Block Potion"},{"floor":49,"key":"Weak Potion"}],"is_trial":false,"path_per_floor":["R","M","?","M","M","M","T","M","M","E","M","M","R","?","M","B",null,"R","M","?","M","$","?","T","$","M","$","?","E","$","E","M","B",null,"R","M","$","M","?","$","T","M","R","?","E","M","$","T","M","B",null],"character_chosen":"THE_AUTOMATON","items_purchased":["Membership Card","Fruit Juice","Lee\u0027s Waffle","Toy Ornithopter","Thread and Needle","Fruit Juice","Bottled Lightning"],"campfire_rested":0,"item_purchase_floors":[25,27,30,37,37,37,40],"current_hp_per_floor":[70,69,69,68,68,68,68,67,68,65,65,49,49,49,49,40,75,75,75,32,32,39,39,39,46,54,59,59,47,87,83,83,49,87,87,87,87,87,87,87,87,87,87,87,87,87,87,87,82,88],"gold":66,"neow_bonus":"THREE_RARE_CARDS","is_daily":false,"chose_seed":false,"campfire_upgraded":4,"win_rate":0.0,"timestamp":1611046315,"path_taken":["R","M","?","M","M","M","T","M","?","E","M","M","R","?","M","BOSS","R","M","?","M","$","?","T","$","M","$","?","E","?","E","M","BOSS","R","M","$","M","?","?","T","M","R","?","E","M","$","?","M","BOSS"],"items_purchased_type":["Relic","Potion","Relic","Relic","Relic","Potion","Relic"],"build_version":"2020-12-22","purchased_purges":7,"victory":true,"max_hp_per_floor":[70,70,70,70,70,70,70,70,75,75,75,75,75,75,75,75,75,75,75,75,75,75,75,75,75,75,80,80,80,87,87,87,87,87,87,87,87,87,87,87,87,87,87,87,87,87,87,87,92,92],"card_choices":[{"not_picked":["bronze:Verify","bronze:AlphaBuild"],"picked":"bronze:Format","floor":0},{"not_picked":["bronze:OilSpill","bronze:BuggyMess"],"picked":"bronze:ChosenStrike","floor":2},{"not_picked":["bronze:Refactor","bronze:ClassDefault"],"picked":"bronze:DarkDash","floor":4},{"not_picked":["bronze:CutThrough","bronze:BronzeOrb"],"picked":"bronze:Shield","floor":5},{"not_picked":["bronze:MaxOutput","bronze:BitShift"],"picked":"bronze:Refactor","floor":6},{"not_picked":["bronze:DelayedSlice","bronze:BugBarrage"],"picked":"bronze:DarkDash","floor":8},{"not_picked":["bronze:Terminator","bronze:WhirlingStrike"],"picked":"bronze:Philosophize","floor":9},{"not_picked":["bronze:Shield","bronze:Branch"],"picked":"bronze:FineTuning","floor":10},{"not_picked":["bronze:Safeguard","bronze:WildBeam"],"picked":"bronze:ChildClass","floor":11},{"not_picked":["bronze:Constructor","bronze:DelayedSlice"],"picked":"bronze:Flail","floor":12},{"not_picked":["bronze:OilSpill","bronze:DarkDash"],"picked":"bronze:Repair","floor":15},{"not_picked":["bronze:Format","bronze:FindAndReplace"],"picked":"bronze:ThunderWave","floor":16},{"not_picked":["bronze:DelayedSlice+1"],"picked":"SKIP","floor":19},{"not_picked":[],"picked":"bronze:DecaBeam","floor":20},{"not_picked":["bronze:Terminator"],"picked":"SKIP","floor":21},{"not_picked":[],"picked":"bronze:ForceShield","floor":22},{"not_picked":["bronze:Branch"],"picked":"SKIP","floor":25},{"not_picked":["bronze:BuggyMess"],"picked":"SKIP","floor":26},{"not_picked":["bronze:NullPointer"],"picked":"SKIP","floor":27},{"not_picked":["bronze:OilSpill"],"picked":"SKIP","floor":29},{"not_picked":["bronze:Refactor"],"picked":"SKIP","floor":30},{"not_picked":[],"picked":"bronze:HyperBeam","floor":31},{"not_picked":["bronze:CutThrough"],"picked":"SKIP","floor":32},{"not_picked":["bronze:Shield+1"],"picked":"SKIP","floor":36},{"not_picked":["bronze:Return+1"],"picked":"SKIP","floor":37},{"not_picked":["bronze:CutThrough+1"],"picked":"SKIP","floor":38},{"not_picked":["bronze:BugBarrage"],"picked":"SKIP","floor":42},{"not_picked":[],"picked":"bronze:CleanCode","floor":45},{"not_picked":["bronze:BugBarrage+1","bronze:ChosenStrike"],"picked":"SKIP","floor":46},{"not_picked":["bronze:GetLatest+1","bronze:DarkDash"],"picked":"SKIP","floor":49}],"player_experience":889539,"relics_obtained":[{"floor":7,"key":"Matryoshka"},{"floor":10,"key":"Bottled Flame"},{"floor":24,"key":"PreservedInsect"},{"floor":24,"key":"Pen Nib"},{"floor":29,"key":"InkBottle"},{"floor":31,"key":"The Courier"},{"floor":41,"key":"Whetstone"},{"floor":45,"key":"Question Card"},{"floor":48,"key":"Darkstone Periapt"}],"event_choices":[{"cards_removed":["bronze:Strike"],"damage_healed":0,"gold_gain":0,"player_choice":"Offered Basic","damage_taken":0,"max_hp_gain":0,"max_hp_loss":0,"event_name":"Bonfire Elementals","floor":3,"gold_loss":0},{"cards_removed":["bronze:DarkDash"],"damage_healed":0,"gold_gain":0,"player_choice":"Removed Attack","damage_taken":0,"max_hp_gain":0,"max_hp_loss":0,"event_name":"Falling","floor":44,"gold_loss":0}],"is_beta":false,"boss_relics":[{"not_picked":["Fusion Hammer","Coffee Dripper"],"picked":"Busted Crown"},{"not_picked":["Pandora\u0027s Box","Runic Pyramid"],"picked":"Astrolabe"}],"items_purged_floors":[22,25,27,30,37,40,47],"is_endless":false,"potions_floor_spawned":[5,8,9,10,11,15,20,21,29,31,32,38,46,49],"ascension_level":1}}