{"host":"sy0sbf0rsk5t5kf4","time":1611038368,"event":{"mods":["BaseMod","Downfall","Minty Spire (QoL Compilation)","StSLib"],"gold_per_floor":[99,109,129,129,140,0,0,25,25,25,41,59,44,58,74,178,178,178,190,190,204,223,223,223,223],"floor_reached":23,"language":"ZHS","playtime":1185,"items_purged":["downfall:Malfunctioning"],"score":205,"play_id":"f19e78f9-48ba-4aae-b047-f8bfd8d83cb3","local_time":"20210119143928","is_ascension_mode":true,"campfire_choices":[{"data":"Slimebound:Split","floor":1,"key":"SMITH"},{"data":"Slimebound:MassRepurpose","floor":9,"key":"SMITH"},{"data":"Slimebound:SelfFormingGoo","floor":18,"key":"SMITH"}],"circlet_count":0,"master_deck":["Slimebound:Strike_Slimebound","Slimebound:Strike_Slimebound","Slimebound:Strike_Slimebound","Slimebound:Tackle","Slimebound:Defend_Slimebound","Slimebound:Defend_Slimebound","Slimebound:Defend_Slimebound","Slimebound:Split+1","Slimebound:CorrosiveSpit","Slimebound:GoopSpray","Slimebound:SpikyOuterGoop","Slimebound:MassRepurpose+1","Slimebound:SelfFormingGoo+1","Slimebound:SplitMire","Normality","Slimebound:SplitAcid","Slimebound:Gluttony","Slimebound:LivingWall","Slimebound:SplitAcid","Slimebound:MegaLick","Slimebound:GoopSpray","Slimebound:RallyTheTroops","Slimebound:LivingWall+1","Slimebound:SplitSpecialist+1","Slimebound:LivingWall"],"relics":["Cursed Key","Kunai","Slimebound:MaxSlimesRelic","Mercury Hourglass","Black Star"],"acts_visited":["Exordium","TheCity"],"potions_floor_usage":[16,21,22,23],"damage_taken":[{"damage":0,"enemies":"Cultist","floor":2,"turns":3},{"damage":0,"enemies":"2 Louse","floor":3,"turns":2},{"damage":1,"enemies":"Jaw Worm","floor":5,"turns":3},{"damage":0,"enemies":"downfall:FleeingMerchant","floor":6,"turns":4},{"damage":13,"enemies":"Lagavulin","floor":8,"turns":5},{"damage":7,"enemies":"Gremlin Gang","floor":11,"turns":3},{"damage":2,"enemies":"Blue Slaver","floor":12,"turns":2},{"damage":0,"enemies":"downfall:FleeingMerchant","floor":13,"turns":4},{"damage":6,"enemies":"Exordium Wildlife","floor":14,"turns":3},{"damage":0,"enemies":"Large Slime","floor":15,"turns":3},{"damage":13,"enemies":"IC_STATUS_ARCHETYPE","floor":16,"turns":6},{"damage":0,"enemies":"Spheric Guardian","floor":19,"turns":3},{"damage":0,"enemies":"Cultist and Chosen","floor":21,"turns":4},{"damage":23,"enemies":"Centurion and Healer","floor":22,"turns":6},{"damage":46,"enemies":"Slavers","floor":23,"turns":3}],"seed_played":"-6238954990233842915","potions_obtained":[{"floor":8,"key":"EssenceOfSteel"},{"floor":11,"key":"Weak Potion"},{"floor":12,"key":"champ:CounterPotion"},{"floor":16,"key":"Swift Potion"},{"floor":19,"key":"DistilledChaos"}],"is_trial":false,"path_per_floor":["R","M","M","T","M","$","T","E","R","?","M","M","$","M","M","B",null,"R","M","?","M","M","E"],"character_chosen":"SLIMEBOUND","items_purchased":["Slimebound:SplitMire"],"campfire_rested":0,"item_purchase_floors":[6],"current_hp_per_floor":[65,65,65,65,64,64,64,51,51,51,44,42,42,36,36,23,65,65,65,65,65,42,0,0,0],"gold":223,"neow_bonus":"BOSS_RELIC","is_daily":false,"chose_seed":false,"campfire_upgraded":3,"win_rate":0.0,"timestamp":1611038368,"path_taken":["R","M","M","?","M","$","T","E","R","?","M","?","?","M","M","BOSS","R","M","?","M","?","E"],"items_purchased_type":["Card"],"build_version":"2020-12-22","purchased_purges":1,"victory":false,"max_hp_per_floor":[65,65,65,65,65,65,65,65,65,65,65,65,65,65,65,65,65,65,65,65,65,65,65,65,65],"card_choices":[{"not_picked":["Slimebound:Prepare","Slimebound:SplitMire"],"picked":"Slimebound:GoopSpray","floor":2},{"not_picked":["Slimebound:SplitLeeching","Slimebound:LeadByExample"],"picked":"Slimebound:SpikyOuterGoop","floor":3},{"not_picked":["Slimebound:MegaLick","Slimebound:SplitMire"],"picked":"Slimebound:MassRepurpose","floor":5},{"not_picked":["Slimebound:LeechEnergy","Slimebound:RollThrough"],"picked":"Slimebound:SelfFormingGoo","floor":6},{"not_picked":["Slimebound:Prepare","Slimebound:GoopTackle"],"picked":"Slimebound:SplitAcid","floor":8},{"not_picked":["Slimebound:SamplingLick","Slimebound:CheckThePlaybook"],"picked":"Slimebound:Gluttony","floor":11},{"not_picked":["Slimebound:SlimeTap","Slimebound:Chomp"],"picked":"Slimebound:LivingWall","floor":12},{"not_picked":["Slimebound:ItLooksTasty","Slimebound:LeechingTouch"],"picked":"Slimebound:SplitAcid","floor":13},{"not_picked":["Slimebound:Dissolve","Slimebound:GoopTackle"],"picked":"Slimebound:MegaLick","floor":14},{"not_picked":["Slimebound:ComboTackle","Slimebound:RollThrough"],"picked":"Slimebound:GoopSpray","floor":15},{"not_picked":["Slimebound:OozeBath","Slimebound:DouseInSlime"],"picked":"Slimebound:RallyTheTroops","floor":16},{"not_picked":["Slimebound:SlimeTap","Slimebound:Prepare"],"picked":"Slimebound:LivingWall+1","floor":19},{"not_picked":["Slimebound:FinishingTackle","Slimebound:LeechEnergy"],"picked":"Slimebound:SplitSpecialist+1","floor":21},{"not_picked":["Slimebound:TongueLash+1","Slimebound:ItLooksTasty"],"picked":"Slimebound:LivingWall","floor":22}],"player_experience":172562,"relics_obtained":[{"floor":4,"key":"Kunai"},{"floor":7,"key":"Slimebound:MaxSlimesRelic"},{"floor":8,"key":"Mercury Hourglass"}],"event_choices":[{"cards_removed":["Slimebound:Defend_Slimebound"],"damage_healed":0,"gold_gain":0,"player_choice":"Offered Basic","damage_taken":0,"max_hp_gain":0,"max_hp_loss":0,"event_name":"Bonfire Elementals","floor":10,"gold_loss":0}],"is_beta":false,"boss_relics":[{"not_picked":["Philosopher\u0027s Stone","Slimebound:TarBlob"],"picked":"Black Star"}],"items_purged_floors":[6],"is_endless":false,"potions_floor_spawned":[8,11,12,15,16,19],"killed_by":"Slavers","ascension_level":1}}