{"host":"6pgtslebjnyv5xmi","time":1611050180,"event":{"mods":["AchievementEnabler","BaseMod","Colored Map","Minty Spire (QoL Compilation)","Rare Cards Sparkle","StSLib","SuperFastMode","The Cursed","everything is the same but u backflip on backflip"],"gold_per_floor":[119,119,294,294,294,294,334,355,355,355,391,415,497,520,520,639,639,664,664,682,292,310,310,324,357,384,384,384,384],"floor_reached":28,"language":"KOR","playtime":1327,"items_purged":["Hello World"],"score":393,"play_id":"47688df8-b178-4224-ab54-403122c5620a","local_time":"20210119185620","is_ascension_mode":true,"campfire_choices":[{"data":"Double Energy","floor":6.0,"key":"SMITH"},{"data":"Echo Form","floor":10.0,"key":"SMITH"},{"floor":15.0,"key":"REST"},{"floor":23,"key":"REST"},{"floor":27,"key":"REST"}],"circlet_count":0,"master_deck":["Zap+1","Dualcast","Double Energy+1","Echo Form+1","Hologram","White Noise","Gash","Buffer","Rip and Tear","Chill","Hologram","Blizzard","Undo","Recycle","Lockon","Hello World+1","Self Repair","Panacea","Electrodynamics","Ball Lightning"],"relics":["Cracked Core","NeowsBlessing","Nunchaku","Golden Idol","Unceasing Top","Mercury Hourglass","Pocketwatch","Sundial","Pandora\u0027s Box","Blood Vial","Toy Ornithopter","Smiling Mask"],"acts_visited":["Exordium","TheCity"],"potions_floor_usage":[16,16,16,20,28,28],"damage_taken":[{"damage":0.0,"enemies":"Jaw Worm","floor":1.0,"turns":1.0},{"damage":0.0,"enemies":"3 Sentries","floor":7.0,"turns":1.0},{"damage":0.0,"enemies":"Small Slimes","floor":8.0,"turns":1.0},{"damage":31.0,"enemies":"Gremlin Nob","floor":11.0,"turns":4.0},{"damage":0.0,"enemies":"2 Louse","floor":12.0,"turns":2.0},{"damage":0.0,"enemies":"Large Slime","floor":14.0,"turns":3.0},{"damage":15,"enemies":"Hexaghost","floor":16,"turns":8},{"damage":30,"enemies":"Shell Parasite","floor":18,"turns":5},{"damage":0,"enemies":"3 Byrds","floor":20,"turns":2},{"damage":20,"enemies":"Centurion and Healer","floor":22,"turns":3},{"damage":14,"enemies":"Chosen and Byrds","floor":24,"turns":5},{"damage":23,"enemies":"Slavers","floor":25,"turns":4},{"damage":27,"enemies":"Colosseum Slavers","floor":28,"turns":2},{"damage":59,"enemies":"Colosseum Nobs","floor":28,"turns":3}],"seed_played":"-2756618817382800112","potions_obtained":[{"floor":7.0,"key":"SpeedPotion"},{"floor":11.0,"key":"EntropicBrew"},{"floor":12.0,"key":"DuplicationPotion"},{"floor":22,"key":"Swift Potion"}],"is_trial":false,"path_per_floor":["M","?","?","?","?","R","E","M","T","R","E","M","T","M","R","B",null,"M","?","M","$","M","R","M","E","T","R","?"],"character_chosen":"DEFECT","items_purchased":["Self Repair","Panacea","Blood Vial"],"campfire_rested":3,"item_purchase_floors":[21,21,21],"current_hp_per_floor":[68,61,61,46,46,46,46,46,46,46,15,15,15,15,35,20,57,27,27,27,27,16,36,31,10,10,30,0,0],"gold":384,"neow_bonus":"THREE_ENEMY_KILL","is_daily":false,"chose_seed":false,"campfire_upgraded":2,"win_rate":0.0,"timestamp":1611050180,"path_taken":["M","?","?","?","?","R","E","M","T","R","E","M","?","?","R","BOSS","M","?","M","$","M","R","M","E","T","R","?"],"items_purchased_type":["Card","Card","Relic"],"build_version":"2020-12-22","purchased_purges":1,"victory":false,"max_hp_per_floor":[75,75,75,75,69,69,69,69,69,69,69,69,69,69,69,69,69,69,69,69,69,69,69,69,69,69,69,69,69],"card_choices":[{"not_picked":["Go for the Eyes","Leap"],"picked":"Double Energy","floor":1.0},{"not_picked":["Static Discharge","Multi-Cast"],"picked":"Echo Form","floor":7.0},{"not_picked":["Scrape","Turbo"],"picked":"Hologram","floor":8.0},{"not_picked":["Hello World","Steam"],"picked":"White Noise","floor":11.0},{"not_picked":["Heatsinks","Sweeping Beam","Coolheaded"],"picked":"SKIP","floor":12.0},{"not_picked":["Stack","Coolheaded"],"picked":"Gash","floor":14.0},{"not_picked":["Rainbow","Seek"],"picked":"Buffer","floor":16},{"not_picked":["Capacitor","Loop"],"picked":"Hello World+1","floor":18},{"not_picked":["Compile Driver+1","Chaos","Conserve Battery"],"picked":"SKIP","floor":20},{"not_picked":["Streamline+1","Undo","Sweeping Beam"],"picked":"SKIP","floor":22},{"not_picked":["Gash+1","Double Energy+1"],"picked":"Electrodynamics","floor":24},{"not_picked":["Streamline+1","Melter"],"picked":"Ball Lightning","floor":25}],"player_experience":989639,"relics_obtained":[{"floor":7.0,"key":"Unceasing Top"},{"floor":9.0,"key":"Mercury Hourglass"},{"floor":11.0,"key":"Pocketwatch"},{"floor":13.0,"key":"Sundial"},{"floor":25,"key":"Toy Ornithopter"},{"floor":26,"key":"Smiling Mask"}],"event_choices":[{"damage_healed":0.0,"max_hp_gain":0.0,"max_hp_loss":0.0,"gold_gain":0.0,"event_name":"Scrap Ooze","player_choice":"Success","floor":2.0,"gold_loss":0.0,"damage_taken":7.0,"relics_obtained":["Nunchaku"]},{"damage_healed":0.0,"max_hp_gain":0.0,"max_hp_loss":0.0,"gold_gain":175.0,"event_name":"Liars Game","player_choice":"AGREE","floor":3.0,"gold_loss":0.0,"damage_taken":0.0,"cards_obtained":["Doubt"]},{"damage_healed":0.0,"max_hp_gain":0.0,"max_hp_loss":0.0,"gold_gain":0.0,"event_name":"Shining Light","player_choice":"Entered Light","floor":4.0,"gold_loss":0.0,"damage_taken":15.0,"cards_upgraded":["Zap","Strike_B"]},{"damage_healed":0.0,"max_hp_gain":0.0,"max_hp_loss":6.0,"gold_gain":0.0,"event_name":"Golden Idol","player_choice":"Lose Max HP","floor":5.0,"gold_loss":0.0,"damage_taken":0.0,"relics_obtained":["Golden Idol"]},{"cards_removed":["Doubt"],"damage_healed":0,"gold_gain":0,"player_choice":"Elegance","damage_taken":0,"max_hp_gain":0,"max_hp_loss":0,"event_name":"Back to Basics","floor":19,"gold_loss":0},{"damage_healed":0,"gold_gain":0,"player_choice":"Fight","damage_taken":0,"max_hp_gain":0,"max_hp_loss":0,"event_name":"Colosseum","floor":28,"gold_loss":0},{"damage_healed":0,"gold_gain":0,"player_choice":"Fought Nobs","damage_taken":0,"max_hp_gain":0,"max_hp_loss":0,"event_name":"Colosseum","floor":28,"gold_loss":0}],"is_beta":false,"boss_relics":[{"not_picked":["Philosopher\u0027s Stone","SacredBark"],"picked":"Pandora\u0027s Box"}],"items_purged_floors":[21],"is_endless":false,"potions_floor_spawned":[7,11,12,22],"killed_by":"Colosseum Nobs","ascension_level":9}}