{"host":"wogey4gsknv4ot2d","time":1611019140,"event":{"mods":["2.2 Compatiblity","AchievementEnabler","BaseMod","Bestiary","Better Third Choice","Colored Map","Colored Powertips","Googly Eyes","Key Reminder","Minty Spire (QoL Compilation)","Permanent Neow","Rare Cards Sparkle","Relic Stats","StSLib"],"gold_per_floor":[109,127,127,127,77,77,77,101,125,125,164,183,208,222,222,343,343,368,21,21,36,59,59,95,95,95,115,140,140,140],"floor_reached":29,"language":"ENG","playtime":1006,"items_purged":[],"score":259,"play_id":"f5aeb6c8-cc56-4eed-aa04-7637fca6d9fd","local_time":"20210118191900","is_ascension_mode":true,"campfire_choices":[{"data":"Static Discharge","floor":6,"key":"SMITH"},{"data":"Zap","floor":10,"key":"SMITH"},{"floor":15,"key":"REST"},{"floor":23,"key":"REST"},{"floor":25,"key":"REST"}],"circlet_count":0,"master_deck":["Strike_B+1","Strike_B","Strike_B","Strike_B+1","Defend_B","Defend_B","Defend_B","Defend_B","Zap+1","Dualcast","Hologram","Static Discharge+1","Gash","Stack","Aggregate","Conserve Battery","Go for the Eyes","Buffer","BootSequence","Self Repair","Doom and Gloom","Genetic Algorithm","Ball Lightning+1","Ball Lightning","Conserve Battery","Beam Cell"],"relics":["Cracked Core","NeowsBlessing","Golden Idol","Whetstone","Blood Vial","Inserter","TheAbacus","PreservedInsect","Lantern"],"acts_visited":["Exordium","TheCity"],"potions_floor_usage":[16,16,16,24,28],"damage_taken":[{"damage":0,"enemies":"Small Slimes","floor":1,"turns":1},{"damage":0,"enemies":"Jaw Worm","floor":2,"turns":1},{"damage":0,"enemies":"2 Louse","floor":8,"turns":1},{"damage":17,"enemies":"3 Sentries","floor":11,"turns":4},{"damage":15,"enemies":"Exordium Thugs","floor":12,"turns":5},{"damage":4,"enemies":"Exordium Wildlife","floor":13,"turns":4},{"damage":3,"enemies":"Looter","floor":14,"turns":4},{"damage":49,"enemies":"Slime Boss","floor":16,"turns":10},{"damage":21,"enemies":"Spheric Guardian","floor":18,"turns":5},{"damage":18,"enemies":"Shell Parasite","floor":21,"turns":8},{"damage":40,"enemies":"Shelled Parasite and Fungi","floor":22,"turns":9},{"damage":30,"enemies":"Book of Stabbing","floor":24,"turns":5},{"damage":30,"enemies":"Snake Plant","floor":27,"turns":6},{"damage":12,"enemies":"Snecko","floor":28,"turns":6},{"damage":46,"enemies":"3 Cultists","floor":29,"turns":4}],"seed_played":"3620762153038335979","potions_obtained":[{"floor":8,"key":"Explosive Potion"},{"floor":12,"key":"ColorlessPotion"},{"floor":13,"key":"EssenceOfSteel"},{"floor":22,"key":"Regen Potion"},{"floor":24,"key":"Ancient Potion"}],"is_trial":false,"path_per_floor":["M","M","?","?","?","R","$","M","T","R","E","M","M","M","R","B",null,"M","$","?","M","M","R","E","R","T","M","M","M"],"character_chosen":"DEFECT","items_purchased":["Self Repair","Doom and Gloom","Genetic Algorithm","TheAbacus"],"campfire_rested":3,"item_purchase_floors":[19,19,19,19],"current_hp_per_floor":[75,75,80,80,80,80,80,80,80,80,63,50,48,47,71,24,80,59,59,59,50,19,43,37,61,61,40,37,0,0],"gold":140,"neow_bonus":"THREE_ENEMY_KILL","is_daily":false,"chose_seed":false,"campfire_upgraded":2,"win_rate":0.0,"timestamp":1611019140,"path_taken":["M","M","?","?","?","R","$","M","T","R","E","M","M","M","R","BOSS","M","$","?","M","M","R","E","R","T","M","M","M"],"items_purchased_type":["Card","Card","Card","Relic"],"build_version":"2020-12-22","purchased_purges":0,"victory":false,"max_hp_per_floor":[75,75,80,80,80,80,80,80,80,80,80,80,80,80,80,80,80,80,80,80,80,80,80,80,80,80,80,80,80,80],"relic_stats":{"Blood Vial":20,"Inserter":[21],"TheAbacus":[42],"counters":[15,73],"Golden Idol":78,"PreservedInsect":0,"Whetstone":["Strike_B","Strike_B"],"obtain_stats":[{"Blood Vial":11,"Lantern":26,"Inserter":17,"TheAbacus":19,"NeowsBlessing":0,"Golden Idol":4,"PreservedInsect":24,"Whetstone":9,"Cracked Core":0},{"Blood Vial":4,"Lantern":12,"Inserter":8,"TheAbacus":9,"NeowsBlessing":0,"Golden Idol":2,"PreservedInsect":12,"Whetstone":3,"Cracked Core":0},{"Blood Vial":7,"Lantern":57,"Inserter":30,"TheAbacus":35,"NeowsBlessing":0,"Golden Idol":2,"PreservedInsect":57,"Whetstone":3,"Cracked Core":0}]},"card_choices":[{"not_picked":["Compile Driver","Blizzard"],"picked":"Hologram","floor":1},{"not_picked":["Darkness","Stack"],"picked":"Static Discharge","floor":2},{"not_picked":["Coolheaded","Stack"],"picked":"Gash","floor":8},{"not_picked":["Barrage","White Noise"],"picked":"Stack","floor":11},{"not_picked":["Steam Power","Rebound"],"picked":"Aggregate","floor":12},{"not_picked":["Capacitor","Fusion"],"picked":"Conserve Battery","floor":13},{"not_picked":["Coolheaded","Compile Driver"],"picked":"Go for the Eyes","floor":14},{"not_picked":["Reboot","Seek"],"picked":"Buffer","floor":16},{"not_picked":["Hologram+1","Capacitor+1"],"picked":"BootSequence","floor":18},{"not_picked":["Force Field","Steam+1"],"picked":"Ball Lightning+1","floor":21},{"not_picked":["Sweeping Beam","Steam"],"picked":"Ball Lightning","floor":22},{"not_picked":["Stack","Gash+1"],"picked":"Conserve Battery","floor":24},{"not_picked":["Capacitor","Darkness","Turbo"],"picked":"SKIP","floor":27},{"not_picked":["Compile Driver","Steam+1"],"picked":"Beam Cell","floor":28}],"player_experience":56956,"relics_obtained":[{"floor":9,"key":"Whetstone"},{"floor":11,"key":"Blood Vial"},{"floor":24,"key":"PreservedInsect"},{"floor":26,"key":"Lantern"}],"event_choices":[{"damage_healed":0,"gold_gain":0,"player_choice":"Donut","damage_taken":0,"max_hp_gain":5,"max_hp_loss":0,"event_name":"Big Fish","floor":3,"gold_loss":0},{"damage_healed":0,"gold_gain":0,"player_choice":"Take Wound","damage_taken":0,"relics_obtained":["Golden Idol"],"max_hp_gain":0,"max_hp_loss":0,"event_name":"Golden Idol","floor":4,"gold_loss":0,"cards_obtained":["Injury"]},{"cards_removed":["Injury"],"damage_healed":0,"gold_gain":0,"player_choice":"Card Removal","damage_taken":0,"max_hp_gain":0,"max_hp_loss":0,"event_name":"The Cleric","floor":5,"gold_loss":50}],"is_beta":false,"boss_relics":[{"not_picked":["Coffee Dripper","Empty Cage"],"picked":"Inserter"}],"items_purged_floors":[],"is_endless":false,"potions_floor_spawned":[8,12,13,18,22,24],"killed_by":"3 Cultists","ascension_level":1}}