{"host":"0awa854l6bexpjrv","time":1611088745,"event":{"mods":["BaseMod","Block Reminder","Colored Map","Colored Powertips","Downfall","Highlight Path","Minty Spire (QoL Compilation)","Quick Restart","Rare Cards Sparkle","StSLib","SuperFastMode"],"gold_per_floor":[113,131,131,131,143,143,178,178,178,205,216,216,232,243,243,339,339,349,349,91,110,60,60,91,41,41,41,41,41],"floor_reached":28,"language":"ENG","playtime":1336,"items_purged":["Strike_R","Defend_R","Defend_R"],"score":308,"play_id":"b6353953-43fc-4d64-a064-1f8c368fb72a","local_time":"20210119123905","is_ascension_mode":true,"campfire_choices":[{"data":"Bash","floor":6.0,"key":"SMITH"},{"floor":8.0,"key":"REST"},{"data":"Flame Barrier","floor":12.0,"key":"SMITH"},{"data":"Pommel Strike","floor":15.0,"key":"SMITH"},{"data":"Armaments","floor":23,"key":"SMITH"}],"circlet_count":0,"master_deck":["Defend_R","Defend_R","Bash+1","Heavy Blade","Cleave+1","Iron Wave","Headbutt+1","Flame Barrier+1","Pommel Strike+1","Inflame","Demon Form","Shrug It Off","Clothesline","Armaments+1","Armaments+1","Bite","Bite","Bite","Bite","Bite"],"relics":["Burning Blood","Shovel","Du-Vu Doll","Matryoshka","Smiling Mask","Art of War","Empty Cage","Enchiridion","HandDrill","Bag of Preparation","Letter Opener","Whetstone"],"acts_visited":["Exordium","TheCity"],"potions_floor_usage":[24,24],"damage_taken":[{"damage":0.0,"enemies":"Small Slimes","floor":1.0,"turns":3.0},{"damage":8.0,"enemies":"Jaw Worm","floor":2.0,"turns":5.0},{"damage":5.0,"enemies":"2 Louse","floor":5.0,"turns":3.0},{"damage":36.0,"enemies":"Lagavulin","floor":7.0,"turns":6.0},{"damage":1.0,"enemies":"2 Fungi Beasts","floor":11.0,"turns":3.0},{"damage":4.0,"enemies":"Red Slaver","floor":13.0,"turns":4.0},{"damage":1.0,"enemies":"Exordium Thugs","floor":14.0,"turns":4.0},{"damage":46.0,"enemies":"Hexaghost","floor":16.0,"turns":9.0},{"damage":11.0,"enemies":"Shell Parasite","floor":18.0,"turns":6.0},{"damage":4.0,"enemies":"Spheric Guardian","floor":21.0,"turns":5.0},{"damage":47,"enemies":"Book of Stabbing","floor":24,"turns":7},{"damage":43,"enemies":"Cultist and Chosen","floor":28,"turns":5}],"seed_played":"9034622838273915712","potions_obtained":[{"floor":7.0,"key":"Fire Potion"},{"floor":11.0,"key":"champ:CounterPotion"},{"floor":14.0,"key":"bronze:BurnAndBuffPotion"},{"floor":18.0,"key":"Weak Potion"},{"floor":21.0,"key":"Fire Potion"}],"is_trial":false,"path_per_floor":["M","M","?","?","M","R","E","R","T","T","M","R","M","M","R","B",null,"M","?","$","M","$","R","E","$","T","?","M"],"character_chosen":"IRONCLAD","items_purchased":["HandDrill","Clothesline"],"campfire_rested":1,"item_purchase_floors":[20,20],"current_hp_per_floor":[62,60,44,70,71,71,41,65,65,65,70,70,72,77,77,37,80,75,59,59,61,61,61,20,20,20,20,0,0],"gold":41,"neow_bonus":"ONE_RARE_RELIC","is_daily":false,"chose_seed":false,"campfire_upgraded":4,"win_rate":0.0,"timestamp":1611088745,"path_taken":["M","M","?","?","M","R","E","R","T","?","?","R","M","M","R","BOSS","M","?","$","M","$","R","E","$","T","?","M"],"items_purchased_type":["Relic","Card"],"build_version":"2020-12-22","purchased_purges":3,"victory":false,"max_hp_per_floor":[80,80,80,80,80,80,80,80,80,80,80,80,80,80,80,80,80,80,80,80,80,80,80,80,80,80,56,56,56],"card_choices":[{"not_picked":["Armaments","Fire Breathing"],"picked":"Heavy Blade","floor":1.0},{"not_picked":["Pommel Strike","Intimidate"],"picked":"Cleave","floor":2.0},{"not_picked":["Reckless Charge","Entrench"],"picked":"Iron Wave","floor":5.0},{"not_picked":["Dark Embrace","Sword Boomerang"],"picked":"Headbutt","floor":7.0},{"not_picked":["True Grit","Infernal Blade"],"picked":"Flame Barrier","floor":11.0},{"not_picked":["Anger","Wild Strike"],"picked":"Pommel Strike","floor":13.0},{"not_picked":["Body Slam","Fire Breathing"],"picked":"Inflame","floor":14.0},{"not_picked":["Brutality","Fiend Fire"],"picked":"Demon Form","floor":16.0},{"not_picked":["Twin Strike","Whirlwind"],"picked":"Shrug It Off","floor":18.0},{"not_picked":["Havoc","Wild Strike"],"picked":"Armaments","floor":21.0},{"not_picked":["Feel No Pain","Infernal Blade+1"],"picked":"Armaments+1","floor":24}],"player_experience":573906,"relics_obtained":[{"floor":7.0,"key":"Du-Vu Doll"},{"floor":9.0,"key":"Matryoshka"},{"floor":10.0,"key":"Smiling Mask"},{"floor":10.0,"key":"Art of War"},{"floor":19.0,"key":"Enchiridion"},{"floor":24,"key":"Bag of Preparation"},{"floor":26,"key":"Letter Opener"},{"floor":26,"key":"Whetstone"}],"event_choices":[{"damage_healed":0.0,"max_hp_gain":0.0,"max_hp_loss":0.0,"gold_gain":0.0,"event_name":"Shining Light","player_choice":"Entered Light","floor":3.0,"gold_loss":0.0,"damage_taken":16.0,"cards_upgraded":["Strike_R","Strike_R"]},{"damage_healed":26.0,"max_hp_gain":0.0,"max_hp_loss":0.0,"gold_gain":0.0,"event_name":"Big Fish","player_choice":"Banana","floor":4.0,"gold_loss":0.0,"damage_taken":0.0},{"damage_healed":0.0,"max_hp_gain":0.0,"max_hp_loss":0.0,"gold_gain":0.0,"event_name":"Cursed Tome","player_choice":"Obtained Book","floor":19.0,"gold_loss":0.0,"damage_taken":16.0},{"damage_healed":0,"gold_gain":0,"player_choice":"Became a vampire","damage_taken":0,"max_hp_gain":0,"max_hp_loss":24,"event_name":"Vampires","floor":27,"gold_loss":0,"cards_obtained":["Bite","Bite","Bite","Bite","Bite"]}],"is_beta":false,"boss_relics":[{"not_picked":["Snecko Eye","Black Blood"],"picked":"Empty Cage"}],"items_purged_floors":[20,22,25],"is_endless":false,"potions_floor_spawned":[7,11,14,18,21],"killed_by":"Cultist and Chosen","ascension_level":4}}