{"host":"08sn1703g14rasc1","time":1611078239,"event":{"mods":["AchievementEnabler","BaseMod","Colored Map","Colored Powertips","Hermit","Minty Spire (QoL Compilation)","StSLib"],"gold_per_floor":[115,115,128,97,97,97,122,122,172,202,202,222,222,244,244,341,341,356,24,38,38,38,38,65,65,65,65,76,101,101,101],"floor_reached":30,"language":"ENG","playtime":1006,"items_purged":[],"score":381,"play_id":"8c1a5ecd-74d7-4655-8822-2f5925b016a9","local_time":"20210119094359","is_ascension_mode":true,"campfire_choices":[{"data":"Eruption","floor":6,"key":"SMITH"},{"floor":8,"key":"REST"},{"floor":11,"key":"REST"},{"floor":15,"key":"REST"},{"data":"Mayhem","floor":23,"key":"SMITH"},{"data":"Alpha","floor":25,"key":"SMITH"},{"data":"WindmillStrike","floor":27,"key":"SMITH"}],"circlet_count":0,"master_deck":["Strike_P","Strike_P","Defend_P","Defend_P","Defend_P","Eruption+1","Vigilance","CutThroughFate","BattleHymn","WindmillStrike+1","Consecrate","EmptyFist+1","DeceiveReality","WaveOfTheHand","Alpha+1","EmptyBody+1","Mayhem+1","Study","FlyingSleeves","SandsOfTime","CarveReality+1","Prostrate","Prostrate"],"relics":["PureWater","Nunchaku","WingedGreaves","Happy Flower","CloakClasp","Odd Mushroom","Runic Pyramid","Regal Pillow","Frozen Egg 2","Shuriken","Ancient Tea Set"],"acts_visited":["Exordium","TheCity"],"potions_floor_usage":[24,24,24,29],"damage_taken":[{"damage":2,"enemies":"Jaw Worm","floor":1,"turns":5},{"damage":2,"enemies":"Small Slimes","floor":3,"turns":3},{"damage":19,"enemies":"3 Sentries","floor":7,"turns":5},{"damage":37,"enemies":"Lagavulin","floor":10,"turns":6},{"damage":0,"enemies":"2 Louse","floor":12,"turns":1},{"damage":11,"enemies":"The Mushroom Lair","floor":14,"turns":3},{"damage":2,"enemies":"Slime Boss","floor":16,"turns":5},{"damage":0,"enemies":"Spheric Guardian","floor":18,"turns":1},{"damage":5,"enemies":"Chosen","floor":20,"turns":3},{"damage":7,"enemies":"Slavers","floor":24,"turns":7},{"damage":6,"enemies":"Sentry and Sphere","floor":28,"turns":6},{"damage":48,"enemies":"Gremlin Leader","floor":29,"turns":7},{"damage":5,"enemies":"Snake Plant","floor":30,"turns":2}],"seed_played":"-3153240070654156926","potions_obtained":[{"floor":10,"key":"Weak Potion"},{"floor":12,"key":"SpeedPotion"},{"floor":16,"key":"DistilledChaos"},{"floor":18,"key":"SkillPotion"},{"floor":28,"key":"Block Potion"},{"floor":29,"key":"CultistPotion"}],"is_trial":false,"path_per_floor":["M","?","M","?","?","R","E","R","T","E","R","M","?","?","R","B",null,"M","$","M","?","?","R","E","R","T","R","M","E","M"],"character_chosen":"WATCHER","items_purchased":["Mayhem","Regal Pillow"],"campfire_rested":3,"item_purchase_floors":[19,19],"current_hp_per_floor":[63,68,66,66,66,66,47,70,70,33,56,56,41,30,53,51,71,71,71,66,66,66,66,59,59,59,59,53,5,0,0],"gold":101,"neow_bonus":"RANDOM_COMMON_RELIC","is_daily":false,"chose_seed":false,"campfire_upgraded":4,"win_rate":0.0,"timestamp":1611078239,"path_taken":["M","?","M","?","?","R","E","R","T","E","R","M","?","?","R","BOSS","M","$","M","?","?","R","E","R","T","R","?","E","M"],"items_purchased_type":["Card","Relic"],"build_version":"2020-12-22","purchased_purges":0,"victory":false,"max_hp_per_floor":[72,77,77,77,77,77,77,77,77,77,77,77,77,77,77,77,77,77,77,77,77,77,77,77,77,77,77,77,77,77,77],"card_choices":[{"not_picked":["Protect","EmptyMind"],"picked":"CutThroughFate","floor":1},{"not_picked":["ForeignInfluence","Evaluate"],"picked":"BattleHymn","floor":3},{"not_picked":["Prostrate","EmptyFist"],"picked":"Consecrate","floor":7},{"not_picked":["BattleHymn","Prostrate"],"picked":"EmptyFist","floor":10},{"not_picked":["Vengeance","Consecrate"],"picked":"DeceiveReality","floor":12},{"not_picked":["CutThroughFate","CrushJoints"],"picked":"WaveOfTheHand","floor":14},{"not_picked":["Wish","Scrawl"],"picked":"Alpha","floor":16},{"not_picked":["FollowUp","Vengeance"],"picked":"EmptyBody+1","floor":18},{"not_picked":["SignatureMove","Protect+1"],"picked":"Study","floor":20},{"not_picked":["Weave","EmptyFist"],"picked":"CarveReality+1","floor":24},{"not_picked":["ClearTheMind","SandsOfTime+1"],"picked":"Prostrate","floor":28},{"not_picked":["ReachHeaven","FollowUp"],"picked":"Prostrate","floor":29}],"player_experience":482733,"relics_obtained":[{"floor":7,"key":"WingedGreaves"},{"floor":9,"key":"Happy Flower"},{"floor":10,"key":"CloakClasp"},{"floor":14,"key":"Odd Mushroom"},{"floor":24,"key":"Frozen Egg 2"},{"floor":26,"key":"Shuriken"},{"floor":29,"key":"Ancient Tea Set"}],"event_choices":[{"damage_healed":0,"gold_gain":0,"player_choice":"Donut","damage_taken":0,"max_hp_gain":5,"max_hp_loss":0,"event_name":"Big Fish","floor":2,"gold_loss":0},{"damage_healed":0,"gold_gain":0,"player_choice":"Left Gold","damage_taken":0,"max_hp_gain":0,"max_hp_loss":0,"event_name":"World of Goop","floor":4,"gold_loss":31},{"damage_healed":0,"gold_gain":0,"cards_transformed":["Strike_P"],"player_choice":"Change","damage_taken":0,"max_hp_gain":0,"max_hp_loss":0,"event_name":"Living Wall","floor":5,"gold_loss":0,"cards_obtained":["WindmillStrike"]},{"damage_healed":0,"gold_gain":0,"player_choice":"Entered Light","damage_taken":15,"max_hp_gain":0,"max_hp_loss":0,"event_name":"Shining Light","floor":13,"gold_loss":0,"cards_upgraded":["EmptyFist","Defend_P"]},{"damage_healed":0,"gold_gain":0,"player_choice":"Fought Mushrooms","damage_taken":0,"max_hp_gain":0,"max_hp_loss":0,"event_name":"Mushrooms","floor":14,"gold_loss":0},{"damage_healed":0,"gold_gain":0,"player_choice":"Ignored","damage_taken":0,"max_hp_gain":0,"max_hp_loss":0,"event_name":"Vampires","floor":21,"gold_loss":0},{"damage_healed":0,"gold_gain":0,"cards_transformed":["Strike_P","Defend_P"],"player_choice":"Became Test Subject","damage_taken":0,"max_hp_gain":0,"max_hp_loss":0,"event_name":"Drug Dealer","floor":22,"gold_loss":0,"cards_obtained":["FlyingSleeves","SandsOfTime"]}],"is_beta":false,"boss_relics":[{"not_picked":["Runic Dome","Astrolabe"],"picked":"Runic Pyramid"}],"items_purged_floors":[],"is_endless":false,"potions_floor_spawned":[10,12,16,18,28,29],"killed_by":"Snake Plant","ascension_level":8}}