{"host":"ymw71f7rc9ndansy","time":1611023532,"event":{"mods":["ATMod(阿瑾Mod)","Act Like it!","Aspiration","BaseMod","DeckTracker","Downfall","Hubris","Library of Ruina","Library of Ruina Extra","Minty Spire (QoL Compilation)","MostiFishMod","Remove Card Discount Mod","StSLib","TestMod","【功能Mod】精心准备","【遗物卡牌】REMEMod"],"gold_per_floor":[99,99,99,99,99,115,115,115,115,129,159,189,220,237,257,356,356,356,356,356,356],"floor_reached":19,"language":"ZHS","playtime":393,"items_purged":[],"score":284,"play_id":"1365f4b1-41c3-4192-b4c4-4e08524b3ece","local_time":"20210119103212","is_ascension_mode":true,"campfire_choices":[{"data":"champ:HeavySlash","floor":1,"key":"SMITH"},{"data":"AT_KingSlayer","floor":8,"key":"SMITH"},{"data":"hexamod:Sear","floor":18,"key":"SMITH"}],"circlet_count":0,"master_deck":["hexamod:Strike","hexamod:Strike","hexamod:Strike","hexamod:Defend+1","hexamod:Defend+1","hexamod:Defend","hexamod:Defend+1","hexamod:Sear+1","hexamod:Float+1","AT_KingSlayer+1","champ:HeavySlash+1","hexamod:SixthSeal"],"relics":["hexamod:SpiritBrand","testmod-TestBox","REME_ComplimentaryCards","AT_ATBox","Civilization","testmod-TimeTraveler","downfall:HeartsMalice","DaveBox","BirthdayGift-Icosahedron","testmod-InjuryResistance","hubris:Potato","AT_RedTearstoneRing","hubris:Backtick","AT_BellDemon"],"acts_visited":["Exordium","TheCity"],"potions_floor_usage":[],"damage_taken":[{"damage":0,"enemies":"2 Louse","floor":2,"turns":1},{"damage":0,"enemies":"Small Slimes","floor":3,"turns":1},{"damage":0,"enemies":"Jaw Worm","floor":4,"turns":1},{"damage":0,"enemies":"Exordium Wildlife","floor":6,"turns":3},{"damage":0,"enemies":"Exordium Thugs","floor":10,"turns":2},{"damage":0,"enemies":"Gremlin Nob","floor":11,"turns":3},{"damage":0,"enemies":"3 Sentries","floor":13,"turns":2},{"damage":0,"enemies":"2 Fungi Beasts","floor":14,"turns":1},{"damage":0,"enemies":"Large Slime","floor":15,"turns":2},{"damage":9,"enemies":"SI_SHIV_ARCHETYPE","floor":16,"turns":4},{"damage":108,"enemies":"Spheric Guardian","floor":19,"turns":7}],"seed_played":"-2127510802377858468","potions_obtained":[{"floor":6,"key":"champ:CounterPotion"},{"floor":10,"key":"LiquidMemories"}],"is_trial":false,"path_per_floor":["R","M","M","M","?","M","T","R","?","M","E","?","E","M","M","B",null,"R","M"],"character_chosen":"THE_SPIRIT","items_purchased":[],"campfire_rested":0,"item_purchase_floors":[],"current_hp_per_floor":[70,70,70,70,70,72,72,72,72,76,81,81,86,91,96,93,101,101,0,0,0],"gold":356,"neow_bonus":"THREE_ENEMY_KILL","is_daily":false,"chose_seed":false,"campfire_upgraded":3,"win_rate":0.0,"timestamp":1611023532,"path_taken":["R","M","M","M","?","M","T","R","?","M","E","?","E","M","M","BOSS","R","M"],"items_purchased_type":[],"build_version":"2020-12-22","purchased_purges":0,"victory":false,"max_hp_per_floor":[70,70,70,70,70,72,72,72,72,76,81,81,86,91,96,101,101,101,101,101,101],"card_choices":[{"not_picked":["hexamod:SixthSeal","hexamod:GhostOfSpireFuture","hexamod:NightmareStrike"],"picked":"SKIP","floor":11},{"not_picked":["hexamod:GhostOfSpireFuture","hexamod:NightmareStrike"],"picked":"hexamod:SixthSeal","floor":11},{"not_picked":["hexamod:ThirdSeal","hexamod:SecondSeal","hexamod:SpectersWail"],"picked":"SKIP","floor":13},{"not_picked":["hexamod:HauntingEcho","hexamod:Firestarter","hexamod:SpectralAdrenaline"],"picked":"SKIP","floor":14},{"not_picked":["hexamod:InspiringFlames","hexamod:PhantomFireball","hexamod:BacktrackSmack"],"picked":"SKIP","floor":15}],"player_experience":1097231,"relics_obtained":[{"floor":11,"key":"testmod-InjuryResistance"},{"floor":13,"key":"AT_RedTearstoneRing"}],"event_choices":[{"damage_healed":0,"gold_gain":0,"player_choice":"Swap Relic","damage_taken":0,"relics_obtained":["DaveBox"],"max_hp_gain":0,"max_hp_loss":0,"event_name":"给自己的盒子","floor":5,"relics_lost":["DaveBox"],"gold_loss":0}],"is_beta":false,"boss_relics":[{"not_picked":["Astrolabe","BloodWine"],"picked":"hubris:Backtick"}],"items_purged_floors":[],"is_endless":false,"potions_floor_spawned":[6,10,11],"killed_by":"Spheric Guardian","ascension_level":1}}