{"host":"uv5ws9rdk87e8i5k","time":1611075538,"event":{"mods":["AchievementEnabler","BaseMod","Colored Map","Minty Spire (QoL Compilation)","StSLib","SuperFastMode"],"gold_per_floor":[113,132,132,146,146,178,178,204,230,255,255,270,300,320,320,415,415,435,435,452,470,50,82,82,116,116,133,145,70,70,86,86,181,181,194,194,194,194,212,237,237,252,252,24,38,38,64,74,74,74,74],"floor_reached":50,"language":"ENG","playtime":2833,"items_purged":["Strike_R"],"score":839,"play_id":"ff288ce0-457d-44ab-80c6-4ad8feead37e","local_time":"20210119105858","is_ascension_mode":true,"campfire_choices":[{"data":"Demon Form","floor":7,"key":"SMITH"},{"data":"Heavy Blade","floor":15,"key":"SMITH"},{"data":"Demon Form","floor":24,"key":"SMITH"},{"data":"Bludgeon","floor":32,"key":"SMITH"},{"floor":41,"key":"REST"},{"floor":46,"key":"REST"},{"floor":49,"key":"REST"}],"circlet_count":0,"master_deck":["Strike_R+1","Strike_R+1","Defend_R","Defend_R","Bash","Demon Form+1","Sword Boomerang","Sword Boomerang","Whirlwind","Double Tap","Headbutt","Heavy Blade+1","Shrug It Off","Bludgeon+1","Double Tap","Headbutt","Demon Form+1","Demon Form+1","Offering","Parasite","Rage"],"relics":["Burning Blood","Lantern","Happy Flower","Bag of Preparation","Vajra","Incense Burner","Blood Vial","Philosopher\u0027s Stone","Orichalcum","Kunai","Calipers","Gremlin Horn","Busted Crown","PreservedInsect","White Beast Statue","Chemical X","Nunchaku"],"acts_visited":["Exordium","TheCity","TheBeyond"],"potions_floor_usage":[4,8,8,10,13,13,13,25,31,36,47,48,50,50,50],"damage_taken":[{"damage":8,"enemies":"Jaw Worm","floor":1,"turns":4},{"damage":0,"enemies":"Small Slimes","floor":2,"turns":4},{"damage":0,"enemies":"Cultist","floor":4,"turns":3},{"damage":20,"enemies":"Lagavulin","floor":6,"turns":5},{"damage":0,"enemies":"Gremlin Nob","floor":8,"turns":2},{"damage":20,"enemies":"Lagavulin","floor":10,"turns":7},{"damage":0,"enemies":"Gremlin Gang","floor":12,"turns":1},{"damage":0,"enemies":"Gremlin Nob","floor":13,"turns":2},{"damage":6,"enemies":"2 Fungi Beasts","floor":14,"turns":2},{"damage":35,"enemies":"The Guardian","floor":16,"turns":6},{"damage":9,"enemies":"2 Thieves","floor":18,"turns":3},{"damage":7,"enemies":"Spheric Guardian","floor":20,"turns":3},{"damage":19,"enemies":"Centurion and Healer","floor":21,"turns":3},{"damage":0,"enemies":"Gremlin Leader","floor":23,"turns":5},{"damage":13,"enemies":"Slavers","floor":25,"turns":3},{"damage":0,"enemies":"Snake Plant","floor":27,"turns":2},{"damage":6,"enemies":"Sentry and Sphere","floor":28,"turns":3},{"damage":0,"enemies":"Snecko","floor":31,"turns":2},{"damage":48,"enemies":"Collector","floor":33,"turns":5},{"damage":12,"enemies":"3 Shapes","floor":35,"turns":2},{"damage":0,"enemies":"3 Darklings","floor":36,"turns":1},{"damage":38,"enemies":"Writhing Mass","floor":39,"turns":3},{"damage":28,"enemies":"Giant Head","floor":40,"turns":5},{"damage":21,"enemies":"Transient","floor":42,"turns":5},{"damage":12,"enemies":"Sphere and 2 Shapes","floor":45,"turns":2},{"damage":0,"enemies":"Reptomancer","floor":47,"turns":3},{"damage":50,"enemies":"4 Shapes","floor":48,"turns":2},{"damage":50,"enemies":"Time Eater","floor":50,"turns":4}],"seed_played":"1894257706172677980","potions_obtained":[{"floor":1,"key":"Fire Potion"},{"floor":2,"key":"SkillPotion"},{"floor":6,"key":"Energy Potion"},{"floor":8,"key":"Weak Potion"},{"floor":12,"key":"EntropicBrew"},{"floor":23,"key":"SteroidPotion"},{"floor":25,"key":"SpeedPotion"},{"floor":28,"key":"CultistPotion"},{"floor":33,"key":"SmokeBomb"},{"floor":42,"key":"Regen Potion"},{"floor":45,"key":"LiquidBronze"},{"floor":47,"key":"LiquidBronze"},{"floor":48,"key":"FearPotion"}],"is_trial":false,"path_per_floor":["M","M","?","M","?","E","R","E","T","E","T","M","E","M","R","B",null,"M","?","M","M","$","E","R","E","T","M","M","?","?","M","R","B",null,"M","M","?","?","M","E","R","M","T","$","M","R","E","M","R","B"],"character_chosen":"IRONCLAD","items_purchased":["Orichalcum","Double Tap","Headbutt","Rage","Chemical X"],"campfire_rested":3,"item_purchase_floors":[22,22,22,44,44],"current_hp_per_floor":[54,60,60,66,50,36,36,42,42,28,28,34,45,47,47,20,80,77,77,78,67,67,75,75,70,70,78,80,80,80,80,80,38,80,74,80,76,76,44,24,46,33,33,33,29,51,68,26,48,0,0],"gold":74,"neow_bonus":"TRANSFORM_TWO_CARDS","is_daily":false,"chose_seed":false,"campfire_upgraded":4,"win_rate":0.0,"timestamp":1611075538,"path_taken":["M","M","?","M","?","E","R","E","T","E","?","M","E","M","R","BOSS","M","?","?","M","$","E","R","E","T","M","?","?","?","?","R","BOSS","M","M","?","?","M","E","R","?","T","$","?","R","E","M","R","BOSS"],"items_purchased_type":["Relic","Card","Card","Card","Relic"],"build_version":"2020-12-22","purchased_purges":1,"victory":false,"max_hp_per_floor":[80,80,80,80,80,80,80,80,80,80,80,80,80,80,80,80,80,80,80,80,80,80,80,80,80,80,80,80,80,80,80,80,80,80,80,80,76,76,76,76,76,76,76,76,76,76,76,76,76,76,76],"card_choices":[{"not_picked":["Blood for Blood","Feel No Pain"],"picked":"Sword Boomerang","floor":1},{"not_picked":["Twin Strike","Wild Strike"],"picked":"Whirlwind","floor":2},{"not_picked":["Wild Strike","Cleave"],"picked":"Double Tap","floor":4},{"not_picked":["Disarm","Shrug It Off"],"picked":"Headbutt","floor":6},{"not_picked":["Perfected Strike","Flame Barrier"],"picked":"Heavy Blade","floor":8},{"not_picked":["Entrench","Metallicize"],"picked":"Shrug It Off","floor":10},{"not_picked":["Metallicize","Sword Boomerang","Headbutt"],"picked":"SKIP","floor":12},{"not_picked":["Disarm","Headbutt","Bloodletting"],"picked":"SKIP","floor":13},{"not_picked":["Warcry","Clothesline","Iron Wave"],"picked":"SKIP","floor":14},{"not_picked":["Barricade","Impervious"],"picked":"Bludgeon","floor":16},{"not_picked":["Pommel Strike","Havoc","Perfected Strike"],"picked":"SKIP","floor":18},{"not_picked":["Clash","Wild Strike","Combust+1"],"picked":"SKIP","floor":20},{"not_picked":["Thunderclap","Sword Boomerang+1","Warcry"],"picked":"SKIP","floor":21},{"not_picked":["Clash","True Grit+1"],"picked":"Demon Form","floor":23},{"not_picked":["Thunderclap","Clothesline","Uppercut"],"picked":"SKIP","floor":25},{"not_picked":["Perfected Strike","Anger","Headbutt"],"picked":"SKIP","floor":27},{"not_picked":["Wild Strike","Iron Wave","Pummel"],"picked":"SKIP","floor":28},{"not_picked":["Body Slam+1","Second Wind","Warcry+1"],"picked":"SKIP","floor":31},{"not_picked":["Immolate","Impervious"],"picked":"Offering","floor":33},{"not_picked":["Body Slam+1"],"picked":"SKIP","floor":35},{"not_picked":["Anger"],"picked":"SKIP","floor":39},{"not_picked":["Pommel Strike+1"],"picked":"SKIP","floor":40},{"not_picked":["Sword Boomerang"],"picked":"SKIP","floor":42},{"not_picked":["Rampage"],"picked":"SKIP","floor":45},{"not_picked":["Sword Boomerang+1"],"picked":"SKIP","floor":47},{"not_picked":["True Grit+1"],"picked":"SKIP","floor":48}],"player_experience":125556,"relics_obtained":[{"floor":6,"key":"Lantern"},{"floor":8,"key":"Happy Flower"},{"floor":9,"key":"Bag of Preparation"},{"floor":10,"key":"Vajra"},{"floor":11,"key":"Incense Burner"},{"floor":13,"key":"Blood Vial"},{"floor":23,"key":"Kunai"},{"floor":25,"key":"Calipers"},{"floor":26,"key":"Gremlin Horn"},{"floor":40,"key":"PreservedInsect"},{"floor":43,"key":"White Beast Statue"},{"floor":47,"key":"Nunchaku"}],"event_choices":[{"damage_healed":0,"gold_gain":0,"player_choice":"Ignored","damage_taken":0,"max_hp_gain":0,"max_hp_loss":0,"event_name":"Liars Game","floor":3,"gold_loss":0},{"damage_healed":0,"gold_gain":0,"player_choice":"Entered Light","damage_taken":16,"max_hp_gain":0,"max_hp_loss":0,"event_name":"Shining Light","floor":5,"gold_loss":0,"cards_upgraded":["Strike_R","Strike_R"]},{"damage_healed":0,"gold_gain":0,"player_choice":"Bought 0 Potions","damage_taken":0,"max_hp_gain":0,"max_hp_loss":0,"event_name":"The Woman in Blue","floor":19,"gold_loss":0},{"cards_removed":["Strike_R"],"damage_healed":0,"gold_gain":0,"player_choice":"Gave Gold","damage_taken":0,"max_hp_gain":0,"max_hp_loss":0,"event_name":"Beggar","floor":29,"gold_loss":75},{"damage_healed":0,"gold_gain":0,"player_choice":"Copied","damage_taken":0,"max_hp_gain":0,"max_hp_loss":0,"event_name":"Duplicator","floor":30,"gold_loss":0,"cards_obtained":["Demon Form"]},{"damage_healed":0,"gold_gain":0,"player_choice":"Max HP","damage_taken":0,"max_hp_gain":0,"max_hp_loss":4,"event_name":"Winding Halls","floor":37,"gold_loss":0},{"cards_removed":["Defend_R"],"damage_healed":0,"gold_gain":0,"player_choice":"Purged","damage_taken":0,"max_hp_gain":0,"max_hp_loss":0,"event_name":"Purifier","floor":38,"gold_loss":0}],"is_beta":false,"boss_relics":[{"not_picked":["Fusion Hammer","Ectoplasm"],"picked":"Philosopher\u0027s Stone"},{"not_picked":["Empty Cage","Tiny House"],"picked":"Busted Crown"}],"items_purged_floors":[22],"is_endless":false,"potions_floor_spawned":[1,2,6,8,12,23,25,28,33,36,42,45,47,48],"killed_by":"Time Eater","ascension_level":4}}