{"host":"6svvh3ubww6quchd","time":1611019883,"event":{"mods":["AchievementEnabler","BaseMod","Highlight Path","Minty Spire (QoL Compilation)","Rare Cards Sparkle","Relic Stats","StSLib"],"gold_per_floor":[110,130,1,11,11,11,41,55,82,82,82,110,127,127,127,258,258,198,198,198,198,198,198,198,198,198,198,198,198,198,198,198,198,198],"floor_reached":33,"language":"ENG","playtime":1273,"items_purged":[],"score":339,"play_id":"2bc4ca18-441f-48df-bf15-4a7cead630e6","local_time":"20210118203123","is_ascension_mode":true,"campfire_choices":[{"data":"Dash","floor":6,"key":"SMITH"},{"floor":10,"key":"REST"},{"floor":15,"key":"REST"},{"data":"Leg Sweep","floor":24,"key":"SMITH"},{"floor":30,"key":"REST"},{"floor":32,"key":"REST"}],"circlet_count":0,"master_deck":["Strike_G","Strike_G","Defend_G","Defend_G","Defend_G","Defend_G","Defend_G","Survivor","Neutralize","Envenom","Dagger Spray","Deadly Poison","Dash+1","PiercingWail","Bane","Dodge and Roll","Corpse Explosion","Catalyst+1","Leg Sweep+1","Adrenaline","Riddle With Holes","Reflex","Slice","Flechettes","Bullet Time","Noxious Fumes"],"relics":["Ring of the Snake","Dream Catcher","Happy Flower","Juzu Bracelet","Golden Idol","Ectoplasm","Tiny Chest","CeramicFish","Red Mask","Omamori"],"acts_visited":["Exordium","TheCity"],"potions_floor_usage":[11,23,23,31,33],"damage_taken":[{"damage":1,"enemies":"Cultist","floor":1,"turns":5},{"damage":2,"enemies":"2 Louse","floor":2,"turns":4},{"damage":1,"enemies":"Jaw Worm","floor":4,"turns":4},{"damage":21,"enemies":"Lagavulin","floor":7,"turns":7},{"damage":1,"enemies":"Gremlin Gang","floor":8,"turns":4},{"damage":0,"enemies":"Exordium Wildlife","floor":11,"turns":1},{"damage":10,"enemies":"3 Sentries","floor":12,"turns":3},{"damage":26,"enemies":"Exordium Thugs","floor":13,"turns":7},{"damage":20,"enemies":"The Guardian","floor":16,"turns":12},{"damage":4,"enemies":"2 Thieves","floor":18,"turns":3},{"damage":7,"enemies":"Chosen","floor":19,"turns":4},{"damage":15,"enemies":"Centurion and Healer","floor":21,"turns":5},{"damage":1,"enemies":"Book of Stabbing","floor":23,"turns":6},{"damage":13,"enemies":"Snecko","floor":25,"turns":6},{"damage":10,"enemies":"Masked Bandits","floor":29,"turns":3},{"damage":19,"enemies":"Slavers","floor":31,"turns":4},{"damage":37,"enemies":"Collector","floor":33,"turns":5}],"seed_played":"-1893220577128167097","potions_obtained":[{"floor":4,"key":"SkillPotion"},{"floor":7,"key":"SmokeBomb"},{"floor":12,"key":"Block Potion"},{"floor":16,"key":"GhostInAJar"},{"floor":25,"key":"ColorlessPotion"},{"floor":29,"key":"CultistPotion"}],"is_trial":false,"path_per_floor":["M","M","$","M","?","R","E","M","T","R","M","E","M","?","R","B",null,"M","M","?","M","?","E","R","M","T","?","?","?","R","E","R","B"],"character_chosen":"THE_SILENT","items_purchased":["Dash","PowerPotion"],"campfire_rested":4,"item_purchase_floors":[3,3],"current_hp_per_floor":[69,67,67,66,66,66,45,44,44,65,65,55,29,29,48,28,65,61,54,54,39,39,38,38,25,25,25,25,15,34,15,34,0,0],"gold":198,"neow_bonus":"ONE_RANDOM_RARE_CARD","is_daily":false,"chose_seed":false,"campfire_upgraded":2,"win_rate":0.0,"timestamp":1611019883,"path_taken":["M","M","?","M","?","R","E","?","T","R","M","E","M","?","R","BOSS","M","M","?","M","?","E","R","M","T","?","?","?","R","E","R","BOSS"],"items_purchased_type":["Card","Potion"],"build_version":"2020-12-22","purchased_purges":0,"victory":false,"max_hp_per_floor":[70,70,70,70,70,70,70,70,70,70,70,70,70,65,65,65,65,65,65,65,65,65,65,65,65,65,65,65,65,65,65,65,65,65],"relic_stats":{"Dream Catcher":4,"Happy Flower":[19],"counters":[17,83],"Golden Idol":64,"CeramicFish":0,"Tiny Chest":0,"Ectoplasm":344,"Juzu Bracelet":3,"obtain_stats":[{"Dream Catcher":7,"Happy Flower":9,"Golden Idol":14,"CeramicFish":26,"Tiny Chest":23,"Ectoplasm":17,"Juzu Bracelet":12,"Red Mask":29,"Omamori":31,"Ring of the Snake":0},{"Dream Catcher":4,"Happy Flower":5,"Golden Idol":8,"CeramicFish":14,"Tiny Chest":13,"Ectoplasm":9,"Juzu Bracelet":7,"Red Mask":15,"Omamori":16,"Ring of the Snake":0},{"Dream Catcher":20,"Happy Flower":24,"Golden Idol":35,"CeramicFish":71,"Tiny Chest":65,"Ectoplasm":47,"Juzu Bracelet":28,"Red Mask":74,"Omamori":78,"Ring of the Snake":0}],"Ring of the Snake":[34]},"card_choices":[{"not_picked":["Outmaneuver","Heel Hook"],"picked":"Dagger Spray","floor":1},{"not_picked":["Cloak And Dagger","Caltrops"],"picked":"Deadly Poison","floor":2},{"not_picked":["Blur","Terror"],"picked":"PiercingWail","floor":4},{"not_picked":["Outmaneuver","Acrobatics"],"picked":"Bane","floor":7},{"not_picked":["Bane","Outmaneuver"],"picked":"Dodge and Roll","floor":8},{"not_picked":["Dodge and Roll","Backflip"],"picked":"Corpse Explosion","floor":10},{"not_picked":["Choke","PiercingWail","Bane"],"picked":"SKIP","floor":12},{"not_picked":["Crippling Poison","Dash"],"picked":"Catalyst","floor":13},{"not_picked":["Dagger Spray","Backflip"],"picked":"Leg Sweep","floor":15},{"not_picked":["Doppelganger","Tools of the Trade"],"picked":"Adrenaline","floor":16},{"not_picked":["Outmaneuver+1","Prepared"],"picked":"Riddle With Holes","floor":18},{"not_picked":["Deflect","Dash","PiercingWail"],"picked":"SKIP","floor":19},{"not_picked":["Choke+1","Prepared+1","Bane"],"picked":"SKIP","floor":21},{"not_picked":["Deflect","Riddle With Holes","Skewer"],"picked":"SKIP","floor":23},{"not_picked":["Distraction","Dodge and Roll","Blade Dance+1"],"picked":"SKIP","floor":25},{"not_picked":["Leg Sweep","Blur"],"picked":"Bullet Time","floor":30},{"not_picked":["Dagger Throw","Dodge and Roll","Expertise"],"picked":"SKIP","floor":31},{"not_picked":["Bane","Flying Knee"],"picked":"Noxious Fumes","floor":32}],"player_experience":140067,"relics_obtained":[{"floor":7,"key":"Dream Catcher"},{"floor":9,"key":"Happy Flower"},{"floor":12,"key":"Juzu Bracelet"},{"floor":23,"key":"Tiny Chest"},{"floor":26,"key":"CeramicFish"},{"floor":29,"key":"Red Mask"},{"floor":31,"key":"Omamori"}],"event_choices":[{"damage_healed":0,"gold_gain":0,"player_choice":"Ignored","damage_taken":0,"max_hp_gain":0,"max_hp_loss":0,"event_name":"Liars Game","floor":5,"gold_loss":0},{"damage_healed":0,"gold_gain":0,"player_choice":"Lose Max HP","damage_taken":0,"relics_obtained":["Golden Idol"],"max_hp_gain":0,"max_hp_loss":5,"event_name":"Golden Idol","floor":14,"gold_loss":0},{"damage_healed":0,"gold_gain":0,"player_choice":"Upgraded","damage_taken":0,"max_hp_gain":0,"max_hp_loss":0,"event_name":"Upgrade Shrine","floor":20,"gold_loss":0,"cards_upgraded":["Catalyst"]},{"damage_healed":0,"gold_gain":0,"player_choice":"Ignored","damage_taken":0,"max_hp_gain":0,"max_hp_loss":0,"event_name":"Vampires","floor":22,"gold_loss":0},{"damage_healed":0,"gold_gain":0,"cards_transformed":["Strike_G","Strike_G"],"player_choice":"Became Test Subject","damage_taken":0,"max_hp_gain":0,"max_hp_loss":0,"event_name":"Drug Dealer","floor":27,"gold_loss":0,"cards_obtained":["Reflex","Slice"]},{"damage_healed":0,"gold_gain":0,"cards_transformed":["Strike_G"],"player_choice":"Transformed","damage_taken":0,"max_hp_gain":0,"max_hp_loss":0,"event_name":"Transmorgrifier","floor":28,"gold_loss":0,"cards_obtained":["Flechettes"]},{"damage_healed":0,"gold_gain":0,"player_choice":"Fought Bandits","damage_taken":0,"max_hp_gain":0,"max_hp_loss":0,"event_name":"Masked Bandits","floor":29,"gold_loss":0}],"is_beta":false,"boss_relics":[{"not_picked":["HoveringKite","SlaversCollar"],"picked":"Ectoplasm"}],"items_purged_floors":[],"is_endless":false,"potions_floor_spawned":[4,7,11,12,16,18,19,25,29],"killed_by":"Collector","ascension_level":3}}