{"host":"dowi7cgbhepuzvpj","time":1611095668,"event":{"mods":["AchievementEnabler","BaseMod","Colored Map","Highlight Path","Keyboard Shortcuts","Minty Spire (QoL Compilation)","Permanent Neow","Quick Restart","StSLib","SuperFastMode"],"gold_per_floor":[111,125,125,138,63,63,63,94,94,94,94,18,34,49,49,126,126,144,70,70,70,81,107,107,107,130,156,156,156,5,30,30,30,30],"floor_reached":33,"language":"KOR","playtime":768,"items_purged":["Regret","Strike_R+1"],"score":602,"play_id":"82d838bd-45ae-4a42-93a4-0451b1d9b0ea","local_time":"20210120073428","is_ascension_mode":true,"campfire_choices":[{"data":"Apotheosis","floor":6.0,"key":"SMITH"},{"data":"Inflame","floor":11.0,"key":"SMITH"},{"data":"Evolve","floor":15.0,"key":"SMITH"},{"data":"Fire Breathing","floor":25,"key":"SMITH"},{"floor":29,"key":"REST"},{"data":"True Grit","floor":32,"key":"SMITH"}],"circlet_count":0,"master_deck":["AscendersBane","Strike_R+1","Strike_R+1","Strike_R+1","Strike_R+1","Defend_R+1","Defend_R+1","Defend_R+1","Defend_R+1","Bash","Apotheosis+1","Power Through","Iron Wave","Evolve+1","Inflame+1","Wild Strike","Shrug It Off","Sever Soul","Reaper","Fire Breathing+1","Spot Weakness","Sword Boomerang","Wild Strike+1","True Grit+1","Offering"],"relics":["Burning Blood","Gremlin Horn","Strawberry","Blue Candle","SlaversCollar","Potion Belt","Blood Vial","Question Card","Tiny Chest"],"acts_visited":["Exordium","TheCity"],"potions_floor_usage":[16,23,28],"damage_taken":[{"damage":9.0,"enemies":"Jaw Worm","floor":1.0,"turns":4.0},{"damage":5.0,"enemies":"2 Louse","floor":2.0,"turns":4.0},{"damage":3.0,"enemies":"Small Slimes","floor":4.0,"turns":4.0},{"damage":39.0,"enemies":"Gremlin Nob","floor":8.0,"turns":4.0},{"damage":9.0,"enemies":"2 Fungi Beasts","floor":13.0,"turns":4.0},{"damage":7.0,"enemies":"3 Louse","floor":14.0,"turns":4.0},{"damage":11,"enemies":"Hexaghost","floor":16,"turns":9},{"damage":14,"enemies":"Spheric Guardian","floor":18,"turns":8},{"damage":11,"enemies":"Chosen","floor":22,"turns":6},{"damage":77,"enemies":"Slavers","floor":23,"turns":5},{"damage":52,"enemies":"Book of Stabbing","floor":27,"turns":6},{"damage":0,"enemies":"Centurion and Healer","floor":28,"turns":1},{"damage":50,"enemies":"Slavers","floor":31,"turns":5},{"damage":44,"enemies":"Champ","floor":33,"turns":7}],"seed_played":"-5567866311710168712","potions_obtained":[{"floor":4.0,"key":"Fire Potion"},{"floor":8.0,"key":"SkillPotion"},{"floor":16,"key":"SmokeBomb"},{"floor":23,"key":"LiquidBronze"}],"is_trial":false,"path_per_floor":["M","M","?","M","$","R","?","E","T","?","R","$","M","M","R","B",null,"M","$","?","?","M","E","?","R","T","E","M","R","$","E","R","B"],"character_chosen":"IRONCLAD","items_purchased":["Wild Strike","Shrug It Off","Fire Breathing","True Grit"],"campfire_rested":1,"item_purchase_floors":[12,12,19,30],"current_hp_per_floor":[65,66,66,69,69,69,74,41,48,37,37,37,34,33,33,28,72,64,64,64,64,59,10,87,87,87,41,49,75,75,33,33,0,0],"gold":30,"neow_bonus":"RANDOM_COLORLESS_2","is_daily":false,"chose_seed":false,"campfire_upgraded":5,"win_rate":0.0,"timestamp":1611095668,"path_taken":["M","M","?","M","$","R","?","E","T","?","R","$","M","M","R","BOSS","M","$","?","?","M","E","?","R","T","E","?","R","$","E","R","BOSS"],"items_purchased_type":["Card","Card","Card","Card"],"build_version":"2020-12-22","purchased_purges":2,"victory":false,"max_hp_per_floor":[75,75,75,75,75,75,80,80,87,87,87,87,87,87,87,87,87,87,87,87,87,87,87,87,87,87,87,87,87,87,87,87,87,87],"card_choices":[{"not_picked":["Transmutation","HandOfGreed"],"picked":"Apotheosis","floor":0.0},{"not_picked":["Twin Strike","Shrug It Off"],"picked":"Power Through","floor":1.0},{"not_picked":["Havoc","Burning Pact"],"picked":"Iron Wave","floor":2.0},{"not_picked":["Whirlwind","Havoc"],"picked":"Evolve","floor":4.0},{"not_picked":["Rupture","Pommel Strike"],"picked":"Inflame","floor":8.0},{"not_picked":["Anger","Body Slam","Clash"],"picked":"SKIP","floor":13.0},{"not_picked":["Clash","Havoc"],"picked":"Sever Soul","floor":14.0},{"not_picked":["Bludgeon","Brutality"],"picked":"Reaper","floor":16},{"not_picked":["Pommel Strike","Iron Wave","Clash"],"picked":"SKIP","floor":18},{"not_picked":["Shockwave","Blood for Blood"],"picked":"Sword Boomerang","floor":22},{"not_picked":["Warcry","Entrench"],"picked":"Seeing Red","floor":23},{"not_picked":["Heavy Blade","Clash+1"],"picked":"Wild Strike+1","floor":27},{"not_picked":["Cleave","Rampage+1","Headbutt"],"picked":"Offering","floor":31}],"player_experience":832574,"relics_obtained":[{"floor":8.0,"key":"Gremlin Horn"},{"floor":9.0,"key":"Strawberry"},{"floor":23,"key":"Potion Belt"},{"floor":26,"key":"Blood Vial"},{"floor":27,"key":"Question Card"},{"floor":31,"key":"Tiny Chest"}],"event_choices":[{"damage_healed":0.0,"max_hp_gain":0.0,"max_hp_loss":0.0,"gold_gain":0.0,"event_name":"Liars Game","player_choice":"Ignored","floor":3.0,"gold_loss":0.0,"damage_taken":0.0},{"damage_healed":0.0,"max_hp_gain":5.0,"max_hp_loss":0.0,"gold_gain":0.0,"event_name":"Big Fish","player_choice":"Donut","floor":7.0,"gold_loss":0.0,"damage_taken":0.0},{"damage_healed":0.0,"max_hp_gain":0.0,"max_hp_loss":0.0,"gold_gain":0.0,"event_name":"Scrap Ooze","player_choice":"Success","floor":10.0,"gold_loss":0.0,"damage_taken":11.0,"relics_obtained":["Blue Candle"]},{"damage_healed":0,"gold_gain":0,"player_choice":"Read","damage_taken":0,"max_hp_gain":0,"max_hp_loss":0,"event_name":"The Library","floor":20,"gold_loss":0,"cards_obtained":["Spot Weakness"]},{"damage_healed":0,"gold_gain":0,"player_choice":"Simplicity","damage_taken":0,"max_hp_gain":0,"max_hp_loss":0,"event_name":"Back to Basics","floor":21,"gold_loss":0,"cards_upgraded":["Strike_R","Strike_R","Strike_R","Strike_R","Strike_R","Defend_R","Defend_R","Defend_R","Defend_R"]},{"cards_removed":["Seeing Red"],"damage_healed":77,"gold_gain":0,"player_choice":"Offered Uncommon","damage_taken":0,"max_hp_gain":0,"max_hp_loss":0,"event_name":"Bonfire Elementals","floor":24,"gold_loss":0}],"is_beta":false,"boss_relics":[{"not_picked":["Runic Dome","Busted Crown"],"picked":"SlaversCollar"}],"items_purged_floors":[5,30],"is_endless":false,"potions_floor_spawned":[4,8,16,18,23],"killed_by":"Champ","ascension_level":20}}