{"host":"ecaj4hn004xnnrw9","time":1611076924,"event":{"mods":["AchievementEnabler","BaseMod","Better Third Choice","Card Forge","Hermit","Hubris","Infinite Spire","Jorbs\u0027s Wanderer Trilogy","Minty Spire (QoL Compilation)","Quick Restart","Relic Stats","Shop Mod","StSLib","The Construct","The Jungle","The Runesmith"],"gold_per_floor":[116,126,126,145,145,174,189,189,213,239,239,271,286,298,298,393,393,405,72,91,91,101,101,129,129,207,227,227,227,7,24,24,129,129,141,53,53,53],"floor_reached":37,"language":"ENG","playtime":1407,"items_purged":["Strike_R","Defend_R"],"score":694,"play_id":"47b40f08-f190-4928-b358-a5c292c6c3b0","local_time":"20210119172204","is_ascension_mode":true,"campfire_choices":[{"data":"Heavy Blade","floor":8,"key":"SMITH"},{"data":"Disarm","floor":15,"key":"SMITH"},{"data":"Fiend Fire","floor":23,"key":"SMITH"},{"data":"Demon Form","floor":25,"key":"SMITH"},{"data":"Clothesline","floor":28,"key":"SMITH"},{"data":"Dark Embrace","floor":32,"key":"SMITH"}],"circlet_count":0,"master_deck":["AscendersBane","Strike_R+1","Defend_R","Defend_R","Defend_R","Bash+1","Disarm+1","Heavy Blade+1","Heavy Blade+1","Cleave","Pommel Strike","Clothesline+1","Fiend Fire+1","True Grit+1","Demon Form+1","True Grit+1","Seeing Red+1","Havoc+1","Dark Embrace+1","hubris:StunningStrike","Offering+1","Shrug It Off+1","Burning Pact+1"],"relics":["Burning Blood","Hammer of Thor","Seething Fire","Anvil of the Gods","NeowsBlessing","Whetstone","Happy Flower","Anchor","Bag of Marbles","Coffee Dripper","Toxic Egg 2","Centennial Puzzle","hubris:IronBody","Membership Card","Sozu"],"acts_visited":["Exordium","TheCity","TheBeyond"],"potions_floor_usage":[10,12,16,16,20,24,33,33,37],"damage_taken":[{"damage":0,"enemies":"Jaw Worm","floor":1,"turns":1},{"damage":0,"enemies":"Cultist","floor":2,"turns":1},{"damage":0,"enemies":"Small Slimes","floor":4,"turns":2},{"damage":50,"enemies":"3 Sentries","floor":6,"turns":12},{"damage":11,"enemies":"Red Slaver","floor":7,"turns":4},{"damage":21,"enemies":"Lagavulin","floor":10,"turns":6},{"damage":16,"enemies":"Gremlin Nob","floor":12,"turns":3},{"damage":0,"enemies":"Looter","floor":13,"turns":3},{"damage":5,"enemies":"Exordium Thugs","floor":14,"turns":4},{"damage":32,"enemies":"The Guardian","floor":16,"turns":12},{"damage":0,"enemies":"Chosen","floor":18,"turns":4},{"damage":22,"enemies":"Spheric Guardian","floor":20,"turns":4},{"damage":5,"enemies":"Snake Plant","floor":22,"turns":4},{"damage":19,"enemies":"Slavers","floor":24,"turns":6},{"damage":12,"enemies":"Chosen and Byrds","floor":27,"turns":6},{"damage":14,"enemies":"Shelled Parasite and Fungi","floor":31,"turns":5},{"damage":4,"enemies":"Champ","floor":33,"turns":8},{"damage":19,"enemies":"3 Darklings","floor":35,"turns":5},{"damage":70,"enemies":"2 Orb Walkers","floor":37,"turns":4}],"seed_played":"-2957635102365229108","potions_obtained":[{"floor":6,"key":"SneckoOil"},{"floor":7,"key":"CultistPotion"},{"floor":10,"key":"Energy Potion"},{"floor":12,"key":"FearPotion"},{"floor":16,"key":"Energy Potion"},{"floor":18,"key":"SneckoOil"},{"floor":27,"key":"Fruit Juice"},{"floor":33,"key":"ColorlessPotion"}],"is_trial":false,"path_per_floor":["M","M","?","M","?","E","M","R","T","E","?","E","M","M","R","B",null,"M","$","M","?","M","R","E","R","T","M","R","?","$","M","R","B",null,"M","$","?"],"character_chosen":"IRONCLAD","items_purchased":["Toxic Egg 2","Membership Card","Havoc+1","Dark Embrace","PowerPotion","Burning Pact+1"],"campfire_rested":0,"item_purchase_floors":[19,30,30,30,30,36],"current_hp_per_floor":[78,80,73,79,79,35,30,30,30,15,41,31,37,38,38,12,63,69,69,53,53,54,54,41,41,41,35,35,35,35,27,27,34,72,59,59,0,0],"gold":53,"neow_bonus":"THREE_ENEMY_KILL","is_daily":false,"chose_seed":false,"campfire_upgraded":6,"win_rate":0.0,"timestamp":1611076924,"path_taken":["M","M","?","M","?","E","?","R","T","E","?","E","M","M","R","BOSS","M","$","M","?","M","R","E","R","T","?","R","?","?","?","R","BOSS","M","$","?"],"items_purchased_type":["Relic","Relic","Card","Card","Potion","Card"],"build_version":"2020-12-22","purchased_purges":2,"victory":false,"max_hp_per_floor":[80,80,80,80,80,80,80,80,80,80,80,80,80,80,80,80,80,80,80,80,80,80,80,80,80,80,80,80,80,80,80,80,85,85,85,85,85,85],"relic_stats":{"Sozu":0,"Centennial Puzzle":[15],"Happy Flower":[24],"counters":[19,94],"Whetstone":["Heavy Blade","Strike_R"],"obtain_stats":[{"NeowsBlessing":0,"Happy Flower":9,"Hammer of Thor":0,"Seething Fire":0,"Whetstone":6,"Burning Blood":0,"Sozu":34,"Anchor":10,"Centennial Puzzle":24,"Anvil of the Gods":0,"hubris:IronBody":26,"Bag of Marbles":12,"Coffee Dripper":17,"Membership Card":30,"Toxic Egg 2":19},{"NeowsBlessing":0,"Happy Flower":5,"Hammer of Thor":0,"Seething Fire":0,"Whetstone":4,"Burning Blood":0,"Sozu":17,"Anchor":6,"Centennial Puzzle":14,"Anvil of the Gods":0,"hubris:IronBody":14,"Bag of Marbles":7,"Coffee Dripper":10,"Membership Card":15,"Toxic Egg 2":11},{"NeowsBlessing":0,"Happy Flower":20,"Hammer of Thor":0,"Seething Fire":0,"Whetstone":16,"Burning Blood":0,"Sozu":85,"Anchor":26,"Centennial Puzzle":66,"Anvil of the Gods":0,"hubris:IronBody":66,"Bag of Marbles":29,"Coffee Dripper":48,"Membership Card":72,"Toxic Egg 2":52}],"Burning Blood":104},"card_choices":[{"not_picked":["Entrench","Thunderclap"],"picked":"Disarm","floor":1},{"not_picked":["hubris:ReadiedAction","Flex"],"picked":"Heavy Blade","floor":2},{"not_picked":["Fire Breathing","Perfected Strike"],"picked":"Heavy Blade","floor":4},{"not_picked":["hubris:SharpeningStone","Flex","Armaments"],"picked":"SKIP","floor":6},{"not_picked":["hubris:SharpeningStone","Sentinel"],"picked":"Cleave","floor":7},{"not_picked":["Brutality","Perfected Strike"],"picked":"Pommel Strike","floor":10},{"not_picked":["Heavy Blade","Exhume","Sever Soul"],"picked":"SKIP","floor":12},{"not_picked":["Havoc","Wild Strike","Intimidate"],"picked":"SKIP","floor":13},{"not_picked":["Flex","Headbutt"],"picked":"Clothesline","floor":14},{"not_picked":["Double Tap","Juggernaut"],"picked":"Fiend Fire","floor":16},{"not_picked":["Fire Breathing+1","Perfected Strike","Heavy Blade"],"picked":"SKIP","floor":18},{"not_picked":["Warcry+1","Havoc+1"],"picked":"True Grit+1","floor":20},{"not_picked":["Clothesline","Fire Breathing","Flex+1"],"picked":"SKIP","floor":22},{"not_picked":["Thunderclap","Headbutt+1"],"picked":"Demon Form","floor":24},{"not_picked":["Twin Strike","Havoc+1"],"picked":"True Grit+1","floor":27},{"not_picked":["Armaments+1","Dark Embrace+1"],"picked":"hubris:StunningStrike","floor":31},{"not_picked":["Double Tap+1","Berserk"],"picked":"Offering+1","floor":33},{"not_picked":["Sword Boomerang","True Grit+1"],"picked":"Shrug It Off+1","floor":35}],"player_experience":379644,"relics_obtained":[{"floor":6,"key":"Whetstone"},{"floor":9,"key":"Happy Flower"},{"floor":10,"key":"Anchor"},{"floor":12,"key":"Bag of Marbles"},{"floor":24,"key":"Centennial Puzzle"},{"floor":26,"key":"hubris:IronBody"}],"event_choices":[{"cards_removed":["Strike_R"],"damage_healed":0,"gold_gain":0,"player_choice":"Card Removal","damage_taken":7,"max_hp_gain":0,"max_hp_loss":0,"event_name":"Golden Wing","floor":3,"gold_loss":0},{"damage_healed":0,"gold_gain":0,"player_choice":"Upgraded","damage_taken":0,"max_hp_gain":0,"max_hp_loss":0,"event_name":"Upgrade Shrine","floor":5,"gold_loss":0,"cards_upgraded":["Bash"]},{"damage_healed":26,"gold_gain":0,"player_choice":"Banana","damage_taken":0,"max_hp_gain":0,"max_hp_loss":0,"event_name":"Big Fish","floor":11,"gold_loss":0},{"cards_removed":["Strike_R"],"damage_healed":0,"gold_gain":0,"player_choice":"Purged","damage_taken":0,"max_hp_gain":0,"max_hp_loss":0,"event_name":"Purifier","floor":21,"gold_loss":0},{"damage_healed":0,"gold_gain":0,"cards_transformed":["Strike_R"],"player_choice":"Transformed","damage_taken":0,"max_hp_gain":0,"max_hp_loss":0,"event_name":"Transmorgrifier","floor":29,"gold_loss":0,"cards_obtained":["Seeing Red"]},{"damage_healed":0,"gold_gain":0,"player_choice":"Fight","damage_taken":0,"max_hp_gain":0,"max_hp_loss":0,"event_name":"Mysterious Sphere","floor":37,"gold_loss":0}],"is_beta":false,"boss_relics":[{"not_picked":["hubris:BlackHole","Runic Dome"],"picked":"Coffee Dripper"},{"not_picked":["Philosopher\u0027s Stone","Cursed Key"],"picked":"Sozu"}],"items_purged_floors":[19,36],"is_endless":false,"potions_floor_spawned":[6,7,10,12,14,16,18,27,31,33],"killed_by":"2 Orb Walkers","ascension_level":12}}