{"host":"bf9sa99gaumonoeu","time":1611073065,"event":{"mods":["AchievementEnabler","Act Like it!","Aspiration","BaseMod","Bestiary","Better Note","Block Reminder","Colored Map","Colored Powertips","Fox Events","Friendly Minions","Gensokyo","GifTheSpireLib","Googly Eyes","Hallownest","Hermit","Highlight Path","Hubris","Jorbs\u0027s Wanderer Trilogy","KinomotoSakuraMod(????)","Koishi","Marisa????????","Minty Spire (QoL Compilation)","Rare Cards Sparkle","Reimu??????","Relic Stats","Remilia??????","Replay The Spire","Spire Arcade","StS++","StSLib","The Administrix","The Animator","The Blue Laboratory","The Bug Knight","The Construct","The Cursed","The Hierophant","The Mystic","The Necromancer","The Poker Player","The Runesmith","The Senshi","The Servant 0.9.4","ojb\u0027s Info Mod"],"gold_per_floor":[113,126,137,137,154,154,167,185,209,236,246,261,290,307,307,386,386,405,385,395,409,420,745,763,763,763,808,820,830,856,882,882,956,956,984,994,994,1024,1039,1039,1072,1072,1095,1095,1127,544,574,598,598,578,578,578],"floor_reached":51,"language":"ENG","playtime":3863,"items_purged":["Strike_G"],"score":1576,"play_id":"974cac50-bdd1-4f8d-a09d-fb027a69b27b","local_time":"20210119141745","is_ascension_mode":true,"campfire_choices":[{"data":"Bouncing Flask","floor":6.0,"key":"SMITH"},{"floor":15.0,"key":"REST"},{"data":"Calculated Gamble","floor":25.0,"key":"SMITH"},{"data":"Die Die Die","floor":32.0,"key":"SMITH"},{"floor":40.0,"key":"REST"},{"floor":42.0,"key":"REST"},{"data":"Terror","floor":44.0,"key":"SMITH"},{"floor":49.0,"key":"RECALL"}],"circlet_count":0,"master_deck":["AscendersBane","Strike_G","Strike_G","Strike_G","Defend_G","Defend_G","Defend_G","Survivor","Neutralize","Riddle With Holes","StSpp:PoisonousPunch","Masterful Stab","Deadly Poison","Bane","Terror+1","Backstab","Backstab","Die Die Die+1","stsjorbsmod:Possession","stsjorbsmod:ShrapnelBloom","Deflect","Slice","Leg Sweep","Calculated Gamble+1","Riddle With Holes","PiercingWail","Prepared","Cloak And Dagger+1","Storm of Steel","ReplayTheSpireMod:Scrap Shanks","Tools of the Trade","stsjorbsmod:MirroredTechnique","stsjorbsmod:ProdigalMemory","Cloak And Dagger+1","hubris:SlightOfHand+1","Finisher","Footwork+1","Tactician","Master of Strategy","Swift Strike","Flash of Steel","Calculated Gamble"],"relics":["Ring of the Snake","aspiration:Nostalgia","stsjorbsmod:BookOfTrialsRelic","aspiration:HummingbirdHeart","Regal Pillow","Pet Ghost","AntiCross","aspiration:SecretTechniqueScroll","Old Coin","StSpp:PetrifiedCaterpillar","StSpp:TwinEgg","hubris:TinFlute","Replay:Drink Me","Darkstone Periapt","Happy Flower","ReplayTheSpireMod:ShopPack"],"acts_visited":["Exordium","TheCity","TheBeyond"],"potions_floor_usage":[50],"damage_taken":[{"damage":6.0,"enemies":"Cultist","floor":1.0,"turns":5.0},{"damage":0.0,"enemies":"Small Slimes","floor":2.0,"turns":3.0},{"damage":5.0,"enemies":"Jaw Worm","floor":3.0,"turns":4.0},{"damage":0.0,"enemies":"Red Slaver","floor":5.0,"turns":3.0},{"damage":2.0,"enemies":"Blue Slaver","floor":7.0,"turns":4.0},{"damage":6.0,"enemies":"Lots of Slimes","floor":8.0,"turns":4.0},{"damage":5.0,"enemies":"Gremlin Nob","floor":10.0,"turns":3.0},{"damage":0.0,"enemies":"3 Louse","floor":11.0,"turns":4.0},{"damage":0.0,"enemies":"Blue Slaver","floor":12.0,"turns":2.0},{"damage":5.0,"enemies":"Replay:BlueRogue","floor":13.0,"turns":4.0},{"damage":3.0,"enemies":"Exordium Thugs","floor":14.0,"turns":3.0},{"damage":22.0,"enemies":"The Guardian","floor":16.0,"turns":6.0},{"damage":1.0,"enemies":"2 Thieves","floor":18.0,"turns":3.0},{"damage":0.0,"enemies":"Spheric Guardian","floor":20.0,"turns":1.0},{"damage":12.0,"enemies":"Cultist and Chosen","floor":21.0,"turns":5.0},{"damage":0.0,"enemies":"Shelled Parasite and Fungi","floor":22.0,"turns":3.0},{"damage":0.0,"enemies":"Gremlin Leader","floor":23.0,"turns":3.0},{"damage":0.0,"enemies":"Snecko","floor":24.0,"turns":2.0},{"damage":0.0,"enemies":"Replay:Snechameleon","floor":27.0,"turns":3.0},{"damage":5.0,"enemies":"Chosen and Byrds","floor":28.0,"turns":3.0},{"damage":7.0,"enemies":"Snake Plant","floor":29.0,"turns":2.0},{"damage":3.0,"enemies":"Slavers","floor":30.0,"turns":3.0},{"damage":0.0,"enemies":"Cultist and Chosen","floor":31.0,"turns":3.0},{"damage":4.0,"enemies":"Collector","floor":33.0,"turns":3.0},{"damage":0.0,"enemies":"Orb Walker","floor":35.0,"turns":2.0},{"damage":10.0,"enemies":"3 Darklings","floor":36.0,"turns":3.0},{"damage":0.0,"enemies":"Writhing Mass","floor":38.0,"turns":3.0},{"damage":27.0,"enemies":"4 Shapes","floor":39.0,"turns":4.0},{"damage":25.0,"enemies":"Nemesis","floor":41.0,"turns":5.0},{"damage":0.0,"enemies":"3 Darklings","floor":45.0,"turns":3.0},{"damage":0.0,"enemies":"Maw","floor":47.0,"turns":4.0},{"damage":0.0,"enemies":"Jaw Worm Horde","floor":48.0,"turns":3.0},{"damage":37,"enemies":"Time Eater","floor":50,"turns":8},{"damage":6,"enemies":"Awakened One","floor":51,"turns":3}],"seed_played":"-6798116818908553259","potions_obtained":[{"floor":3.0,"key":"Languid Potion"},{"floor":5.0,"key":"GhostInAJar"},{"floor":13.0,"key":"SkillPotion"},{"floor":14.0,"key":"StSpp:ScatteredWeakPotion"},{"floor":16.0,"key":"blueLaboratory:BottledHope"},{"floor":19.0,"key":"blueLaboratory:Moonshine"},{"floor":20.0,"key":"Elixir"},{"floor":36.0,"key":"blueLaboratory:ArtistsPotion"},{"floor":41.0,"key":"StSpp:SecondWindPotion"}],"is_trial":false,"path_per_floor":["M","M","M","T","M","R","M","M","T","E","M","M","E","M","R","B",null,"M","?","M","M","M","E","M","R","T","E","M","M","E","M","R","B",null,"M","M","?","M","M","R","E","R","T","R","M","$","M","M","R","B","B"],"character_chosen":"THE_SILENT","items_purchased":["Happy Flower","Finisher","Footwork+1","ReplayTheSpireMod:ShopPack","Tactician"],"campfire_rested":3,"item_purchase_floors":[46,46,46,46,46],"current_hp_per_floor":[53,53,48,48,48,48,46,40,40,35,35,35,30,27,61,39,59,58,58,58,46,46,46,46,46,46,46,41,34,31,31,31,27,44,44,34,34,34,7,37,12,42,42,42,42,42,42,42,42,5,0,0],"gold":578,"neow_bonus":"NOSTALGIA","is_daily":false,"chose_seed":false,"campfire_upgraded":4,"win_rate":0.0,"timestamp":1611073065,"path_taken":["M","M","M","?","M","R","M","M","T","E","?","M","E","M","R","BOSS","M","?","M","M","M","E","M","R","T","E","?","M","E","M","R","BOSS","M","M","?","M","M","R","E","R","T","R","M","$","M","M","R","BOSS","BOSS"],"items_purchased_type":["Relic","Card","Card","Relic","Card"],"build_version":"2020-12-22","purchased_purges":1,"victory":false,"max_hp_per_floor":[66,66,66,66,66,66,66,66,66,66,66,66,66,66,66,66,66,66,66,66,66,66,66,66,66,66,66,66,66,66,66,66,66,50,50,50,50,50,50,50,50,50,50,50,50,50,50,50,50,50,50,50],"relic_stats":{"Darkstone Periapt":0,"Regal Pillow":45,"Happy Flower":[6],"counters":[34,117],"obtain_stats":[{"Darkstone Periapt":41,"Regal Pillow":9,"Happy Flower":46,"aspiration:Nostalgia":0,"aspiration:HummingbirdHeart":4,"aspiration:SecretTechniqueScroll":17,"StSpp:PetrifiedCaterpillar":26,"Pet Ghost":10,"Old Coin":23,"stsjorbsmod:BookOfTrialsRelic":0,"AntiCross":13,"StSpp:TwinEgg":27,"Replay:Drink Me":34,"hubris:TinFlute":30,"Ring of the Snake":0,"ReplayTheSpireMod:ShopPack":46},{"Darkstone Periapt":29,"Regal Pillow":6,"Happy Flower":30,"aspiration:Nostalgia":0,"aspiration:HummingbirdHeart":3,"aspiration:SecretTechniqueScroll":12,"StSpp:PetrifiedCaterpillar":18,"Pet Ghost":7,"Old Coin":17,"stsjorbsmod:BookOfTrialsRelic":0,"AntiCross":10,"StSpp:TwinEgg":19,"Replay:Drink Me":24,"hubris:TinFlute":22,"Ring of the Snake":0,"ReplayTheSpireMod:ShopPack":30},{"Darkstone Periapt":96,"Regal Pillow":23,"Happy Flower":99,"aspiration:Nostalgia":0,"aspiration:HummingbirdHeart":12,"aspiration:SecretTechniqueScroll":45,"StSpp:PetrifiedCaterpillar":62,"Pet Ghost":26,"Old Coin":60,"stsjorbsmod:BookOfTrialsRelic":0,"AntiCross":36,"StSpp:TwinEgg":65,"Replay:Drink Me":79,"hubris:TinFlute":73,"Ring of the Snake":0,"ReplayTheSpireMod:ShopPack":99}],"Ring of the Snake":[68]},"card_choices":[{"not_picked":["Dagger Throw","Outmaneuver"],"picked":"Bouncing Flask","floor":1.0},{"not_picked":["StSpp:Dive","Deflect"],"picked":"Riddle With Holes","floor":2.0},{"not_picked":["Prepared","Cloak And Dagger"],"picked":"StSpp:PoisonousPunch","floor":3.0},{"not_picked":["StSpp:SpareBlade","hubris:Counter","Fluid Movement"],"picked":"SKIP","floor":5.0},{"not_picked":["Dagger Throw","Bane"],"picked":"Masterful Stab","floor":7.0},{"not_picked":["Tactician","Escape Plan"],"picked":"Deadly Poison","floor":8.0},{"not_picked":["Dodge and Roll","Dagger Throw"],"picked":"Bane","floor":10.0},{"not_picked":["Caltrops","Flechettes"],"picked":"Terror","floor":11.0},{"not_picked":["Finisher","Flying Knee","Quick Slash"],"picked":"SKIP","floor":12.0},{"not_picked":["StSpp:AbandonFlesh","StSpp:Throw"],"picked":"Backstab","floor":13.0},{"not_picked":["Quick Slash","hubris:TrickCloak"],"picked":"Backstab","floor":14.0},{"not_picked":["Poison Darts","A Thousand Cuts"],"picked":"Die Die Die","floor":16.0},{"not_picked":["Flying Knee","All Out Attack"],"picked":"Deflect","floor":18.0},{"not_picked":["Acrobatics","Heel Hook"],"picked":"Slice","floor":20.0},{"not_picked":["StSpp:PoisonousPunch","StSpp:ChainedTrap"],"picked":"Leg Sweep","floor":21.0},{"not_picked":["PiercingWail","StSpp:ChainedTrap"],"picked":"Calculated Gamble","floor":22.0},{"not_picked":["Masterful Stab","Reflex","ReplayTheSpireMod:Shiv Toss+1"],"picked":"SKIP","floor":23.0},{"not_picked":["StSpp:SpareBlade","Quick Slash"],"picked":"Riddle With Holes","floor":24.0},{"not_picked":["Endless Agony","Bouncing Flask"],"picked":"PiercingWail","floor":27.0},{"not_picked":["Deadly Poison","Slice"],"picked":"Prepared","floor":28.0},{"not_picked":["Blade Dance","Backflip"],"picked":"Cloak And Dagger+1","floor":29.0},{"not_picked":["StSpp:TimeParadox","Slice"],"picked":"Storm of Steel","floor":30.0},{"not_picked":["Catalyst","Dodge and Roll"],"picked":"ReplayTheSpireMod:Scrap Shanks","floor":31.0},{"not_picked":["aspiration:Lunge","A Thousand Cuts"],"picked":"Tools of the Trade","floor":33.0},{"not_picked":["Sucker Punch","Skewer","Bane+1"],"picked":"SKIP","floor":35.0},{"not_picked":["Caltrops","ReplayTheSpireMod:Scrap Shanks"],"picked":"Cloak And Dagger+1","floor":36.0},{"not_picked":["Dagger Throw","hubris:Counter+1","StSpp:Throw"],"picked":"SKIP","floor":38.0},{"not_picked":["Deadly Poison+1","hubris:TrickCloak","Catalyst"],"picked":"SKIP","floor":39.0},{"not_picked":["Accuracy","hubris:TrickCloak","Underhanded Strike"],"picked":"SKIP","floor":41.0},{"not_picked":["Quick Slash","Expertise"],"picked":"hubris:SlightOfHand+1","floor":45.0},{"not_picked":["Violence","Secret Weapon"],"picked":"Master of Strategy","floor":46.0},{"not_picked":["Survey Options","Replay:Sssssssssstrike"],"picked":"Swift Strike","floor":46.0},{"not_picked":["Blind","PanicButton"],"picked":"Flash of Steel","floor":46.0},{"not_picked":["Deadly Poison","Terror+1","Poisoned Stab"],"picked":"SKIP","floor":47.0},{"not_picked":["After Image","Poisoned Stab"],"picked":"Calculated Gamble","floor":48.0}],"player_experience":992222,"relics_obtained":[{"floor":4.0,"key":"aspiration:HummingbirdHeart"},{"floor":9.0,"key":"Regal Pillow"},{"floor":10.0,"key":"Pet Ghost"},{"floor":13.0,"key":"AntiCross"},{"floor":23.0,"key":"Old Coin"},{"floor":26.0,"key":"StSpp:PetrifiedCaterpillar"},{"floor":27.0,"key":"StSpp:TwinEgg"},{"floor":30.0,"key":"hubris:TinFlute"},{"floor":41.0,"key":"Darkstone Periapt"}],"event_choices":[{"damage_healed":0.0,"max_hp_gain":0.0,"max_hp_loss":0.0,"gold_gain":0.0,"event_name":"The Woman in Blue","player_choice":"Bought 1 Potion","floor":19.0,"gold_loss":0.0,"damage_taken":0.0},{"cards_removed":["Defend_G"],"damage_healed":0.0,"max_hp_gain":0.0,"max_hp_loss":0.0,"gold_gain":0.0,"event_name":"Purifier","player_choice":"Purged","floor":37.0,"gold_loss":0.0,"damage_taken":0.0}],"is_beta":false,"boss_relics":[{"not_picked":["Runesmith:UraniumAnvil","Fusion Hammer"],"picked":"aspiration:SecretTechniqueScroll"},{"not_picked":["hubris:HollowSoul","construct:ClawGrip"],"picked":"Replay:Drink Me"}],"items_purged_floors":[46],"is_endless":false,"potions_floor_spawned":[3,5,7,11,13,14,16,20,24,27,28,31,33,36,41,45],"killed_by":"Awakened One","ascension_level":20}}