{"host":"xp5rvh2jwe2ejyfm","time":1611075915,"event":{"mods":["BaseMod","Hermit","Minty Spire (QoL Compilation)","Replay The Spire","StSLib","The Construct","The Cursed","The Disciple","The Hierophant","The Necromancer","The Runesmith"],"gold_per_floor":[144,144,144,189,39,39,84,39,64,10,55,100,145,10,10,310,310,355,400,74,74,74],"floor_reached":21,"language":"ENG","playtime":680,"items_purged":[],"score":196,"play_id":"7f357c2c-299f-4192-8b06-e03c41a43432","local_time":"20210119120515","daily_mods":["Allstar","Time Dilation","Midas"],"is_ascension_mode":false,"campfire_choices":[{"floor":6,"key":"REST"},{"floor":15,"key":"REST"}],"circlet_count":0,"master_deck":["Strike_B","Strike_B","Strike_B+1","Strike_B","Defend_B","Defend_B","Defend_B","Defend_B","Zap","Dualcast","Replay:Sssssssssshield","Secret Weapon","Mind Blast","Thinking Ahead","Replay:Parry","Storm","Regret","Sweeping Beam","Ball Lightning","Redo","Barrage","Redo","ReplayGash","White Noise","Storm","Gash","Compile Driver","Loop","Sunder","ReplayTheSpireMod:Fabricate Wheel","BasicCrystalCard+1","ReplayTheSpireMod:Repulse","Redo","ReplayTheSpireMod:System Scan+1","ReplayGash"],"relics":["Cracked Core","Toy Ornithopter","Runic Capacitor","Prayer Wheel","ReplayTheSpireMod:Lightbulb","Inserter","Kunai"],"acts_visited":["Exordium","TheCity"],"potions_floor_usage":[13,21],"damage_taken":[{"damage":8,"enemies":"Small Slimes","floor":1,"turns":3},{"damage":13,"enemies":"Jaw Worm","floor":4,"turns":5},{"damage":9,"enemies":"2 Louse","floor":7,"turns":3},{"damage":5,"enemies":"2 Fungi Beasts","floor":11,"turns":3},{"damage":7,"enemies":"Blue Slaver","floor":12,"turns":3},{"damage":9,"enemies":"Red Slaver","floor":13,"turns":4},{"damage":61,"enemies":"The Guardian","floor":16,"turns":9},{"damage":16,"enemies":"Spheric Guardian","floor":18,"turns":4},{"damage":54,"enemies":"3 Byrds","floor":19,"turns":5},{"damage":12,"enemies":"Shelled Parasite and Fungi","floor":21,"turns":2}],"seed_played":"3706737729498028133","potions_obtained":[{"floor":1,"key":"SkillPotion"},{"floor":4,"key":"Swift Potion"},{"floor":11,"key":"construct:ShiftPotion"},{"floor":18,"key":"SteroidPotion"}],"is_trial":false,"path_per_floor":["M","?","?","M","$","R","M","$","T","$","M","M","M","$","R","B",null,"M","M","$","M"],"character_chosen":"DEFECT","items_purchased":["Runic Capacitor","Redo","Barrage","Loop","Sunder","Kunai","ReplayGash"],"campfire_rested":2,"item_purchase_floors":[5,8,10,14,14,20,20],"current_hp_per_floor":[67,67,67,54,54,75,66,66,66,66,61,54,50,50,72,11,75,59,5,5,0,0],"gold":74,"neow_bonus":"","is_daily":true,"chose_seed":false,"campfire_upgraded":0,"win_rate":0.0,"timestamp":1611075915,"path_taken":["M","?","?","M","$","R","M","$","T","?","M","M","M","$","R","BOSS","M","M","$","M"],"items_purchased_type":["Relic","Card","Card","Card","Card","Relic","Card"],"build_version":"2020-12-22","purchased_purges":0,"victory":false,"max_hp_per_floor":[75,75,75,75,75,75,75,75,75,75,75,75,75,75,75,75,75,75,75,75,75,75],"card_choices":[{"not_picked":["Rebound","Conserve Battery"],"picked":"Storm","floor":1},{"not_picked":["Rebound","Tempest"],"picked":"ReplayTheSpireMod:Fabricate Wheel","floor":4},{"not_picked":["Double Energy","Stack"],"picked":"Sweeping Beam","floor":7},{"not_picked":["Redo","Sweeping Beam"],"picked":"Ball Lightning","floor":7},{"not_picked":["Rebound","Beam Cell"],"picked":"Redo","floor":11},{"not_picked":["Buffer","FIFO Queue"],"picked":"ReplayGash","floor":11},{"not_picked":["Reinforced Body","Gash"],"picked":"White Noise","floor":12},{"not_picked":["Streamline","Hologram"],"picked":"Storm","floor":12},{"not_picked":["Coolheaded","Panic Button"],"picked":"Gash","floor":13},{"not_picked":["Reboot","FIFO Queue"],"picked":"Compile Driver","floor":13},{"not_picked":["Echo Form","Mirror Shield"],"picked":"ReplayTheSpireMod:Fabricate Wheel","floor":16},{"not_picked":["Barrage","Stack"],"picked":"BasicCrystalCard+1","floor":18},{"not_picked":["Beam Cell","Reprogram"],"picked":"ReplayTheSpireMod:Repulse","floor":18},{"not_picked":["Panic Button","Coolheaded"],"picked":"Redo","floor":19},{"not_picked":["Streamline","Go for the Eyes+1"],"picked":"ReplayTheSpireMod:System Scan+1","floor":19}],"player_experience":255943,"relics_obtained":[{"floor":9,"key":"ReplayTheSpireMod:Lightbulb"}],"event_choices":[{"damage_healed":0,"gold_gain":0,"player_choice":"Box","damage_taken":0,"relics_obtained":["Toy Ornithopter"],"max_hp_gain":0,"max_hp_loss":0,"event_name":"Big Fish","floor":2,"gold_loss":0,"cards_obtained":["Regret"]}],"is_beta":false,"boss_relics":[{"not_picked":["Sozu","Abe\u0027s Treasure"],"picked":"Inserter"}],"items_purged_floors":[],"is_endless":false,"potions_floor_spawned":[1,4,11,18,19],"killed_by":"Shelled Parasite and Fungi","ascension_level":0}}