{"host":"8d3fefv2347kqkpz","time":1611039638,"event":{"mods":["100% Spire Juice","AchievementEnabler","Act Like it!","Aspiration","BaseMod","Better Vampires","Colored Map","Colored Powertips","Conspire","GifTheSpireLib","Highlight Path","Mimic Mod","Minty Spire (QoL Compilation)","Quick Restart","Reimu£®≤©¿ˆ¡È√Œ£©","Relic Stats","Remilia£®¿Ÿ√◊¿Ú—«£©","Replay The Spire","Spicy Shops","StSLib","The Gatherer","The Jungle","The Senshi","The Servant 0.9.4","Waifu the Spire","vexMod"],"gold_per_floor":[117,117,133,199,217,250,250,261,261,261,278,293,307,340,340,439,439,453,453,470,430,448,474,474,9,9,9,19,32,62,73,73,170,170,181,181,191,209,219,219,248,248,328,341,379,379,395,408,408,408,408],"floor_reached":50,"language":"ZHS","playtime":2404,"items_purged":["Strike_P"],"score":525,"play_id":"0a40e02a-8f6d-4f6a-8c7b-e998368bca10","local_time":"20210119150038","is_ascension_mode":false,"campfire_choices":[{"data":"SandsOfTime","floor":7.0,"key":"SMITH"},{"floor":15.0,"key":"REST"},{"floor":24.0,"key":"REST"},{"floor":27.0,"key":"REST"},{"floor":32.0,"key":"REST"},{"floor":40,"key":"REST"},{"data":"Prostrate","floor":42,"key":"SMITH"},{"floor":46,"key":"REST"},{"data":"Replay:Hum","floor":49,"key":"SMITH"}],"circlet_count":0,"master_deck":["Strike_P+1","Strike_P","Defend_P","Defend_P+1","Defend_P","Defend_P","Eruption","Vigilance","SandsOfTime+1","SandsOfTime","Protect","Devotion+1","Protect","Prostrate+1","SandsOfTime","Establishment+1","Devotion+1","Replay:Hum+1"],"relics":["PureWater","Potion Belt","Golden Egg","Replay:Baseball","conspire:SpecialSausage","Mastiff:ReiMu","aspiration:HummingbirdHeart","Sling","Tiny Chest","Thread and Needle","Onion Ring","Chameleon Ring","CaptainsWheel"],"acts_visited":["Exordium","TheCity","TheBeyond"],"potions_floor_usage":[47,50,50,50],"damage_taken":[{"damage":3.0,"enemies":"Jaw Worm","floor":1.0,"turns":3.0},{"damage":0.0,"enemies":"Cultist","floor":3.0,"turns":3.0},{"damage":0.0,"enemies":"Small Slimes","floor":5.0,"turns":4.0},{"damage":22.0,"enemies":"Gremlin Nob","floor":6.0,"turns":4.0},{"damage":2.0,"enemies":"Looter","floor":8.0,"turns":4.0},{"damage":13.0,"enemies":"Exordium Thugs","floor":11.0,"turns":5.0},{"damage":2.0,"enemies":"3 Louse","floor":12.0,"turns":5.0},{"damage":15.0,"enemies":"Large Slime","floor":13.0,"turns":6.0},{"damage":3.0,"enemies":"Lagavulin","floor":14.0,"turns":6.0},{"damage":20.0,"enemies":"Fading Forest","floor":16.0,"turns":11.0},{"damage":12.0,"enemies":"3 Byrds","floor":18.0,"turns":8.0},{"damage":18.0,"enemies":"conspire:FuzzyDice","floor":20.0,"turns":8.0},{"damage":24.0,"enemies":"Snake Plant","floor":22.0,"turns":5.0},{"damage":15.0,"enemies":"conspire:SneckoGhost","floor":23.0,"turns":7.0},{"damage":2.0,"enemies":"Centurion and Healer","floor":28.0,"turns":6.0},{"damage":0.0,"enemies":"Snecko","floor":29.0,"turns":4.0},{"damage":10.0,"enemies":"Book of Stabbing","floor":30.0,"turns":5.0},{"damage":8.0,"enemies":"Snake Plant","floor":31.0,"turns":4.0},{"damage":14,"enemies":"conspire:MysteriousRune","floor":33,"turns":10},{"damage":0,"enemies":"Orb Walker","floor":35,"turns":4},{"damage":0,"enemies":"3 Darklings","floor":37,"turns":5},{"damage":4,"enemies":"4 Shapes","floor":38,"turns":4},{"damage":23,"enemies":"Sphere and 2 Shapes","floor":39,"turns":7},{"damage":0,"enemies":"conspire:MimicChest","floor":41,"turns":5},{"damage":18,"enemies":"Spire Growth","floor":44,"turns":4},{"damage":6,"enemies":"Transient","floor":45,"turns":4},{"damage":0,"enemies":"Transient","floor":47,"turns":5},{"damage":0,"enemies":"Maw","floor":48,"turns":5},{"damage":75,"enemies":"conspire:OrnateMirror","floor":50,"turns":9}],"seed_played":"5917479275113141202","potions_obtained":[{"floor":1.0,"key":"Strength Potion"},{"floor":8.0,"key":"ColorlessPotion"},{"floor":14.0,"key":"BottledMiracle"},{"floor":16.0,"key":"FearPotion"},{"floor":18.0,"key":"Strength Potion"},{"floor":20.0,"key":"PowerPotion"},{"floor":31.0,"key":"MagicPotion:ReiMu"},{"floor":33,"key":"BottledMiracle"},{"floor":37,"key":"EssenceOfSteel"},{"floor":41,"key":"AttackPotion"},{"floor":48,"key":"Milkshake"}],"is_trial":false,"path_per_floor":["M","?","M","?","M","E","R","M","T","?","M","M","M","E","R","B",null,"M","?","M","?","M","E","R","$","T","R","M","M","E","M","R","B",null,"M","?","M","M","M","R","?","R","T","M","MIM","R","M","M","R","B"],"character_chosen":"WATCHER","items_purchased":["aspiration:HummingbirdHeart","Sling"],"campfire_rested":6,"item_purchase_floors":[25,25],"current_hp_per_floor":[76,79,79,79,79,57,57,55,55,55,42,40,25,22,45,35,79,67,67,49,49,25,10,33,33,33,56,54,54,44,36,59,45,79,79,79,79,75,52,75,75,75,75,57,51,74,74,74,74,0,0],"gold":408,"neow_bonus":"TEN_PERCENT_HP_BONUS","is_daily":false,"chose_seed":false,"campfire_upgraded":3,"win_rate":0.0,"timestamp":1611039638,"path_taken":["M","?","?","?","M","E","R","M","T","?","M","M","?","E","R","BOSS","M","?","M","?","?","E","R","$","T","R","M","M","E","M","R","BOSS","M","?","?","M","M","R","?","R","T","M","?","R","M","M","R","BOSS"],"items_purchased_type":["Relic","Relic"],"build_version":"2020-12-22","purchased_purges":1,"victory":false,"max_hp_per_floor":[79,79,79,79,79,79,79,79,79,79,79,79,79,79,79,79,79,79,79,79,79,79,79,79,79,79,79,79,79,79,79,79,79,79,79,79,79,79,79,79,79,79,79,79,79,79,79,79,79,79,79],"relic_stats":{"counters":[29,160],"Tiny Chest":1,"obtain_stats":[{"Potion Belt":6,"Golden Egg":9,"conspire:SpecialSausage":17,"Thread and Needle":30,"aspiration:HummingbirdHeart":25,"Sling":25,"Replay:Baseball":14,"CaptainsWheel":45,"Chameleon Ring":43,"Mastiff:ReiMu":23,"Tiny Chest":26,"Onion Ring":41,"PureWater":0},{"Potion Belt":4,"Golden Egg":5,"conspire:SpecialSausage":10,"Thread and Needle":17,"aspiration:HummingbirdHeart":14,"Sling":14,"Replay:Baseball":9,"CaptainsWheel":26,"Chameleon Ring":24,"Mastiff:ReiMu":14,"Tiny Chest":14,"Onion Ring":24,"PureWater":0},{"Potion Belt":14,"Golden Egg":18,"conspire:SpecialSausage":51,"Thread and Needle":94,"aspiration:HummingbirdHeart":79,"Sling":79,"Replay:Baseball":40,"CaptainsWheel":141,"Chameleon Ring":133,"Mastiff:ReiMu":79,"Tiny Chest":79,"Onion Ring":133,"PureWater":0}]},"card_choices":[{"not_picked":["TalkToTheHand","EmptyBody","CrushJoints"],"picked":"SKIP","floor":1.0},{"not_picked":["ThirdEye","Halt"],"picked":"SandsOfTime","floor":3.0},{"not_picked":["Indignation","BattleHymn","Replay:BluntJabs"],"picked":"SKIP","floor":5.0},{"not_picked":["EmptyMind","Adaptation","BowlingBash"],"picked":"SKIP","floor":6.0},{"not_picked":["CutThroughFate","EmptyFist","MasterReality"],"picked":"SKIP","floor":8.0},{"not_picked":["EmptyBody","Meditate"],"picked":"SandsOfTime","floor":11.0},{"not_picked":["SashWhip","Consecrate","FlurryOfBlows"],"picked":"SKIP","floor":12.0},{"not_picked":["Weave","CutThroughFate","Swivel"],"picked":"SKIP","floor":13.0},{"not_picked":["EmptyMind","Vengeance"],"picked":"Protect","floor":14.0},{"not_picked":["Replay:AllIn","Scrawl"],"picked":"Devotion","floor":16.0},{"not_picked":["Wireheading","FlyingSleeves","EmptyBody"],"picked":"SKIP","floor":18.0},{"not_picked":["BowlingBash+1","ClearTheMind","Replay:AtTheReady"],"picked":"SKIP","floor":20.0},{"not_picked":["FlurryOfBlows","Fasting2+1","Wallop"],"picked":"SKIP","floor":22.0},{"not_picked":["Collect+1","PathToVictory"],"picked":"Protect","floor":23.0},{"not_picked":["CarveReality","EmptyBody+1","Swivel"],"picked":"SKIP","floor":28.0},{"not_picked":["WaveOfTheHand","EmptyMind","EmptyFist"],"picked":"SKIP","floor":29.0},{"not_picked":["ReachHeaven+1","Brilliance"],"picked":"Prostrate","floor":30.0},{"not_picked":["Consecrate","FollowUp+1"],"picked":"SandsOfTime","floor":31.0},{"not_picked":["ConjureBlade","Replay:AllIn"],"picked":"Establishment","floor":33},{"not_picked":["EmptyMind+1","Replay:Battleflow+1","Crescendo+1"],"picked":"SKIP","floor":35},{"not_picked":["Evaluate+1","InnerPeace","Vengeance"],"picked":"SKIP","floor":37},{"not_picked":["Halt+1","Weave"],"picked":"Replay:Hum","floor":38},{"not_picked":["CutThroughFate","Crescendo+1","BowlingBash+1"],"picked":"SKIP","floor":39},{"not_picked":["CutThroughFate+1","EmptyBody","Conclude+1"],"picked":"SKIP","floor":44},{"not_picked":["ThirdEye","PathToVictory+1","ClearTheMind+1"],"picked":"SKIP","floor":47},{"not_picked":["Replay:ManipulateFuture+1","JustLucky","WreathOfFlame"],"picked":"SKIP","floor":48}],"player_experience":134378,"relics_obtained":[{"floor":6.0,"key":"Potion Belt"},{"floor":9.0,"key":"Golden Egg"},{"floor":14.0,"key":"Replay:Baseball"},{"floor":23.0,"key":"Mastiff:ReiMu"},{"floor":26.0,"key":"Tiny Chest"},{"floor":30.0,"key":"Thread and Needle"},{"floor":41,"key":"Onion Ring"},{"floor":43,"key":"Chameleon Ring"},{"floor":45,"key":"CaptainsWheel"}],"event_choices":[{"damage_healed":0.0,"max_hp_gain":0.0,"max_hp_loss":0.0,"gold_gain":66.0,"event_name":"Golden Wing","player_choice":"Gained Gold","floor":4.0,"gold_loss":0.0,"damage_taken":0.0},{"cards_removed":["Strike_P"],"damage_healed":0.0,"max_hp_gain":0.0,"max_hp_loss":0.0,"gold_gain":0.0,"event_name":"Purifier","player_choice":"Purged","floor":10.0,"gold_loss":0.0,"damage_taken":0.0},{"damage_healed":0.0,"max_hp_gain":0.0,"max_hp_loss":0.0,"gold_gain":0.0,"event_name":"conspire:Investor","player_choice":"Leave","floor":19.0,"gold_loss":0.0,"damage_taken":0.0},{"damage_healed":0.0,"max_hp_gain":0.0,"max_hp_loss":0.0,"gold_gain":0.0,"event_name":"Designer","player_choice":"Upgraded Two","floor":21.0,"gold_loss":40.0,"damage_taken":0.0,"cards_upgraded":["Defend_P","Strike_P"]},{"damage_healed":0,"gold_gain":0,"player_choice":"Copied","damage_taken":0,"max_hp_gain":0,"max_hp_loss":0,"event_name":"Duplicator","floor":36,"gold_loss":0,"cards_obtained":["Devotion"]}],"is_beta":false,"boss_relics":[{"not_picked":["Snecko Eye","Coffee Dripper"],"picked":"conspire:SpecialSausage"},{"not_picked":["Pandora\u0027s Box","conspire:RunicOctahedron","conspire:SlowCooker"]}],"items_purged_floors":[25],"is_endless":false,"potions_floor_spawned":[1,8,14,16,18,20,31,33,37,41,48],"killed_by":"conspire:OrnateMirror","ascension_level":0}}