{"host":"ip2n7evpd0qt0hgd","time":1611029743,"event":{"mods":["BaseMod","Downfall","Minty Spire (QoL Compilation)","Quick Restart","StSLib"],"gold_per_floor":[99,119,129,129,142,41,111,11,31,50,73,73,21,52,72,175,175,175,187,187,198,216,216,242,227,227,237,257,277,277,295,311,413,413,413,423,439,451,451,464,464,192,192,192,208,223,223,273,288,288],"floor_reached":51,"language":"ENG","playtime":2804,"items_purged":["bronze:Strike"],"score":884,"play_id":"03e9695d-1387-436c-bdf0-0ac53c50fd60","local_time":"20210118231543","is_ascension_mode":false,"campfire_choices":[{"floor":1,"key":"RECALL"},{"data":"bronze:Boost","floor":8,"key":"SMITH"},{"data":"bronze:GetLatest","floor":12,"key":"SMITH"},{"data":"bronze:Mutator","floor":18,"key":"SMITH"},{"data":"bronze:MaxOutput","floor":23,"key":"SMITH"},{"data":"bronze:Flail","floor":26,"key":"SMITH"},{"data":"bronze:Iterate","floor":30,"key":"SMITH"},{"data":"bronze:Branch","floor":35,"key":"SMITH"},{"data":"bronze:HardenedForm","floor":43,"key":"SMITH"},{"data":"bronze:Boost","floor":47,"key":"SMITH"}],"circlet_count":0,"master_deck":["bronze:Strike","bronze:Strike","bronze:Defend","bronze:Defend","bronze:Defend","bronze:Defend","bronze:Replicate","bronze:Goto+1","bronze:ChildClass","bronze:BronzeOrb+1","bronze:DelayedGuard","bronze:Branch+1","bronze:FineTuning","bronze:Boost+1","bronze:CutThrough","bronze:GetLatest+1","bronze:Overload","bronze:WhirlingStrike+1","bronze:Flail+1","bronze:Iterate","bronze:FineTuning","bronze:Mutator+1","bronze:Boost+1","bronze:MaxOutput+1","bronze:Iterate+1","bronze:Flail","bronze:RecursiveStrike","bronze:FineTuning+1","bronze:Boost+1","bronze:HardenedForm+1","bronze:Iterate+1","bronze:Frontload+1","bronze:CloningBeam"],"relics":["bronze:BronzeCore","Ornamental Fan","downfall:HeartBlessingRed","Odd Mushroom","Boot","Coffee Dripper","Ancient Tea Set","SlaversCollar","Omamori","Oddly Smooth Stone","Bird Faced Urn","Gambling Chip"],"acts_visited":["Exordium","TheCity","TheBeyond"],"potions_floor_usage":[16,16,33,33,37,44,50],"damage_taken":[{"damage":7,"enemies":"Small Slimes","floor":2,"turns":3},{"damage":0,"enemies":"Cultist","floor":3,"turns":3},{"damage":0,"enemies":"2 Louse","floor":5,"turns":3},{"damage":0,"enemies":"downfall:FleeingMerchant","floor":6,"turns":4},{"damage":0,"enemies":"Exordium Wildlife","floor":9,"turns":3},{"damage":0,"enemies":"Exordium Thugs","floor":10,"turns":2},{"damage":0,"enemies":"The Mushroom Lair","floor":11,"turns":4},{"damage":6,"enemies":"downfall:FleeingMerchant","floor":13,"turns":4},{"damage":0,"enemies":"Gremlin Nob","floor":14,"turns":2},{"damage":0,"enemies":"Lots of Slimes","floor":15,"turns":1},{"damage":42,"enemies":"DF_ARCHETYPE_STREAMLINE","floor":16,"turns":7},{"damage":0,"enemies":"Spheric Guardian","floor":19,"turns":2},{"damage":0,"enemies":"3 Cultists","floor":21,"turns":3},{"damage":1,"enemies":"Shelled Parasite and Fungi","floor":22,"turns":3},{"damage":11,"enemies":"downfall:FleeingMerchant","floor":25,"turns":4},{"damage":0,"enemies":"Snake Plant","floor":27,"turns":3},{"damage":0,"enemies":"Centurion and Healer","floor":28,"turns":3},{"damage":0,"enemies":"3 Cultists","floor":29,"turns":3},{"damage":20,"enemies":"Snake Plant","floor":31,"turns":3},{"damage":5,"enemies":"Sentry and Sphere","floor":32,"turns":3},{"damage":23,"enemies":"IC_MUSHROOM_ARCHETYPE","floor":33,"turns":6},{"damage":11,"enemies":"3 Shapes","floor":36,"turns":5},{"damage":5,"enemies":"3 Darklings","floor":37,"turns":4},{"damage":0,"enemies":"Transient","floor":38,"turns":5},{"damage":8,"enemies":"Spire Growth","floor":40,"turns":4},{"damage":0,"enemies":"downfall:FleeingMerchant","floor":42,"turns":1},{"damage":0,"enemies":"Jaw Worm Horde","floor":44,"turns":2},{"damage":0,"enemies":"Writhing Mass","floor":45,"turns":7},{"damage":0,"enemies":"Sphere and 2 Shapes","floor":46,"turns":4},{"damage":0,"enemies":"Sphere and 2 Shapes","floor":48,"turns":3},{"damage":0,"enemies":"Transient","floor":49,"turns":5},{"damage":21,"enemies":"SI_POISON_ARCHETYPE","floor":50,"turns":7}],"seed_played":"5978155068101398523","potions_obtained":[{"floor":2,"key":"champ:CounterPotion"},{"floor":5,"key":"ColorlessPotion"},{"floor":9,"key":"bronze:FreeFunctionsPotion"},{"floor":15,"key":"Swift Potion"},{"floor":22,"key":"FearPotion"},{"floor":31,"key":"FearPotion"},{"floor":38,"key":"SmokeBomb"},{"floor":45,"key":"Weak Potion"},{"floor":46,"key":"BlessingOfTheForge"}],"is_trial":false,"path_per_floor":["R","M","M","?","M","$","T","R","M","M","?","R","$","E","M","B",null,"R","M","?","M","M","R","T","$","R","M","M","M","R","M","M","B",null,"R","M","M","M","?","M","T","$","R","M","M","M","R","?","M","B",null],"character_chosen":"THE_AUTOMATON","items_purchased":["bronze:Boost","bronze:CutThrough","bronze:Flail","Oddly Smooth Stone","Bird Faced Urn","bronze:CloningBeam"],"campfire_rested":0,"item_purchase_floors":[6,6,13,42,42,42],"current_hp_per_floor":[70,63,63,63,63,63,63,63,63,63,63,63,57,57,57,15,70,70,70,70,70,69,69,69,58,58,58,58,58,58,38,33,10,70,70,59,54,54,54,46,46,46,46,50,56,66,66,70,70,53],"gold":288,"neow_bonus":"THREE_CARDS","is_daily":false,"chose_seed":false,"campfire_upgraded":9,"win_rate":0.0,"timestamp":1611029743,"path_taken":["R","M","M","?","?","$","T","R","M","M","?","R","?","E","M","BOSS","R","M","?","?","M","R","T","$","R","M","M","?","R","M","M","BOSS","R","M","M","M","?","M","T","$","R","M","?","M","R","?","M","BOSS"],"items_purchased_type":["Card","Card","Card","Relic","Relic","Card"],"build_version":"2020-12-22","purchased_purges":1,"victory":true,"max_hp_per_floor":[70,70,70,70,70,70,70,70,70,70,70,70,70,70,70,70,70,70,70,70,70,70,70,70,70,70,70,70,70,70,70,70,70,70,70,70,70,70,70,70,70,70,70,70,70,70,70,70,70,70],"card_choices":[{"not_picked":["bronze:DigitalCarnage","bronze:OilSpill"],"picked":"bronze:ChildClass","floor":0},{"not_picked":["bronze:Flail","bronze:Fortify"],"picked":"bronze:BronzeOrb","floor":2},{"not_picked":["bronze:OilSpill","bronze:Safeguard"],"picked":"bronze:DelayedGuard","floor":3},{"not_picked":["bronze:BronzeArmor","bronze:BitShift"],"picked":"bronze:Branch","floor":5},{"not_picked":["bronze:OilSpill","bronze:DelayedGuard"],"picked":"bronze:FineTuning","floor":6},{"not_picked":["bronze:Invalidate","bronze:Shield"],"picked":"bronze:GetLatest","floor":9},{"not_picked":["bronze:ClassDefault","bronze:GetLatest"],"picked":"bronze:Overload","floor":10},{"not_picked":["bronze:BugBarrage","bronze:DelayedSlice"],"picked":"bronze:WhirlingStrike","floor":13},{"not_picked":["bronze:RecursiveStrike","bronze:BuggyMess"],"picked":"bronze:Iterate","floor":14},{"not_picked":["bronze:Repair","bronze:BitShift"],"picked":"bronze:FineTuning","floor":15},{"not_picked":["bronze:Break","bronze:Format"],"picked":"bronze:Mutator","floor":16},{"not_picked":["bronze:BronzeArmor","bronze:NullPointer+1"],"picked":"bronze:Boost","floor":19},{"not_picked":["bronze:BugBarrage+1","bronze:Repair"],"picked":"bronze:MaxOutput","floor":21},{"not_picked":["bronze:OilSpill","bronze:Philosophize","bronze:ForLoop"],"picked":"SKIP","floor":22},{"not_picked":["bronze:BitShift","bronze:ForceShield","bronze:Safeguard"],"picked":"SKIP","floor":25},{"not_picked":["bronze:BitShift","bronze:Deprecate","bronze:BronzeArmor"],"picked":"SKIP","floor":27},{"not_picked":["bronze:CutThrough","bronze:Shield","bronze:ForceShield"],"picked":"SKIP","floor":28},{"not_picked":["bronze:Invalidate","bronze:Backtrace"],"picked":"bronze:Iterate","floor":29},{"not_picked":["bronze:OilSpill","bronze:BuggyMess","bronze:ItsAFeature"],"picked":"SKIP","floor":31},{"not_picked":["bronze:Invalidate","bronze:Overheat"],"picked":"bronze:Flail","floor":32},{"not_picked":["bronze:CleanCode","bronze:AlphaBuild"],"picked":"bronze:RecursiveStrike","floor":33},{"not_picked":["bronze:BugBarrage","bronze:Deprecate+1","bronze:CutThrough"],"picked":"SKIP","floor":36},{"not_picked":["bronze:Deprecate+1","bronze:Overheat+1"],"picked":"bronze:FineTuning+1","floor":37},{"not_picked":["bronze:CutThrough","bronze:FineTuning"],"picked":"bronze:Boost","floor":38},{"not_picked":["bronze:BitShift+1","bronze:ClassDefault"],"picked":"bronze:Iterate+1","floor":40},{"not_picked":["bronze:OilSpill+1","bronze:BugBarrage"],"picked":"bronze:Frontload+1","floor":42},{"not_picked":["bronze:DarkDash+1","bronze:FineTuning+1","bronze:Invalidate"],"picked":"SKIP","floor":45},{"not_picked":["bronze:ClassDefault","bronze:ChosenStrike","bronze:CloningBeam"],"picked":"SKIP","floor":46},{"not_picked":["bronze:FineTuning","bronze:Frontload","bronze:Shell"],"picked":"SKIP","floor":49}],"player_experience":341167,"relics_obtained":[{"floor":7,"key":"Ornamental Fan"},{"floor":11,"key":"Odd Mushroom"},{"floor":14,"key":"Boot"},{"floor":24,"key":"Ancient Tea Set"},{"floor":41,"key":"Omamori"},{"floor":48,"key":"Gambling Chip"}],"event_choices":[{"damage_healed":0,"gold_gain":0,"player_choice":"Fought Mushrooms","damage_taken":0,"max_hp_gain":0,"max_hp_loss":0,"event_name":"Mushrooms","floor":11,"gold_loss":0}],"is_beta":false,"boss_relics":[{"not_picked":["Runic Pyramid","Velvet Choker"],"picked":"Coffee Dripper"},{"not_picked":["Pandora\u0027s Box","Tiny House"],"picked":"SlaversCollar"}],"items_purged_floors":[42],"is_endless":false,"potions_floor_spawned":[2,5,9,15,22,31,32,38,44,45,46],"ascension_level":0}}