{"host":"h1ba9qculgt1zycs","time":1611045963,"event":{"mods":["BaseMod","Hermit","Minty Spire (QoL Compilation)","Remove Card Discount Mod","StSLib","The Cursed"],"gold_per_floor":[118,135,135,135,146,175,175,193,193,101,116,66,99,111,111,210,210,230,241,22,38,38,68,68,99,99,134,134,148,167,167,167],"floor_reached":31,"language":"ENG","playtime":1471,"items_purged":["TheCursedMod:EmpowerCircles+1","TheCursedMod:EmpowerCircles+1","TheCursedMod:Strike_TheCursed","TheCursedMod:CircleOfBlood+1","TheCursedMod:CircleOfBlood+1","TheCursedMod:CursedWand"],"score":400,"play_id":"a236a7c0-d7f2-4708-af95-2cff17f043ed","local_time":"20210119094603","is_ascension_mode":true,"campfire_choices":[{"data":"TheCursedMod:CircleOfBlood","floor":7,"key":"SMITH"},{"data":"TheCursedMod:SpitefulPlan","floor":15,"key":"SMITH"},{"data":"TheCursedMod:DemonSword","floor":28,"key":"SMITH"}],"circlet_count":0,"master_deck":["TheCursedMod:Strike_TheCursed+1","TheCursedMod:Strike_TheCursed+1","TheCursedMod:Defend_TheCursed","TheCursedMod:Defend_TheCursed","TheCursedMod:CleanUpWorkshop","TheCursedMod:Dregs","TheCursedMod:SpitefulPlan+1","TheCursedMod:HellsGateOpen+1","TheCursedMod:EmpowerCircles+1","TheCursedMod:HellsGateOpen+1","TheCursedMod:DemonSword+1","TheCursedMod:SpitefulStrike+1","TheCursedMod:SpitefulPlan+1","TheCursedMod:HellsGateOpen+1","TheCursedMod:HellfireBreathing+1","TheCursedMod:Neurasthenia+1","Shame","Regret","TheCursedMod:HellsGateOpen+1","TheCursedMod:HellfireBreathing+1"],"relics":["TheCursedMod:BlackMagic101","Whetstone","Toxic Egg 2","The Courier","Frozen Egg 2","TheCursedMod:DemonicMark","Cursed Key","The Courier","Oddly Smooth Stone","Juzu Bracelet","Matryoshka","Pantograph"],"acts_visited":["Exordium","TheCity"],"potions_floor_usage":[14,14,16,23,29,29,30],"damage_taken":[{"damage":0,"enemies":"Cultist","floor":1,"turns":3},{"damage":6,"enemies":"2 Louse","floor":2,"turns":3},{"damage":0,"enemies":"Small Slimes","floor":5,"turns":4},{"damage":45,"enemies":"Lagavulin","floor":6,"turns":9},{"damage":2,"enemies":"Looter","floor":8,"turns":3},{"damage":0,"enemies":"Large Slime","floor":11,"turns":3},{"damage":35,"enemies":"Gremlin Nob","floor":13,"turns":5},{"damage":2,"enemies":"3 Louse","floor":14,"turns":2},{"damage":13,"enemies":"Slime Boss","floor":16,"turns":7},{"damage":20,"enemies":"Spheric Guardian","floor":18,"turns":4},{"damage":10,"enemies":"Shell Parasite","floor":19,"turns":3},{"damage":22,"enemies":"3 Cultists","floor":21,"turns":4},{"damage":45,"enemies":"Slavers","floor":23,"turns":5},{"damage":0,"enemies":"Gremlin Leader","floor":25,"turns":1},{"damage":31,"enemies":"Book of Stabbing","floor":27,"turns":5},{"damage":19,"enemies":"Centurion and Healer","floor":29,"turns":3},{"damage":7,"enemies":"Snake Plant","floor":30,"turns":4},{"damage":27,"enemies":"Colosseum Slavers","floor":31,"turns":1}],"seed_played":"-5141082368790683861","potions_obtained":[{"floor":1,"key":"LiquidMemories"},{"floor":6,"key":"Explosive Potion"},{"floor":11,"key":"BlessingOfTheForge"},{"floor":18,"key":"SkillPotion"},{"floor":19,"key":"DistilledChaos"},{"floor":27,"key":"DistilledChaos"},{"floor":29,"key":"SkillPotion"}],"is_trial":false,"path_per_floor":["M","M","?","?","M","E","R","M","T","$","M","?","E","M","R","B",null,"M","M","$","M","?","E","?","E","T","E","R","M","M","?"],"character_chosen":"THE_CURSED","items_purchased":["Frozen Egg 2","TheCursedMod:HellsGateOpen+1","TheCursedMod:EmpowerCircles+1","TheCursedMod:EmpowerCircles+1","TheCursedMod:HellsGateOpen+1","TheCursedMod:EmpowerCircles+1","TheCursedMod:HellfireBreathing+1"],"campfire_rested":0,"item_purchase_floors":[10,10,10,20,20,20,20],"current_hp_per_floor":[82,76,69,69,73,34,34,40,40,40,40,40,9,11,11,2,82,62,76,76,54,54,9,9,9,9,51,51,32,25,0,0],"gold":167,"neow_bonus":"TEN_PERCENT_HP_BONUS","is_daily":false,"chose_seed":false,"campfire_upgraded":3,"win_rate":0.0,"timestamp":1611045963,"path_taken":["M","?","?","?","M","E","R","M","T","$","?","?","E","M","R","BOSS","M","M","$","M","?","E","?","E","T","E","R","M","M","?"],"items_purchased_type":["Relic","Card","Card","Card","Card","Card","Card"],"build_version":"2020-12-22","purchased_purges":6,"victory":false,"max_hp_per_floor":[82,82,82,82,82,82,82,82,82,82,82,82,82,82,82,82,82,82,82,82,82,82,82,82,82,82,82,82,82,82,82,82],"card_choices":[{"not_picked":["TheCursedMod:VitalStrike","TheCursedMod:CursedShiv"],"picked":"TheCursedMod:CircleOfBlood","floor":1},{"not_picked":["TheCursedMod:BloodBarrier","TheCursedMod:AbyssShockwave","TheCursedMod:CursedAmulet"],"picked":"SKIP","floor":2},{"not_picked":["TheCursedMod:RavingStaff","TheCursedMod:TacticalStrike"],"picked":"TheCursedMod:SpitefulPlan","floor":5},{"not_picked":["TheCursedMod:ManaBullet","TheCursedMod:Stigma","TheCursedMod:CursedArmor"],"picked":"SKIP","floor":6},{"not_picked":["TheCursedMod:BlessingInDisguise","TheCursedMod:Grudge","TheCursedMod:AshesToAshes"],"picked":"SKIP","floor":8},{"not_picked":["TheCursedMod:WearCloak+1","TheCursedMod:SaltUponWound+1","TheCursedMod:CursedArmor+1"],"picked":"SKIP","floor":11},{"not_picked":["TheCursedMod:SurpriseAttack","TheCursedMod:EmpowerCircles+1"],"picked":"TheCursedMod:CircleOfBlood+1","floor":13},{"not_picked":["TheCursedMod:RapidMovement+1","TheCursedMod:BlessingInDisguise+1"],"picked":"TheCursedMod:HellsGateOpen+1","floor":14},{"not_picked":["TheCursedMod:UltimatePain+1","TheCursedMod:StunningStrike"],"picked":"TheCursedMod:DemonSword","floor":16},{"not_picked":["TheCursedMod:VitalStrike","TheCursedMod:CursedArmor+1"],"picked":"TheCursedMod:SpitefulStrike+1","floor":18},{"not_picked":["TheCursedMod:RavingStaff+1","TheCursedMod:VitalStrike"],"picked":"TheCursedMod:SpitefulPlan+1","floor":19},{"not_picked":["TheCursedMod:CircleOfFlame+1","TheCursedMod:Wield"],"picked":"TheCursedMod:Neurasthenia+1","floor":21},{"not_picked":["TheCursedMod:Stigma","TheCursedMod:DoubleShield+1","TheCursedMod:CursedMace+1"],"picked":"SKIP","floor":23},{"not_picked":["TheCursedMod:FleshFromBone+1","TheCursedMod:StingEye","TheCursedMod:SoulReap"],"picked":"SKIP","floor":25},{"not_picked":["TheCursedMod:SpitefulStrike","TheCursedMod:TacticalStrike"],"picked":"TheCursedMod:HellsGateOpen+1","floor":27},{"not_picked":["TheCursedMod:Neurasthenia+1","TheCursedMod:Stretching+1"],"picked":"TheCursedMod:HellfireBreathing+1","floor":29},{"not_picked":["TheCursedMod:Stretching+1","TheCursedMod:CircleOfCorruption+1","TheCursedMod:CircleOfFlame+1"],"picked":"SKIP","floor":30}],"player_experience":257994,"relics_obtained":[{"floor":6,"key":"Whetstone"},{"floor":9,"key":"Toxic Egg 2"},{"floor":13,"key":"TheCursedMod:DemonicMark"},{"floor":23,"key":"The Courier"},{"floor":25,"key":"Juzu Bracelet"},{"floor":26,"key":"Matryoshka"},{"floor":27,"key":"Pantograph"}],"event_choices":[{"cards_removed":["TheCursedMod:Defend_TheCursed"],"damage_healed":0,"gold_gain":0,"player_choice":"Card Removal","damage_taken":7,"max_hp_gain":0,"max_hp_loss":0,"event_name":"Golden Wing","floor":3,"gold_loss":0},{"cards_removed":["TheCursedMod:Strike_TheCursed"],"damage_healed":0,"gold_gain":0,"player_choice":"Offered Basic","damage_taken":0,"max_hp_gain":0,"max_hp_loss":0,"event_name":"Bonfire Elementals","floor":4,"gold_loss":0},{"cards_removed":["TheCursedMod:Defend_TheCursed"],"damage_healed":0,"gold_gain":0,"player_choice":"Card Removal","damage_taken":0,"max_hp_gain":0,"max_hp_loss":0,"event_name":"The Cleric","floor":12,"gold_loss":50},{"damage_healed":0,"gold_gain":0,"player_choice":"Ignored","damage_taken":0,"max_hp_gain":0,"max_hp_loss":0,"event_name":"Ghosts","floor":22,"gold_loss":0},{"damage_healed":0,"gold_gain":0,"player_choice":"Stole Relic","damage_taken":0,"relics_obtained":["Oddly Smooth Stone"],"max_hp_gain":0,"max_hp_loss":0,"event_name":"Addict","floor":24,"gold_loss":0,"cards_obtained":["Shame"]},{"damage_healed":0,"gold_gain":0,"player_choice":"Fight","damage_taken":0,"max_hp_gain":0,"max_hp_loss":0,"event_name":"Colosseum","floor":31,"gold_loss":0}],"is_beta":false,"boss_relics":[{"not_picked":["Sozu","Runic Pyramid"],"picked":"Cursed Key"}],"items_purged_floors":[20,20,20,20,20,20],"is_endless":false,"potions_floor_spawned":[1,6,11,13,18,19,27,29],"killed_by":"Colosseum Slavers","ascension_level":1}}