{"host":"oi6p1guiqfwwvxym","time":1611036346,"event":{"mods":["BaseMod","Colored Map","Minty Spire (QoL Compilation)"],"gold_per_floor":[112,127,145,145,162,189,189,189,189,189,222,245,281,306,306,402,402,416,440,463,481,514,514,555,575,599,77,2,37,37,37,37,131,131,149,149,173,223,248,281,281,281,333,377,377,392,392,25,25,25],"floor_reached":51,"language":"ENG","playtime":3077,"items_purged":["Strike_R","Armaments+1"],"score":1437,"play_id":"54a4c9d6-7496-4e11-bf47-711318d57cd2","local_time":"20210118220546","is_ascension_mode":true,"campfire_choices":[{"data":"Reaper","floor":7,"key":"SMITH"},{"data":"Immolate","floor":15,"key":"SMITH"},{"data":"Exhume","floor":23,"key":"SMITH"},{"data":"Feed","floor":30,"key":"SMITH"},{"data":"Double Tap","floor":32,"key":"SMITH"},{"data":"Barricade","floor":41,"key":"SMITH"},{"floor":47,"key":"RECALL"},{"data":"Bloodletting","floor":49,"key":"SMITH"}],"circlet_count":0,"master_deck":["AscendersBane","Defend_R+1","Defend_R+1","Defend_R+1","Bash+1","Flame Barrier+1","Shrug It Off+1","Reaper+1","Bloodletting+1","Clothesline+1","Exhume+1","Immolate+1","Feel No Pain+1","Double Tap+1","Second Wind+1","Body Slam+1","Thunderclap+1","Feed+1","Infernal Blade+1","Shockwave+1","Barricade+1","Double Tap+1","Pommel Strike+1","Dropkick+1","Uppercut+1","Madness+1","Madness+1","Havoc+1","Feel No Pain+1","True Grit+1","Rupture+1","Bloodletting+1"],"relics":["Coffee Dripper","Dream Catcher","CaptainsWheel","Golden Idol","Shuriken","Smiling Mask","Eternal Feather","Runic Pyramid","Bag of Preparation","Red Mask","Prayer Wheel","Potion Belt","Oddly Smooth Stone","Frozen Eye","Orichalcum","Du-Vu Doll","Astrolabe","Bottled Flame","Bronze Scales","Red Skull","Mark of the Bloom","TungstenRod"],"acts_visited":["Exordium","TheCity","TheBeyond"],"potions_floor_usage":[6,6,6,11,11,14,16,27,39,50,50,50],"damage_taken":[{"damage":0,"enemies":"Small Slimes","floor":1,"turns":3},{"damage":1,"enemies":"2 Louse","floor":2,"turns":3},{"damage":6,"enemies":"Jaw Worm","floor":3,"turns":6},{"damage":4,"enemies":"Red Slaver","floor":5,"turns":4},{"damage":10,"enemies":"Gremlin Nob","floor":6,"turns":4},{"damage":8,"enemies":"3 Sentries","floor":11,"turns":10},{"damage":2,"enemies":"Exordium Wildlife","floor":12,"turns":3},{"damage":27,"enemies":"Lagavulin","floor":13,"turns":7},{"damage":19,"enemies":"Exordium Thugs","floor":14,"turns":5},{"damage":43,"enemies":"Slime Boss","floor":16,"turns":11},{"damage":11,"enemies":"2 Thieves","floor":18,"turns":3},{"damage":1,"enemies":"3 Byrds","floor":19,"turns":3},{"damage":18,"enemies":"Snake Plant","floor":21,"turns":5},{"damage":17,"enemies":"Masked Bandits","floor":22,"turns":4},{"damage":29,"enemies":"Book of Stabbing","floor":24,"turns":6},{"damage":0,"enemies":"Centurion and Healer","floor":25,"turns":5},{"damage":0,"enemies":"Slavers","floor":29,"turns":2},{"damage":34,"enemies":"Champ","floor":33,"turns":13},{"damage":3,"enemies":"Orb Walker","floor":35,"turns":4},{"damage":15,"enemies":"3 Darklings","floor":37,"turns":3},{"damage":17,"enemies":"Spire Growth","floor":39,"turns":3},{"damage":3,"enemies":"Reptomancer","floor":40,"turns":5},{"damage":24,"enemies":"Nemesis","floor":44,"turns":7},{"damage":0,"enemies":"Transient","floor":46,"turns":6},{"damage":9,"enemies":"Awakened One","floor":50,"turns":9}],"seed_played":"-4037879217242515838","potions_obtained":[{"floor":3,"key":"HeartOfIron"},{"floor":5,"key":"EntropicBrew"},{"floor":6,"key":"Block Potion"},{"floor":13,"key":"BloodPotion"},{"floor":14,"key":"SneckoOil"},{"floor":21,"key":"Ancient Potion"},{"floor":22,"key":"Swift Potion"},{"floor":25,"key":"FearPotion"},{"floor":29,"key":"Strength Potion"},{"floor":40,"key":"HeartOfIron"}],"is_trial":false,"path_per_floor":["M","M","M","?","M","E","R","?","T","?","E","M","E","M","R","B",null,"M","M","T","M","?","R","E","M","T","$","?","E","R","T","R","B",null,"M","?","M","?","M","E","R","?","T","E","?","M","R","$","R","B",null],"character_chosen":"IRONCLAD","items_purchased":["Oddly Smooth Stone","Frozen Eye","BloodPotion","LiquidMemories","TungstenRod"],"campfire_rested":0,"item_purchase_floors":[27,27,27,27,48],"current_hp_per_floor":[68,67,61,50,46,36,36,36,36,36,46,51,31,38,47,14,55,49,52,52,40,23,35,22,45,45,59,59,59,71,71,71,67,73,74,60,74,74,61,75,87,87,87,87,87,87,87,87,87,78],"gold":25,"neow_bonus":"BOSS_RELIC","is_daily":false,"chose_seed":false,"campfire_upgraded":7,"win_rate":0.0,"timestamp":1611036346,"path_taken":["M","M","M","?","M","E","R","?","T","?","E","M","E","M","R","BOSS","M","M","?","M","?","R","E","?","T","$","?","E","R","?","R","BOSS","M","?","M","?","?","E","R","?","T","E","?","M","R","$","R","BOSS"],"items_purchased_type":["Relic","Relic","Potion","Potion","Relic"],"build_version":"2020-12-22","purchased_purges":2,"victory":true,"max_hp_per_floor":[75,75,75,75,75,75,75,68,68,68,68,68,68,68,68,68,68,68,68,68,68,68,68,68,71,71,71,71,71,71,71,71,75,75,79,79,83,83,87,87,87,87,87,91,91,91,91,91,91,91],"card_choices":[{"not_picked":["Heavy Blade","Clash"],"picked":"Flame Barrier","floor":1},{"not_picked":["Flex","Power Through"],"picked":"Shrug It Off","floor":2},{"not_picked":["Body Slam","Sentinel"],"picked":"Reckless Charge","floor":3},{"not_picked":["Pummel","Shrug It Off","Headbutt"],"picked":"SKIP","floor":5},{"not_picked":["Havoc","Sword Boomerang"],"picked":"Reaper","floor":6},{"not_picked":["Flex","Combust"],"picked":"Clothesline","floor":11},{"not_picked":["Warcry","Searing Blow"],"picked":"Exhume","floor":12},{"not_picked":["Searing Blow","Heavy Blade"],"picked":"Immolate","floor":13},{"not_picked":["Dropkick","Clash"],"picked":"Feel No Pain","floor":14},{"not_picked":["Offering","Limit Break"],"picked":"Double Tap","floor":16},{"not_picked":["Havoc","Clash","Sentinel"],"picked":"SKIP","floor":18},{"not_picked":["Rupture","Cleave"],"picked":"Second Wind","floor":19},{"not_picked":["Clash","Bloodletting+1"],"picked":"Body Slam","floor":21},{"not_picked":["Searing Blow","Battle Trance"],"picked":"Thunderclap+1","floor":22},{"not_picked":["Heavy Blade","Iron Wave"],"picked":"Feed","floor":24},{"not_picked":["Clash","Anger"],"picked":"Infernal Blade","floor":25},{"not_picked":["Perfected Strike","Evolve+1"],"picked":"Shockwave+1","floor":25},{"not_picked":["Heavy Blade","Thunderclap","Cleave"],"picked":"SKIP","floor":29},{"not_picked":["Corruption","Brutality"],"picked":"Barricade","floor":33},{"not_picked":["Flex","Clothesline"],"picked":"Armaments","floor":35},{"not_picked":["Warcry+1","Twin Strike"],"picked":"Uppercut","floor":35},{"not_picked":["Hemokinesis","Headbutt"],"picked":"Havoc","floor":37},{"not_picked":["Headbutt","Iron Wave","Heavy Blade"],"picked":"SKIP","floor":37},{"not_picked":["Clash+1","Armaments","Sever Soul"],"picked":"SKIP","floor":39},{"not_picked":["Armaments","Body Slam+1","Evolve+1"],"picked":"SKIP","floor":39},{"not_picked":["Perfected Strike","Sever Soul"],"picked":"Feel No Pain+1","floor":40},{"not_picked":["Pummel","Clothesline"],"picked":"True Grit+1","floor":44},{"not_picked":["Body Slam","Brutality"],"picked":"Rupture+1","floor":46},{"not_picked":["Shrug It Off","Havoc"],"picked":"Bloodletting","floor":46}],"player_experience":372499,"relics_obtained":[{"floor":6,"key":"CaptainsWheel"},{"floor":9,"key":"Shuriken"},{"floor":11,"key":"Smiling Mask"},{"floor":13,"key":"Eternal Feather"},{"floor":20,"key":"Bag of Preparation"},{"floor":22,"key":"Red Mask"},{"floor":24,"key":"Prayer Wheel"},{"floor":26,"key":"Potion Belt"},{"floor":29,"key":"Orichalcum"},{"floor":31,"key":"Du-Vu Doll"},{"floor":40,"key":"Bottled Flame"},{"floor":43,"key":"Bronze Scales"},{"floor":44,"key":"Red Skull"}],"event_choices":[{"damage_healed":0,"gold_gain":0,"player_choice":"Success","damage_taken":11,"relics_obtained":["Dream Catcher"],"max_hp_gain":0,"max_hp_loss":0,"event_name":"Scrap Ooze","floor":4,"gold_loss":0},{"damage_healed":0,"gold_gain":0,"player_choice":"Lose Max HP","damage_taken":0,"relics_obtained":["Golden Idol"],"max_hp_gain":0,"max_hp_loss":7,"event_name":"Golden Idol","floor":8,"gold_loss":0},{"damage_healed":0,"gold_gain":0,"cards_transformed":["Strike_R"],"player_choice":"Transformed","damage_taken":0,"max_hp_gain":0,"max_hp_loss":0,"event_name":"Transmorgrifier","floor":10,"gold_loss":0,"cards_obtained":["Bloodletting"]},{"damage_healed":0,"gold_gain":0,"player_choice":"Fought Bandits","damage_taken":0,"max_hp_gain":0,"max_hp_loss":0,"event_name":"Masked Bandits","floor":22,"gold_loss":0},{"cards_removed":["Strike_R"],"damage_healed":0,"gold_gain":0,"player_choice":"Gave Gold","damage_taken":0,"max_hp_gain":0,"max_hp_loss":0,"event_name":"Beggar","floor":28,"gold_loss":75},{"damage_healed":0,"gold_gain":0,"player_choice":"Embrace Madness","damage_taken":14,"max_hp_gain":0,"max_hp_loss":0,"event_name":"Winding Halls","floor":36,"gold_loss":0,"cards_obtained":["Madness","Madness"]},{"damage_healed":0,"gold_gain":50,"player_choice":"Pray","damage_taken":0,"max_hp_gain":0,"max_hp_loss":0,"event_name":"Golden Shrine","floor":38,"gold_loss":0},{"cards_removed":["Reckless Charge"],"damage_healed":0,"gold_gain":0,"player_choice":"Removed Attack","damage_taken":0,"max_hp_gain":0,"max_hp_loss":0,"event_name":"Falling","floor":42,"gold_loss":0},{"damage_healed":0,"gold_gain":0,"player_choice":"Upgrade","damage_taken":0,"relics_obtained":["Mark of the Bloom"],"max_hp_gain":0,"max_hp_loss":0,"event_name":"MindBloom","floor":45,"gold_loss":0,"cards_upgraded":["Defend_R","Defend_R","Defend_R","Bash","Flame Barrier","Shrug It Off","Bloodletting","Clothesline","Feel No Pain","Second Wind","Body Slam","Infernal Blade","Armaments","Uppercut","Madness","Madness","Havoc"]}],"is_beta":false,"boss_relics":[{"not_picked":["SacredBark","Runic Dome"],"picked":"Runic Pyramid"},{"not_picked":["Pandora\u0027s Box","Sozu"],"picked":"Astrolabe"}],"items_purged_floors":[27,48],"is_endless":false,"potions_floor_spawned":[3,5,6,13,14,21,22,25,29,35,40,46],"ascension_level":17}}