{"host":"iyj530209nkhhjuz","time":1611080053,"event":{"mods":["AchievementEnabler","BaseMod","Better Match","Better Note","Better Third Choice","BetterRewards","Colored Map","Colored Powertips","Dark Map","Fox Events","Highlight Path","Minty Spire (QoL Compilation)","Permanent Neow","Random Character Button","Rare Cards Sparkle","Relic Stats","StSLib","Waifu the Spire"],"gold_per_floor":[114,114,138,138,163,203,167,222,276,276,276],"floor_reached":10,"language":"ENG","playtime":498,"items_purged":[],"score":79,"play_id":"9123433c-db29-4edd-b8fe-1c9a5923d4dd","local_time":"20210119191413","is_ascension_mode":true,"campfire_choices":[],"circlet_count":0,"master_deck":["Strike_G","Strike_G","Strike_G","Strike_G","Defend_G","Defend_G","Defend_G","Defend_G","Defend_G","Survivor","Neutralize","Dagger Spray","All Out Attack","Accuracy","Noxious Fumes"],"relics":["SlaversCollar","Golden Idol","Tiny Chest","betterThird:SlimedRelic","MealTicket"],"acts_visited":["Exordium"],"potions_floor_usage":[6],"damage_taken":[{"damage":0,"enemies":"2 Louse","floor":1,"turns":3},{"damage":3,"enemies":"Small Slimes","floor":3,"turns":4},{"damage":0,"enemies":"Cultist","floor":5,"turns":4},{"damage":34,"enemies":"Lagavulin","floor":6,"turns":9},{"damage":2,"enemies":"Gremlin Nob","floor":10,"turns":3}],"seed_played":"-2194924847292495498","potions_obtained":[{"floor":3,"key":"LiquidMemories"}],"is_trial":false,"path_per_floor":["M","?","M","?","M","E","?","?","T","E"],"character_chosen":"THE_SILENT","items_purchased":[],"campfire_rested":0,"item_purchase_floors":[],"current_hp_per_floor":[70,53,50,50,50,16,5,5,5,3,3],"gold":276,"neow_bonus":"BOSS_RELIC","is_daily":false,"chose_seed":false,"campfire_upgraded":0,"win_rate":0.0,"timestamp":1611080053,"path_taken":["M","?","M","?","?","E","?","?","T","E"],"items_purchased_type":[],"build_version":"2020-12-22","purchased_purges":0,"victory":false,"max_hp_per_floor":[70,70,70,70,70,70,70,70,70,70,70],"relic_stats":{"counters":[10,50],"Golden Idol":35,"Tiny Chest":0,"MealTicket":0,"obtain_stats":[{"SlaversCollar":0,"Golden Idol":3,"betterThird:SlimedRelic":7,"Tiny Chest":6,"MealTicket":9,"Turnip":9,"Bottled Lightning":6,"Ring of the Snake":0,"Meat on the Bone":8},{"SlaversCollar":5,"Golden Idol":1,"betterThird:SlimedRelic":9,"Tiny Chest":9,"MealTicket":9,"Turnip":4,"Bottled Lightning":3,"Ring of the Snake":0,"Meat on the Bone":4},{"SlaversCollar":27,"Golden Idol":4,"betterThird:SlimedRelic":47,"Tiny Chest":47,"MealTicket":47,"Turnip":24,"Bottled Lightning":16,"Ring of the Snake":0,"Meat on the Bone":24}]},"card_choices":[{"not_picked":["Underhanded Strike","Slice"],"picked":"Dagger Spray","floor":1},{"not_picked":["Flying Knee","Dodge and Roll"],"picked":"All Out Attack","floor":3},{"not_picked":["Dagger Throw","Cloak And Dagger"],"picked":"Accuracy","floor":5},{"not_picked":["Poisoned Stab","Caltrops"],"picked":"Noxious Fumes","floor":6}],"player_experience":415386,"relics_obtained":[{"floor":6,"key":"Tiny Chest"},{"floor":9,"key":"MealTicket"}],"event_choices":[{"damage_healed":0,"gold_gain":0,"player_choice":"Take Damage","damage_taken":17,"relics_obtained":["Golden Idol"],"max_hp_gain":0,"max_hp_loss":0,"event_name":"Golden Idol","floor":2,"gold_loss":0},{"cards_removed":["Strike_G"],"damage_healed":0,"gold_gain":0,"player_choice":"Offered Basic","damage_taken":0,"max_hp_gain":0,"max_hp_loss":0,"event_name":"Bonfire Elementals","floor":4,"gold_loss":0},{"damage_healed":0,"gold_gain":0,"player_choice":"Slimed","damage_taken":11,"max_hp_gain":0,"max_hp_loss":0,"event_name":"betterThird:BetterGoop","floor":7,"gold_loss":36},{"damage_healed":0,"gold_gain":55,"player_choice":"Gained Gold","damage_taken":0,"max_hp_gain":0,"max_hp_loss":0,"event_name":"Golden Wing","floor":8,"gold_loss":0}],"is_beta":false,"boss_relics":[],"items_purged_floors":[],"is_endless":false,"potions_floor_spawned":[3],"killed_by":"Gremlin Nob","ascension_level":4}}