{"host":"8g24zuco0epbjwbo","time":1611038012,"event":{"mods":["BaseMod","Downfall","Minty Spire (QoL Compilation)","Relic Stats","StSLib"],"gold_per_floor":[99,112,173,173,191,91,118,118,132,151,186,199,229,329,342,342,342],"floor_reached":16,"language":"ENG","playtime":875,"items_purged":[],"score":137,"play_id":"aa5ec9fc-d214-462f-bec8-2a266049b5fc","local_time":"20210119013332","is_ascension_mode":false,"campfire_choices":[{"floor":1,"key":"RECALL"},{"data":"bronze:OilSpill","floor":6,"key":"SMITH"},{"data":"bronze:Goto","floor":8,"key":"SMITH"}],"circlet_count":0,"master_deck":["bronze:Strike","bronze:Strike","bronze:Strike","bronze:Strike","bronze:Defend","bronze:Defend","bronze:Defend","bronze:Defend","bronze:Replicate","bronze:Goto+1","bronze:OilSpill+1","bronze:ForceShield","bronze:Branch","bronze:Boost","bronze:ItsAFeature","bronze:DelayedSlice","bronze:Optimize","bronze:BuggyMess","bronze:Verify"],"relics":["bronze:BronzeCore","bronze:ProtectiveGoggles","Bottled Lightning","downfall:HeartBlessingRed","Bag of Preparation","Mango","Ginger","downfall:GremlinWheel"],"acts_visited":["Exordium"],"potions_floor_usage":[13,16],"damage_taken":[{"damage":7,"enemies":"2 Louse","floor":2,"turns":3},{"damage":25,"enemies":"Gremlin Nob","floor":3,"turns":4},{"damage":1,"enemies":"Jaw Worm","floor":5,"turns":3},{"damage":7,"enemies":"Small Slimes","floor":9,"turns":2},{"damage":0,"enemies":"Blue Slaver","floor":10,"turns":3},{"damage":13,"enemies":"Lagavulin","floor":11,"turns":6},{"damage":0,"enemies":"2 Fungi Beasts","floor":12,"turns":3},{"damage":4,"enemies":"3 Sentries","floor":13,"turns":7},{"damage":19,"enemies":"3 Sentries","floor":14,"turns":4},{"damage":0,"enemies":"Red Slaver","floor":15,"turns":3},{"damage":21,"enemies":"WA_ARCHETYPE_RETAIN","floor":16,"turns":7}],"seed_played":"6089689546467249203","potions_obtained":[{"floor":5,"key":"Ancient Potion"},{"floor":9,"key":"Fruit Juice"},{"floor":10,"key":"Energy Potion"},{"floor":13,"key":"GamblersBrew"}],"is_trial":false,"path_per_floor":["R","M","?","T","M","R","T","R","M","M","E","M","E","?","M","B"],"character_chosen":"THE_AUTOMATON","items_purchased":[],"campfire_rested":0,"item_purchase_floors":[],"current_hp_per_floor":[77,70,45,45,44,44,44,44,37,37,38,38,39,20,20,0,0],"gold":342,"neow_bonus":"TEN_PERCENT_HP_BONUS","is_daily":false,"chose_seed":false,"campfire_upgraded":2,"win_rate":0.0,"timestamp":1611038012,"path_taken":["R","M","?","?","M","R","T","R","M","M","E","M","E","?","M","BOSS"],"items_purchased_type":[],"build_version":"2020-12-22","purchased_purges":0,"victory":false,"max_hp_per_floor":[77,77,77,77,77,77,77,77,77,77,91,91,96,96,96,96,96],"relic_stats":{"counters":[11,45],"Bag of Preparation":[16],"Ginger":[0],"obtain_stats":[{"bronze:BronzeCore":0,"downfall:GremlinWheel":14,"bronze:ProtectiveGoggles":3,"downfall:HeartBlessingRed":6,"Mango":11,"Bag of Preparation":7,"Bottled Lightning":4,"Ginger":13},{"bronze:BronzeCore":0,"downfall:GremlinWheel":9,"bronze:ProtectiveGoggles":2,"downfall:HeartBlessingRed":3,"Mango":6,"Bag of Preparation":3,"Bottled Lightning":2,"Ginger":8},{"bronze:BronzeCore":0,"downfall:GremlinWheel":35,"bronze:ProtectiveGoggles":7,"downfall:HeartBlessingRed":10,"Mango":21,"Bag of Preparation":10,"Bottled Lightning":7,"Ginger":31}]},"card_choices":[{"not_picked":["bronze:Shield","bronze:NullPointer"],"picked":"bronze:OilSpill","floor":2},{"not_picked":["bronze:Invalidate","bronze:Flail"],"picked":"bronze:ForceShield","floor":3},{"not_picked":["bronze:DelayedSlice","bronze:WildBeam"],"picked":"bronze:Branch","floor":5},{"not_picked":["bronze:FollowUp","bronze:DigitalCarnage"],"picked":"bronze:Boost","floor":9},{"not_picked":["bronze:Invalidate","bronze:WhirlingStrike"],"picked":"bronze:ItsAFeature","floor":10},{"not_picked":["bronze:Philosophize","bronze:Overheat"],"picked":"bronze:DelayedSlice","floor":11},{"not_picked":["bronze:Branch","bronze:Invalidate"],"picked":"bronze:Optimize","floor":12},{"not_picked":["bronze:Repulsor","bronze:Optimize"],"picked":"bronze:BuggyMess","floor":13},{"not_picked":["bronze:FollowUp","bronze:Turbo"],"picked":"bronze:Verify","floor":15}],"player_experience":454859,"relics_obtained":[{"floor":3,"key":"bronze:ProtectiveGoggles"},{"floor":4,"key":"Bottled Lightning"},{"floor":7,"key":"Bag of Preparation"},{"floor":11,"key":"Mango"},{"floor":13,"key":"Ginger"},{"floor":14,"key":"downfall:GremlinWheel"}],"event_choices":[],"is_beta":false,"boss_relics":[],"items_purged_floors":[],"is_endless":false,"potions_floor_spawned":[5,9,10,13,15],"killed_by":"WA_ARCHETYPE_RETAIN","ascension_level":0}}