{"host":"mai03x2ekbjy4059","time":1611017256,"event":{"mods":["2.2 Compatiblity","BaseMod","DeckTracker","Keyboard Shortcuts","Minty Spire (QoL Compilation)","Permanent Neow","Quick Restart","SuperFastMode","everything is the same but u backflip on backflip"],"gold_per_floor":[363,438,438,454,467,496,513,513,513],"floor_reached":8,"language":"KOR","playtime":244,"items_purged":[],"score":61,"play_id":"384b1239-8120-4924-88ab-c8e4340c7280","local_time":"20210119094736","is_ascension_mode":true,"campfire_choices":[],"circlet_count":0,"master_deck":["Strike_B","Strike_B","Strike_B","Strike_B","Defend_B","Defend_B","Defend_B","Defend_B","Zap","Dualcast","Defend_G","Steam"],"relics":["Cracked Core","Blue Candle"],"acts_visited":["Exordium"],"potions_floor_usage":[],"damage_taken":[{"damage":0.0,"enemies":"2 Louse","floor":1.0,"turns":3.0},{"damage":0.0,"enemies":"Small Slimes","floor":4.0,"turns":3.0},{"damage":0.0,"enemies":"Cultist","floor":5.0,"turns":4.0},{"damage":20.0,"enemies":"3 Sentries","floor":6.0,"turns":9.0},{"damage":5.0,"enemies":"Looter","floor":7.0,"turns":3.0},{"damage":0,"enemies":"Gremlin Nob","floor":8,"turns":1}],"seed_played":"-56296430080783858","potions_obtained":[{"floor":4.0,"key":"EssenceOfSteel"},{"floor":5.0,"key":"ColorlessPotion"},{"floor":7.0,"key":"SkillPotion"}],"is_trial":false,"path_per_floor":["M","?","?","M","M","E","M","E"],"character_chosen":"DEFECT","items_purchased":[],"campfire_rested":0,"item_purchase_floors":[],"current_hp_per_floor":[54,43,43,43,43,23,18,18,18],"gold":513,"neow_bonus":"TWO_FIFTY_GOLD","is_daily":false,"chose_seed":false,"campfire_upgraded":0,"win_rate":0.0,"timestamp":1611017256,"path_taken":["M","?","?","?","M","E","M","E"],"items_purchased_type":[],"build_version":"2020-12-22","purchased_purges":0,"victory":false,"max_hp_per_floor":[75,75,75,75,75,75,75,75,75],"card_choices":[{"not_picked":["Compile Driver","Cold Snap"],"picked":"Gash","floor":1.0},{"not_picked":["Hello World","Rebound","Undo"],"picked":"SKIP","floor":4.0},{"not_picked":["Ball Lightning","Static Discharge"],"picked":"Steam","floor":5.0},{"not_picked":["Rebound","Coolheaded","Conserve Battery"],"picked":"SKIP","floor":6.0},{"not_picked":["Sweeping Beam","Sunder","Leap"],"picked":"SKIP","floor":7.0}],"player_experience":1094897,"relics_obtained":[{"floor":6.0,"key":"Blue Candle"}],"event_choices":[{"damage_healed":0.0,"max_hp_gain":0.0,"max_hp_loss":0.0,"gold_gain":75.0,"event_name":"World of Goop","player_choice":"Gather Gold","floor":2.0,"gold_loss":0.0,"damage_taken":11.0},{"cards_removed":["Gash"],"damage_healed":0.0,"max_hp_gain":0.0,"max_hp_loss":0.0,"gold_gain":0.0,"event_name":"NoteForYourself","player_choice":"Took Card","floor":3.0,"gold_loss":0.0,"damage_taken":0.0,"cards_obtained":["Defend_G"]}],"is_beta":false,"boss_relics":[],"items_purged_floors":[],"is_endless":false,"potions_floor_spawned":[4,5,7],"killed_by":"Gremlin Nob","ascension_level":1}}