{"host":"4gr5irrdjh39ysed","time":1611067941,"event":{"mods":["AchievementEnabler","BaseMod","Colored Map","Downfall","Hermit","Minty Spire (QoL Compilation)","Random Character Button","StSLib","The Construct","The Cursed","The Disciple","The Hierophant","The Mystic","The Necromancer","The Runesmith"],"gold_per_floor":[99,110,122,137,137,137,137,156,174,188,199,215,228,257,269,370,370,370,153,153,166,176,84,132,157,168,168,185,201,201,108,122,227,227,127,137,137,149,169,59,59,59,59,75,92,106,126,142,152,152],"floor_reached":51,"language":"ENG","playtime":4805,"items_purged":["Guardian:Defend_Guardian"],"score":710,"play_id":"607af657-34fc-4dcf-8a7a-8ad141a7766d","local_time":"20210119075221","is_ascension_mode":false,"campfire_choices":[{"floor":1,"key":"RECALL"},{"data":"Guardian:TwinSlam","floor":6,"key":"SMITH"},{"data":"Guardian:TimeSifter","floor":18,"key":"SMITH"},{"data":"Guardian:BodySlam","floor":27,"key":"SMITH"},{"data":"Guardian:FloatingOrbs","floor":30,"key":"SMITH"},{"data":"Guardian:Suspension","floor":35,"key":"SMITH"},{"data":"Guardian:SentryBeam","floor":43,"key":"SMITH"}],"circlet_count":0,"master_deck":["Guardian:Strike_Guardian","Guardian:Strike_Guardian","Guardian:Strike_Guardian","Guardian:Defend_Guardian","Guardian:CurlUp","Guardian:TwinSlam+1","Guardian:Incinerate","Guardian:RollAttack","Guardian:PrimingBeam","Guardian:Suspension+1","Guardian:Planning","Guardian:TemporalStrike","Guardian:BodySlam+1","Guardian:WalkerClaw","Guardian:AncientConstruct","Guardian:PolyBeam","Guardian:TimeSifter+1","Guardian:TimeCapacitor","Guardian:BodySlam","Guardian:RevengeProtocol","Guardian:TemporalStrike","Guardian:FloatingOrbs+1","Guardian:Clone","Guardian:TimeBomb","Guardian:ConstructionForm","Guardian:ChargeCore","Guardian:Reroute+1","Guardian:ExploitGems","Guardian:WalkerClaw+1","Guardian:SentryBeam+1","Guardian:Planning+1","Guardian:Reroute+1","Guardian:BronzeOrb","Parasite","Guardian:StasisStrike","Guardian:Gem_Red","Guardian:GuardianWhirl+1","Parasite","Guardian:Gem_Red","Guardian:TemporalStrike","Guardian:Gem_Red"],"relics":["Guardian:ModeShifter","Nunchaku","Oddly Smooth Stone","Empty Cage","Gremlin Horn","Black Star","downfall:HeartBlessingRed","Anchor"],"acts_visited":["Exordium","TheCity","TheBeyond"],"potions_floor_usage":[14,16,23,38,47,47,50,50],"damage_taken":[{"damage":6,"enemies":"Cultist","floor":2,"turns":4},{"damage":6,"enemies":"Jaw Worm","floor":3,"turns":4},{"damage":10,"enemies":"Small Slimes","floor":4,"turns":3},{"damage":14,"enemies":"Blue Slaver","floor":8,"turns":3},{"damage":0,"enemies":"Large Slime","floor":9,"turns":6},{"damage":11,"enemies":"Exordium Wildlife","floor":10,"turns":5},{"damage":13,"enemies":"3 Louse","floor":11,"turns":3},{"damage":11,"enemies":"Large Slime","floor":12,"turns":5},{"damage":13,"enemies":"Lots of Slimes","floor":13,"turns":4},{"damage":20,"enemies":"3 Sentries","floor":14,"turns":9},{"damage":11,"enemies":"Exordium Thugs","floor":15,"turns":4},{"damage":31,"enemies":"WA_ARCHETYPE_RETAIN","floor":16,"turns":7},{"damage":4,"enemies":"downfall:FleeingMerchant","floor":19,"turns":4},{"damage":20,"enemies":"Spheric Guardian","floor":21,"turns":5},{"damage":28,"enemies":"Shell Parasite","floor":22,"turns":5},{"damage":15,"enemies":"downfall:FleeingMerchant","floor":23,"turns":4},{"damage":33,"enemies":"Book of Stabbing","floor":25,"turns":5},{"damage":19,"enemies":"Sentry and Sphere","floor":26,"turns":5},{"damage":19,"enemies":"3 Cultists","floor":28,"turns":4},{"damage":21,"enemies":"Snake Plant","floor":29,"turns":3},{"damage":12,"enemies":"downfall:FleeingMerchant","floor":31,"turns":4},{"damage":49,"enemies":"Shelled Parasite and Fungi","floor":32,"turns":7},{"damage":128,"enemies":"IC_MUSHROOM_ARCHETYPE","floor":33,"turns":10},{"damage":31,"enemies":"Orb Walker","floor":36,"turns":4},{"damage":39,"enemies":"3 Darklings","floor":38,"turns":4},{"damage":28,"enemies":"Sphere and 2 Shapes","floor":39,"turns":4},{"damage":25,"enemies":"downfall:FleeingMerchant","floor":40,"turns":4},{"damage":46,"enemies":"Writhing Mass","floor":44,"turns":6},{"damage":25,"enemies":"Transient","floor":45,"turns":5},{"damage":28,"enemies":"Sphere and 2 Shapes","floor":46,"turns":5},{"damage":7,"enemies":"Writhing Mass","floor":47,"turns":5},{"damage":33,"enemies":"4 Shapes","floor":48,"turns":4},{"damage":23,"enemies":"Maw","floor":49,"turns":8},{"damage":211,"enemies":"SI_POISON_ARCHETYPE","floor":50,"turns":9}],"seed_played":"-7665681112174044732","potions_obtained":[{"floor":8,"key":"Fire Potion"},{"floor":11,"key":"Guardian:DefensiveModePotion"},{"floor":13,"key":"hexamod:SoulburnPotion"},{"floor":14,"key":"AttackPotion"},{"floor":21,"key":"SteroidPotion"},{"floor":29,"key":"construct:ShiftPotion"},{"floor":44,"key":"Dexterity Potion"},{"floor":48,"key":"Swift Potion"}],"is_trial":false,"path_per_floor":["R","M","M","M","?","R","T","M","M","M","M","M","M","E","M","B",null,"R","$","?","M","M","$","T","E","M","R","M","M","R","$","M","B",null,"R","M","?","M","M","$","T","?","R","M","M","M","M","M","M","B",null],"character_chosen":"GUARDIAN","items_purchased":["Guardian:BodySlam","Guardian:RevengeProtocol","Guardian:FloatingOrbs","Guardian:ChargeCore","Guardian:Gem_Lightblue","Guardian:Gem_Green","Guardian:BronzeOrb"],"campfire_rested":0,"item_purchase_floors":[19,19,23,31,31,40,40],"current_hp_per_floor":[2088,2082,2076,2066,2066,2066,2066,2052,2052,2041,2028,2017,2004,1984,1973,1942,2088,2088,2084,1458,1438,1410,1395,1395,1362,1343,1343,1324,1303,1303,1291,1242,1114,2088,2088,2057,2057,2018,1990,1965,1965,1965,1965,1919,1894,1866,1859,1826,1803,1592],"gold":152,"neow_bonus":"TEN_PERCENT_HP_BONUS","is_daily":false,"chose_seed":false,"campfire_upgraded":6,"win_rate":0.0,"timestamp":1611067941,"path_taken":["R","M","M","?","?","R","T","?","M","M","M","M","?","E","M","BOSS","R","$","?","M","?","$","T","E","M","R","M","M","R","$","M","BOSS","R","M","?","M","M","$","T","?","R","M","M","M","M","M","M","BOSS"],"items_purchased_type":["Card","Card","Card","Card","Card","Card","Card"],"build_version":"2020-12-22","purchased_purges":1,"victory":true,"max_hp_per_floor":[2088,2088,2088,2088,2088,2088,2088,2088,2088,2088,2088,2088,2088,2088,2088,2088,2088,2088,2088,2088,2088,2088,2088,2088,2088,2088,2088,2088,2088,2088,2088,2088,2088,2088,2088,2088,2088,2088,2088,2088,2088,2088,2088,2088,2088,2088,2088,2088,2088,2088],"card_choices":[{"not_picked":["Guardian:TemporalShield","Guardian:Reroute"],"picked":"Guardian:Incinerate","floor":2},{"not_picked":["Guardian:PiercingHide","Guardian:TemporalShield"],"picked":"Guardian:RollAttack","floor":3},{"not_picked":["Guardian:PrismaticBeam","Guardian:CrystalBeam"],"picked":"Guardian:PrimingBeam","floor":4},{"not_picked":["Guardian:Gem_Lightblue","Guardian:DecasProtection"],"picked":"Guardian:Suspension","floor":8},{"not_picked":["Guardian:Suspension","Guardian:DecasProtection"],"picked":"Guardian:Planning","floor":9},{"not_picked":["Guardian:SphericShield","Guardian:RollAttack"],"picked":"Guardian:TemporalStrike","floor":10},{"not_picked":["Guardian:SentryBeam","Guardian:FloatingOrbs"],"picked":"Guardian:Gem_Blue","floor":11},{"not_picked":["Guardian:Incinerate","Guardian:Gem_Cyan"],"picked":"Guardian:BodySlam","floor":12},{"not_picked":["Guardian:Repulse","Guardian:ShieldSpikes"],"picked":"Guardian:WalkerClaw","floor":13},{"not_picked":["Guardian:Gem_Green","Guardian:PrimingBeam"],"picked":"Guardian:AncientConstruct","floor":14},{"not_picked":["Guardian:ShieldCharger","Guardian:DecasProtection"],"picked":"Guardian:PolyBeam","floor":15},{"not_picked":["Guardian:BaubleBeam","Guardian:StasisField"],"picked":"Guardian:TimeSifter","floor":16},{"not_picked":["Guardian:PrismaticBarrier","Guardian:VentSteam+1"],"picked":"Guardian:TimeCapacitor","floor":19},{"not_picked":["Guardian:CrystalBeam","Guardian:VentSteam"],"picked":"Guardian:TemporalStrike","floor":21},{"not_picked":["Guardian:ArmoredProtocol","Guardian:Repulse"],"picked":"Guardian:Gem_Red","floor":22},{"not_picked":["Guardian:Repulse","Guardian:Gem_Cyan"],"picked":"Guardian:Gem_Yellow","floor":23},{"not_picked":["Guardian:PolyBeam","Guardian:EvasiveProtocol+1"],"picked":"Guardian:Clone","floor":25},{"not_picked":["Guardian:EvasiveProtocol+1","Guardian:CrystalBeam"],"picked":"Guardian:Gem_Lightblue","floor":26},{"not_picked":["Guardian:PiercingHide","Guardian:Gem_Cyan"],"picked":"Guardian:TimeBomb","floor":28},{"not_picked":["Guardian:TimeCapacitor","Guardian:VentSteam"],"picked":"Guardian:ConstructionForm","floor":29},{"not_picked":["Guardian:Emergency","Guardian:MultiBeam"],"picked":"Guardian:Gem_Red","floor":31},{"not_picked":["Guardian:Recover","Guardian:Emergency+1"],"picked":"Guardian:Reroute+1","floor":32},{"not_picked":["Guardian:BaubleBeam","Guardian:Gem_Synthetic"],"picked":"Guardian:ExploitGems","floor":33},{"not_picked":["Guardian:TemporalStrike","Guardian:RollAttack"],"picked":"Guardian:WalkerClaw+1","floor":36},{"not_picked":["Guardian:Gem_Cyan","Guardian:Planning"],"picked":"Guardian:SentryBeam","floor":38},{"not_picked":["Guardian:TemporalShield+1","Guardian:PrismaticBeam+1"],"picked":"Guardian:Planning+1","floor":39},{"not_picked":["Guardian:PiercingHide","Guardian:WalkerClaw"],"picked":"Guardian:Reroute+1","floor":40},{"not_picked":["Guardian:PiercingHide+1","Guardian:Gem_Green"],"picked":"Guardian:StasisStrike","floor":44},{"not_picked":["Guardian:VentSteam","Guardian:Harden+1"],"picked":"Guardian:Gem_Red","floor":45},{"not_picked":["Guardian:Gem_Cyan","Guardian:Reroute"],"picked":"Guardian:GuardianWhirl+1","floor":46},{"not_picked":["Guardian:Preprogram","Guardian:RollAttack"],"picked":"Guardian:Gem_Red","floor":47},{"not_picked":["Guardian:ShieldCharger+1","Guardian:RollAttack+1"],"picked":"Guardian:TemporalStrike","floor":48},{"not_picked":["Guardian:BaubleBeam","Guardian:Gem_Green"],"picked":"Guardian:Gem_Red","floor":49}],"player_experience":231224,"relics_obtained":[{"floor":7,"key":"Nunchaku"},{"floor":14,"key":"Oddly Smooth Stone"},{"floor":25,"key":"Gremlin Horn"},{"floor":41,"key":"Anchor"}],"event_choices":[{"cards_removed":["Guardian:Strike_Guardian"],"damage_healed":0,"gold_gain":0,"player_choice":"Removed Attack","damage_taken":0,"max_hp_gain":0,"max_hp_loss":0,"event_name":"Falling","floor":42,"gold_loss":0}],"is_beta":false,"boss_relics":[{"not_picked":["Tiny House","Guardian:StasisSlotReductionRelic"],"picked":"Empty Cage"},{"not_picked":["SlaversCollar","Pandora\u0027s Box"],"picked":"Black Star"}],"items_purged_floors":[19],"is_endless":false,"potions_floor_spawned":[8,11,13,14,15,21,29,32,33,36,44,45,46,48],"ascension_level":0}}