{"host":"o5jvvi5yapo90aia","time":1611068203,"event":{"mods":["BaseMod","CapriCore","Minty Spire (QoL Compilation)","MostiFishMod","Prisma Mod","Spicy Shops","StSLib","TestMod","The Immortal","Yakumo Yukari mod","【人物mod】游戏王New YuGiOh mod","【功能Mod】Neow奖励"],"gold_per_floor":[126,153,153,184,259,259,302,379,379,420,450,493,524,524,524,598,598,631,659,659,687,687,735,735,783,783,829,829,862,912,937,937,1031,1031,1066,1092,1092,1127,1158,1200,1226,1271,1323,1323,1352,867,910,425,425,425,440,440,440,162,208,223],"floor_reached":57,"language":"ZHS","playtime":2039,"items_purged":[],"score":4009,"play_id":"7b5a2a69-7cc6-424d-92e1-c94fc47c83d5","local_time":"20210119225643","is_ascension_mode":true,"campfire_choices":[{"data":"Strike_R","floor":6.0,"key":"PURGE"},{"data":"Strike_R","floor":15.0,"key":"PURGE"},{"floor":24.0,"key":"RECALL"},{"data":"Defend_R","floor":32.0,"key":"PURGE"},{"data":"MostiFishMod:CullingBlade","floor":49.0,"key":"SMITH"},{"data":"MostiFishMod:TemporaryOutbreak","floor":53.0,"key":"SMITH"}],"circlet_count":0,"master_deck":["AscendersBane","Defend_R","Corruption+1","Pommel Strike+1","MostiFishMod:CullingBlade+1","MostiFishMod:Mania","Impervious","Burning Pact","Shockwave","MostiFishMod:TemporaryOutbreak+1","MostiFishMod:OrdinaryWorld","Dark Embrace","Feel No Pain+1","Dual Wield+1","Disarm"],"relics":["DaveBox","testmod-TestBox","testmod-Temperance","FeatherPendant","testmod-GiftOfSatan","SynthV:TestCard","Anchor","Mercury Hourglass","Bag of Preparation","Mummified Hand","Coffee Dripper","Enchiridion","testmod-Justice","Prayer Wheel","Pear","testmod-Antiphasic","SynthV:C4","Runic Pyramid","Darkstone Periapt","Gremlin Horn","Akabeko","testmod-Maize","TheAbacus","Shuriken","ClockworkSouvenir","FossilizedHelix","Bottled Flame","StrikeDummy"],"acts_visited":["Exordium","TheCity","TheBeyond","TheEnding"],"potions_floor_usage":[],"damage_taken":[{"damage":0.0,"enemies":"Small Slimes","floor":1.0,"turns":2.0},{"damage":0.0,"enemies":"2 Louse","floor":2.0,"turns":2.0},{"damage":0.0,"enemies":"Jaw Worm","floor":4.0,"turns":2.0},{"damage":0.0,"enemies":"3 Sentries","floor":7.0,"turns":4.0},{"damage":20.0,"enemies":"Lagavulin Event","floor":8.0,"turns":3.0},{"damage":4.0,"enemies":"Gremlin Nob","floor":10.0,"turns":3.0},{"damage":0.0,"enemies":"Blue Slaver","floor":11.0,"turns":2.0},{"damage":0.0,"enemies":"Lagavulin","floor":12.0,"turns":2.0},{"damage":0.0,"enemies":"Lots of Slimes","floor":13.0,"turns":3.0},{"damage":2.0,"enemies":"The Guardian","floor":16.0,"turns":4.0},{"damage":1.0,"enemies":"Spheric Guardian","floor":18.0,"turns":3.0},{"damage":0.0,"enemies":"3 Byrds","floor":19.0,"turns":2.0},{"damage":0.0,"enemies":"Sentry and Sphere","floor":21.0,"turns":3.0},{"damage":0.0,"enemies":"Slavers","floor":23.0,"turns":4.0},{"damage":28.0,"enemies":"Gremlin Leader","floor":25.0,"turns":6.0},{"damage":0.0,"enemies":"Book of Stabbing","floor":27.0,"turns":1.0},{"damage":0.0,"enemies":"Snake Plant","floor":29.0,"turns":3.0},{"damage":0.0,"enemies":"Gremlin Leader","floor":30.0,"turns":3.0},{"damage":0.0,"enemies":"Centurion and Healer","floor":31.0,"turns":1.0},{"damage":0.0,"enemies":"Automaton","floor":33.0,"turns":3.0},{"damage":0.0,"enemies":"Orb Walker","floor":35.0,"turns":1.0},{"damage":0.0,"enemies":"3 Darklings","floor":36.0,"turns":1.0},{"damage":0.0,"enemies":"Maw","floor":38.0,"turns":1.0},{"damage":0.0,"enemies":"Jaw Worm Horde","floor":39.0,"turns":1.0},{"damage":0.0,"enemies":"Nemesis","floor":40.0,"turns":1.0},{"damage":0.0,"enemies":"4 Shapes","floor":41.0,"turns":1.0},{"damage":0.0,"enemies":"Giant Head","floor":42.0,"turns":1.0},{"damage":0.0,"enemies":"Maw","floor":45.0,"turns":1.0},{"damage":0.0,"enemies":"Reptomancer","floor":47.0,"turns":1.0},{"damage":0.0,"enemies":"Awakened One","floor":50.0,"turns":3.0},{"damage":0.0,"enemies":"Time Eater","floor":51.0,"turns":2.0},{"damage":0,"enemies":"Shield and Spear","floor":55,"turns":1},{"damage":12,"enemies":"The Heart","floor":56,"turns":5}],"seed_played":"-8146989361633011365","potions_obtained":[{"floor":2.0,"key":"testmod-EscapePotion"},{"floor":7.0,"key":"SteroidPotion"},{"floor":23.0,"key":"SpeedPotion"},{"floor":36.0,"key":"testmod-SpacePotion"},{"floor":39.0,"key":"Ancient Potion"},{"floor":41.0,"key":"ColorlessPotion"}],"is_trial":false,"path_per_floor":["M","M","?","M","?","R","E","?","T","E","M","E","M","?","R","B",null,"M","M","?","M","?","E","R","E","T","E","?","M","E","M","R","B",null,"M","M","?","M","M","E","M","E","T","?","M","$","E","$","R","B","B",null,"R","$","E","B",null],"character_chosen":"IRONCLAD","items_purchased":["testmod-Maize","TheAbacus","ClockworkSouvenir","FossilizedHelix","Bottled Flame"],"campfire_rested":0,"item_purchase_floors":[46,46,48,48,54],"current_hp_per_floor":[80,80,80,80,69,69,85,65,65,65,69,73,95,66,66,91,94,94,95,74,103,103,105,105,77,87,99,99,103,125,125,125,130,130,130,130,130,130,130,130,135,135,135,135,135,135,135,135,135,135,135,135,135,135,135,123],"gold":223,"neow_bonus":"BOSS_RELIC","is_daily":false,"chose_seed":false,"campfire_upgraded":2,"win_rate":0.0,"timestamp":1611068203,"path_taken":["M","M","?","M","?","R","E","?","T","E","M","E","M","?","R","BOSS","M","M","?","M","?","E","R","E","T","E","?","M","E","M","R","BOSS","M","?","?","M","M","E","M","E","T","?","?","?","E","$","R","BOSS","BOSS","R","$","E","BOSS"],"items_purchased_type":["Relic","Relic","Relic","Relic","Relic"],"build_version":"2020-12-22","purchased_purges":0,"victory":true,"max_hp_per_floor":[80,80,80,80,80,80,85,85,85,85,85,85,95,95,95,95,95,95,95,95,105,105,105,105,105,115,120,120,120,125,125,125,130,130,130,130,130,130,130,130,135,135,135,135,135,135,135,135,135,135,135,135,135,135,135,135],"card_choices":[{"not_picked":["Flex","Headbutt","True Grit"],"picked":"SKIP","floor":1.0},{"not_picked":["Wild Strike","Blood for Blood","Shrug It Off","Iron Wave","Seeing Red"],"picked":"SKIP","floor":2.0},{"not_picked":["Perfected Strike","Warcry","MostiFishMod:BrandingRite","Anger"],"picked":"Pommel Strike","floor":4.0},{"not_picked":["Inflame","MostiFishMod:#F4004","Armaments","MostiFishMod:RacingGame","Carnage"],"picked":"SKIP","floor":7.0},{"not_picked":["Iron Wave","Rampage","Pommel Strike","Wild Strike","Body Slam"],"picked":"SKIP","floor":10.0},{"not_picked":["Shrug It Off","Iron Wave","Armaments","Thunderclap","Evolve"],"picked":"SKIP","floor":11.0},{"not_picked":["MostiFishMod:BrandingRite","Rage","Anger","Corruption"],"picked":"MostiFishMod:CullingBlade","floor":12.0},{"not_picked":["Heavy Blade","Sword Boomerang","Warcry","Infernal Blade","Spot Weakness"],"picked":"SKIP","floor":13.0},{"not_picked":["MostiFishMod:PerfectStrikeMKII","MostiFishMod:UltimateDefense","Juggernaut","MostiFishMod:FireWorks"],"picked":"MostiFishMod:Mania","floor":16.0},{"not_picked":["Shrug It Off","Pommel Strike","True Grit+1","Hemokinesis","Seeing Red+1"],"picked":"SKIP","floor":18.0},{"not_picked":["Heavy Blade","Warcry","Headbutt","Bloodletting","Shrug It Off+1"],"picked":"SKIP","floor":19.0},{"not_picked":["Anger","Ghostly Armor","Cleave","Bloodletting","Infernal Blade"],"picked":"SKIP","floor":21.0},{"not_picked":["Limit Break","Pommel Strike","Combust","MostiFishMod:BrandingRite+1"],"picked":"Impervious","floor":23.0},{"not_picked":["Entrench","Perfected Strike+1","Seeing Red","Clash"],"picked":"Burning Pact","floor":25.0},{"not_picked":["Clash","Anger+1","MostiFishMod:BrandingRite","Warcry+1"],"picked":"Shockwave","floor":27.0},{"not_picked":["Havoc","MostiFishMod:WingOfPhoenix","Hemokinesis","Twin Strike","Sever Soul"],"picked":"SKIP","floor":29.0},{"not_picked":["Wild Strike","Anger","Ghostly Armor","Cleave","Body Slam"],"picked":"SKIP","floor":29.0},{"not_picked":["Second Wind","Twin Strike","Warcry","Headbutt","Cleave"],"picked":"SKIP","floor":30.0},{"not_picked":["Hemokinesis","Shrug It Off","Wild Strike+1","Anger"],"picked":"MostiFishMod:TemporaryOutbreak","floor":31.0},{"not_picked":["Thunderclap","Pummel","Body Slam+1","Iron Wave","Headbutt"],"picked":"SKIP","floor":31.0},{"not_picked":["Impervious","MostiFishMod:FireWorks","Exhume","Bludgeon"],"picked":"MostiFishMod:OrdinaryWorld","floor":33.0},{"not_picked":["Spot Weakness+1","Second Wind+1","Warcry+1","Wild Strike"],"picked":"Dark Embrace","floor":35.0},{"not_picked":["Twin Strike+1","Burning Pact","Headbutt","True Grit","Battle Trance+1"],"picked":"SKIP","floor":35.0},{"not_picked":["Perfected Strike+1","Metallicize+1","Pommel Strike","Heavy Blade+1","Iron Wave"],"picked":"SKIP","floor":36.0},{"not_picked":["Metallicize","Clash","Clothesline","Ghostly Armor+1","Cleave"],"picked":"SKIP","floor":36.0},{"not_picked":["Clothesline","Flex+1","Heavy Blade","Havoc+1"],"picked":"Feel No Pain+1","floor":37.0},{"not_picked":["Battle Trance","Inflame","Headbutt","Havoc"],"picked":"Dual Wield+1","floor":38.0},{"not_picked":["Warcry","Sword Boomerang","Intimidate","Dual Wield","Perfected Strike"],"picked":"SKIP","floor":38.0},{"not_picked":["Armaments","Feed","Warcry","Dark Embrace","Carnage"],"picked":"SKIP","floor":39.0},{"not_picked":["Clash","Shrug It Off+1","Rupture","Searing Blow+1","Power Through"],"picked":"SKIP","floor":39.0},{"not_picked":["Clothesline","Sword Boomerang","True Grit","Clash","Thunderclap+1"],"picked":"SKIP","floor":40.0},{"not_picked":["Flex","Corruption","Heavy Blade+1","Spot Weakness","Wild Strike"],"picked":"SKIP","floor":41.0},{"not_picked":["Entrench","Hemokinesis+1","Cleave","Pommel Strike","Perfected Strike"],"picked":"SKIP","floor":41.0},{"not_picked":["Uppercut+1","Pommel Strike","Second Wind","Cleave","Carnage"],"picked":"SKIP","floor":42.0},{"not_picked":["Wild Strike","Rampage+1","Blood for Blood","Cleave","Hemokinesis+1"],"picked":"SKIP","floor":45.0},{"not_picked":["Body Slam","Anger","Clothesline","Whirlwind","Feel No Pain"],"picked":"SKIP","floor":45.0},{"not_picked":["Heavy Blade","Havoc+1","Body Slam","Dropkick+1","Rage"],"picked":"SKIP","floor":47.0},{"not_picked":["Dark Embrace+1","Clash","Whirlwind","Headbutt"],"picked":"Disarm","floor":55}],"player_experience":1481341,"relics_obtained":[{"floor":1.0,"key":"SynthV:TestCard"},{"floor":7.0,"key":"Anchor"},{"floor":8.0,"key":"Mercury Hourglass"},{"floor":10.0,"key":"Bag of Preparation"},{"floor":12.0,"key":"Mummified Hand"},{"floor":20.0,"key":"Enchiridion"},{"floor":23.0,"key":"testmod-Justice"},{"floor":25.0,"key":"Prayer Wheel"},{"floor":26.0,"key":"Pear"},{"floor":27.0,"key":"testmod-Antiphasic"},{"floor":30.0,"key":"SynthV:C4"},{"floor":40.0,"key":"Darkstone Periapt"},{"floor":42.0,"key":"Gremlin Horn"},{"floor":43.0,"key":"Akabeko"},{"floor":47.0,"key":"Shuriken"},{"floor":55,"key":"StrikeDummy"}],"event_choices":[{"damage_healed":0.0,"max_hp_gain":0.0,"max_hp_loss":0.0,"gold_gain":0.0,"cards_transformed":["Strike_R"],"event_name":"Living Wall","player_choice":"Change","floor":3.0,"gold_loss":0.0,"damage_taken":0.0,"cards_obtained":["Corruption"]},{"damage_healed":0.0,"max_hp_gain":0.0,"max_hp_loss":0.0,"gold_gain":75.0,"event_name":"World of Goop","player_choice":"Gather Gold","floor":5.0,"gold_loss":0.0,"damage_taken":11.0},{"damage_healed":0.0,"max_hp_gain":0.0,"max_hp_loss":0.0,"gold_gain":0.0,"event_name":"Dead Adventurer","player_choice":"Searched \u00271\u0027 times","floor":8.0,"gold_loss":0.0,"damage_taken":0.0},{"damage_healed":0.0,"max_hp_gain":0.0,"max_hp_loss":0.0,"gold_gain":0.0,"event_name":"Shining Light","player_choice":"Entered Light","floor":14.0,"gold_loss":0.0,"damage_taken":29.0,"cards_upgraded":["Corruption","Pommel Strike"]},{"damage_healed":0.0,"max_hp_gain":0.0,"max_hp_loss":0.0,"gold_gain":0.0,"event_name":"Cursed Tome","player_choice":"Obtained Book","floor":20.0,"gold_loss":0.0,"damage_taken":21.0},{"cards_removed":["Strike_R"],"damage_healed":0.0,"max_hp_gain":0.0,"max_hp_loss":0.0,"gold_gain":0.0,"event_name":"Back to Basics","player_choice":"Elegance","floor":22.0,"gold_loss":0.0,"damage_taken":0.0},{"damage_healed":0.0,"max_hp_gain":0.0,"max_hp_loss":0.0,"gold_gain":0.0,"event_name":"Match and Keep!","player_choice":"0 cards matched","floor":28.0,"gold_loss":0.0,"damage_taken":0.0,"cards_obtained":[]},{"damage_healed":0.0,"max_hp_gain":0.0,"max_hp_loss":0.0,"gold_gain":0.0,"event_name":"给自己的盒子","player_choice":"Swap Relic","floor":37.0,"relics_lost":["Orrery"],"gold_loss":0.0,"damage_taken":0.0,"relics_obtained":["Orrery"]},{"damage_healed":0.0,"max_hp_gain":0.0,"max_hp_loss":0.0,"gold_gain":0.0,"event_name":"Match and Keep!","player_choice":"0 cards matched","floor":44.0,"gold_loss":0.0,"damage_taken":0.0,"cards_obtained":[]}],"is_beta":false,"boss_relics":[{"not_picked":["Busted Crown","TakeMeEscape"],"picked":"Coffee Dripper"},{"not_picked":["testmod-Recursion","BloodWine"],"picked":"Runic Pyramid"}],"items_purged_floors":[],"is_endless":false,"potions_floor_spawned":[2,7,12,13,16,19,23,29,36,39,41,45],"ascension_level":20}}