{"host":"jfdrqiydeufe5vnu","time":1611055189,"event":{"mods":["ATMod(阿瑾Mod)","Arknights The Spire","BaseMod","BetterRewards","Downfall","Energized Spire","LagranYue(拉格朗・月)","Minty Spire (QoL Compilation)","Spicy Shops","StSLib","TestMod","UnlockEverythingMod","vexMod","【遗物卡牌】REMEMod","篝火指南"],"gold_per_floor":[140,140,182,16,16,16,69,69,69,129,241,206,256,301,301,399,399,399,443,443,485,550,659,36,36,60,87,0,0,10,41,41,113,113,131,131,81,98,109,144,218,218,265,280,300,325,325,341,6,12,18],"floor_reached":52,"language":"ZHS","playtime":1243,"items_purged":["testmod-VirtualReality","Pain"],"score":2560,"play_id":"5828e689-995c-4f98-a7e2-4a5581881119","local_time":"20210119191949","is_ascension_mode":true,"campfire_choices":[{"data":"AT_FamilyPortrait","floor":6.0,"key":"SMITH"},{"floor":15,"key":"REST"},{"floor":29,"key":"REST"},{"floor":32,"key":"REST"},{"floor":42,"key":"REST"}],"circlet_count":0,"master_deck":["AscendersBane","Strike_R","Strike_R","Strike_R","Strike_R","Strike_R","Defend_R","Defend_R","Defend_R","Defend_R","Bash","AT_FamilyPortrait+1","Bash","Heavy Blade","AT_IchimonjiDouble","Pain","Cleave","AT_DrawKnifeCut","Limit Break+1","Demon Form","AT_DrawKnifeCut","Heavy Blade","Pommel Strike","Flex+1","Anger","Bludgeon","Flame Barrier","testmod-BloodBlade","Flex","Clash+1","Thunderclap+1","AT_IchimonjiDouble+1"],"relics":["Burning Blood","REME_ComplimentaryCards","AT_ATBox","testmod-TestBox","LagranYue:RandomDrawCardRelic","testmod-TurbochargingSystem","Vajra","testmod-Faith","vexMod:BarristanHead","testmod-BalancedPeriapt","testmod-RainbowHikingShoes","AT_RedTearstoneRing","Sundial","testmod-Justice","LagranYue:NewUniverseRelic","Pear","White Beast Statue","WarpedTongs","Matryoshka","AT_TimeSand","Ginger","Sling","Strawberry","Darkstone Periapt","Nloth\u0027s Gift","Boot","vexMod:MemoryStick","Prayer Wheel","AT_BellowingDragoncrestRing","Ice Cream","testmod-CardMagician","Orichalcum","Juzu Bracelet","AT_EbonyIvory","testmod-Acrobat","PreservedInsect","vexMod:TimeEaterHat"],"acts_visited":["Exordium","TheCity","TheBeyond"],"potions_floor_usage":[16,16,16,18,21,22,23,23,27,31,33,33,35,40,45,46],"damage_taken":[{"damage":0.0,"enemies":"Jaw Worm","floor":1.0,"turns":1.0},{"damage":0.0,"enemies":"Cultist","floor":3.0,"turns":1.0},{"damage":8,"enemies":"Gremlin Nob","floor":7,"turns":3},{"damage":5,"enemies":"Small Slimes","floor":10,"turns":2},{"damage":18,"enemies":"Gremlin Gang","floor":11,"turns":3},{"damage":23,"enemies":"Lagavulin","floor":13,"turns":3},{"damage":10,"enemies":"Blue Slaver","floor":14,"turns":2},{"damage":38,"enemies":"The Guardian","floor":16,"turns":5},{"damage":0,"enemies":"Chosen","floor":18,"turns":1},{"damage":11,"enemies":"Spheric Guardian","floor":19,"turns":3},{"damage":2,"enemies":"Cultist and Chosen","floor":21,"turns":2},{"damage":32,"enemies":"Centurion and Healer","floor":22,"turns":3},{"damage":33,"enemies":"Slavers","floor":23,"turns":4},{"damage":32,"enemies":"Book of Stabbing","floor":27,"turns":3},{"damage":7,"enemies":"Sentry and Sphere","floor":30,"turns":3},{"damage":10,"enemies":"REME_1_Revenger","floor":31,"turns":3},{"damage":24,"enemies":"Automaton","floor":33,"turns":3},{"damage":6,"enemies":"Orb Walker","floor":35,"turns":1},{"damage":18,"enemies":"3 Shapes","floor":38,"turns":2},{"damage":3,"enemies":"3 Darklings","floor":39,"turns":2},{"damage":31,"enemies":"Giant Head","floor":40,"turns":4},{"damage":7,"enemies":"Maw","floor":44,"turns":3},{"damage":0,"enemies":"Jaw Worm Horde","floor":45,"turns":2},{"damage":16,"enemies":"Reptomancer","floor":46,"turns":3},{"damage":1,"enemies":"Writhing Mass","floor":48,"turns":2},{"damage":46,"enemies":"Time Eater","floor":50,"turns":4},{"damage":47,"enemies":"Donu and Deca","floor":51,"turns":4}],"seed_played":"-4174107508863262172","potions_obtained":[{"floor":3.0,"key":"Dexterity Potion"},{"floor":10,"key":"LiquidBronze"},{"floor":11,"key":"BlessingOfTheForge"},{"floor":13,"key":"ColorlessPotion"},{"floor":14,"key":"Strength Potion"},{"floor":16,"key":"EntropicBrew"},{"floor":18,"key":"DistilledChaos"},{"floor":19,"key":"Fire Potion"},{"floor":20,"key":"testmod-EscapePotion"},{"floor":21,"key":"bronze:BurnAndBuffPotion"},{"floor":22,"key":"SkillPotion"},{"floor":23,"key":"PowerPotion"},{"floor":27,"key":"FairyPotion"},{"floor":30,"key":"Weak Potion"},{"floor":31,"key":"FearPotion"},{"floor":33,"key":"EntropicBrew"},{"floor":35,"key":"DuplicationPotion"},{"floor":38,"key":"Swift Potion"},{"floor":40,"key":"SpeedPotion"},{"floor":44,"key":"testmod-TimePotion"},{"floor":45,"key":"DuplicationPotion"},{"floor":46,"key":"GamblersBrew"}],"is_trial":false,"path_per_floor":["M","?","M","$","T","R","E","?","T","M","M","?","E","M","R","B",null,"M","M","?","M","M","E","$","?","T","E","$","R","M","E","R","B",null,"M","?","?","M","M","E","T","R","T","M","M","E","?","M","R","B","B",null],"character_chosen":"IRONCLAD","items_purchased":["testmod-TurbochargingSystem","Vajra","testmod-Faith","vexMod:BarristanHead","AT_RedTearstoneRing","Sundial","AT_MibuBalloonWealth","testmod-Justice","LagranYue:NewUniverseRelic","Sling","Strawberry","Darkstone Periapt","AT_BellowingDragoncrestRing","PreservedInsect","vexMod:TimeEaterHat"],"campfire_rested":4,"item_purchase_floors":[0,0,0,0,0,0,0,4,4,24,24,24,28,49,49],"current_hp_per_floor":[27,27,33,33,63,63,61,61,61,62,50,68,51,47,69,37,66,72,67,67,71,45,18,39,39,39,13,6,28,27,23,45,27,63,63,63,63,51,54,29,29,51,51,50,56,46,46,51,69,29,14],"gold":18,"neow_bonus":"","is_daily":false,"chose_seed":false,"campfire_upgraded":1,"win_rate":0.0,"timestamp":1611055189,"path_taken":["M","?","M","$","?","R","E","?","T","M","?","?","E","M","R","BOSS","M","M","?","?","?","E","$","?","T","E","$","R","?","E","R","BOSS","M","?","?","?","M","E","?","R","T","M","M","E","?","M","R","BOSS","BOSS"],"items_purchased_type":["Relic","Relic","Relic","Relic","Relic","Relic","Relic","Relic","Relic","Relic","Relic","Relic","Relic","Relic","Relic"],"build_version":"2020-12-22","purchased_purges":2,"victory":true,"max_hp_per_floor":[75,75,75,75,75,75,75,75,75,75,75,75,75,75,75,75,75,75,75,75,75,75,75,75,75,75,75,75,75,75,75,75,75,75,75,75,75,75,75,75,75,75,75,75,75,75,75,75,75,75,75],"card_choices":[{"not_picked":["Anger","Dual Wield","Body Slam"],"picked":"SKIP","floor":1.0},{"not_picked":["AT_CaressingTears","Pummel"],"picked":"Heavy Blade","floor":3.0},{"not_picked":["Exhume","Twin Strike"],"picked":"AT_IchimonjiDouble","floor":7},{"not_picked":["Headbutt","Perfected Strike"],"picked":"Cleave","floor":10},{"not_picked":["Headbutt","Flex"],"picked":"AT_DrawKnifeCut","floor":11},{"not_picked":["Twin Strike","Second Wind"],"picked":"Limit Break","floor":13},{"not_picked":["Havoc","Uppercut","REME_Scribble"],"picked":"SKIP","floor":14},{"not_picked":["Limit Break","Juggernaut"],"picked":"Demon Form","floor":16},{"not_picked":["Headbutt","Feel No Pain","Clothesline"],"picked":"SKIP","floor":18},{"not_picked":["Sever Soul","Pommel Strike"],"picked":"AT_DrawKnifeCut","floor":19},{"not_picked":["Second Wind+1","Perfected Strike"],"picked":"Heavy Blade","floor":21},{"not_picked":["AT_BodySlamDance","Impervious"],"picked":"Pommel Strike","floor":22},{"not_picked":["Anger","Reckless Charge"],"picked":"Flex+1","floor":23},{"not_picked":["AT_IchimonjiDouble","Reaper"],"picked":"Anger","floor":27},{"not_picked":["Headbutt+1","Armaments+1"],"picked":"Bludgeon","floor":30},{"not_picked":["Armaments","AT_IchimonjiDouble","Barricade"],"picked":"SKIP","floor":30},{"not_picked":["Immolate","Spot Weakness"],"picked":"Flame Barrier","floor":31},{"not_picked":["Pommel Strike","Reckless Charge","Body Slam"],"picked":"SKIP","floor":35},{"not_picked":["Dark Embrace+1","AT_IchimonjiDouble","AT_Dispersion"],"picked":"SKIP","floor":35},{"not_picked":["REME_BodyOfCthun","Trip"],"picked":"testmod-BloodBlade","floor":36},{"not_picked":["Sever Soul","Headbutt"],"picked":"Flex","floor":38},{"not_picked":["Headbutt","Brutality"],"picked":"Clash+1","floor":38},{"not_picked":["Clash","Cleave"],"picked":"Thunderclap+1","floor":39},{"not_picked":["Headbutt+1","Metallicize","Ghostly Armor+1"],"picked":"SKIP","floor":39},{"not_picked":["REME_Scribble","Armaments","Impervious"],"picked":"SKIP","floor":40},{"not_picked":["Cleave","Anger"],"picked":"AT_IchimonjiDouble+1","floor":44},{"not_picked":["Dropkick","AT_DiedThrough","Sword Boomerang"],"picked":"SKIP","floor":44},{"not_picked":["AT_GerminateFire","Wild Strike","Burning Pact+1"],"picked":"SKIP","floor":45},{"not_picked":["Pummel","Dropkick","REME_Cut"],"picked":"SKIP","floor":45},{"not_picked":["Searing Blow","Pommel Strike","REME_Fury"],"picked":"SKIP","floor":46},{"not_picked":["Pummel","Whirlwind+1","Anger"],"picked":"SKIP","floor":48},{"not_picked":["Headbutt","Feel No Pain","Body Slam+1"],"picked":"SKIP","floor":48}],"player_experience":77889,"relics_obtained":[{"floor":5.0,"key":"Pear"},{"floor":7,"key":"White Beast Statue"},{"floor":9,"key":"Matryoshka"},{"floor":13,"key":"AT_TimeSand"},{"floor":23,"key":"Ginger"},{"floor":26,"key":"Boot"},{"floor":26,"key":"vexMod:MemoryStick"},{"floor":27,"key":"Prayer Wheel"},{"floor":31,"key":"Ice Cream"},{"floor":40,"key":"Orichalcum"},{"floor":41,"key":"Juzu Bracelet"},{"floor":43,"key":"AT_EbonyIvory"},{"floor":46,"key":"testmod-Acrobat"}],"event_choices":[{"damage_healed":0,"gold_gain":0,"player_choice":"Rummage","damage_taken":0,"relics_obtained":["WarpedTongs"],"max_hp_gain":0,"max_hp_loss":0,"event_name":"Accursed Blacksmith","floor":8,"gold_loss":0,"cards_obtained":["Pain"]},{"damage_healed":18,"gold_gain":0,"player_choice":"Healed","damage_taken":0,"max_hp_gain":0,"max_hp_loss":0,"event_name":"The Cleric","floor":12,"gold_loss":35},{"damage_healed":0,"gold_gain":0,"player_choice":"Got Potions","damage_taken":0,"max_hp_gain":0,"max_hp_loss":0,"event_name":"Lab","floor":20,"gold_loss":0},{"damage_healed":0,"gold_gain":0,"player_choice":"Traded Relic","damage_taken":0,"relics_obtained":["Nloth\u0027s Gift"],"max_hp_gain":0,"max_hp_loss":0,"event_name":"N\u0027loth","floor":25,"relics_lost":["AT_MibuBalloonWealth"],"gold_loss":0},{"damage_healed":0,"gold_gain":0,"player_choice":"Memory 1","damage_taken":0,"max_hp_gain":0,"max_hp_loss":0,"event_name":"SensoryStone","floor":36,"gold_loss":0},{"damage_healed":0,"gold_gain":0,"player_choice":"Upgrade","damage_taken":0,"max_hp_gain":0,"max_hp_loss":0,"event_name":"Designer","floor":37,"gold_loss":50,"cards_upgraded":["Limit Break"]}],"is_beta":false,"boss_relics":[{"not_picked":["energizedSpire:MagnifyingGlass","energizedSpire:NeverEndingSparkler","testmod-StringDisintegrator"]},{"not_picked":["testmod-Recursion","Snecko Eye"],"picked":"testmod-CardMagician"}],"items_purged_floors":[0,49],"is_endless":false,"potions_floor_spawned":[3,10,11,13,14,16,18,19,21,22,23,27,30,31,33,35,38,39,40,44,45,46,48],"ascension_level":20}}