{"host":"kmq7aw60w430zvtx","time":1611061259,"event":{"mods":["BaseMod","Downfall","GifTheSpireLib","Hermit","Hubris","Minty Spire (QoL Compilation)","StSLib","The Construct","The Cursed","The Hierophant","The Jungle","The Necromancer","The Runesmith"],"gold_per_floor":[113,113,132,144,244,269,269,279,305,318,344,344,344,357,357,357,357],"floor_reached":16,"language":"ENG","playtime":576,"items_purged":[],"score":112,"play_id":"644a5729-3f35-40d1-bad5-79be2fab9db0","local_time":"20210119140059","is_ascension_mode":false,"campfire_choices":[{"floor":7,"key":"REST"},{"floor":13,"key":"RECALL"},{"data":"Whirlwind","floor":15,"key":"SMITH"}],"circlet_count":0,"master_deck":["Strike_R","Strike_R","Strike_R","Strike_R","Defend_R","Defend_R","Defend_R","Defend_R","Bash","Whirlwind+1","hubris:SharpeningStone","Cleave","Twin Strike","Cleave","hubris:ReadiedAction","Perfected Strike","Barricade+1","Twin Strike"],"relics":["Burning Blood","hubris:SlimyHat","hubris:Towel","Boot","Frozen Egg 2"],"acts_visited":["Exordium"],"potions_floor_usage":[6,11,11],"damage_taken":[{"damage":6,"enemies":"Cultist","floor":1,"turns":3},{"damage":3,"enemies":"Jaw Worm","floor":3,"turns":6},{"damage":7,"enemies":"2 Louse","floor":4,"turns":3},{"damage":63,"enemies":"Lagavulin","floor":6,"turns":7},{"damage":4,"enemies":"Gremlin Gang","floor":8,"turns":2},{"damage":10,"enemies":"Looter","floor":10,"turns":3},{"damage":11,"enemies":"Gremlin Nob","floor":11,"turns":3},{"damage":5,"enemies":"3 Louse","floor":14,"turns":2},{"damage":46,"enemies":"Slime Boss","floor":16,"turns":8}],"seed_played":"-7498717823515861219","potions_obtained":[{"floor":4,"key":"LiquidMemories"},{"floor":6,"key":"champ:CounterPotion"},{"floor":8,"key":"FearPotion"},{"floor":14,"key":"hexamod:SoulburnPotion"}],"is_trial":false,"path_per_floor":["M","?","M","M","?","E","R","M","T","M","E","?","R","M","R","B"],"character_chosen":"IRONCLAD","items_purchased":[],"campfire_rested":1,"item_purchase_floors":[],"current_hp_per_floor":[80,80,80,79,79,22,46,48,48,44,39,39,39,40,40,0,0],"gold":357,"neow_bonus":"RANDOM_COMMON_RELIC","is_daily":false,"chose_seed":false,"campfire_upgraded":1,"win_rate":0.0,"timestamp":1611061259,"path_taken":["M","?","M","M","?","E","R","?","T","M","E","?","R","M","R","BOSS"],"items_purchased_type":[],"build_version":"2020-12-22","purchased_purges":0,"victory":false,"max_hp_per_floor":[80,80,80,80,80,80,80,80,80,80,80,80,80,80,80,80,80],"card_choices":[{"not_picked":["Armaments","hubris:ReadiedAction"],"picked":"Whirlwind","floor":1},{"not_picked":["Shockwave","Iron Wave"],"picked":"hubris:SharpeningStone","floor":3},{"not_picked":["Havoc","Wild Strike"],"picked":"Cleave","floor":4},{"not_picked":["Fiend Fire","Hemokinesis"],"picked":"Twin Strike","floor":6},{"not_picked":["Pommel Strike","Anger"],"picked":"Cleave","floor":8},{"not_picked":["Exhume","Pommel Strike"],"picked":"hubris:ReadiedAction","floor":10},{"not_picked":["Power Through","Iron Wave"],"picked":"Perfected Strike","floor":11},{"not_picked":["Pommel Strike","Exhume"],"picked":"Twin Strike","floor":14}],"player_experience":304139,"relics_obtained":[{"floor":6,"key":"Boot"},{"floor":11,"key":"Frozen Egg 2"}],"event_choices":[{"damage_healed":0,"gold_gain":100,"player_choice":"Gold","damage_taken":0,"max_hp_gain":0,"max_hp_loss":0,"event_name":"Wheel of Change","floor":5,"gold_loss":0},{"damage_healed":0,"gold_gain":0,"cards_transformed":["Strike_R"],"player_choice":"Transformed","damage_taken":0,"max_hp_gain":0,"max_hp_loss":0,"event_name":"Transmorgrifier","floor":12,"gold_loss":0,"cards_obtained":["Barricade"]}],"is_beta":false,"boss_relics":[],"items_purged_floors":[],"is_endless":false,"potions_floor_spawned":[4,6,8,14],"killed_by":"Slime Boss","ascension_level":0}}