{"host":"7tqog9fnhs0gxmti","time":1611063455,"event":{"mods":["AchievementEnabler","Act Like it!","Astrologer","BaseMod","Beaked The Cultist","Colored Map","Colored Powertips","Hermit","Highlight Path","Minty Spire (QoL Compilation)","StSLib","The Construct","The Gatherer","The Hierophant","everything is the same but u backflip on backflip"],"gold_per_floor":[118,118,94,110,123,151,151,163,163,218,235,262,262,280,280,379,379,391,391,406,70,90,90,90],"floor_reached":23,"language":"ENG","playtime":1020,"items_purged":[],"score":203,"play_id":"34e9174a-8a82-4c85-81fc-e5a8152243cf","local_time":"20210119213735","is_ascension_mode":false,"campfire_choices":[{"data":"construct:Autoturret","floor":7,"key":"SMITH"},{"data":"construct:CreateCores","floor":13,"key":"SMITH"},{"floor":15,"key":"REST"}],"circlet_count":0,"master_deck":["construct:Strike_Gold","construct:Strike_Gold","construct:Strike_Gold","construct:Strike_Gold","construct:Strike_Gold","construct:Defend_Gold","construct:Defend_Gold","construct:Defend_Gold","construct:Defend_Gold","construct:Defend_Gold","construct:DefenseMode","construct:VentSteam","construct:Reserves","construct:Autoturret+1","construct:GuardCore","construct:PointDefense","construct:Autoturret","construct:CreateCores+1","CurseOfTheBell","construct:Construct_Overclock","construct:Autoturret","construct:VentSteam+1"],"relics":["construct:Cogwheel","NeowsBlessing","Art of War","construct:FoamFinger","Calipers","Centennial Puzzle","Calling Bell","Nunchaku","Shuriken","construct:BoolHorns","Oddly Smooth Stone","TheAbacus"],"acts_visited":["Exordium","TheCity"],"potions_floor_usage":[6,10,10,11,16,22],"damage_taken":[{"damage":0,"enemies":"2 Louse","floor":1,"turns":2},{"damage":0,"enemies":"Cultist","floor":4,"turns":1},{"damage":0,"enemies":"Jaw Worm","floor":5,"turns":1},{"damage":14,"enemies":"Lagavulin","floor":6,"turns":19},{"damage":0,"enemies":"2 Fungi Beasts","floor":8,"turns":6},{"damage":0,"enemies":"Lagavulin Event","floor":10,"turns":9},{"damage":10,"enemies":"Gremlin Gang","floor":11,"turns":5},{"damage":44,"enemies":"Gremlin Nob","floor":12,"turns":7},{"damage":6,"enemies":"Exordium Wildlife","floor":14,"turns":3},{"damage":22,"enemies":"The Guardian","floor":16,"turns":7},{"damage":37,"enemies":"3 Byrds","floor":18,"turns":6},{"damage":12,"enemies":"Spheric Guardian","floor":20,"turns":5},{"damage":18,"enemies":"Snake Plant","floor":22,"turns":4},{"damage":23,"enemies":"Book of Stabbing","floor":23,"turns":4}],"seed_played":"1232402134802879274","potions_obtained":[{"floor":5,"key":"Fire Potion"},{"floor":6,"key":"LiquidBronze"},{"floor":8,"key":"SpeedPotion"},{"floor":10,"key":"Fruit Juice"},{"floor":14,"key":"Weak Potion"},{"floor":20,"key":"PowerPotion"}],"is_trial":false,"path_per_floor":["M","?","$","M","M","E","R","M","T","?","M","E","R","M","R","B",null,"M","?","M","$","M","E"],"character_chosen":"THE_CONSTRUCT_MOD","items_purchased":["construct:Autoturret","construct:Autoturret","Oddly Smooth Stone","TheAbacus"],"campfire_rested":1,"item_purchase_floors":[3,21,21,21],"current_hp_per_floor":[85,85,85,85,85,71,71,71,71,76,66,22,22,16,43,21,90,53,53,41,41,23,0,0],"gold":90,"neow_bonus":"THREE_ENEMY_KILL","is_daily":false,"chose_seed":false,"campfire_upgraded":2,"win_rate":0.0,"timestamp":1611063455,"path_taken":["M","?","$","?","M","E","R","M","T","?","M","E","R","M","R","BOSS","M","?","M","$","M","E"],"items_purchased_type":["Card","Card","Relic","Relic"],"build_version":"2020-12-22","purchased_purges":0,"victory":false,"max_hp_per_floor":[85,85,85,85,85,85,85,85,85,90,90,90,90,90,90,90,90,90,90,90,90,90,90,90],"card_choices":[{"not_picked":["construct:Zapper","construct:Hazardproof"],"picked":"construct:VentSteam","floor":1},{"not_picked":["construct:Versatility","construct:FlammableFog"],"picked":"construct:GuardCore","floor":4},{"not_picked":["construct:PhosphorStorm","construct:Accumulate"],"picked":"construct:PointDefense","floor":5},{"not_picked":["construct:BatteryAcid","construct:VentSteam","construct:ModeShift"],"picked":"SKIP","floor":6},{"not_picked":["construct:Backfire","construct:FlakBarrage"],"picked":"construct:Backup","floor":8},{"not_picked":["construct:ClusterMines","construct:CriticalHit"],"picked":"construct:Autoturret","floor":10},{"not_picked":["construct:SuppressiveFire","construct:Anticipate"],"picked":"construct:CreateCores","floor":11},{"not_picked":["construct:Hazardproof","construct:ShiftingStance","construct:FocusedBeam"],"picked":"SKIP","floor":12},{"not_picked":["construct:Construct_Overclock","construct:Versatility","construct:Accumulate"],"picked":"SKIP","floor":14},{"not_picked":["construct:ScrapCannon","construct:Hazardproof"],"picked":"construct:Construct_Overclock","floor":18},{"not_picked":["construct:Reinforce+1","construct:FlammableFog","construct:Analyze"],"picked":"SKIP","floor":20},{"not_picked":["construct:Reserves","construct:OilSpill+1"],"picked":"construct:VentSteam+1","floor":22}],"player_experience":809387,"relics_obtained":[{"floor":6,"key":"Art of War"},{"floor":9,"key":"construct:FoamFinger"},{"floor":10,"key":"Calipers"},{"floor":12,"key":"Centennial Puzzle"},{"floor":17,"key":"Nunchaku"},{"floor":17,"key":"Shuriken"},{"floor":17,"key":"construct:BoolHorns"}],"event_choices":[{"damage_healed":0,"gold_gain":0,"cards_transformed":["construct:AttackMode"],"player_choice":"Transformed","damage_taken":0,"max_hp_gain":0,"max_hp_loss":0,"event_name":"Transmorgrifier","floor":2,"gold_loss":0,"cards_obtained":["construct:Reserves"]},{"damage_healed":0,"gold_gain":0,"player_choice":"Searched \u00271\u0027 times","damage_taken":0,"max_hp_gain":0,"max_hp_loss":0,"event_name":"Dead Adventurer","floor":10,"gold_loss":0},{"cards_removed":["construct:Backup"],"damage_healed":0,"gold_gain":0,"player_choice":"Elegance","damage_taken":0,"max_hp_gain":0,"max_hp_loss":0,"event_name":"Back to Basics","floor":19,"gold_loss":0}],"is_beta":false,"boss_relics":[{"not_picked":["Philosopher\u0027s Stone","Pandora\u0027s Box"],"picked":"Calling Bell"}],"items_purged_floors":[],"is_endless":false,"potions_floor_spawned":[5,6,8,10,14,20],"killed_by":"Book of Stabbing","ascension_level":0}}