{"host":"15f3wpiimhe5yrng","time":1611081421,"event":{"mods":["100% Spire Juice","2.2 Compatiblity","BaseMod","Bestiary","Better Altar","Better Match","Better Note","Better Sensory Stone","Better Skull","Better Third Choice","Colored Map","Colored Powertips","Downfall","Good Game Mod","Ironclad Rager","Marisa????????","Minty Spire (QoL Compilation)","Permanent Neow","Relic Filter","SacredBarkPlus","Spicy Shops","StSLib","The Animator","The Marked","TheSwordswoman"],"gold_per_floor":[99,115,133,146,19,34,60,94,116,141,153,183,196,196,213,316,316,216,226,226,226,236,236,259,259,276,276,296,322,322,348,358,454,454,454,472,485,485,530,134,134,145,45,74,174,174,192,242,260,260],"floor_reached":51,"language":"ENG","playtime":4330,"items_purged":["Shame","Parasite"],"score":789,"play_id":"a425f3a8-995c-4cf2-8f06-220877ac8c65","local_time":"20210119193701","is_ascension_mode":false,"campfire_choices":[{"data":"bronze:RecursiveStrike","floor":1,"key":"SMITH"},{"data":"bronze:Goto","floor":18,"key":"SMITH"},{"data":"bronze:Assembly","floor":23,"key":"SMITH"},{"data":"bronze:ThunderWave","floor":27,"key":"SMITH"},{"data":"bronze:Format","floor":35,"key":"SMITH"},{"data":"bronze:Goto","floor":43,"key":"SMITH"}],"circlet_count":0,"master_deck":["bronze:Defend","bronze:Defend","bronze:Defend","bronze:Defend","bronze:Replicate","bronze:Goto+1","DeusExMachina+1","bronze:RecursiveStrike+1","bronze:CloningBeam","bronze:ForceShield","bronze:CutThrough","bronze:Flail","bronze:Return","bronze:DelayedGuard","bronze:Assembly+1","bronze:DelayedGuard","bronze:Branch","bronze:Branch","bronze:Goto+1","bronze:Fortify","bronze:ThunderWave+1","expansioncontent:QuickStudy+1","bronze:Optimize","bronze:Virus","bronze:Format+1","bronze:Boost","bronze:Frontload+1","bronze:ForceShield+1","bronze:Shell"],"relics":["bronze:BronzeCore","REME:ComplimentaryCards","Happy Flower","Centennial Puzzle","Toy Ornithopter","Odd Mushroom","Thread and Needle","Lantern","SlaversCollar","downfall:HeartBlessingGreen","Juzu Bracelet","Bronze Scales","bronze:BottledCode","MealTicket","Sozu","Ice Cream","Membership Card","Pantograph","ClockworkSouvenir","downfall:HeartBlessingBlue","bronze:ProtectiveGoggles","downfall:GremlinWheel","Bird Faced Urn"],"acts_visited":["Exordium","TheCity","TheBeyond"],"potions_floor_usage":[11,29],"damage_taken":[{"damage":2,"enemies":"Small Slimes","floor":2,"turns":2},{"damage":6,"enemies":"Jaw Worm","floor":3,"turns":2},{"damage":0,"enemies":"Cultist","floor":4,"turns":3},{"damage":10,"enemies":"downfall:FleeingMerchant","floor":5,"turns":4},{"damage":16,"enemies":"Large Slime","floor":6,"turns":2},{"damage":13,"enemies":"Lagavulin","floor":8,"turns":4},{"damage":6,"enemies":"The Mushroom Lair","floor":9,"turns":2},{"damage":6,"enemies":"3 Sentries","floor":10,"turns":4},{"damage":0,"enemies":"Blue Slaver","floor":11,"turns":1},{"damage":0,"enemies":"Gremlin Nob","floor":12,"turns":3},{"damage":0,"enemies":"2 Fungi Beasts","floor":13,"turns":2},{"damage":0,"enemies":"Large Slime","floor":15,"turns":4},{"damage":11,"enemies":"WA_ARCHETYPE_RETAIN","floor":16,"turns":7},{"damage":0,"enemies":"Spheric Guardian","floor":19,"turns":2},{"damage":16,"enemies":"Shelled Parasite and Fungi","floor":22,"turns":5},{"damage":4,"enemies":"Centurion and Healer","floor":26,"turns":4},{"damage":0,"enemies":"Snecko","floor":28,"turns":3},{"damage":24,"enemies":"Slavers","floor":29,"turns":4},{"damage":6,"enemies":"Gremlin Leader","floor":31,"turns":4},{"damage":8,"enemies":"Snake Plant","floor":32,"turns":3},{"damage":5,"enemies":"DF_ARCHETYPE_CLAW","floor":33,"turns":7},{"damage":4,"enemies":"3 Darklings","floor":36,"turns":5},{"damage":0,"enemies":"3 Shapes","floor":37,"turns":2},{"damage":13,"enemies":"2 Orb Walkers","floor":39,"turns":4},{"damage":0,"enemies":"downfall:FleeingMerchant","floor":40,"turns":4},{"damage":0,"enemies":"Jaw Worm Horde","floor":42,"turns":2},{"damage":0,"enemies":"Nemesis","floor":44,"turns":5},{"damage":0,"enemies":"Nemesis","floor":45,"turns":2},{"damage":21,"enemies":"4 Shapes","floor":47,"turns":1},{"damage":0,"enemies":"4 Shapes","floor":48,"turns":4},{"damage":0,"enemies":"Spire Growth","floor":49,"turns":5},{"damage":18,"enemies":"SI_POISON_ARCHETYPE","floor":50,"turns":7}],"seed_played":"3393248607282600322","potions_obtained":[{"floor":2,"key":"LiquidMemories"},{"floor":4,"key":"SteroidPotion"},{"floor":8,"key":"FairyPotion"},{"floor":11,"key":"SpeedPotion"},{"floor":29,"key":"bronze:FreeFunctionsPotion"}],"is_trial":false,"path_per_floor":["R","M","M","M","$","M","T","E","?","E","M","E","M","?","M","B",null,"R","M","?","?","M","R","T","?","M","R","M","E","?","E","M","B",null,"R","M","M","?","?","$","T","M","R","E","?","?","M","?","M","B",null],"character_chosen":"THE_AUTOMATON","items_purchased":["bronze:Return","Happy Flower","Membership Card","Pantograph","bronze:Shell","ClockworkSouvenir"],"campfire_rested":0,"item_purchase_floors":[5,5,40,40,40,40],"current_hp_per_floor":[70,68,62,62,52,36,36,23,17,11,16,16,16,16,16,5,70,70,70,62,62,46,46,46,46,42,42,42,23,23,17,19,14,60,60,56,56,56,43,57,57,57,67,67,67,67,46,67,67,49],"gold":260,"neow_bonus":"ONE_RANDOM_RARE_CARD","is_daily":false,"chose_seed":false,"campfire_upgraded":6,"win_rate":0.0,"timestamp":1611081421,"path_taken":["R","M","M","M","$","M","T","E","?","E","M","E","M","?","M","BOSS","R","M","?","?","M","R","T","?","M","R","M","E","?","E","M","BOSS","R","M","M","?","?","$","T","M","R","E","?","?","M","?","M","BOSS"],"items_purchased_type":["Card","Relic","Relic","Relic","Card","Relic"],"build_version":"2020-12-22","purchased_purges":2,"victory":true,"max_hp_per_floor":[70,70,70,70,70,70,70,70,70,70,70,70,70,70,70,70,70,70,70,70,70,70,70,70,70,70,70,70,70,60,60,60,60,60,60,60,60,60,60,57,57,57,67,67,67,67,67,67,67,67],"card_choices":[{"not_picked":["bronze:Invalidate","bronze:DarkDash"],"picked":"bronze:CloningBeam","floor":2},{"not_picked":["bronze:Invalidate","bronze:WildBeam"],"picked":"bronze:ForceShield","floor":3},{"not_picked":["bronze:OilSpill","bronze:Backtrace"],"picked":"bronze:CutThrough","floor":4},{"not_picked":["bronze:Branch","bronze:CloningBeam"],"picked":"bronze:Flail","floor":5},{"not_picked":["bronze:WhirlingStrike","bronze:Backtrace"],"picked":"bronze:DelayedGuard","floor":6},{"not_picked":["bronze:BronzeArmor","bronze:Overheat"],"picked":"bronze:Assembly","floor":8},{"not_picked":["bronze:Overheat","bronze:WildBeam"],"picked":"bronze:DelayedGuard","floor":9},{"not_picked":["bronze:Break","bronze:BugBarrage","bronze:BuggyMess"],"picked":"SKIP","floor":10},{"not_picked":["bronze:WildBeam","bronze:WhirlingStrike"],"picked":"bronze:Branch","floor":11},{"not_picked":["bronze:ItsAFeature","bronze:ForceShield"],"picked":"bronze:Branch","floor":12},{"not_picked":["bronze:Flail","bronze:Deprecate","bronze:BronzeArmor"],"picked":"SKIP","floor":13},{"not_picked":["bronze:Flail","bronze:CloningBeam"],"picked":"bronze:Fortify","floor":15},{"not_picked":["bronze:Virus","bronze:Assembly"],"picked":"bronze:ThunderWave","floor":16},{"not_picked":["bronze:NullPointer","bronze:WildBeam+1","bronze:FineTuning"],"picked":"SKIP","floor":19},{"not_picked":["bronze:WildBeam+1","bronze:Invalidate","bronze:Deprecate"],"picked":"SKIP","floor":22},{"not_picked":["bronze:Allocate","bronze:Deprecate"],"picked":"bronze:Optimize","floor":26},{"not_picked":["bronze:Branch","bronze:Overheat","bronze:WhirlingStrike"],"picked":"SKIP","floor":28},{"not_picked":["bronze:BitShift","bronze:OilSpill+1"],"picked":"bronze:Virus","floor":29},{"not_picked":["bronze:Branch","bronze:BugBarrage","bronze:Virus"],"picked":"SKIP","floor":31},{"not_picked":["bronze:Overheat","bronze:OilSpill+1","bronze:ItsAFeature+1"],"picked":"SKIP","floor":32},{"not_picked":["bronze:ShipIt","bronze:Virus"],"picked":"bronze:Format","floor":33},{"not_picked":["bronze:OilSpill+1","bronze:DelayedGuard","bronze:Invalidate"],"picked":"SKIP","floor":36},{"not_picked":["bronze:Iterate+1","bronze:Overload"],"picked":"bronze:Boost","floor":37},{"not_picked":["bronze:FineTuning+1","bronze:OilSpill+1"],"picked":"bronze:Frontload+1","floor":39},{"not_picked":["bronze:ShipIt","bronze:BugBarrage+1"],"picked":"bronze:ForceShield+1","floor":40},{"not_picked":["bronze:Branch","bronze:Shield+1","bronze:GetLatest"],"picked":"SKIP","floor":42},{"not_picked":["bronze:Branch","bronze:Shield+1","bronze:GetLatest"],"picked":"SKIP","floor":42},{"not_picked":["bronze:NullPointer+1","bronze:FindAndReplace","bronze:Overheat"],"picked":"SKIP","floor":44},{"not_picked":["bronze:BuggyMess+1","bronze:ItsAFeature+1","bronze:Invalidate"],"picked":"SKIP","floor":47},{"not_picked":["bronze:DigitalCarnage+1","bronze:WildBeam+1","bronze:Frontload"],"picked":"SKIP","floor":49}],"player_experience":156238,"relics_obtained":[{"floor":7,"key":"Centennial Puzzle"},{"floor":8,"key":"Toy Ornithopter"},{"floor":9,"key":"Odd Mushroom"},{"floor":10,"key":"Thread and Needle"},{"floor":12,"key":"Lantern"},{"floor":24,"key":"Juzu Bracelet"},{"floor":29,"key":"Bronze Scales"},{"floor":31,"key":"MealTicket"},{"floor":39,"key":"Ice Cream"},{"floor":44,"key":"bronze:ProtectiveGoggles"},{"floor":45,"key":"downfall:GremlinWheel"},{"floor":48,"key":"Bird Faced Urn"}],"event_choices":[{"damage_healed":0,"gold_gain":0,"player_choice":"Fought Mushrooms","damage_taken":0,"max_hp_gain":0,"max_hp_loss":0,"event_name":"Mushrooms","floor":9,"gold_loss":0},{"cards_removed":["DeusExMachina"],"damage_healed":0,"gold_gain":0,"player_choice":"Take \u0026 Give","damage_taken":0,"max_hp_gain":0,"max_hp_loss":0,"event_name":"betterNote:BetterNote","floor":25,"gold_loss":0,"cards_obtained":["expansioncontent:QuickStudy"]},{"damage_healed":0,"gold_gain":0,"player_choice":"Fight","damage_taken":0,"max_hp_gain":0,"max_hp_loss":0,"event_name":"Mysterious Sphere","floor":39,"gold_loss":0}],"is_beta":false,"boss_relics":[{"not_picked":["bronze:MakeshiftBattery","Runic Dome"],"picked":"SlaversCollar"},{"not_picked":["Empty Cage","Cursed Key"],"picked":"Sozu"}],"items_purged_floors":[40,40],"is_endless":false,"potions_floor_spawned":[2,4,8,9,11,12,16,19,22,26,29,33,36,42,44,47,48,49],"ascension_level":0}}