{"host":"cvjufw5k2cirmttm","time":1611094613,"event":{"mods":["AchievementEnabler","BaseMod","Colored Map","Colored Powertips","Minty Spire (QoL Compilation)"],"gold_per_floor":[109,120,131,131,131,160,179,190,238,257,257,257,274,288,288,391,391,409,424,280,296,308,308,308],"floor_reached":23,"language":"RUS","playtime":987,"items_purged":[],"score":199,"play_id":"35304ad9-c15f-4942-975a-b321ad4a2a04","local_time":"20210120011653","is_ascension_mode":false,"campfire_choices":[{"floor":11,"key":"REST"},{"floor":15,"key":"REST"}],"circlet_count":0,"master_deck":["Strike_B+1","Strike_B","Strike_B","Strike_B","Defend_B+1","Defend_B","Defend_B","Defend_B","Zap","Dualcast","Streamline+1","Conserve Battery","Hello World","Echo Form","Leap+1"],"relics":["Cracked Core","NeowsBlessing","Anchor","Omamori","WarpedTongs","SlaversCollar","OrangePellets"],"acts_visited":["Exordium","TheCity"],"potions_floor_usage":[16,16,16,21,21],"damage_taken":[{"damage":0,"enemies":"Cultist","floor":1,"turns":1},{"damage":0,"enemies":"Jaw Worm","floor":2,"turns":1},{"damage":0,"enemies":"2 Louse","floor":3,"turns":1},{"damage":30,"enemies":"Lagavulin","floor":6,"turns":6},{"damage":4,"enemies":"Exordium Thugs","floor":7,"turns":4},{"damage":4,"enemies":"Lots of Slimes","floor":8,"turns":4},{"damage":4,"enemies":"Exordium Wildlife","floor":10,"turns":3},{"damage":11,"enemies":"Exordium Thugs","floor":13,"turns":4},{"damage":0,"enemies":"Large Slime","floor":14,"turns":4},{"damage":29,"enemies":"The Guardian","floor":16,"turns":11},{"damage":25,"enemies":"3 Byrds","floor":18,"turns":6},{"damage":14,"enemies":"Spheric Guardian","floor":19,"turns":5},{"damage":26,"enemies":"Centurion and Healer","floor":21,"turns":6},{"damage":12,"enemies":"Snecko","floor":22,"turns":6},{"damage":37,"enemies":"Gremlin Leader","floor":23,"turns":3}],"seed_played":"-3855986013016271251","potions_obtained":[{"floor":1,"key":"PotionOfCapacity"},{"floor":2,"key":"SkillPotion"},{"floor":10,"key":"Explosive Potion"},{"floor":16,"key":"ColorlessPotion"},{"floor":19,"key":"Regen Potion"},{"floor":22,"key":"BlessingOfTheForge"}],"is_trial":false,"path_per_floor":["M","M","M","?","?","E","M","M","T","M","R","?","M","M","R","B",null,"M","M","$","M","M","E"],"character_chosen":"DEFECT","items_purchased":["OrangePellets"],"campfire_rested":2,"item_purchase_floors":[20],"current_hp_per_floor":[75,75,75,60,60,30,26,22,22,18,40,40,29,29,51,22,75,50,36,36,24,12,0,0],"gold":308,"neow_bonus":"THREE_ENEMY_KILL","is_daily":false,"chose_seed":false,"campfire_upgraded":0,"win_rate":0.0,"timestamp":1611094613,"path_taken":["M","M","?","?","?","E","M","M","T","M","R","?","M","?","R","BOSS","M","M","$","M","M","E"],"items_purchased_type":["Relic"],"build_version":"2020-12-22","purchased_purges":0,"victory":false,"max_hp_per_floor":[75,75,75,75,75,75,75,75,75,75,75,75,75,75,75,75,75,75,75,75,75,75,75,75],"card_choices":[{"not_picked":["Go for the Eyes","Steam Power"],"picked":"Streamline","floor":1},{"not_picked":["Beam Cell","Go for the Eyes","Storm"],"picked":"SKIP","floor":2},{"not_picked":["Undo","Streamline","Fusion"],"picked":"SKIP","floor":3},{"not_picked":["Steam","Go for the Eyes"],"picked":"Conserve Battery","floor":6},{"not_picked":["Compile Driver","Rebound"],"picked":"Hello World","floor":7},{"not_picked":["White Noise","Static Discharge","Auto Shields"],"picked":"SKIP","floor":8},{"not_picked":["Rebound","Sweeping Beam","Hologram"],"picked":"SKIP","floor":10},{"not_picked":["Hologram","Reinforced Body","Gash"],"picked":"SKIP","floor":13},{"not_picked":["Double Energy","Fusion","Reinforced Body"],"picked":"SKIP","floor":14},{"not_picked":["Thunder Strike","Reboot"],"picked":"Echo Form","floor":16},{"not_picked":["Conserve Battery+1","Redo","Glacier"],"picked":"SKIP","floor":18},{"not_picked":["Chill+1","Go for the Eyes","Skim"],"picked":"SKIP","floor":19},{"not_picked":["Cold Snap+1","Go for the Eyes","Rip and Tear"],"picked":"SKIP","floor":21},{"not_picked":["Turbo+1","Beam Cell"],"picked":"Leap+1","floor":22}],"player_experience":112736,"relics_obtained":[{"floor":6,"key":"Anchor"},{"floor":9,"key":"Omamori"}],"event_choices":[{"damage_healed":0,"gold_gain":0,"player_choice":"Entered Light","damage_taken":15,"max_hp_gain":0,"max_hp_loss":0,"event_name":"Shining Light","floor":4,"gold_loss":0,"cards_upgraded":["Strike_B","Defend_B"]},{"damage_healed":0,"gold_gain":0,"player_choice":"Grow","damage_taken":0,"max_hp_gain":0,"max_hp_loss":0,"event_name":"Living Wall","floor":5,"gold_loss":0,"cards_upgraded":["Streamline"]},{"damage_healed":0,"gold_gain":0,"player_choice":"Rummage","damage_taken":0,"relics_obtained":["WarpedTongs"],"max_hp_gain":0,"max_hp_loss":0,"event_name":"Accursed Blacksmith","floor":12,"gold_loss":0,"cards_obtained":["Pain"]}],"is_beta":false,"boss_relics":[{"not_picked":["Velvet Choker","Runic Pyramid"],"picked":"SlaversCollar"}],"items_purged_floors":[],"is_endless":false,"potions_floor_spawned":[1,2,10,13,14,16,19,22],"killed_by":"Gremlin Leader","ascension_level":0}}