{"host":"04hh9gplt9wkfmr1","time":1611071138,"event":{"mods":["AchievementEnabler","BaseMod","Colored Map","KOR Keyword Fix","Minty Spire (QoL Compilation)","Rare Cards Sparkle","SuperFastMode"],"gold_per_floor":[113,63,76,91,91,119,119,147,173,192,192,218,218,228,228,325,325,340,11,28,28,41,41,41],"floor_reached":23,"language":"KOR","playtime":844,"items_purged":[],"score":253,"play_id":"ae6c74cb-53a6-45ea-83ea-0005754c8deb","local_time":"20210120004538","is_ascension_mode":true,"campfire_choices":[{"data":"Genetic Algorithm","floor":7.0,"key":"SMITH"},{"floor":11.0,"key":"REST"},{"data":"Dualcast","floor":13.0,"key":"SMITH"},{"data":"Zap","floor":15.0,"key":"SMITH"}],"circlet_count":0,"master_deck":["Strike_B","Strike_B","Defend_B","Defend_B","Defend_B","Zap+1","Dualcast+1","Genetic Algorithm+1","Glacier","Melter","Loop","Hologram","Chill","Storm","All For One","Beam Cell","Capacitor","Streamline+1","Streamline+1"],"relics":["Cracked Core","Bag of Preparation","Regal Pillow","Dream Catcher","Turnip","Inserter","Molten Egg 2"],"acts_visited":["Exordium","TheCity"],"potions_floor_usage":[23],"damage_taken":[{"damage":0.0,"enemies":"Small Slimes","floor":1.0,"turns":2.0},{"damage":1.0,"enemies":"Cultist","floor":3.0,"turns":4.0},{"damage":0.0,"enemies":"Jaw Worm","floor":4.0,"turns":4.0},{"damage":8.0,"enemies":"Lagavulin","floor":6.0,"turns":6.0},{"damage":41.0,"enemies":"Gremlin Nob","floor":8.0,"turns":5.0},{"damage":6.0,"enemies":"Blue Slaver","floor":10.0,"turns":3.0},{"damage":1.0,"enemies":"3 Sentries","floor":12.0,"turns":9.0},{"damage":0.0,"enemies":"3 Louse","floor":14.0,"turns":5.0},{"damage":44.0,"enemies":"The Guardian","floor":16.0,"turns":16.0},{"damage":0.0,"enemies":"Chosen","floor":18.0,"turns":4.0},{"damage":20.0,"enemies":"3 Byrds","floor":20.0,"turns":7.0},{"damage":36.0,"enemies":"Centurion and Healer","floor":22.0,"turns":5.0},{"damage":32,"enemies":"Book of Stabbing","floor":23,"turns":5}],"seed_played":"490905948216546135","potions_obtained":[{"floor":1.0,"key":"SteroidPotion"},{"floor":4.0,"key":"SkillPotion"},{"floor":10.0,"key":"EntropicBrew"},{"floor":18.0,"key":"PotionOfCapacity"}],"is_trial":false,"path_per_floor":["M","?","M","M","?","E","R","E","T","M","R","E","R","M","R","B",null,"M","$","M","?","M","E"],"character_chosen":"DEFECT","items_purchased":["Capacitor","Molten Egg 2"],"campfire_rested":1,"item_purchase_floors":[19,19],"current_hp_per_floor":[82,82,81,81,81,73,73,32,32,26,65,64,64,64,64,20,82,82,82,62,62,26,0,0],"gold":41,"neow_bonus":"TEN_PERCENT_HP_BONUS","is_daily":false,"chose_seed":false,"campfire_upgraded":3,"win_rate":0.0,"timestamp":1611071138,"path_taken":["M","?","M","M","?","E","R","E","T","M","R","E","R","M","R","BOSS","M","$","M","?","?","E"],"items_purchased_type":["Card","Relic"],"build_version":"2020-12-22","purchased_purges":0,"victory":false,"max_hp_per_floor":[82,82,82,82,82,82,82,82,82,82,82,82,82,82,82,82,82,82,82,82,82,82,82,82],"card_choices":[{"not_picked":["Coolheaded","Darkness"],"picked":"Genetic Algorithm","floor":1.0},{"not_picked":["Reinforced Body","Compile Driver"],"picked":"Glacier","floor":3.0},{"not_picked":["Undo","Streamline"],"picked":"Melter","floor":4.0},{"not_picked":["Leap","Streamline"],"picked":"Loop","floor":6.0},{"not_picked":["Beam Cell","Conserve Battery"],"picked":"Hologram","floor":8.0},{"not_picked":["Sweeping Beam","Double Energy"],"picked":"Chill","floor":10.0},{"not_picked":["Steam","Sweeping Beam","Reprogram"],"picked":"SKIP","floor":12.0},{"not_picked":["Redo","Ball Lightning"],"picked":"Storm","floor":14.0},{"not_picked":["Multi-Cast","Reboot"],"picked":"All For One","floor":16.0},{"not_picked":["Coolheaded","Steam Power+1"],"picked":"Beam Cell","floor":18.0},{"not_picked":["Compile Driver+1","Coolheaded"],"picked":"Streamline+1","floor":20.0},{"not_picked":["Auto Shields","Turbo","Steam Power"],"picked":"SKIP","floor":22.0}],"player_experience":56890,"relics_obtained":[{"floor":6.0,"key":"Bag of Preparation"},{"floor":8.0,"key":"Regal Pillow"},{"floor":9.0,"key":"Dream Catcher"},{"floor":12.0,"key":"Turnip"}],"event_choices":[{"cards_removed":["Strike_B"],"damage_healed":0.0,"max_hp_gain":0.0,"max_hp_loss":0.0,"gold_gain":0.0,"event_name":"The Cleric","player_choice":"Card Removal","floor":2.0,"gold_loss":50.0,"damage_taken":0.0},{"cards_removed":["Strike_B"],"damage_healed":0.0,"max_hp_gain":0.0,"max_hp_loss":0.0,"gold_gain":0.0,"event_name":"Purifier","player_choice":"Purged","floor":5.0,"gold_loss":0.0,"damage_taken":0.0},{"damage_healed":0.0,"max_hp_gain":0.0,"max_hp_loss":0.0,"gold_gain":0.0,"cards_transformed":["Defend_B"],"event_name":"Transmorgrifier","player_choice":"Transformed","floor":21.0,"gold_loss":0.0,"damage_taken":0.0,"cards_obtained":["Streamline"]}],"is_beta":false,"boss_relics":[{"not_picked":["Ectoplasm","Sozu"],"picked":"Inserter"}],"items_purged_floors":[],"is_endless":false,"potions_floor_spawned":[1,4,10,18],"killed_by":"Book of Stabbing","ascension_level":4}}