{"host":"8g0y046lq89z3gxm","time":1611026737,"event":{"mods":["2.2 Compatiblity","A Magickal Journey","AchievementEnabler","Act Like it!","Arknights The Spire","Aspiration","Astrologer","BaseMod","Better Note","Better Sensory Stone","Better Third Choice","Better Vampires","BetterRewards","CapriCore","Colored Powertips","Conspire","Custom Start","DeckTracker","Defuse TimeMaze Blight","Dota2Spire","Energized Spire","Friendly Minions","Gensokyo","GifTheSpireLib","GungeonMod","Halation","Hallownest","Hermit","HololiveMod","Hubris","Infinite Spire","KiyohimeÅiê¥?Åj","Koishi","KomeijiMod","Lobotomy","LobotomyExtend","Mari Mod (Legacy)","Mari\u0027s V1 Patch","MarisaÅiñ∂âJÅ@ñÇóùçπÅj","Minty Spire (QoL Compilation)","MostiFishMod","Permanent Neow","Prisma Mod","Quarter Circle Forward PUNCH!","Railgun Mod","Rare Cards Sparkle","Relic Stats","Replay The Spire","RumiaBox-òIïƒ?ìIê_îÈ·¥éq","Shade Mod","Shop Mod","Small Relic Pack","Spicy Shops","Spire Birthday Party","StSLib","Stuff the Spire","TestMod","The Alterego","The Animator","The Blue Laboratory","The Cursed","The Forsaken","The Gatherer","The Hierophant","The Wild Card","TheSwordswoman","Uncapped","Unceasing Turn Reminder","Wandering Minibosses","WarShipGirlsR/??è≠èóR mod","Yakumo Yukari mod","Yohane!","vexMod","Åy?ï®?îvÅzREMEMod"],"gold_per_floor":[116,116,131,111,59,70,89,121,121,165,179,194,194,228,228,323,323,333,284,18,30,30,52,52,868,915,915,926,926,926,936,936,1033,1033,1050,1068,1088,1088,1105,1138,1149,1178,1204,1254,1254,441,455,455,455],"floor_reached":48,"language":"ENG","playtime":4705,"items_purged":[],"score":708,"play_id":"b6f05503-7b24-4521-80c7-18dda9c0fbaf","local_time":"20210118192537","is_ascension_mode":false,"campfire_choices":[{"floor":13.0,"key":"REST"},{"data":"ats:Dogmatic Field","floor":15.0,"key":"SMITH"},{"floor":30.0,"key":"REST"},{"data":"ats:Assault Order","floor":32.0,"key":"SMITH"},{"data":"ats:Roar Of Ursus","floor":45.0,"key":"SMITH"}],"circlet_count":0,"master_deck":["ats:Strike C+1","ats:Strike G","ats:Strike S","ats:Strike V+1","ats:Armor Crushing Shot","ats:Defend","ats:Defend","ats:Defend","ats:Emotion Absorption","ats:Mental Burst","ats:Soul Absorption","ats:Ignite+1","ats:Shell Defense","ats:Charging Defense","ats:Assault Order+1","ats:Wolf Pack","ats:Sunburst","ats:Calcification","ats:Dogmatic Field+1","ats:Rat Pack","ats:Song Of Battle","ats:Hammer On+1","ats:Disruption Kick","ats:Magnetic Hammer","ats:Demon Strength","ats:Composite Medical Shells","ReplayTheSpireMod:Black Plague","ats:Healing Strengthening+1","ats:Roar Of Ursus+1","ats:Red Shift+1","ats:Explosion Area Strengthen+1","ats:Poison Spread+1","ats:Part Time Job+1","ats:Support Order+1","ats:Chain Hook+1","ats:Blood Oath+1","ats:Defend Order","ats:Consecutive Shot Auto+1","ats:Counter Healing Mode","ats:Part Time Job"],"relics":["ats:Sanity","testmod-TestBox","DaveBox","REME_ComplimentaryCards","testmod-GiftOfSatan","Membership Card","REME_HandOfSuture","SynthV:TestCard","LetterFromLob","aspiration:BabyByrd","ats:Originium","testmod-Justice","hubris:TenFootPole","ats:Originium","theForsaken:HumbleEgg","HaiYi:Twilight","DemoMod:ClearGuonStone","DemoMod:WhiteGuonStone","ats:Originium","StuffTheSpire:HeavyRock","halation:PinkSoulGem","wanderingMiniBosses:MasterThiefsPresence","ats:Hidden Killer","relicPack:OneForAll","Replay:Drink Me","halation:PapillonHeart","White Beast Statue","Blue Doll","Blood Vial","testmod-CasingShield","DemoMod:GlassGuonStoneRelic","BirthdayGift-Tetrahedron","Simple Rune","testmod-AssaultLearning"],"acts_visited":["Exordium","TheCity","TheBeyond"],"potions_floor_usage":[],"damage_taken":[{"damage":0.0,"enemies":"conspire:RoseBush","floor":1.0,"turns":3.0},{"damage":7.0,"enemies":"infinitespire:Voidling","floor":3.0,"turns":4.0},{"damage":0.0,"enemies":"2 Louse","floor":6.0,"turns":3.0},{"damage":12.0,"enemies":"conspire:2 RoseBushes","floor":7.0,"turns":2.0},{"damage":30.0,"enemies":"Lagavulin","floor":8.0,"turns":6.0},{"damage":0.0,"enemies":"2 Fungi Beasts","floor":10.0,"turns":2.0},{"damage":0.0,"enemies":"Large Slime","floor":11.0,"turns":3.0},{"damage":16.0,"enemies":"conspire:2 RoseBushes","floor":12.0,"turns":3.0},{"damage":8.0,"enemies":"Replay:BlueRogue","floor":14.0,"turns":6.0},{"damage":34.0,"enemies":"Hexaghost","floor":16.0,"turns":7.0},{"damage":13.0,"enemies":"2 Thieves","floor":18.0,"turns":3.0},{"damage":13.0,"enemies":"Spheric Guardian","floor":19.0,"turns":7.0},{"damage":0.0,"enemies":"Centurion and Healer","floor":21.0,"turns":5.0},{"damage":62.0,"enemies":"Slavers","floor":23.0,"turns":6.0},{"damage":27.0,"enemies":"Shelled Parasite and Fungi","floor":25.0,"turns":4.0},{"damage":4.0,"enemies":"Snecko","floor":28.0,"turns":4.0},{"damage":0.0,"enemies":"3 Cultists","floor":31.0,"turns":1.0},{"damage":14.0,"enemies":"hubris:MusketHawk","floor":33.0,"turns":7.0},{"damage":6.0,"enemies":"3 Darklings","floor":35.0,"turns":6.0},{"damage":0.0,"enemies":"3 Shapes","floor":36.0,"turns":2.0},{"damage":31.0,"enemies":"Spire Growth","floor":37.0,"turns":5.0},{"damage":0.0,"enemies":"3 Darklings","floor":39.0,"turns":2.0},{"damage":1.0,"enemies":"Reptomancer","floor":40.0,"turns":3.0},{"damage":0.0,"enemies":"Jaw Worm Horde","floor":41.0,"turns":1.0},{"damage":17.0,"enemies":"Nightmare","floor":42.0,"turns":6.0},{"damage":13.0,"enemies":"2 Orb Walkers","floor":44.0,"turns":3.0},{"damage":8.0,"enemies":"Transient","floor":47.0,"turns":5.0},{"damage":6.0,"enemies":"Giant Head","floor":48.0,"turns":4.0}],"seed_played":"2477740140050167646","potions_obtained":[{"floor":3.0,"key":"Explosive Potion"},{"floor":4.0,"key":"Cursed Concoction"},{"floor":7.0,"key":"blueLaboratory:BottledHope"},{"floor":10.0,"key":"blueLaboratory:FruitPunch"},{"floor":21.0,"key":"Dota2Spire:Clarity"},{"floor":23.0,"key":"Dexterity Potion"},{"floor":31.0,"key":"Weak Potion"},{"floor":40.0,"key":"Venom Potion"},{"floor":41.0,"key":"LifebloodPotion"},{"floor":44.0,"key":"blueLaboratory:FruitPunch"}],"is_trial":false,"path_per_floor":["M","?","M","?","$","M","M","E","T","M","M","M","R","E","R","B",null,"M","M","$","M","?","E","?","M","T","?","M","AVR","R","M","R","B",null,"M","M","M","?","M","E","M","NM","T","?","R","$","M","E"],"character_chosen":"DOCTOR_CLASS","items_purchased":["ats:Soul Absorption","ats:Ignite+1","ats:Disruption Kick","DemoMod:ClearGuonStone","DemoMod:WhiteGuonStone","BirthdayGift-Tetrahedron","Simple Rune","testmod-AssaultLearning","ats:Consecutive Shot Auto+1","ats:Counter Healing Mode"],"campfire_rested":2,"item_purchase_floors":[5,5,20,20,20,46,46,46,46,46],"current_hp_per_floor":[77,77,82,82,82,82,70,46,46,54,64,50,76,85,85,58,96,98,106,106,106,106,78,78,73,73,73,74,74,109,109,109,125,94,88,88,94,89,89,88,88,84,84,74,74,74,89,89,89],"gold":455,"neow_bonus":"RANDOM_COMMON_RELIC","is_daily":false,"chose_seed":false,"campfire_upgraded":3,"win_rate":0.0,"timestamp":1611026737,"path_taken":["M","?","M","?","$","M","M","E","T","M","M","?","R","E","R","BOSS","M","M","$","M","?","E","?","M","T","?","M","AVR","R","M","R","BOSS","M","M","M","?","M","E","M","NM","T","?","R","$","M","E"],"items_purchased_type":["Card","Card","Card","Relic","Relic","Relic","Relic","Relic","Card","Card"],"build_version":"2020-12-22","purchased_purges":0,"victory":false,"max_hp_per_floor":[77,77,82,82,82,82,82,82,82,87,87,89,89,96,96,96,96,101,106,106,106,106,113,113,113,113,113,118,118,118,118,118,125,94,94,94,94,89,89,89,89,89,89,89,89,89,89,89,89],"relic_stats":{"Blood Vial":4,"counters":[28,113],"obtain_stats":[{"halation:PapillonHeart":38,"DaveBox":0,"Blue Doll":42,"DemoMod:GlassGuonStoneRelic":6,"DemoMod:WhiteGuonStone":20,"testmod-CasingShield":44,"relicPack:OneForAll":27,"Blood Vial":43,"theForsaken:HumbleEgg":14,"aspiration:BabyByrd":2,"StuffTheSpire:HeavyRock":23,"ats:Sanity":0,"DemoMod:ClearGuonStone":20,"Replay:Drink Me":34,"BirthdayGift-Tetrahedron":46,"testmod-TestBox":0,"ats:Hidden Killer":26,"wanderingMiniBosses:MasterThiefsPresence":25,"testmod-Justice":8,"White Beast Statue":40,"testmod-GiftOfSatan":0,"SynthV:TestCard":1,"ats:Originium":8,"HaiYi:Twilight":17,"testmod-AssaultLearning":46,"Simple Rune":46,"REME_HandOfSuture":0,"LetterFromLob":1,"hubris:TenFootPole":9,"Membership Card":0,"halation:PinkSoulGem":24,"REME_ComplimentaryCards":0},{"halation:PapillonHeart":21,"DaveBox":0,"Blue Doll":25,"DemoMod:GlassGuonStoneRelic":3,"DemoMod:WhiteGuonStone":12,"testmod-CasingShield":26,"relicPack:OneForAll":15,"Blood Vial":25,"theForsaken:HumbleEgg":9,"aspiration:BabyByrd":1,"StuffTheSpire:HeavyRock":14,"ats:Sanity":0,"DemoMod:ClearGuonStone":12,"Replay:Drink Me":18,"BirthdayGift-Tetrahedron":26,"testmod-TestBox":0,"ats:Hidden Killer":15,"wanderingMiniBosses:MasterThiefsPresence":15,"testmod-Justice":5,"White Beast Statue":23,"testmod-GiftOfSatan":0,"SynthV:TestCard":1,"ats:Originium":5,"HaiYi:Twilight":10,"testmod-AssaultLearning":26,"Simple Rune":26,"REME_HandOfSuture":0,"LetterFromLob":1,"hubris:TenFootPole":5,"Membership Card":0,"halation:PinkSoulGem":14,"REME_ComplimentaryCards":0},{"halation:PapillonHeart":89,"DaveBox":0,"Blue Doll":101,"DemoMod:GlassGuonStoneRelic":10,"DemoMod:WhiteGuonStone":49,"testmod-CasingShield":104,"relicPack:OneForAll":64,"Blood Vial":101,"theForsaken:HumbleEgg":32,"aspiration:BabyByrd":3,"StuffTheSpire:HeavyRock":60,"ats:Sanity":0,"DemoMod:ClearGuonStone":49,"Replay:Drink Me":76,"BirthdayGift-Tetrahedron":104,"testmod-TestBox":0,"ats:Hidden Killer":64,"wanderingMiniBosses:MasterThiefsPresence":64,"testmod-Justice":18,"White Beast Statue":94,"testmod-GiftOfSatan":0,"SynthV:TestCard":3,"ats:Originium":18,"HaiYi:Twilight":39,"testmod-AssaultLearning":104,"Simple Rune":104,"REME_HandOfSuture":0,"LetterFromLob":3,"hubris:TenFootPole":18,"Membership Card":0,"halation:PinkSoulGem":60,"REME_ComplimentaryCards":0}]},"card_choices":[{"not_picked":["ats:Consecutive Shot Auto","ats:Directed Diagnosis"],"picked":"ats:Ignite","floor":1.0},{"not_picked":["ats:Consecutive Shot Auto","ats:Encircling Forest","ats:Revitalization","ats:Powerful Strike"],"picked":"ats:Mental Burst","floor":3.0},{"not_picked":["ats:Composite Medical Shells","ats:Encircling Forest","ats:Healing Strengthening","ats:Powerful Strike"],"picked":"ats:Shell Defense","floor":6.0},{"not_picked":["ats:Ignite","ats:Childhood Dance","ats:Collapsing Strike","ats:Leaping Hammer"],"picked":"ats:Charging Defense","floor":7.0},{"not_picked":["ats:Magnetic Hammer","ats:Rapid Magazine","ats:Apocalypse","ats:Powerful Strike"],"picked":"ats:Assault Order","floor":8.0},{"not_picked":["ats:Magnetic Hammer","ats:Neurotoxin","ats:Leaping Hammer","ats:Red Shift"],"picked":"ats:Wolf Pack","floor":10.0},{"not_picked":["ats:Leaping Hammer","ats:Cat Scratch","ats:Revitalization","ats:Beaten Up"],"picked":"ats:Sunburst","floor":11.0},{"not_picked":["ats:Sunburst","ats:Closed Bolt Burst Fire","ats:Neurotoxin","ats:Thorns"],"picked":"ats:Calcification","floor":12.0},{"not_picked":["ats:Revitalization+1","ats:Assault Order+1","ats:Directed Diagnosis","ats:Ignite+1"],"picked":"ats:Dogmatic Field","floor":14.0},{"not_picked":["ats:Volcano","ats:Echo Reverb","ats:True Silver Slash","ats:Soul Rend"],"picked":"ats:Rat Pack","floor":16.0},{"not_picked":["ats:Guardian Obelisk","ats:Explosion Area Strengthen+1","ats:Very Hot Blade+1","ats:Ignite+1"],"picked":"ats:Song Of Battle","floor":18.0},{"not_picked":["ats:Hook Shot","ats:Consecutive Shot Auto+1","ats:Childhood Dance+1","ats:Revitalization+1"],"picked":"ats:Hammer On+1","floor":19.0},{"not_picked":["ats:LN2 Cannon","ats:Rapid Magazine","ats:Soul Absorption","ats:Curse Doll+1"],"picked":"ats:Magnetic Hammer","floor":21.0},{"not_picked":["ats:Rat Pack","ats:Shell Defense+1","ats:Assault Order+1","ats:Composite Medical Shells+1"],"picked":"ats:Ambush","floor":23.0},{"not_picked":["ats:Apocalypse+1","ats:Explosion Area Strengthen+1","ats:Closed Bolt Burst Fire","ats:Beaten Up"],"picked":"ats:Demon Strength","floor":25.0},{"not_picked":["ats:Flexible Camouflage+1","ats:Shell Defense+1","ats:Song Of Battle","ats:Poison Spread+1"],"picked":"ats:Composite Medical Shells","floor":28.0},{"not_picked":["ats:Rapid Magazine","ats:Shell Defense+1","ats:Hammer On+1","ats:Ignite+1"],"picked":"ats:Healing Strengthening+1","floor":31.0},{"not_picked":["ats:Disruption Kick","ats:Dogmatic Field","ats:Soul Rend","ats:Fractured Body"],"picked":"ats:Roar Of Ursus","floor":33.0},{"not_picked":["ats:Shell Defense+1","ats:Flexible Camouflage+1","ats:Leaping Hammer+1","ats:Soul Absorption"],"picked":"ats:Red Shift+1","floor":35.0},{"not_picked":["ats:Powerful Strike+1","ats:Support Order","ats:Fractured Body","ats:Revitalization+1"],"picked":"ats:Explosion Area Strengthen+1","floor":36.0},{"not_picked":["ats:Hammer On+1","ats:Charging Defense","ats:Leaping Hammer+1","ats:Explosion Area Strengthen+1"],"picked":"ats:Poison Spread+1","floor":37.0},{"not_picked":["ats:Durian","ats:Mental Burst+1","ats:Consecutive Shot Auto+1","ats:Powerful Strike+1"],"picked":"ats:Part Time Job+1","floor":39.0},{"not_picked":["ats:Charging Defense+1","ats:Ignite+1","ats:Sunburst","ats:Dogmatic Field"],"picked":"ats:Support Order+1","floor":40.0},{"not_picked":["ats:Shadow Raid+1","ats:Sword Rain","ats:Song Of Battle","ats:Ignite+1"],"picked":"ats:Chain Hook+1","floor":41.0},{"not_picked":["ats:Childhood Dance+1","ats:Explosion Area Strengthen+1","ats:Rapid Magazine","ats:Shell Defense+1"],"picked":"ats:Blood Oath+1","floor":42.0},{"not_picked":["ats:Revitalization+1","ats:Assault Order+1","ats:Flexible Camouflage+1","ats:Childhood Dance+1"],"picked":"ats:Defend Order","floor":44.0},{"not_picked":["ats:Hook Shot+1","ats:Shell Defense+1","ats:Cat Scratch+1","ats:Curse Doll+1"],"picked":"ats:Part Time Job","floor":47.0}],"player_experience":206650,"relics_obtained":[{"floor":1.0,"key":"SynthV:TestCard"},{"floor":1.0,"key":"LetterFromLob"},{"floor":8.0,"key":"ats:Originium"},{"floor":8.0,"key":"testmod-Justice"},{"floor":9.0,"key":"hubris:TenFootPole"},{"floor":14.0,"key":"ats:Originium"},{"floor":14.0,"key":"theForsaken:HumbleEgg"},{"floor":23.0,"key":"ats:Originium"},{"floor":23.0,"key":"StuffTheSpire:HeavyRock"},{"floor":25.0,"key":"wanderingMiniBosses:MasterThiefsPresence"},{"floor":26.0,"key":"ats:Hidden Killer"},{"floor":40.0,"key":"White Beast Statue"},{"floor":42.0,"key":"Blue Doll"},{"floor":43.0,"key":"Blood Vial"},{"floor":44.0,"key":"testmod-CasingShield"}],"event_choices":[{"damage_healed":0.0,"max_hp_gain":0.0,"max_hp_loss":0.0,"gold_gain":0.0,"event_name":"The Woman in Blue","player_choice":"Bought 1 Potion","floor":4.0,"gold_loss":0.0,"damage_taken":0.0},{"damage_healed":0.0,"max_hp_gain":0.0,"max_hp_loss":0.0,"gold_gain":0.0,"event_name":"betterNote:BetterNote","player_choice":"Ignored","floor":22.0,"gold_loss":0.0,"damage_taken":0.0,"cards_obtained":["ShyLook"]},{"damage_healed":0.0,"max_hp_gain":0.0,"max_hp_loss":0.0,"gold_gain":0.0,"event_name":"Mysterious Sphere","player_choice":"Fight","floor":44.0,"gold_loss":0.0,"damage_taken":0.0}],"is_beta":false,"boss_relics":[{"not_picked":["halation:LoveArrow","TimeKeys"],"picked":"HaiYi:Twilight"},{"not_picked":["testmod-KeyOfTheVoid","StuffTheSpire:RunicHypercube"],"picked":"Replay:Drink Me"}],"items_purged_floors":[],"is_endless":true,"potions_floor_spawned":[3,7,10,11,21,23,31,37,39,40,41,44,47,48],"killed_by":"Giant Head","ascension_level":0}}