{"host":"0z8p0l3aig5hhlq1","time":1611065963,"event":{"mods":["Aspiration","BaseMod","BetterRewards","Conspire","Downfall","Friendly Minions","Googly Eyes","HololiveMod","Hubris","Infinite Spire","Jorbs\u0027s Wanderer Trilogy","Kiyohime????","Mad Scientist","Marisa????????","Minty Spire (QoL Compilation)","Remilia??????","SOS???????","Shop Mod","StSLib","Td1madao Mod","The Administrix","The Animator","The Bladedancer","The Construct","The Cursed","The Disciple","The Gatherer","The Jungle","The Mystic","The Necromancer","The Poker Player","The Runesmith","The Saiyan","The Servant 0.9.4","The Wild Card","vexMod","???Mod??????Boss"],"gold_per_floor":[99,99,115,115,62,62,62,62],"floor_reached":6,"language":"ENG","playtime":537,"items_purged":[],"score":32,"play_id":"052090e0-1e6f-4a8b-93b5-692154af95c0","local_time":"20210119071923","is_ascension_mode":false,"campfire_choices":[{"data":"hexamod:Sear","floor":1,"key":"SMITH"}],"circlet_count":0,"master_deck":["hexamod:Strike","hexamod:Strike","hexamod:Strike","hexamod:Strike","hexamod:Defend","hexamod:Defend","hexamod:Defend","hexamod:Defend","hexamod:Sear+1","hexamod:Float","hexamod:FourthSeal","Injury","hexamod:FifthSeal","hexamod:PhantomFireball"],"relics":["hexamod:SpiritBrand","hubris:Icosahedron","Frozen Egg 2"],"acts_visited":["Exordium"],"potions_floor_usage":[],"damage_taken":[{"damage":1,"enemies":"2 Louse","floor":3,"turns":4},{"damage":0,"enemies":"downfall:FleeingMerchant","floor":5,"turns":4},{"damage":35,"enemies":"3 Sentries","floor":6,"turns":6}],"seed_played":"-1901886427788295798","potions_obtained":[{"floor":5,"key":"Block Potion"}],"is_trial":false,"path_per_floor":["R","?","M","?","$","E"],"character_chosen":"THE_SPIRIT","items_purchased":["hexamod:PhantomFireball"],"campfire_rested":0,"item_purchase_floors":[5],"current_hp_per_floor":[77,77,76,76,76,41,41,41],"gold":62,"neow_bonus":"TEN_PERCENT_HP_BONUS","is_daily":false,"chose_seed":false,"campfire_upgraded":1,"win_rate":0.0,"timestamp":1611065963,"path_taken":["R","?","M","?","?","E"],"items_purchased_type":["Card"],"build_version":"2020-12-22","purchased_purges":0,"victory":false,"max_hp_per_floor":[77,77,77,77,77,77,77,77],"card_choices":[{"not_picked":["hexamod:RainOfEmbers","hexamod:Firestarter"],"picked":"hexamod:FourthSeal","floor":3},{"not_picked":["hexamod:InspiringFlames","hexamod:GhostShield"],"picked":"hexamod:FifthSeal","floor":5}],"player_experience":23438,"relics_obtained":[],"event_choices":[],"is_beta":false,"boss_relics":[],"items_purged_floors":[],"is_endless":false,"potions_floor_spawned":[],"killed_by":"3 Sentries","ascension_level":0}}