{"host":"hfcva6mq15ctj0gu","time":1611079464,"event":{"mods":["Abigail Mod","AchievementEnabler","Act Like it!","Alarm Clock","BaseMod","Better Altar","Better Match","Better Skull","Better Third Choice","BetterRewards","CapriCore","Card Forge","Colored Map","Curses Come First","Disable Question Mark Monsters","Displayed Cursed Tome","Emptier Cage","FoggyMod","Friendly Minions","Gold Saver","Good Game Mod","Grow up Mod","Highlight Path","Kiyohime????","Kratos Character Expansion","Marisa????????","Minty Spire (QoL Compilation)","Permanent Neow","Poem Panic","Poor People Problems","Reimu??????","Remilia??????","Shade Mod","Shop Mod","StSLib","The Immortal","The Servant 0.9.4","The Vixen","Transform Curses","Virulent Crown","????"],"gold_per_floor":[1576,1039,1039,375,430,461,461,517,544,203,203,203,55,90,90,191,191,208,208,208,208,1,1,35,35,59,11,0,33,133,93,93,188,188,207,207,12,67,79,121,133,174,186,198,265,277,326,338,350,362,374,18,30,76,88],"floor_reached":56,"language":"ENG","playtime":2456,"items_purged":[],"score":1506,"play_id":"669d7bf2-c37b-4f5f-8287-c493433d68fe","local_time":"20210119190424","is_ascension_mode":false,"campfire_choices":[{"floor":15,"key":"RECALL"},{"floor":23,"key":"REST"},{"floor":32,"key":"DIG"},{"floor":41,"key":"DIG"},{"floor":44,"key":"DIG"},{"floor":49,"key":"DIG"}],"circlet_count":0,"master_deck":["MokouMod:Defend+1","MokouMod:HeatSpark+1","MokouMod:SearingShot+1","MokouMod:BurningDraft+1","MokouMod:IgnitionBlast+1","MokouMod:Fireball+1","MokouMod:RadiantBlade+1","MokouMod:Meltdown+1","MokouMod:FujiyamaVolcano+1","MokouMod:ScorchedEarth+1","MokouMod:RoaringFlare+1","MokouMod:RadiantBlade+1","MokouMod:WarmUp+1","MokouMod:ScorchingColumn+1","MokouMod:Rebirth+1","MokouMod:BlazingComet+1","MokouMod:IndiscriminateIgnition+1","MokouMod:FujiyamaVolcano+1","MokouMod:Singe+1"],"relics":["MokouMod:PhoenixFeather","Hammer of Thor","Seething Fire","Anvil of the Gods","REME:ComplimentaryCards","MerchantsRug","Toolbox","FossilizedHelix","Ginger","KratosMod:minohorn","Turnip","Juzu Bracelet","TentaclePot:ReiMu","Singing Bowl","Lantern","Happy Flower","Anchor","Ice Cream","Akabeko","Pocketwatch","Matryoshka","Membership Card","MutagenicStrength","The Courier","Kunai","ClockworkSouvenir","Pen Nib","Shovel","Bottled Flame","ZunR:ReiMu","Dead Branch","Philosopher\u0027s Stone","Bag of Preparation","Incense Burner","Boot","Blood Vial","MawBank","Oddly Smooth Stone","Art of War","Du-Vu Doll","Molten Egg 2","Thread and Needle","Vajra","Mastiff:ReiMu","CeramicFish","Calipers","Shuriken","Sundial","CrazyTorch:ReiMu","HornCleat","White Beast Statue"],"acts_visited":["Exordium","TheCity","TheBeyond","TheEnding"],"potions_floor_usage":[],"damage_taken":[{"damage":0,"enemies":"Cultist","floor":1,"turns":2},{"damage":0,"enemies":"Lagavulin","floor":6,"turns":3},{"damage":0,"enemies":"3 Sentries","floor":14,"turns":2},{"damage":72,"enemies":"The Guardian","floor":16,"turns":7},{"damage":0,"enemies":"2 Thieves","floor":18,"turns":2},{"damage":18,"enemies":"Book of Stabbing","floor":24,"turns":3},{"damage":0,"enemies":"Slavers","floor":29,"turns":2},{"damage":0,"enemies":"Colosseum Slavers","floor":30,"turns":2},{"damage":0,"enemies":"Colosseum Nobs","floor":30,"turns":2},{"damage":0,"enemies":"Automaton","floor":33,"turns":5},{"damage":0,"enemies":"Orb Walker","floor":35,"turns":1},{"damage":0,"enemies":"Reptomancer","floor":40,"turns":3},{"damage":68,"enemies":"Nemesis","floor":42,"turns":5},{"damage":0,"enemies":"2 Orb Walkers","floor":45,"turns":2},{"damage":37,"enemies":"Awakened One","floor":50,"turns":4},{"damage":12,"enemies":"Shield and Spear","floor":54,"turns":2},{"damage":130,"enemies":"The Heart","floor":55,"turns":7}],"seed_played":"2131206069069878274","potions_obtained":[{"floor":6,"key":"GrandPatriotsElixir:ReiMu"},{"floor":24,"key":"Ancient Potion"},{"floor":33,"key":"Ancient Potion"},{"floor":35,"key":"EssenceOfSteel"},{"floor":45,"key":"SkillPotion"}],"is_trial":false,"path_per_floor":["M","$","?","$","T","E","?","?","T","$","?","?","R","E","R","B",null,"M","?","?","T","$","R","E","?","T","R","?","E","?","?","R","B",null,"M","?","$","T","?","E","R","E","T","R","?","?","$","?","R","B",null,"R","$","E","B",null],"character_chosen":"MKU","items_purchased":["MerchantsRug","Toolbox","FossilizedHelix","KratosMod:minohorn","Turnip","Juzu Bracelet","TentaclePot:ReiMu","Singing Bowl","MokouMod:BurningDraft","MokouMod:IgnitionBlast","Ice Cream","MokouMod:Fireball","Akabeko","Membership Card","MokouMod:ScorchedEarth","MokouMod:RoaringFlare","Kunai","ClockworkSouvenir","Bag of Preparation","Incense Burner","Boot","Shuriken","Sundial","CrazyTorch:ReiMu","HornCleat"],"campfire_rested":1,"item_purchase_floors":[0,0,0,2,2,4,4,4,4,4,10,10,13,22,22,22,27,27,37,37,37,52,52,52,52],"current_hp_per_floor":[61,71,81,91,101,111,91,101,111,121,131,141,151,163,173,111,257,267,277,287,297,307,317,323,333,343,353,363,373,383,393,403,413,441,451,461,471,481,491,501,511,453,463,473,485,34,44,54,64,39,611,621,631,631,523],"gold":100,"neow_bonus":"","is_daily":false,"chose_seed":false,"campfire_upgraded":0,"win_rate":0.0,"timestamp":1611079464,"path_taken":["M","$","?","$","?","E","?","?","T","$","?","?","R","E","R","BOSS","M","?","?","?","$","R","E","?","T","R","?","E","?","?","R","BOSS","M","?","?","?","?","E","R","E","T","R","?","?","$","?","R","BOSS","R","$","E","BOSS"],"items_purchased_type":["Relic","Relic","Relic","Relic","Relic","Relic","Relic","Relic","Card","Card","Relic","Card","Relic","Relic","Card","Card","Relic","Relic","Relic","Relic","Relic","Relic","Relic","Relic","Relic"],"build_version":"2020-12-22","purchased_purges":0,"victory":true,"max_hp_per_floor":[95,105,115,125,135,145,155,165,175,185,195,205,215,227,237,247,257,267,277,287,297,307,317,341,351,361,371,381,391,401,411,421,431,441,451,461,471,481,491,501,511,521,531,541,551,561,571,581,591,601,611,621,631,643,663],"card_choices":[{"not_picked":["MokouMod:FlareStarter","MokouMod:EternalBurstReactor"],"picked":"MokouMod:SearingShot","floor":1},{"not_picked":["MokouMod:Stoke","MokouMod:Singe"],"picked":"MokouMod:Afterburner","floor":6},{"not_picked":["MokouMod:Stoke","MokouMod:Sear","MokouMod:BurningDraft"],"picked":"Singing Bowl","floor":14},{"not_picked":["MokouMod:HouraiForge","MokouMod:Geothermal"],"picked":"MokouMod:RadiantBlade","floor":16},{"not_picked":["MokouMod:SearingShot","MokouMod:ResoluteFlare"],"picked":"MokouMod:Meltdown+1","floor":18},{"not_picked":["MokouMod:SearingShot","MokouMod:GuidingSmoke+1"],"picked":"MokouMod:RadiantBlade","floor":24},{"not_picked":["MokouMod:FlickeringFlame+1","MokouMod:PhoenixFeathers"],"picked":"MokouMod:WarmUp","floor":29},{"not_picked":["MokouMod:Afterburner+1","MokouMod:SubterraneanCore"],"picked":"MokouMod:ScorchingColumn+1","floor":30},{"not_picked":["MokouMod:SearingBlow","MokouMod:SpontaneousHumanCombustion"],"picked":"MokouMod:Rebirth","floor":33},{"not_picked":["MokouMod:Ember","MokouMod:Refresh"],"picked":"MokouMod:BlazingComet+1","floor":35},{"not_picked":["MokouMod:BlazingComet+1","MokouMod:ScorchingColumn"],"picked":"MokouMod:IndiscriminateIgnition+1","floor":40},{"not_picked":["MokouMod:Refresh+1","MokouMod:AdaptivePyromancy+1"],"picked":"MokouMod:FujiyamaVolcano+1","floor":42},{"not_picked":["MokouMod:Firecracker+1","MokouMod:BurningDraft+1"],"picked":"MokouMod:Singe+1","floor":45},{"not_picked":["MokouMod:BurningDraft","MokouMod:Sear+1","MokouMod:CrimsonFlare+1"],"picked":"Singing Bowl","floor":54}],"player_experience":119644,"relics_obtained":[{"floor":5,"key":"Lantern"},{"floor":6,"key":"Happy Flower"},{"floor":14,"key":"Pocketwatch"},{"floor":21,"key":"Matryoshka"},{"floor":24,"key":"Mango"},{"floor":26,"key":"The Courier"},{"floor":26,"key":"Dream Catcher"},{"floor":29,"key":"Pen Nib"},{"floor":30,"key":"Shovel"},{"floor":30,"key":"Bottled Flame"},{"floor":32,"key":"Dead Branch"},{"floor":38,"key":"Blood Vial"},{"floor":38,"key":"MawBank"},{"floor":40,"key":"Oddly Smooth Stone"},{"floor":41,"key":"Art of War"},{"floor":42,"key":"Potion Belt"},{"floor":43,"key":"Du-Vu Doll"},{"floor":44,"key":"Molten Egg 2"},{"floor":45,"key":"Thread and Needle"},{"floor":49,"key":"Calipers"},{"floor":54,"key":"White Beast Statue"}],"event_choices":[{"damage_healed":0,"gold_gain":0,"player_choice":"Ignored","damage_taken":0,"max_hp_gain":0,"max_hp_loss":0,"event_name":"Upgrade Shrine","floor":3,"gold_loss":0},{"damage_healed":0,"gold_gain":56,"player_choice":"Gained Gold","damage_taken":0,"max_hp_gain":0,"max_hp_loss":0,"event_name":"Golden Wing","floor":8,"gold_loss":0},{"damage_healed":121,"gold_gain":0,"player_choice":"Embrace","damage_taken":0,"max_hp_gain":0,"max_hp_loss":185,"event_name":"betterThird:BetterShining","floor":11,"gold_loss":0},{"damage_healed":0,"gold_gain":0,"player_choice":"Read","damage_taken":0,"max_hp_gain":0,"max_hp_loss":0,"event_name":"The Library","floor":19,"gold_loss":0,"cards_obtained":["MokouMod:FujiyamaVolcano"]},{"damage_healed":0,"gold_gain":0,"player_choice":"Ignored","damage_taken":0,"max_hp_gain":0,"max_hp_loss":0,"event_name":"Vampires","floor":20,"gold_loss":0},{"damage_healed":0,"gold_gain":0,"player_choice":"Inject Mutagens","damage_taken":0,"relics_obtained":["MutagenicStrength"],"max_hp_gain":0,"max_hp_loss":0,"event_name":"Drug Dealer","floor":25,"gold_loss":0},{"damage_healed":0,"gold_gain":0,"player_choice":"Fight","damage_taken":0,"max_hp_gain":0,"max_hp_loss":0,"event_name":"Colosseum","floor":30,"gold_loss":0},{"damage_healed":0,"gold_gain":0,"player_choice":"Fought Nobs","damage_taken":0,"max_hp_gain":0,"max_hp_loss":0,"event_name":"Colosseum","floor":30,"gold_loss":0},{"damage_healed":0,"gold_gain":0,"player_choice":"Keep O-miki","damage_taken":0,"relics_obtained":["ZunR:ReiMu"],"max_hp_gain":0,"max_hp_loss":0,"event_name":"ZunEvent","floor":31,"gold_loss":40},{"damage_healed":0,"gold_gain":0,"player_choice":"Ignored","damage_taken":0,"max_hp_gain":0,"max_hp_loss":0,"event_name":"Upgrade Shrine","floor":36,"gold_loss":0},{"cards_removed":["MokouMod:Afterburner"],"damage_healed":0,"gold_gain":0,"player_choice":"Removed Skill","damage_taken":0,"max_hp_gain":0,"max_hp_loss":0,"event_name":"Falling","floor":39,"gold_loss":0},{"damage_healed":0,"gold_gain":0,"player_choice":"Fight","damage_taken":0,"max_hp_gain":0,"max_hp_loss":0,"event_name":"Mysterious Sphere","floor":45,"gold_loss":0},{"damage_healed":0,"gold_gain":0,"player_choice":"RE RE RE RE ","damage_taken":469,"relics_obtained":["Vajra","ScarletDevilRocket","Mastiff:ReiMu","CeramicFish"],"max_hp_gain":0,"max_hp_loss":0,"event_name":"betterSkull:BetterSkull","floor":46,"gold_loss":0,"cards_upgraded":[]},{"damage_healed":0,"gold_gain":0,"player_choice":"Ignored","damage_taken":0,"max_hp_gain":0,"max_hp_loss":0,"event_name":"Tomb of Lord Red Mask","floor":48,"gold_loss":0}],"is_beta":false,"boss_relics":[{"not_picked":["Velvet Choker","SacredBark"],"picked":"Empty Cage"},{"not_picked":["SlaversCollar","RedLine:ReiMu"],"picked":"Philosopher\u0027s Stone"}],"items_purged_floors":[],"is_endless":false,"potions_floor_spawned":[6,24,33,35,45],"ascension_level":0}}