{"host":"hszimsrtxxc2k25w","time":1611086339,"event":{"mods":["AchievementEnabler","BaseMod","Colored Map","DeckTracker","Minty Spire (QoL Compilation)","Rare Cards Sparkle","SuperFastMode"],"gold_per_floor":[118,135,135,149,169,169,33,33,33,33,50,50,64,99,99,173,173,183,108,8,58,58,58,89,99,99,117,136,187,205,237,237,237,237],"floor_reached":33,"language":"KOR","playtime":746,"items_purged":["Defend_G","Strike_G"],"score":545,"play_id":"e81afbe5-f4e0-4119-b9d9-ad3d27b1c5a6","local_time":"20210120045859","is_ascension_mode":true,"campfire_choices":[{"data":"Terror","floor":6,"key":"SMITH"},{"data":"Prepared","floor":10,"key":"SMITH"},{"data":"Tactician","floor":12,"key":"SMITH"},{"data":"Acrobatics","floor":15,"key":"SMITH"},{"data":"A Thousand Cuts","floor":23,"key":"SMITH"},{"data":"Neutralize","floor":32,"key":"SMITH"}],"circlet_count":0,"master_deck":["AscendersBane","Strike_G","Defend_G","Defend_G","Defend_G","Survivor","Neutralize+1","Eviscerate+1","Die Die Die","Terror+1","Prepared+1","Tactician+1","Acrobatics+1","A Thousand Cuts+1","All Out Attack"],"relics":["Ring of the Snake","Snake Skull","Pear","Empty Cage","Eternal Feather","Meat on the Bone","Potion Belt","Oddly Smooth Stone"],"acts_visited":["Exordium","TheCity"],"potions_floor_usage":[14,24,24,31],"damage_taken":[{"damage":1,"enemies":"2 Louse","floor":1,"turns":3},{"damage":0,"enemies":"Cultist","floor":2,"turns":3},{"damage":1,"enemies":"Jaw Worm","floor":4,"turns":2},{"damage":0,"enemies":"2 Fungi Beasts","floor":5,"turns":3},{"damage":0,"enemies":"Exordium Wildlife","floor":11,"turns":1},{"damage":0,"enemies":"Blue Slaver","floor":13,"turns":2},{"damage":12,"enemies":"Lagavulin","floor":14,"turns":3},{"damage":15,"enemies":"The Guardian","floor":16,"turns":10},{"damage":14,"enemies":"Spheric Guardian","floor":18,"turns":4},{"damage":22,"enemies":"Book of Stabbing","floor":24,"turns":4},{"damage":7,"enemies":"Shell Parasite","floor":25,"turns":3},{"damage":9,"enemies":"Centurion and Healer","floor":27,"turns":2},{"damage":10,"enemies":"Snecko","floor":28,"turns":4},{"damage":0,"enemies":"Cultist and Chosen","floor":30,"turns":2},{"damage":16,"enemies":"Slavers","floor":31,"turns":2},{"damage":55,"enemies":"Champ","floor":33,"turns":7}],"seed_played":"5935396191991962435","potions_obtained":[{"floor":1,"key":"ColorlessPotion"},{"floor":8,"key":"Weak Potion"},{"floor":11,"key":"SteroidPotion"},{"floor":14,"key":"SkillPotion"},{"floor":16,"key":"LiquidMemories"},{"floor":18,"key":"GhostInAJar"},{"floor":27,"key":"Explosive Potion"}],"is_trial":false,"path_per_floor":["M","M","?","M","M","R","$","?","T","R","M","R","M","E","R","B",null,"M","$","$","?","?","R","E","M","T","M","M","T","M","E","R","B"],"character_chosen":"THE_SILENT","items_purchased":["Prepared","Tactician"],"campfire_rested":0,"item_purchase_floors":[7,7],"current_hp_per_floor":[58,58,58,57,57,57,57,57,57,57,57,57,57,55,55,40,67,53,53,53,53,53,53,31,24,24,27,29,29,41,37,46,0,0],"gold":237,"neow_bonus":"REMOVE_CARD","is_daily":false,"chose_seed":false,"campfire_upgraded":6,"win_rate":0.0,"timestamp":1611086339,"path_taken":["M","M","?","?","M","R","$","?","T","R","M","R","M","E","R","BOSS","M","?","$","?","?","R","E","M","T","?","?","?","M","E","R","BOSS"],"items_purchased_type":["Card","Card"],"build_version":"2020-12-22","purchased_purges":2,"victory":false,"max_hp_per_floor":[66,66,66,66,66,66,66,66,66,66,66,66,66,76,76,76,76,76,76,76,76,76,76,76,76,76,76,76,76,76,76,76,76,76],"card_choices":[{"not_picked":["Footwork","Slice"],"picked":"Eviscerate","floor":1},{"not_picked":["Sucker Punch","Underhanded Strike","Flying Knee"],"picked":"SKIP","floor":2},{"not_picked":["Underhanded Strike","Flying Knee"],"picked":"Die Die Die","floor":4},{"not_picked":["Flying Knee","PiercingWail"],"picked":"Terror","floor":5},{"not_picked":["Dagger Spray","Slice","Caltrops"],"picked":"SKIP","floor":11},{"not_picked":["Dagger Spray","Slice","Caltrops"],"picked":"SKIP","floor":11},{"not_picked":["Finisher","Deflect"],"picked":"Acrobatics","floor":13},{"not_picked":["Bouncing Flask","Caltrops","Poisoned Stab"],"picked":"SKIP","floor":14},{"not_picked":["Storm of Steel","Tools of the Trade"],"picked":"A Thousand Cuts","floor":16},{"not_picked":["Underhanded Strike","Dagger Spray","All Out Attack"],"picked":"SKIP","floor":18},{"not_picked":["Distraction","Masterful Stab","Footwork"],"picked":"SKIP","floor":24},{"not_picked":["Flying Knee","Outmaneuver","Backflip+1"],"picked":"SKIP","floor":25},{"not_picked":["Cloak And Dagger","Setup","Accuracy"],"picked":"SKIP","floor":27},{"not_picked":["Riddle With Holes","Dagger Spray","Quick Slash"],"picked":"SKIP","floor":28},{"not_picked":["Blade Dance","Flechettes","Flying Knee"],"picked":"SKIP","floor":30},{"not_picked":["Quick Slash","PiercingWail","Backstab"],"picked":"SKIP","floor":31}],"player_experience":623058,"relics_obtained":[{"floor":9,"key":"Snake Skull"},{"floor":14,"key":"Pear"},{"floor":24,"key":"Eternal Feather"},{"floor":26,"key":"Meat on the Bone"},{"floor":29,"key":"Potion Belt"},{"floor":31,"key":"Oddly Smooth Stone"}],"event_choices":[{"damage_healed":0,"gold_gain":0,"player_choice":"Forge","damage_taken":0,"max_hp_gain":0,"max_hp_loss":0,"event_name":"Accursed Blacksmith","floor":3,"gold_loss":0,"cards_upgraded":["Eviscerate"]},{"damage_healed":0,"gold_gain":0,"player_choice":"Got Potions","damage_taken":0,"max_hp_gain":0,"max_hp_loss":0,"event_name":"Lab","floor":8,"gold_loss":0},{"damage_healed":0,"gold_gain":50,"player_choice":"Stole From Cult","damage_taken":0,"max_hp_gain":0,"max_hp_loss":0,"event_name":"Nest","floor":21,"gold_loss":0},{"damage_healed":0,"gold_gain":0,"cards_transformed":["Strike_G"],"player_choice":"Transformed","damage_taken":0,"max_hp_gain":0,"max_hp_loss":0,"event_name":"Transmorgrifier","floor":22,"gold_loss":0,"cards_obtained":["All Out Attack"]}],"is_beta":false,"boss_relics":[{"not_picked":["Snecko Eye","Black Star"],"picked":"Empty Cage"}],"items_purged_floors":[19,20],"is_endless":false,"potions_floor_spawned":[1,11,14,16,18,27],"killed_by":"Champ","ascension_level":18}}