{"host":"wyloba13dxa5qu9d","time":1611067866,"event":{"mods":["AchievementEnabler","BaseMod","Colored Map","Colored Powertips","Lobotomy","Minty Spire (QoL Compilation)","Quick Restart","StSLib","SuperFastMode"],"gold_per_floor":[119,119,132,148,161,161,172,206,206,171,171,186,199,219,219,321,321,321,118,118,118,68,68,68,68,68,68,68,18,18,18,18,18,18,18,18,18,18,18,18,18,0,0,0,0,0,0,0,0,0,0],"floor_reached":50,"language":"ZHS","playtime":2982,"items_purged":["SpecialBullet","SpecialBullet"],"score":543,"play_id":"977c6523-1941-4fac-b688-af483ab53b6a","local_time":"20210119225106","is_ascension_mode":false,"campfire_choices":[{"floor":30.0,"key":"REST"},{"floor":32,"key":"REST"},{"floor":46,"key":"REST"}],"circlet_count":0,"master_deck":["SpecialBullet","SpecialBullet","SpecialBullet","SpecialBullet","InformationCode","SecurityCode","ControlCode","OldLady","Penitence","BloodyDesire","LongBird","TodaysExpression","Noise","TT2Protocol","UniverseFragment","DespairKnight","VoidDream","TrainingCode","Mercenary","GoldRush","MeatLantern","ScreamingWedge","Spore+1","Soda+1","Noise","ScreamingWedge+1","Horn","BodiesMountain","RedEyes","WelfareCode","Justitia"],"relics":["CogitoBucket","NeowsBlessing","Letter Opener","Smiling Mask","SkinProphecy","Ectoplasm","HandDrill","HellTrain","Omamori","Pear","FleshIdol","AtMidnight","Fusion Hammer","Red Mask","Mummified Hand"],"acts_visited":["Exordium","TheCity","TheBeyond"],"potions_floor_usage":[31,31,31],"damage_taken":[{"damage":0.0,"enemies":"2 Louse","floor":1.0,"turns":1.0},{"damage":0.0,"enemies":"Cultist","floor":3.0,"turns":1.0},{"damage":0.0,"enemies":"Small Slimes","floor":4.0,"turns":1.0},{"damage":8.0,"enemies":"Exordium Thugs","floor":5.0,"turns":4.0},{"damage":16.0,"enemies":"Lots of Slimes","floor":7.0,"turns":3.0},{"damage":26.0,"enemies":"3 Sentries","floor":8.0,"turns":6.0},{"damage":20.0,"enemies":"Looter","floor":12.0,"turns":4.0},{"damage":0.0,"enemies":"3 Louse","floor":13.0,"turns":2.0},{"damage":1.0,"enemies":"Exordium Thugs","floor":14.0,"turns":3.0},{"damage":40.0,"enemies":"Hexaghost","floor":16.0,"turns":9.0},{"damage":12.0,"enemies":"Shell Parasite","floor":18.0,"turns":4.0},{"damage":21.0,"enemies":"Spheric Guardian","floor":21.0,"turns":7.0},{"damage":0.0,"enemies":"Shelled Parasite and Fungi","floor":24.0,"turns":4.0},{"damage":32.0,"enemies":"Gremlin Leader","floor":25.0,"turns":8.0},{"damage":13.0,"enemies":"Centurion and Healer","floor":27.0,"turns":4.0},{"damage":0.0,"enemies":"Snake Plant","floor":28.0,"turns":2.0},{"damage":82,"enemies":"3 Cultists","floor":31,"turns":5},{"damage":24,"enemies":"Automaton","floor":33,"turns":11},{"damage":35,"enemies":"3 Darklings","floor":35,"turns":5},{"damage":0,"enemies":"Orb Walker","floor":37,"turns":3},{"damage":58,"enemies":"Maw","floor":45,"turns":9},{"damage":30,"enemies":"3 Darklings","floor":47,"turns":5},{"damage":13,"enemies":"Sphere and 2 Shapes","floor":48,"turns":5},{"damage":219,"enemies":"Awakened One","floor":50,"turns":8}],"seed_played":"1500911","potions_obtained":[{"floor":1.0,"key":"Strength Potion"},{"floor":3.0,"key":"Dexterity Potion"},{"floor":8.0,"key":"AttackPotion"},{"floor":18.0,"key":"PowerPotion"},{"floor":33,"key":"FairyPotion"},{"floor":35,"key":"SpeedPotion"},{"floor":48,"key":"FearPotion"}],"is_trial":false,"path_per_floor":["M","?","M","M","M","R","M","E","T","?","R","M","M","M","R","B",null,"M","$","?","M","$","R","M","E","T","M","M","?","R","M","R","B",null,"M","?","M","?","?","$","R","?","T","$","M","R","M","M","R","B"],"character_chosen":"Angela","items_purchased":["HandDrill"],"campfire_rested":3,"item_purchase_floors":[19],"current_hp_per_floor":[70,70,70,70,70,70,62,44,44,61,61,53,61,72,72,44,92,88,88,88,75,75,75,83,47,57,58,74,74,110,43,80,104,126,111,111,134,127,127,127,127,127,127,127,99,129,124,133,133,0,0],"gold":0,"neow_bonus":"THREE_ENEMY_KILL","is_daily":false,"chose_seed":true,"campfire_upgraded":0,"win_rate":0.0,"timestamp":1611067866,"path_taken":["M","?","M","M","M","R","?","E","T","?","R","M","?","M","R","BOSS","M","?","?","M","$","R","M","E","T","M","?","?","R","M","R","BOSS","M","?","M","?","?","?","R","?","T","$","?","R","M","M","R","BOSS"],"items_purchased_type":["Relic"],"build_version":"2020-12-22","purchased_purges":2,"victory":false,"max_hp_per_floor":[70,70,70,70,70,70,70,70,70,70,70,74,80,86,86,92,92,94,94,94,102,102,102,104,106,116,118,120,120,120,124,124,126,126,128,128,134,127,127,127,127,127,127,127,129,129,131,133,133,137,137],"card_choices":[{"not_picked":["VoidDream","MHz"],"picked":"OldLady","floor":1.0},{"not_picked":["Beak","Reverberation"],"picked":"SKIP","floor":1.0},{"not_picked":["Diffraction"],"picked":"Penitence","floor":3.0},{"not_picked":["Heaven"],"picked":"BloodyDesire","floor":4.0},{"not_picked":["LittleHelper","ShyLook"],"picked":"LongBird","floor":5.0},{"not_picked":["CherryBlossom"],"picked":"TodaysExpression","floor":5.0},{"not_picked":["FourthMatchFlame","Laetitia_ego"],"picked":"SKIP","floor":7.0},{"not_picked":["RapturousDream"],"picked":"Noise","floor":8.0},{"not_picked":["GalaxyChild","ShyLook"],"picked":"UniverseFragment","floor":12.0},{"not_picked":["FrostShard","SolemnVow"],"picked":"SKIP","floor":12.0},{"not_picked":["CherryBlossoms","Bloodbath"],"picked":"DespairKnight","floor":13.0},{"not_picked":["Galaxy","TodaysExpression"],"picked":"SKIP","floor":13.0},{"not_picked":["Laetitia","GreedKing"],"picked":"VoidDream","floor":14.0},{"not_picked":["Lantern","FrostShard"],"picked":"SKIP","floor":14.0},{"not_picked":["LittlePrince","SpiderBud"],"picked":"Mercenary","floor":16.0},{"not_picked":["Twilight"],"picked":"GoldRush","floor":16.0},{"not_picked":["Lantern+1","Harmony"],"picked":"SKIP","floor":18.0},{"not_picked":["Scorched","Yin"],"picked":"MeatLantern","floor":21.0},{"not_picked":["Loneliness","TheSmile"],"picked":"SKIP","floor":21.0},{"not_picked":["Diffraction"],"picked":"ScreamingWedge","floor":24.0},{"not_picked":["Amita+1"],"picked":"Spore+1","floor":25.0},{"not_picked":["WristCuter"],"picked":"Soda+1","floor":27.0},{"not_picked":["WristCuter"],"picked":"Noise","floor":28.0},{"not_picked":["LifeForTheDareDevil"],"picked":"ScreamingWedge+1","floor":31},{"not_picked":["SomewhereSpear+1"],"picked":"Horn","floor":35},{"not_picked":["FieryBird","Porccubus"],"picked":"BodiesMountain","floor":37},{"not_picked":["BlackSwan_ego+1"],"picked":"RedEyes","floor":37},{"not_picked":["FrostShard+1","Galaxy+1"],"picked":"SKIP","floor":45},{"not_picked":["Lamp+1"],"picked":"Justitia","floor":47},{"not_picked":["Regret_ego","CUTE+1"],"picked":"SKIP","floor":48}],"player_experience":131185,"relics_obtained":[{"floor":8.0,"key":"Letter Opener"},{"floor":9.0,"key":"Smiling Mask"},{"floor":25.0,"key":"Omamori"},{"floor":26.0,"key":"Pear"},{"floor":31,"key":"AtMidnight"},{"floor":43,"key":"Mummified Hand"}],"event_choices":[{"cards_removed":["SpecialBullet"],"damage_healed":0.0,"max_hp_gain":0.0,"max_hp_loss":0.0,"gold_gain":0.0,"event_name":"Purifier","player_choice":"Purged","floor":2.0,"gold_loss":0.0,"damage_taken":0.0},{"damage_healed":17.0,"max_hp_gain":0.0,"max_hp_loss":0.0,"gold_gain":0.0,"event_name":"The Cleric","player_choice":"Healed","floor":10.0,"gold_loss":35.0,"damage_taken":0.0},{"damage_healed":0.0,"max_hp_gain":0.0,"max_hp_loss":0.0,"gold_gain":99.0,"event_name":"Nest","player_choice":"Stole From Cult","floor":20.0,"gold_loss":0.0,"damage_taken":0.0},{"damage_healed":0.0,"max_hp_gain":0.0,"max_hp_loss":0.0,"gold_gain":0.0,"event_name":"The Joust","player_choice":"Bet on Owner","floor":29.0,"gold_loss":50.0,"damage_taken":0.0},{"damage_healed":0,"gold_gain":0,"player_choice":"Ignored","damage_taken":0,"max_hp_gain":0,"max_hp_loss":0,"event_name":"Mysterious Sphere","floor":36,"gold_loss":0},{"damage_healed":0,"gold_gain":0,"player_choice":"Max HP","damage_taken":0,"max_hp_gain":0,"max_hp_loss":7,"event_name":"Winding Halls","floor":38,"gold_loss":0},{"cards_removed":["SpecialBullet"],"damage_healed":0,"gold_gain":0,"player_choice":"Removed Attack","damage_taken":0,"max_hp_gain":0,"max_hp_loss":0,"event_name":"Falling","floor":39,"gold_loss":0},{"damage_healed":0,"gold_gain":0,"player_choice":"Paid","damage_taken":0,"relics_obtained":["Red Mask"],"max_hp_gain":0,"max_hp_loss":0,"event_name":"Tomb of Lord Red Mask","floor":42,"gold_loss":18}],"is_beta":false,"boss_relics":[{"not_picked":["Snecko Eye","Astrolabe"],"picked":"Ectoplasm"},{"not_picked":["SacredBark","Velvet Choker"],"picked":"Fusion Hammer"}],"items_purged_floors":[19,22],"is_endless":false,"potions_floor_spawned":[1,3,8,14,16,18,24,28,33,35,48],"killed_by":"Awakened One","ascension_level":0}}