{"host":"8i58hvcssdezoe94","time":1611037976,"event":{"mods":["Act Like it!","BaseMod","Colored Map","Conspire","Downfall","Gensokyo","KinomotoSakuraMod(木之本樱)","Marisa（F雨　魔理沙）","Minty Spire (QoL Compilation)","Quick Restart","Remilia（蕾米莉亚）","StSLib","The Animator","The Bug Knight","The Construct","The Cursed","The Hierophant","The Jungle","The Servant 0.9.4"],"gold_per_floor":[111,111,111,130,11,41,41,60,60,60,293,293,307,307,307,403,403,420,420,420],"floor_reached":19,"language":"ZHS","playtime":1235,"items_purged":[],"score":200,"play_id":"72e5794d-5158-4a21-a198-4cc7a4ef108e","local_time":"20210119143256","is_ascension_mode":false,"campfire_choices":[{"floor":7,"key":"RECALL"},{"floor":12,"key":"REST"},{"data":"Zap","floor":15,"key":"SMITH"}],"circlet_count":0,"master_deck":["Strike_B","Strike_B","Strike_B","Strike_B","Defend_B","Defend_B","Defend_B","Zap+1","Dualcast","Ball Lightning","Sweeping Beam","Steam","Lockon","Self Repair+1","Rip and Tear","All For One","Thunder Strike","Sunder+1"],"relics":["Cracked Core","NeowsBlessing","Question Card","Toy Ornithopter","Regal Pillow","HollowMod:StagPassRelic","Black Star"],"acts_visited":["Gensokyo:Gensokyo","Gensokyo:Gensokyoer"],"potions_floor_usage":[],"damage_taken":[{"damage":0,"enemies":"Gensokyo:Python","floor":1,"turns":1},{"damage":0,"enemies":"Gensokyo:3_Fairies","floor":4,"turns":1},{"damage":0,"enemies":"Gensokyo:Mamizou","floor":6,"turns":2},{"damage":12,"enemies":"Gensokyo:Gryphon","floor":8,"turns":4},{"damage":30,"enemies":"Gensokyo:Cirno","floor":11,"turns":5},{"damage":14,"enemies":"Gensokyo:Kitsune","floor":13,"turns":3},{"damage":44,"enemies":"Gensokyo:Kokoro","floor":16,"turns":10},{"damage":29,"enemies":"Gensokyo:CosmicMonolith","floor":18,"turns":6},{"damage":50,"enemies":"Gensokyo:3_Dogs","floor":19,"turns":4}],"seed_played":"4557952830814434320","potions_obtained":[{"floor":4,"key":"FocusPotion"},{"floor":11,"key":"Swift Potion"},{"floor":16,"key":"Fire Potion"}],"is_trial":false,"path_per_floor":["M","?","$","M","COS","E","R","M","T","?","E","R","M","?","R","B",null,"M","M"],"character_chosen":"DEFECT","items_purchased":[],"campfire_rested":1,"item_purchase_floors":[],"current_hp_per_floor":[75,75,75,75,75,75,75,63,63,63,43,75,71,71,71,37,75,56,6,6],"gold":420,"neow_bonus":"THREE_ENEMY_KILL","is_daily":false,"chose_seed":false,"campfire_upgraded":1,"win_rate":0.0,"timestamp":1611037976,"path_taken":["M","?","?","?","COS","E","R","M","T","?","E","R","?","?","R","BOSS","M","M"],"items_purchased_type":[],"build_version":"2020-12-22","purchased_purges":0,"victory":false,"max_hp_per_floor":[75,75,75,75,75,75,75,75,75,75,75,75,75,75,75,75,75,75,75,75],"card_choices":[{"not_picked":["Turbo","Go for the Eyes"],"picked":"Ball Lightning","floor":1},{"not_picked":["Rebound","Auto Shields"],"picked":"Sweeping Beam","floor":4},{"not_picked":["Reinforced Body","conspire:Rain"],"picked":"Steam","floor":6},{"not_picked":["Barrage","Hello World","Ball Lightning"],"picked":"Lockon","floor":8},{"not_picked":["Rebound","Turbo","Sweeping Beam"],"picked":"Rip and Tear","floor":11},{"not_picked":["Reinforced Body","White Noise","Stack"],"picked":"All For One","floor":13},{"not_picked":["All For One","Rainbow","Amplify"],"picked":"Thunder Strike","floor":16},{"not_picked":["Redo","Doom and Gloom","BootSequence"],"picked":"Sunder+1","floor":18}],"player_experience":46770,"relics_obtained":[{"floor":6,"key":"Question Card"},{"floor":11,"key":"Regal Pillow"}],"event_choices":[],"is_beta":false,"boss_relics":[{"not_picked":["Inserter","Sozu"],"picked":"Black Star"}],"items_purged_floors":[],"is_endless":false,"potions_floor_spawned":[4,11,16],"killed_by":"Gensokyo:3_Dogs","ascension_level":0}}