{"host":"od5czx9kemjopzpf","time":1611074932,"event":{"mods":["Aspiration","BaseMod","Defuse TimeMaze Blight","Downfall","Minty Spire (QoL Compilation)","Spicy Shops","StSLib"],"gold_per_floor":[99,112,112,97,272,20,20,20,31,50,62,62,62,82,100,198,198,98,117,52,52,64,64,64,164,59,72,41,60,60,75,94,199,199,99,111,42,68,84,84,110,126,144,156,211,211,311,338,238,238,238,265,52,52,52,52],"floor_reached":57,"language":"ZHS","playtime":2599,"items_purged":["Doubt","Guardian:Strike_Guardian"],"score":1274,"play_id":"ac1412b5-6313-4439-a43d-e4f36b78564f","local_time":"20210120004852","is_ascension_mode":false,"campfire_choices":[{"floor":1,"key":"RECALL"},{"floor":8,"key":"REST"},{"floor":13,"key":"REST"},{"floor":18,"key":"REST"},{"floor":30,"key":"REST"},{"floor":35,"key":"REST"},{"floor":46,"key":"REST"},{"floor":49,"key":"REST"},{"floor":54,"key":"REST"}],"circlet_count":0,"master_deck":["Guardian:Defend_Guardian","Guardian:Defend_Guardian","Guardian:Defend_Guardian","Guardian:Defend_Guardian","Guardian:CurlUp","Guardian:TwinSlam","Guardian:TemporalStrike","Guardian:Clone","Guardian:Incinerate","Guardian:WalkerClaw","Guardian:PrimingBeam","Shame","Guardian:TemporalStrike","Guardian:GatlingBeam","Guardian:WalkerClaw+1","Pommel Strike","Guardian:CrystalBeam","Anger","RitualDagger","Guardian:PrimingBeam","Apotheosis","Guardian:ChargeCore","Guardian:PrimingBeam+1","Guardian:ExploitGems","Immolate","Guardian:PrimingBeam","Pommel Strike+1","Guardian:BaubleBeam","Guardian:TemporalStrike","Guardian:Incinerate","Pommel Strike+1","Shame","Barricade","Decay","Pain","Uppercut","Guardian:ChargeCore+1","expansioncontent:StudyTheSpire"],"relics":["SlaversCollar","Guardian:PickAxe","Membership Card","aspiration:IroncladSkillbook","downfall:HeartBlessingRed","aspiration:FrozenJewel","Ice Cream","Shuriken","Happy Flower","Guardian:BottledStasis","Mummified Hand","Fusion Hammer","downfall:HeartBlessingBlue","Smiling Mask","Calipers","Omamori","Ginger","Du-Vu Doll","Kunai","downfall:HeartBlessingGreen","InkBottle","Unceasing Top"],"acts_visited":["Exordium","TheCity","TheBeyond","TheEnding"],"potions_floor_usage":[16,16,16,29,29,50,56],"damage_taken":[{"damage":0,"enemies":"2 Louse","floor":2,"turns":3},{"damage":28,"enemies":"2 Louse","floor":3,"turns":6},{"damage":4,"enemies":"downfall:FleeingMerchant","floor":4,"turns":4},{"damage":0,"enemies":"downfall:FleeingMerchant","floor":6,"turns":4},{"damage":11,"enemies":"Jaw Worm","floor":9,"turns":4},{"damage":4,"enemies":"Cultist","floor":10,"turns":3},{"damage":12,"enemies":"Blue Slaver","floor":11,"turns":5},{"damage":13,"enemies":"3 Louse","floor":14,"turns":3},{"damage":14,"enemies":"Exordium Thugs","floor":15,"turns":6},{"damage":17,"enemies":"IC_STATUS_ARCHETYPE","floor":16,"turns":8},{"damage":25,"enemies":"Spheric Guardian","floor":19,"turns":4},{"damage":6,"enemies":"downfall:FleeingMerchant","floor":20,"turns":4},{"damage":23,"enemies":"Centurion and Healer","floor":22,"turns":6},{"damage":16,"enemies":"WA_ARCHETYPE_RETAIN","floor":25,"turns":6},{"damage":8,"enemies":"downfall:FleeingMerchant","floor":26,"turns":4},{"damage":13,"enemies":"Snecko","floor":27,"turns":4},{"damage":0,"enemies":"downfall:FleeingMerchant","floor":28,"turns":1},{"damage":10,"enemies":"Shelled Parasite and Fungi","floor":29,"turns":2},{"damage":0,"enemies":"Cultist and Chosen","floor":31,"turns":4},{"damage":10,"enemies":"Centurion and Healer","floor":32,"turns":2},{"damage":16,"enemies":"SI_MIRROR_ARCHETYPE","floor":33,"turns":4},{"damage":18,"enemies":"3 Darklings","floor":36,"turns":3},{"damage":6,"enemies":"Orb Walker","floor":39,"turns":2},{"damage":0,"enemies":"Sphere and 2 Shapes","floor":42,"turns":2},{"damage":24,"enemies":"Maw","floor":43,"turns":5},{"damage":17,"enemies":"Transient","floor":44,"turns":5},{"damage":16,"enemies":"2 Orb Walkers","floor":45,"turns":3},{"damage":11,"enemies":"Giant Head","floor":48,"turns":4},{"damage":32,"enemies":"WA_ARCHETYPE_DIVINITY","floor":50,"turns":5},{"damage":70,"enemies":"downfall:CharBossMerchant","floor":52,"turns":6},{"damage":28,"enemies":"downfall:NeowBoss","floor":55,"turns":7},{"damage":67,"enemies":"downfall:NeowBossFinal","floor":56,"turns":6}],"seed_played":"2852817782630006382","potions_obtained":[{"floor":9,"key":"EssenceOfSteel"},{"floor":10,"key":"DuplicationPotion"},{"floor":11,"key":"ColorlessPotion"},{"floor":14,"key":"DuplicationPotion"},{"floor":22,"key":"Guardian:BlockOnCardUsePotion"},{"floor":25,"key":"SteroidPotion"},{"floor":29,"key":"BlessingOfTheForge"},{"floor":31,"key":"LiquidBronze"},{"floor":39,"key":"ColorlessPotion"}],"is_trial":false,"path_per_floor":["R","M","?","$","?","$","T","R","M","M","M","?","R","M","M","B",null,"R","M","$","?","M","?","T","?","$","M","$","M","R","M","M","B",null,"R","M","$","?","M","$","T","M","M","M","?","R","?","E","R","B",null,"E","$","R","B","B",null],"character_chosen":"GUARDIAN","items_purchased":["Guardian:Incinerate","Membership Card","Apotheosis","Happy Flower","Guardian:BottledStasis","Mummified Hand","Guardian:ExploitGems","Immolate","Guardian:Incinerate","Calipers","Guardian:Gem_Yellow","expansioncontent:StudyTheSpire","Unceasing Top"],"campfire_rested":8,"item_purchase_floors":[6,6,26,28,28,28,28,28,37,40,53,53,53],"current_hp_per_floor":[80,80,28,24,24,24,24,48,37,33,21,21,45,32,18,1,80,80,59,57,57,38,32,32,20,16,7,11,5,29,33,27,15,80,90,76,76,76,74,74,74,78,58,45,33,60,65,58,86,58,95,29,29,57,33,95],"gold":52,"neow_bonus":"BOSS_RELIC","is_daily":false,"chose_seed":false,"campfire_upgraded":0,"win_rate":0.0,"timestamp":1611074932,"path_taken":["R","M","?","$","?","$","T","R","M","M","M","?","R","M","M","BOSS","R","M","$","?","M","?","T","?","?","M","$","M","R","M","M","BOSS","R","M","$","?","M","$","T","M","M","M","?","R","?","E","R","BOSS","E","$","R","BOSS","BOSS"],"items_purchased_type":["Card","Relic","Card","Relic","Relic","Relic","Card","Card","Card","Relic","Card","Card","Relic"],"build_version":"2020-12-22","purchased_purges":2,"victory":true,"max_hp_per_floor":[80,80,80,80,80,80,80,80,80,80,80,80,80,80,80,80,80,80,80,80,80,80,80,80,80,80,80,80,80,80,80,80,80,80,90,90,90,90,90,90,90,90,90,90,90,90,95,95,95,95,95,95,95,95,95,95],"card_choices":[{"not_picked":["Guardian:TemporalShield","Guardian:PiercingHide"],"picked":"Guardian:TemporalStrike","floor":2},{"not_picked":["Guardian:Preprogram","Guardian:MultiBeam"],"picked":"Guardian:Clone","floor":4},{"not_picked":["Guardian:ChargeCore","Guardian:Gem_Green"],"picked":"Guardian:Gem_Orange","floor":6},{"not_picked":["Guardian:BodySlam","Guardian:Gem_Green"],"picked":"Guardian:WalkerClaw","floor":9},{"not_picked":["Guardian:ChargeCore","Guardian:GuardianWhirl"],"picked":"Guardian:PrimingBeam","floor":10},{"not_picked":["Guardian:Recover","Guardian:Gem_Cyan"],"picked":"Guardian:Gem_Crimson","floor":11},{"not_picked":["Guardian:Gem_Lightblue","Guardian:Gem_Synthetic"],"picked":"Guardian:TemporalStrike","floor":14},{"not_picked":["Guardian:Recover","Guardian:BronzeOrb"],"picked":"Guardian:Gem_Green","floor":15},{"not_picked":["Guardian:TimeSifter","Guardian:RevengeProtocol"],"picked":"Guardian:GatlingBeam","floor":16},{"not_picked":["Flex","Shrug It Off","Bloodletting"],"picked":"Guardian:WalkerClaw+1","floor":19},{"not_picked":["Guardian:PiercingHide","Guardian:GuardianWhirl","Metallicize"],"picked":"Pommel Strike","floor":20},{"not_picked":["Cleave+1","Guardian:PiercingHide+1","Sever Soul"],"picked":"Anger","floor":22},{"not_picked":["Shrug It Off+1","Headbutt","Guardian:Gem_Red"],"picked":"Guardian:Gem_Fragmented","floor":25},{"not_picked":["Guardian:Gem_Green","Guardian:Recover","Guardian:RollAttack"],"picked":"Guardian:PrimingBeam","floor":26},{"not_picked":["Sentinel","Guardian:BronzeArmor","Perfected Strike"],"picked":"Guardian:ChargeCore","floor":27},{"not_picked":["Guardian:Emergency+1","Dark Embrace+1","Flex"],"picked":"Guardian:PrimingBeam+1","floor":28},{"not_picked":["Guardian:RefractedBeam+1","Guardian:HyperBeam_Guardian","Seeing Red"],"picked":"Guardian:PrimingBeam","floor":29},{"not_picked":["Guardian:SpikerProtocol","Guardian:GuardianWhirl","Clothesline+1"],"picked":"Pommel Strike+1","floor":31},{"not_picked":["Blood for Blood+1","Guardian:Harden","Guardian:PiercingHide+1"],"picked":"Guardian:Gem_Yellow","floor":32},{"not_picked":["Guardian:GemFinder","Demon Form","Guardian:FierceBash"],"picked":"Guardian:BaubleBeam","floor":33},{"not_picked":["Guardian:Gem_Green","Shrug It Off","Dark Embrace+1"],"picked":"Guardian:TemporalStrike","floor":36},{"not_picked":["Heavy Blade","Guardian:ChargeCore","Dropkick+1"],"picked":"Guardian:Gem_Crimson","floor":39},{"not_picked":["Guardian:VentSteam","Guardian:ChargeCore","Clash+1"],"picked":"Guardian:Gem_Lightblue","floor":42},{"not_picked":["Disarm","Guardian:DecasProtection","True Grit+1"],"picked":"Pommel Strike+1","floor":43},{"not_picked":["Hemokinesis+1","Burning Pact+1","Guardian:Recover"],"picked":"Guardian:Gem_Crimson","floor":44},{"not_picked":["Burning Pact+1","Guardian:ChargeUp+1","Guardian:ChargeCore"],"picked":"Guardian:Gem_Lightblue","floor":45},{"not_picked":["Spot Weakness+1","Guardian:MultiBeam","Guardian:Gem_Blue"],"picked":"Uppercut","floor":48},{"not_picked":["Exhume","Guardian:Emergency","Feed"],"picked":"Guardian:ChargeCore+1","floor":52}],"player_experience":55295,"relics_obtained":[{"floor":24,"key":"aspiration:FrozenJewel"},{"floor":25,"key":"Ice Cream"},{"floor":25,"key":"Shuriken"},{"floor":38,"key":"Smiling Mask"},{"floor":41,"key":"Omamori"},{"floor":45,"key":"Ginger"},{"floor":48,"key":"Kunai"},{"floor":52,"key":"InkBottle"}],"event_choices":[{"damage_healed":0,"gold_gain":0,"player_choice":"Read","damage_taken":0,"max_hp_gain":0,"max_hp_loss":0,"event_name":"The Library","floor":21,"gold_loss":0,"cards_obtained":["Guardian:CrystalBeam"]},{"damage_healed":0,"gold_gain":0,"player_choice":"Fight","damage_taken":0,"max_hp_gain":0,"max_hp_loss":0,"event_name":"Mysterious Sphere","floor":45,"gold_loss":0}],"is_beta":false,"boss_relics":[{"not_picked":["aspiration:PoetsPen_weak","Black Star"],"picked":"aspiration:IroncladSkillbook"},{"not_picked":["Runic Dome","aspiration:FutureDiary"],"picked":"Fusion Hammer"}],"items_purged_floors":[6,20],"is_endless":false,"potions_floor_spawned":[9,10,11,14,22,25,29,31,39,42,44],"ascension_level":0}}