{"host":"kzg3uglj8yekbxlz","time":1611023836,"event":{"mods":["Act Like it!","Alarm Clock","BaseMod","Better Synergies","Better Vampires","CapriCore","Curses Come First","Displayed Cursed Tome","Downfall","Evolution","FoggyMod","Gensokyo","Hallownest","Highlight Path","HumanHunterMod(怪物杀人mod)","KinomotoSakuraMod(木之本樱)","Koishi","Lobotomy","LobotomyExtend","Marisa（F雨　魔理沙）","Minty Spire (QoL Compilation)","Poem Panic","Poor People Problems","Prisma Mod","Shop Mod","StSLib","The Administrix","The Alterego","The Bug Knight","The Hierophant","The Immortal","TheWitcher","WarShipGirlsR/战舰少女R mod","Yuri Mod","残留之物"],"gold_per_floor":[99,84,84,84,84,111,163,190,200,192,122,147,147,140,158,230,230,230,230,180,180,192,72,72,0,15,15,8,8,8,8],"floor_reached":29,"language":"ZHS","playtime":1338,"items_purged":[],"score":505,"play_id":"b101c342-6118-4aba-a8db-3cceda4ffb91","local_time":"20210119103716","daily_mods":["Diverse"],"is_ascension_mode":true,"campfire_choices":[{"data":"hexamod:Float","floor":1,"key":"SMITH"},{"data":"Gensokyo:CrescentMoonSlash","floor":13,"key":"SMITH"},{"data":"champ:PerfectedStrike","floor":18,"key":"SMITH"},{"data":"SnafuTest:SneakKill","floor":27,"key":"SMITH"}],"circlet_count":0,"master_deck":["AscendersBane","hexamod:Strike","hexamod:Strike","hexamod:Strike","hexamod:Strike+1","hexamod:Defend","hexamod:Defend","hexamod:Sear","hexamod:Float+1","champ:PerfectedStrike+1","Gensokyo:CrescentMoonSlash+1","rmod:gendarmerie","hexamod:FourthSeal","hexamod:SecondSeal","hexamod:FirstSeal","SnafuTest:SneakKill+1","champ:PerfectedStrike+1","Koishi:TraumaticStroke","SnafuTest:PowerContactIsContract+1","Dash","Sweeping Beam"],"relics":["hexamod:SpiritBrand","EVO:Axolotl","Gensokyo:PerfectCherryBlossom","hexamod:BolsterEngine","LetterFromLob","Art of War","Whetstone","Bag of Marbles","Empty Cage","Gensokyo:RedStar","Gensokyo:MosesMiracle","Gensokyo:MaskOfHope","Nunchaku","ShedSkin_r"],"acts_visited":["Exordium","Gensokyo:Gensokyo"],"potions_floor_usage":[22,26,26],"damage_taken":[{"damage":0,"enemies":"downfall:FleeingMerchant","floor":2,"turns":4},{"damage":2,"enemies":"Gensokyo:Cirno","floor":6,"turns":5},{"damage":0,"enemies":"Gensokyo:Aya","floor":8,"turns":5},{"damage":0,"enemies":"Gensokyo:Gryphon","floor":9,"turns":3},{"damage":0,"enemies":"Gensokyo:Python","floor":12,"turns":3},{"damage":5,"enemies":"downfall:FleeingMerchant","floor":14,"turns":4},{"damage":0,"enemies":"Gensokyo:2_Kodama","floor":15,"turns":2},{"damage":5,"enemies":"SI_SHIV_ARCHETYPE","floor":16,"turns":7},{"damage":0,"enemies":"Gensokyo:Chomper","floor":22,"turns":3},{"damage":0,"enemies":"Gensokyo:AngelMirror","floor":26,"turns":3},{"damage":3,"enemies":"downfall:FleeingMerchant","floor":28,"turns":6}],"seed_played":"5065742654842000652","potions_obtained":[{"floor":8,"key":"Fire Potion"},{"floor":9,"key":"DuplicationPotion"},{"floor":12,"key":"ColorlessPotion"},{"floor":14,"key":"SmokeBomb"},{"floor":15,"key":"Swift Potion"},{"floor":22,"key":"Guardian:BlockOnCardUsePotion"},{"floor":28,"key":"EntropicBrew"}],"is_trial":true,"path_per_floor":["R","$","?","T","?","E","T","E","M","?","?","M","R","$","M","B",null,"R","?","?","?","M","?","T","?","M","R","$","?"],"character_chosen":"THE_SPIRIT","items_purchased":[],"campfire_rested":0,"item_purchase_floors":[],"current_hp_per_floor":[57,57,45,55,55,53,53,53,53,46,46,53,53,55,55,50,67,67,67,74,74,74,74,74,74,80,80,77,0,0,0],"gold":8,"neow_bonus":"","is_daily":false,"chose_seed":false,"campfire_upgraded":4,"win_rate":0.0,"timestamp":1611023836,"path_taken":["R","?","?","?","?","E","T","E","?","?","?","?","R","?","M","BOSS","R","?","?","?","?","?","T","?","?","R","?","?"],"items_purchased_type":[],"build_version":"2020-12-22","purchased_purges":0,"victory":false,"max_hp_per_floor":[63,63,63,73,73,73,73,73,73,73,73,73,73,73,73,73,73,73,73,80,80,80,80,80,80,80,80,80,80,80,80],"card_choices":[{"not_picked":["HollowMod:InfectedCysts","AdministrixMod:ExtolVirtue"],"picked":"champ:PerfectedStrike","floor":2},{"not_picked":["MokouMod:HeatFactory","PrismaMod:IllyaAOECommonAttack"],"picked":"rmod:gendarmerie","floor":6},{"not_picked":["hierophant:DisplayOfPower","Metallicize","Backstab"],"picked":"SKIP","floor":8},{"not_picked":["rmod:spoils","DoubleSpark","Koishi:SubterraneanRose"],"picked":"SKIP","floor":9},{"not_picked":["alterego_mod:Support","hexamod:TimeWarp"],"picked":"SnafuTest:SneakKill","floor":12},{"not_picked":["ClowCardTheLoop","Rebound"],"picked":"champ:PerfectedStrike","floor":14},{"not_picked":["Cloak And Dagger","rmod:diaomin"],"picked":"Koishi:TraumaticStroke","floor":15},{"not_picked":["HollowMod:HerrahsAnger","Reaper"],"picked":"SnafuTest:PowerContactIsContract","floor":16},{"not_picked":["sneckomod:UnknownClassPassionlip_Purple","MokouMod:IllusoryBattlefield","alterego_mod:GoddessCore"],"picked":"SKIP","floor":22},{"not_picked":["PrismaMod:MiyuCheapStrBuff","hexamod:HeatMetal"],"picked":"Dash","floor":26},{"not_picked":["HollowMod:CycloneSlash","Beam Cell"],"picked":"Sweeping Beam","floor":28}],"player_experience":642333,"relics_obtained":[{"floor":4,"key":"Pear"},{"floor":6,"key":"hexamod:BolsterEngine"},{"floor":6,"key":"LetterFromLob"},{"floor":7,"key":"Art of War"},{"floor":8,"key":"Whetstone"},{"floor":24,"key":"Nunchaku"},{"floor":28,"key":"Gensokyo:MosesMiracle"}],"event_choices":[],"is_beta":false,"boss_relics":[{"not_picked":["Snecko Eye","PoemPanic:PoemPanicRelic"],"picked":"Empty Cage"}],"items_purged_floors":[],"is_endless":false,"potions_floor_spawned":[8,9,15],"ascension_level":20}}