{"host":"vqs1j3qalc1cciyt","time":1611100672,"event":{"mods":["2.2 Compatiblity","AchievementEnabler","Aspiration","Bard","BaseMod","Beaked The Cultist","Better Altar","Better Match","Better Note","Better Sensory Stone","Better Skull","Better Third Choice","Clockwork Mod","Colored Map","Conspire","Friendly Minions","GifTheSpireLib","Glutton Mod","Halation","Highlight Path","Hubris","Infinite Spire","Minty Spire (QoL Compilation)","READ ME - Snecko Mod","RRrroohrrRGHHhhh!!","Replay The Spire","Spicy Shops","StSLib","Stuff the Spire","The Bladedancer","The Construct","The Cursed","The Disciple","The Hierophant","The Jungle","vexMod"],"gold_per_floor":[112,112,129,129,141,172,188,219,219,249,262,262,282,77,77,179,179,195,256,256,256,256,88,88,98,122,138,13,41,41,54,54,158,158,169,219,219,238,238,280,280,130,130,130,150,150,161,161,161,161,161],"floor_reached":50,"language":"ENG","playtime":6610,"items_purged":["Regret","Regret","Voices","Defend_Br"],"score":533,"play_id":"8e7b5928-8a5d-4e6d-b193-2c44c3cbfae4","local_time":"20210119155752","is_ascension_mode":true,"campfire_choices":[{"data":"TiringSlam","floor":24.0,"key":"SMITH"},{"floor":30.0,"key":"REST"},{"floor":32.0,"key":"DIG"},{"data":"WindUp+1","floor":41.0,"key":"SMITH"},{"data":"OverTime","floor":44.0,"key":"SMITH"},{"floor":46.0,"key":"REST"},{"floor":49.0,"key":"REST"}],"circlet_count":0,"master_deck":["Strike_Br","Strike_Br","Strike_Br","SecondHand","PatternShift","ExoVibe","WindUp","Cuckoo+1","Echoward","HandsUpC","Flay","LockedPlans","OldTimer","Engulf","TiringSlam+1","ExoVibe+4","TickedOff+1","TiringSlam+1","OverTime+1","BlueShift+1","Parity+1","WindUp+2","Accelerando+1","Amnesia","Engulf+1","LockedMercury+1","Parity","PrimeTime"],"relics":["Chronometer","StuffTheSpire:RedRose","Strawberry","conspire:InfiniteJournal","halation:OrihimeAndHikoboshiSamaAndTears","aspiration:Lifesprig","StuffTheSpire:Mouthbags","infinitespire:Eraser","Cursed Key","Replay:Blank Codex","conspire:Dentures","conspire:DeflatedDodgeball","rorgmod:Empty Cage","hubris:AstralHammer","vexMod:FocusSash","hubris:BundleOfHerbs"],"acts_visited":["Exordium","TheCity","TheBeyond"],"potions_floor_usage":[50],"damage_taken":[{"damage":0.0,"enemies":"2 Louse","floor":1.0,"turns":3.0},{"damage":3.0,"enemies":"conspire:RoseBush","floor":3.0,"turns":4.0},{"damage":6.0,"enemies":"Jaw Worm","floor":5.0,"turns":5.0},{"damage":8.0,"enemies":"Replay:BlueRogue","floor":6.0,"turns":6.0},{"damage":3.0,"enemies":"Lots of Slimes","floor":7.0,"turns":4.0},{"damage":16.0,"enemies":"3 Sentries","floor":8.0,"turns":9.0},{"damage":11.0,"enemies":"Lagavulin","floor":10.0,"turns":8.0},{"damage":9.0,"enemies":"2 Fungi Beasts","floor":11.0,"turns":3.0},{"damage":6.0,"enemies":"Large Slime","floor":13.0,"turns":4.0},{"damage":6.0,"enemies":"Fading Forest","floor":16.0,"turns":10.0},{"damage":12.0,"enemies":"Shell Parasite","floor":18.0,"turns":5.0},{"damage":6.0,"enemies":"2 Thieves","floor":25.0,"turns":3.0},{"damage":12.0,"enemies":"3 Cultists","floor":27.0,"turns":6.0},{"damage":3.0,"enemies":"Gremlin Leader","floor":29.0,"turns":7.0},{"damage":18.0,"enemies":"Shelled Parasite and Fungi","floor":31.0,"turns":5.0},{"damage":8.0,"enemies":"Champ","floor":33.0,"turns":12.0},{"damage":26.0,"enemies":"3 Darklings","floor":35.0,"turns":6.0},{"damage":0.0,"enemies":"Mind Bloom Boss Battle","floor":36.0,"turns":8.0},{"damage":9.0,"enemies":"3 Shapes","floor":38.0,"turns":5.0},{"damage":4.0,"enemies":"R_Hoarder","floor":40.0,"turns":9.0},{"damage":12.0,"enemies":"Transient","floor":45.0,"turns":5.0},{"damage":5.0,"enemies":"4 Shapes","floor":47.0,"turns":3.0},{"damage":43,"enemies":"Donu and Deca","floor":50,"turns":4}],"seed_played":"5178975795476717158","potions_obtained":[{"floor":3.0,"key":"GamblersBrew"},{"floor":6.0,"key":"Cursed Concoction"},{"floor":10.0,"key":"ColorlessPotion"},{"floor":13.0,"key":"construct:ShiftPotion"},{"floor":19.0,"key":"SkillPotion"},{"floor":19.0,"key":"WardPotion"},{"floor":19.0,"key":"EssenceOfSteel"},{"floor":29.0,"key":"Explosive Potion"},{"floor":36.0,"key":"construct:ShiftPotion"},{"floor":38.0,"key":"SteroidPotion"}],"is_trial":false,"path_per_floor":["M","?","M","?","M","E","M","E","T","E","M","?","M","$","R_BF","B",null,"M","?","?","?","HB","$","R","M","T","M","$","E","R","M","R_BF","B",null,"M","?","?","M","HB","E","R","$","T","R","M","R","M","?","R","B"],"character_chosen":"CHRONO_CLASS","items_purchased":["infinitespire:Eraser","TiringSlam"],"campfire_rested":3,"item_purchase_floors":[14,23],"current_hp_per_floor":[71,71,68,68,62,61,58,42,42,31,22,10,4,4,27,31,78,66,66,50,50,39,39,39,33,33,21,21,19,30,12,12,4,39,19,29,33,24,20,18,18,18,18,18,6,12,12,12,18,0,0],"gold":161,"neow_bonus":"TEN_PERCENT_HP_BONUS","is_daily":false,"chose_seed":false,"campfire_upgraded":3,"win_rate":0.0,"timestamp":1611100672,"path_taken":["M","?","M","?","M","E","?","E","T","E","?","?","M","$","R_BF","BOSS","M","?","?","?","HB","$","R","M","T","?","?","E","R","M","R_BF","BOSS","M","?","?","M","HB","E","R","$","T","R","?","R","M","?","R","BOSS"],"items_purchased_type":["Relic","Card"],"build_version":"2020-12-22","purchased_purges":4,"victory":false,"max_hp_per_floor":[71,71,71,71,71,78,78,78,78,78,78,78,78,78,78,78,78,78,78,78,78,39,39,39,39,39,39,39,39,39,39,39,39,39,39,39,39,39,20,20,20,20,20,20,20,20,20,20,20,20,20],"card_choices":[{"not_picked":["LockedScales","Facsimile"],"picked":"ExoVibe","floor":1.0},{"not_picked":["Engulf","WakeUpCall"],"picked":"WindUp","floor":3.0},{"not_picked":["ReapSow","LockedBlood"],"picked":"PrimeTime","floor":5.0},{"not_picked":["TiringSlam","LockedMedicine"],"picked":"Cuckoo","floor":6.0},{"not_picked":["Facsimile","ReapSow"],"picked":"Echoward","floor":7.0},{"not_picked":["LockedMawBank","FormalWear","LockedBlood"],"picked":"SKIP","floor":8.0},{"not_picked":["ExoVibe","LockedMawBank"],"picked":"HandsUpC","floor":10.0},{"not_picked":["LockedThread","LockedWarPaint"],"picked":"Flay","floor":11.0},{"not_picked":["LockedScales","Tempo"],"picked":"LockedPlans","floor":13.0},{"not_picked":["Pendulum","Chronoelasticity"],"picked":"OldTimer","floor":16.0},{"not_picked":["LockedScales","WindUp","EscortCommand"],"picked":"SKIP","floor":18.0},{"not_picked":["LockedScales","WindUp+1"],"picked":"Engulf","floor":19.0},{"not_picked":["BiteCommand","WatchCommand"],"picked":"ExoVibe+1","floor":25.0},{"not_picked":["ReapSow","Echoward+1"],"picked":"TickedOff+1","floor":27.0},{"not_picked":["TickedOff","TiringSlam","EscortCommand"],"picked":"SKIP","floor":29.0},{"not_picked":["LockedMawBank+1","LockedBlood"],"picked":"TiringSlam+1","floor":31.0},{"not_picked":["LockedCalendar","LockedAstrolabe"],"picked":"OverTime","floor":33.0},{"not_picked":["CrunchTime+1","LockedMedicine+1"],"picked":"BlueShift+1","floor":35.0},{"not_picked":["BlueShift+1","TickedOff"],"picked":"Parity+1","floor":36.0},{"not_picked":["Facsimile+1","Tempo+1"],"picked":"WindUp+1","floor":38.0},{"not_picked":["MasterKey","Parity","Engulf+1"],"picked":"SKIP","floor":40.0},{"not_picked":["Goo","CrunchTime+1"],"picked":"Engulf+1","floor":45.0},{"not_picked":["AlternateTimeline+1","LockedMedicine+1"],"picked":"LockedMercury+1","floor":47.0}],"player_experience":819565,"relics_obtained":[{"floor":6.0,"key":"Strawberry"},{"floor":8.0,"key":"conspire:InfiniteJournal"},{"floor":9.0,"key":"halation:OrihimeAndHikoboshiSamaAndTears"},{"floor":10.0,"key":"aspiration:Lifesprig"},{"floor":20.0,"key":"Replay:Blank Codex"},{"floor":29.0,"key":"conspire:Dentures"},{"floor":32.0,"key":"conspire:DeflatedDodgeball"},{"floor":36.0,"key":"hubris:AstralHammer"},{"floor":40.0,"key":"vexMod:FocusSash"},{"floor":43.0,"key":"hubris:BundleOfHerbs"}],"event_choices":[{"damage_healed":0.0,"max_hp_gain":0.0,"max_hp_loss":0.0,"gold_gain":0.0,"event_name":"betterThird:BetterScrap","player_choice":"Relic ","floor":12.0,"gold_loss":0.0,"damage_taken":12.0,"cards_obtained":["rorgmod:Accuracy"]},{"damage_healed":0.0,"max_hp_gain":0.0,"max_hp_loss":0.0,"gold_gain":0.0,"event_name":"Cursed Tome","player_choice":"Obtained Book","floor":20.0,"gold_loss":0.0,"damage_taken":16.0},{"damage_healed":0.0,"max_hp_gain":0.0,"max_hp_loss":0.0,"gold_gain":0.0,"event_name":"MindBloom","player_choice":"Fight","floor":36.0,"gold_loss":0.0,"damage_taken":0.0},{"damage_healed":0.0,"max_hp_gain":0.0,"max_hp_loss":0.0,"gold_gain":0.0,"cards_transformed":["Defend_Br"],"event_name":"Transmorgrifier","player_choice":"Transformed","floor":48.0,"gold_loss":0.0,"damage_taken":0.0,"cards_obtained":["Parity"]}],"is_beta":false,"boss_relics":[{"not_picked":["hubris:VirtuousBlindfold","aspiration:WatcherSkillbook"],"picked":"Cursed Key"},{"not_picked":["halation:Risk","aspiration:RunicSpoon"],"picked":"rorgmod:Empty Cage"}],"items_purged_floors":[14,23,28,42],"is_endless":false,"potions_floor_spawned":[3,6,10,13,25,29,36,38],"killed_by":"Donu and Deca","ascension_level":1}}